4124 6362
293 351 411 412 761

1527 341 1764 404 LIBER
1806 341 1910 402 DE
1951 340 2498 406 VIRGINITATE.

3598 331 3718 392 ⁸762

295 485 483 557 ψυχῆς
542 477 731 555 ἔχουσι
787 479 887 546 τὴν
919 476 1098 553 ἀρχὴν
1127 480 1346 552 συγχεῖν
1402 475 1466 529 τὸ
1515 474 1708 542 ἑαυτῆς
1738 469 1945 534 κάλλος

2063 491 2126 530 ex
2154 475 2373 545 anima,
2405 472 2906 548 pulchritudinem
2929 486 3099 528 suam
3121 467 3402 526 infuscari
3420 465 3700 540 patietur;

301 571 551 641 ἀνέξεται·
590 567 713 623 ἀλλ’
745 565 994 641 ἑκάτερον
1030 565 1082 621 ἐν
1115 570 1182 640 τῇ
1231 563 1343 636 ἰδίᾳ
1395 564 1555 640 χώρᾳ
1583 584 1639 618 τε
1669 563 1758 617 καὶ
1809 561 1953 633 τάξει

297 659 388 714 xui
421 657 583 735 χρείᾳ
611 657 728 712 καθ’
779 655 1014 731 ἡσυχίαν
1058 653 1424 733 φυλάττουσα,
1458 652 1674 725 εἰρήνην
1711 652 1805 725 μὶν
1837 656 1954 712 τοῖς

302 751 486 824 μέρεσι
544 749 655 821 (79)
713 748 846 819 μετὰ
898 744 1086 822 σοφίας
1150 739 1455 820 βραϐεύσει,
1527 741 1578 796 ἐν
1636 739 1841 817 ἠρεμίᾳ
1897 738 1955 794 δὲ

305 837 481 910 μένειν
512 837 623 908 (80)
671 834 758 888 xui
787 833 970 908 ψυχὴν
1021 831 1110 886 καὶ
1156 836 1316 903 σῶμα
1375 829 1508 884 κατὰ
1567 827 1722 906 φύσιν
1783 829 1955 897 ἀσκή-

301 947 456 996 σασα,
484 925 546 979 τὸ
576 924 627 994 ἐξ
657 925 862 1000 ἀμφοῖν
892 921 1213 996 ἐναρμόνιον
1261 917 1403 981 εἶδος
1453 919 1685 993 καθαρὸν
1752 914 1955 972 ἐπιδεί-

300 1017 398 1087 ξει,
427 1014 490 1069 τὸ
543 1013 636 1086 μὶν
697 1008 989 1086 φωτοειδὲς
1044 1017 1147 1080 τῆς
1193 1013 1377 1085 ψυχῆς
1417 1009 1722 1082 ἀκύμαντον
1751 1028 1809 1061 τε
1863 1006 1951 1060 καὶ

301 1101 578 1168 ἀθόλωτον
639 1099 828 1156 διόλου
883 1097 1251 1178 φυλάττουσα,
1325 1100 1387 1153 τὸ
1448 1095 1505 1152 δὲ
1549 1101 1645 1152 τοῦ
1698 1096 1953 1169 σώματος

301 1190 445 1248 εἶδος
475 1191 672 1254 παντὸς
704 1191 1001 1263 κινήμαεος
1049 1194 1146 1244 τοῦ
1191 1188 1241 1262 ἐξ
1294 1186 1507 1258 ἡδονῶν
1572 1181 1957 1264 βορϐορώδους

301 1282 529 1356 καθαρὸν
602 1282 907 1350 ἀσκητικῶς
993 1282 1335 1354 συντηροῦσα
1369 1320 1382 1334 .
1459 1280 1634 1350 Σῶμα
1695 1275 1789 1350 μὶν
1849 1275 1954 1352 γὰρ

298 1369 728 1446 γαστριμαργίαν
783 1368 872 1424 καὶ
935 1369 1105 1442 μὲθην
1159 1367 1250 1422 καὶ
1325 1367 1419 1429 τὰς
1475 1367 1614 1440 πρὸς
1670 1365 1951 1422 συνουσίαν

297 1456 498 1529 ἡδονὰς
531 1457 928 1534 βρασσόμενον,
985 1457 1122 1512 κατὰ
1168 1461 1264 1512 τοῦ
1320 1453 1564 1518 κάλλους
1621 1458 1722 1525 τῆς
1766 1457 1954 1529 ψυχῆς

300 1546 615 1603 ἀναδίδωσι·
673 1549 828 1622 ψυχὴ
883 1544 940 1601 δὲ
990 1544 1159 1616 ζῆλόν
1204 1566 1262 1600 τε
1291 1544 1383 1599 καὶ
1416 1545 1606 1619 ὀργὴν,
1670 1541 1951 1618 ὑπόκρισίν

297 1659 357 1692 τε
375 1637 466 1692 καὶ
499 1636 697 1714 ἔχθραν
739 1636 830 1692 ὐπ’
873 1635 1180 1714 ἀφροσύνης
1229 1637 1341 1708 (81)
1401 1632 1744 1706 κλονουμενη
1807 1632 1954 1710 φερει

299 1728 434 1782 κατά
488 1731 586 1782 τού
645 1724 921 1800 σώματος.
976 1726 1073 1780 Καὶ
1127 1720 1268 1778 ἔστιν
1299 1724 1389 1779 ὅτε
1419 1719 1572 1802 φόϐῳ
1593 1727 1702 1778 τῶν
1737 1721 1796 1778 ἐκ
1824 1743 1954 1799 σαρ-

2063 566 2163 620 sed
2197 570 2515 639 utrumque
2543 565 2602 620 in
2623 564 2857 638 proprio
2887 563 3014 618 loco
3035 566 3092 618 et
3109 560 3312 618 ordine
3342 563 3401 615 et
3422 573 3532 614 usu
3557 559 3719 612 tran-

2065 655 2243 728 quille
2273 656 2636 726 custodiens,
2671 670 2872 728 pacem
2902 652 3166 726 partibus
3198 649 3492 722 sapienter
3521 647 3717 702 conci-

2065 744 2250 813 liabit,
2284 762 2351 800 ac
2391 763 2604 818 corpus
2650 749 2706 800 et
2746 744 3030 808 animam,
3060 745 3124 797 ut
3167 741 3226 796 in
3277 738 3473 810 quiete
3504 753 3714 794 secun-

2065 835 2206 890 dum
2241 840 2514 890 naturam
2548 838 2847 900 maneant,
2877 848 3174 896 exercens,
3208 847 3277 885 ex
3307 835 3553 900 utroque
3571 843 3717 881 con-

2065 924 2275 980 cordiis
2305 925 2558 996 speciem
2591 923 2973 997 purissimam
3007 921 3316 986 ostendet;
3352 916 3566 973 mentis
3591 916 3720 988 qui-

2065 1013 2197 1069 dem
2216 1013 2586 1084 splendorem
2606 1017 2875 1086 pacatum
2891 1017 2948 1068 et
2965 1010 3202 1068 omnino
3221 1007 3718 1081 imperturbatum

2064 1119 2434 1174 conservans,
2467 1103 2730 1176 corporis
2771 1106 2968 1159 autem
3015 1101 3268 1173 speciem
3310 1097 3382 1154 ab
3416 1095 3579 1152 omni
3607 1111 3719 1151 cce-

2066 1209 2210 1251 noso
2239 1194 2612 1270 voluptatum
2637 1197 2802 1251 motu
2833 1209 3043 1266 puram
3061 1190 3158 1264 pia
3185 1185 3596 1246 exercitatione
3619 1202 3719 1240 cu-

2067 1285 2350 1342 stodiens.
2382 1288 2606 1358 Corpus
2632 1286 2791 1342 enim
2823 1283 3023 1357 gulam
3055 1285 3112 1338 et
3143 1278 3484 1336 ebrietatem
3509 1279 3565 1331 et
3584 1290 3723 1329 con-

2065 1375 2299 1432 cubitus
2325 1376 2654 1448 voluptates
2685 1376 3070 1431 elfervescens
3095 1373 3300 1427 contra
3329 1361 3725 1440 pulchritudi-

2065 1480 2200 1520 nem
2227 1465 2434 1520 animzs
2461 1465 2790 1536 depromit;
2825 1463 3024 1518 anima
3042 1477 3174 1516 vero
3205 1456 3642 1514 aamulationem
3667 1455 3726 1508 et

2064 1554 2681 1624 iram,simulationem
2696 1558 2754 1610 et
2768 1551 3140 1608 inimicitiam
3162 1549 3338 1604 stulte
3356 1547 3576 1620 agitata
3597 1559 3724 1617 pro-

2064 1644 2176 1700 fert
2203 1645 2485 1700 adversus
2517 1661 2752 1716 corpus.
2785 1644 2865 1700 Ac
2894 1641 3188 1696 interdum
3221 1639 3431 1707 evenit,
3461 1643 3542 1710 ut,
3561 1645 3722 1712 post-

2069 1751 2247 1806 quam
2273 1735 2346 1789 ob
2380 1738 2606 1790 metum
2638 1733 2833 1789 carnis
2863 1731 3139 1786 vitiorum
3161 1727 3410 1800 jejuniis
3441 1736 3496 1784 et
3525 1735 3721 1788 auste-

299 1817 392 1879 κὸς
420 1818 608 1872 παθῶν
664 1816 938 1887 νηστείαις
995 1814 1086 1869 καὶ
1141 1811 1587 1888 σκληραγωγίαις
1632 1813 1948 1885 τὰσώματα

382 1907 396 1921 \
481 1903 538 1921 (Vh
692 1907 706 1921 ι
821 1906 866 1921 In
1121 1903 1132 1921 Ι
1457 1902 1469 1918 \
1549 1905 1560 1921 Ι
1661 1909 1689 1920 ~
1758 1901 1810 1921 ὀὓ
1903 1901 1916 1921 ⁷

2066 1822 2206 1878 riori
2229 1823 2349 1878 vita
2366 1839 2612 1894 corpora
2633 1823 2704 1876 ad
2726 1820 2991 1893 proprias
3009 1818 3286 1874 libidines
3301 1813 3476 1889 quasi
3489 1825 3726 1878 mortua

298 1907 438 1981 πρὸς
481 1903 600 1960 ’ίδια
648 1907 716 1960 τὰ
761 1906 907 1974 πάθη
969 1903 1356 1980 νεκρώσαντες,
1413 1902 1481 1957 τὰ
1536 1905 1722 1977 ψυχῆς
1758 1901 1870 1955 ξ’δια
1899 1901 1950 1954 ἐν

297 1993 470 2067 νεκρῷ
500 1995 713 2068 σώματι
763 1993 1150 2070 περιφερομεν,
1205 1992 1280 2054 ὡς
1313 1992 1533 2055 αὐτόθεν
1593 1989 1654 2046 τὸ
1701 1989 1951 2067 χωλεῦον

297 2084 434 2160 πρὸς
461 2082 778 2154 τελειότητα
807 2081 1106 2159 φαίνεσθαι,
1177 2080 1259 2136 ὅτι
1288 2084 1397 2155 (82)
1455 2081 1516 2135 τὸ
1546 2077 1727 2157 ἕτερον
1776 2079 1952 2156 χωρὶς

296 2177 394 2228 τοῦ
478 2173 661 2248 ἑτέρου
738 2171 1100 2246 κατορθυιθὲν,
1182 2169 1367 2232 ἀτελὲς
1419 2170 1556 2245 πρὸς
1613 2171 1715 2240 τὴν
1768 2169 1950 2241 ἀληθῆ

299 2261 492 2336 ἀρετὴν
519 2261 581 2316 τὸ
613 2256 767 2337 ἔργον
801 2259 1043 2335 ἐλέγχει.
1104 2256 1242 2317 Ούτε
1289 2259 1391 2334 γὰρ
1421 2259 1489 2314 τὰ
1519 2259 1772 2332 σώματος
1802 2258 1947 2329 πάθη

297 2347 386 2404 διὰ
414 2353 676 2421 νηστειῶν
709 2347 1046 2423 ἐκτεμόντες,
1078 2349 1176 2418 τήν
1212 2347 1269 2403 δὲ
1319 2349 1502 2424 ψυχὴν
1551 2354 1667 2410 τοῖς
1699 2345 1860 2410 ἰδίοις
1891 2346 1952 2403 ἐκ

299 2437 471 2509 ζήλου
501 2439 591 2493 καὶ
646 2438 981 2510 ὑποκρίσεως
1020 2438 1112 2492 καὶ
1168 2442 1274 2492 τῶν
1341 2435 1528 2492 ἄλλων
1561 2441 1748 2502 παθῶν
1797 2438 1952 2507 κινή-

301 2548 431 2600 μασι
509 2526 894 2600 τεθολωμένην
975 2525 1390 2593 καταλιπόντες,
1475 2529 1757 2602 χρήσιμον
1814 2526 1950 2602 πρὸς

296 2617 492 2692 ἀρετὴν
517 2617 618 2685 την
648 2619 745 2670 τοῦ
779 2615 1037 2687 σώματος
1067 2613 1294 2685 ἄσκησιν
1345 2613 1650 2688 δείκνυμεν.
1685 2612 1824 2672 Ούτε
1849 2616 1950 2685 τὴν

297 2705 482 2779 ψυχὴν
511 2709 619 2760 τῶν
645 2701 797 2759 ῗδίων
846 2706 988 2775 παθη
1001 2705 1182 2777 μάτων
1233 2705 1580 2780 καθάραντες,
1610 2707 1672 2760 τὸ
1704 2702 1762 2759 δὲ
1792 2709 1953 2776 σῶμα

297 2795 490 2872 ἄφετον
517 2795 654 2868 πρὸς
701 2793 796 2857 τὰς
839 2793 1038 2868 σαρκὸς
1068 2796 1180 2868 (83)
1206 2791 1409 2863 ἡδονὰς
1461 2795 1551 2848 καὶ
1600 2795 1700 2862 τὴν
1746 2792 1947 2864 λοιπὴν

297 2883 492 2957 θρύψιν
544 2883 784 2960 ἀφάντες,
839 2880 934 2937 κᾶν
993 2883 1070 2955 μή
1101 2885 1249 2958 παρῇ
1281 2885 1315 2952 ἡ
1367 2883 1502 2958 πρὸς
1531 2884 1788 2959 πορνείαν
1821 2884 1948 2938 ἀκο-

298 2969 482 3044 λασία,
538 2971 749 3028 τέλειον
794 2972 885 3026 τὸν
917 2973 1052 3046 πρὸς
1082 2972 1278 3047 ἀρετὴν
1316 2972 1436 3048 βίον
1464 2973 1628 3045 ἡμῶν
1659 2970 1829 3043 δεῖξαι
1888 2971 1948 3028 ού

298 3057 586 3134 δυνάμεθα.
636 3059 819 3117 Ἀλλὰ
849 3058 932 3116 δεῖ
974 3061 1066 3115 τὸν
1104 3059 1383 3134 μέλλοντα
1411 3062 1610 3122 παντὸς
1659 3061 1949 3136 μολυσμοῦ

291 3151 525 3224 καθαρὸν
583 3149 674 3204 τὸν
734 3155 837 3219 τῆς
895 3150 1093 3224 ἀρετῆς
1152 3146 1356 3224 δρόμον
1413 3146 1706 3224 δεικνύναι,
1754 3155 1834 3221 τῷ
1891 3171 1950 3206 τε

289 3238 429 3293 κατᾶ
479 3238 665 3312 ψυχὴν
721 3236 879 3310 καλῷ
935 3237 1282 3311 προστιθέναι
1335 3238 1523 3294 καὶτὰ
1568 3235 1665 3294 τοῦ
1696 3239 1952 3313 σώματος
1980 3226 2025 3295 C

293 3326 484 3402 ἀγαθὰ,
535 3326 626 3382 καὶ
655 3330 772 3390 τοῖς
801 3325 1028 3382 κατὰτὰ
1086 3330 1246 3400 σῶμα
1303 3327 1612 3398 ἀσκητικῶς
1667 3331 1951 3400 πονηθεῖσι

289 3416 358 3471 ea
384 3422 484 3486 τῆς
532 3417 716 3491 ψυχῆς
767 3415 1169 3492 κατορθώματα
1219 3421 1623 3491 συμφωνοῦντα
1655 3415 1948 3477 δεικνύναι.

291 3502 429 3563 Οὔτε
457 3505 557 3581 γὲιρ
589 3503 894 3569 ἁνύπουλος
922 3504 1010 3559 xui
1045 3503 1256 3576 ἀληθὴς
1313 3507 1341 3560 ὁ
1398 3507 1516 3583 βίος
1574 3505 1949 3585 ἀναδειχθείη,

291 3592 555 3670 ἁρμονίαν
587 3598 693 3649 τῶν
726 3600 826 3663 τῆς
856 3596 1043 3669 ψῦχῆς
1099 3614 1158 3649 τε
1186 3595 1274 3648 καὶ
1309 3595 1566 3669 σώματος
1618 3595 1800 3670 μελῶν
1859 3597 1950 3652 καὶ

290 3682 610 3761 συμφωνίαν
659 3683 795 3758 πρὸς
855 3682 1083 3754 ἄλληλα
1139 3685 1216 3758 μὴ
1277 3683 1544 3760 ἐχόντων.
1603 3684 1827 3757 Ἐπειδή
1859 3687 1950 3742 xui

287 3773 598 3848 ἀμήχανον,
657 3772 834 3845 οἶμαι,
890 3773 958 3826 τά
1013 3793 1074 3828 τε
1128 3773 1266 3828 κατά
1317 3777 1502 3850 ψυχὴν
1537 3778 1948 3852 κατορθωθῆναι

287 3857 452 3930 καλὰ,
512 3863 620 3914 τῶν
673 3857 810 3914 κατὰ
867 3864 1028 3933 σῶμα
1087 3858 1516 3933 ἰμποδιζόντωνο
1577 3865 1643 3920 τά
1698 3887 1758 3921 τε
1814 3865 1951 3922 κατὰ

291 3953 452 4024 σῶμα
507 3953 758 4026 παρεῖναι
789 3948 952 4019 καλὰ,
990 3951 1066 4024 μὴ
1099 3951 1534 4027 προηγουμᾶνων
1565 3959 1673 4009 τῶν
1708 3953 1763 4010 ἐτ
1791 3958 1948 4032 ψυχῇ

289 4038 523 4114 ἀγαθῶν.
558 4035 736 4096 Ἀλλά
767 4035 850 4094 δεῖ
878 4040 1064 4114 ψυχήν
1096 4060 1156 4095 τε
1182 4039 1349 4110 αὐτὴν
1393 4043 1528 4118 πρὸς
1580 4041 1775 4113 ἑαυτὴν
1819 4065 1952 4118 συμ-

289 4127 632 4205 φωνήσασαν,
674 4127 759 4183 xci
821 4126 1111 4206 σύμφωνον
1173 4129 1235 4183 τὸ
1269 4133 1431 4204 σῶμα
1460 4131 1598 4205 πρὸς
1630 4132 1823 4203 ἑαυτὴν
1857 4131 1949 4188 λα-

291 4211 512 4291 ϐοῦσαν,
553 4215 696 4272 οὕτω
742 4214 952 4274 τέλειον
1013 4215 1063 4289 ἐξ
1124 4219 1447 4297 ἀμφοτέρων
1508 4224 1695 4298 ψυχῆς
1743 4244 1802 4278 τε
1857 4219 1948 4279 καὶ

291 4305 546 4378 σώματος
621 4305 758 4383 πρὸς
835 4303 927 4362 ἕνα
1003 4303 1206 4383 δρόμον
1266 4307 1528 4374 εὐπειθῶς
1583 4313 1945 4386 κινουμένων,

292 4391 552 4467 ἰπιδεῖξαι
608 4395 702 4450 τὸν
765 4395 1028 4473 μακάριον
1093 4396 1230 4472 βίον.
1289 4397 1496 4456 Οὐκοῦν
1552 4402 1588 4470 ὴ
1659 4403 1946 4476 παρθένος,

290 4482 552 4557 καθάπερ,
599 4480 782 4540 ἔλαιον
815 4482 967 4540 ὕδατι
1010 4485 1110 4555 τὴν
1139 4487 1324 4562 ψυχὴν
1355 4492 1435 4561 τῷ
1466 4489 1679 4564 σώματι
1709 4493 1947 4568 καθαρὰν

2063 1911 2517 1982 reddiderimus,
2551 1911 2788 1984 propria
2819 1909 3028 1965 animas
3056 1907 3201 1964 vitia
3230 1907 3289 1963 in
3321 1911 3551 1966 mortuo
3582 1927 3715 1967 cor-

2064 2017 2204 2073 pore
2234 2002 2757 2067 circumferamus;
2812 1999 2966 2055 unde
2996 2015 3102 2054 sua
3133 2000 3342 2068 sponte
3369 1997 3428 2053 id
3462 1999 3616 2069 quod
3649 1999 3722 2054 ad

2063 2090 2481 2162 perfectionem
2502 2089 2813 2156 claudicat,
2839 2088 3223 2143 manifestum
3245 2103 3311 2142 ac
3343 2087 3722 2159 perspicuum

2062 2183 2170 2236 est.
2209 2179 2474 2235 Alterum
2505 2177 2662 2235 enim
2695 2177 2821 2234 sine
2852 2176 3034 2233 altero
3057 2179 3488 2247 comparatum,
3512 2176 3724 2248 imper-

2063 2269 2278 2324 fectum
2312 2269 2466 2324 660
2496 2268 2569 2323 ad
2601 2283 2798 2322 veram
2827 2266 3105 2322 virtutem
3137 2281 3287 2336 opus
3327 2265 3538 2334 arguit.
3571 2266 3720 2322 Nam

2062 2373 2170 2412 nec
2200 2357 2460 2428 corporis
2490 2356 2631 2412 vitia
2651 2355 2899 2428 jejuniis
2929 2359 3282 2424 resecantes,
3303 2354 3563 2410 animam
3586 2371 3722 2411 vero

2063 2445 2317 2518 propriis
2343 2445 2740 2502 amulationis
2773 2448 2830 2500 et
2859 2442 3261 2500 simulationis
3289 2447 3347 2498 et
3376 2443 3627 2500 aliorum
3647 2444 3723 2499 vi-

2061 2534 2282 2590 tiorum
2316 2535 2577 2591 motibus
2609 2535 3006 2606 perturbatam
3059 2532 3477 2604 relinquentes,
3512 2533 3716 2588 utilem

2062 2624 2134 2679 ad
2166 2624 2445 2680 virtutem
2499 2624 2763 2696 corporis
2807 2622 3282 2681 exercitationem
3325 2622 3718 2678 ostendimus.

2060 2717 2201 2783 Nec,
2233 2712 2284 2769 si
2315 2713 2575 2770 animam
2608 2730 2642 2768 a
2671 2712 2927 2785 propriis
2954 2711 3112 2767 vitiis
3142 2727 3558 2783 expurgemus,
3591 2729 3717 2768 cor-

2061 2819 2173 2874 pus
2203 2818 2336 2858 vero
2367 2801 2622 2858 liberum
2654 2803 2725 2857 ad
2755 2801 2949 2857 carnis
2978 2799 3312 2872 voluptates
3344 2804 3401 2855 et
3426 2800 3718 2872 reliquam

2059 2891 2352 2948 luxuriem
2365 2891 2993 2957 dimittamus,etiamsi
3013 2907 3128 2946 non
3146 2890 3302 2946 adsit
3315 2889 3721 2946 fornicationis

2060 2980 2452 3052 impudicitia,
2487 2981 2803 3052 perfectam
2853 2980 2912 3035 in
2961 2979 3176 3034 virtute
3220 2979 3401 3034 vitam
3458 2984 3719 3035 nostram

2061 3069 2334 3126 exhibere
2360 3070 2702 3142 poterimus.
2735 3069 2846 3126 Sed
2879 3072 3128 3140 oportet,
3162 3071 3229 3124 ut
3267 3068 3366 3140 qui
3400 3083 3613 3140 purum
3647 3069 3720 3124 ab

2062 3158 2225 3214 omni
2255 3159 2700 3231 inquinamento
2729 3157 2964 3214 virtutis
2995 3173 3236 3214 cursum
3268 3156 3542 3214 exhibere
3574 3156 3719 3228 vult,

2062 3247 2269 3304 animus
2301 3248 2469 3304 bonis
2500 3247 2679 3304 etiam
2703 3246 2965 3320 corporis
2983 3245 3222 3318 adjiciat
3255 3247 3428 3317 bona,
3452 3250 3508 3302 et
3527 3261 3723 3303 susce-

2060 3337 2177 3408 ptis
2208 3337 2280 3392 ad
2303 3337 2566 3410 corporis
2589 3336 3064 3393 exercitationem
3085 3335 3390 3392 laboribus
3420 3340 3724 3392 consenta-

2061 3442 2173 3483 nea
2202 3425 2410 3483 animaa
2467 3427 2740 3499 praclare
2780 3425 2933 3482 facta
2981 3425 3273 3482 ostendat.
3319 3425 3519 3497 Neque
3562 3423 3720 3482 enim

2061 3516 2292 3573 sincera
2321 3519 2377 3572 et
2414 3531 2550 3572 vera
2597 3516 3037 3572 demonstretur
3079 3513 3218 3583 vita,
3266 3514 3315 3570 si
3347 3515 3720 3572 concordiam

2059 3605 2270 3662 animae
2299 3606 2676 3679 corporisque
2707 3605 2994 3676 membra,
3015 3608 3072 3660 et
3101 3620 3459 3661 consensum
3489 3603 3643 3660 inter
3659 3622 3720 3660 se

2061 3713 2178 3752 non
2209 3696 2482 3752 habeant.
2516 3695 2819 3767 Siquidem
2844 3695 2991 3765 ﬁeri,
3026 3693 3253 3766 opinor,
3279 3711 3396 3750 non
3428 3698 3720 3766 potest,ut

2059 3784 2271 3840 animas
2322 3789 2735 3857 comparentur
2781 3784 2955 3852 bona,
3010 3784 3062 3839 si
3091 3799 3308 3856 corpus
3351 3784 3576 3851 obstet;
3620 3788 3723 3839 aut

2058 3875 2344 3947 corporis,
2377 3873 2427 3930 si
2460 3891 2577 3931 non
2611 3877 2866 3944 present
2897 3871 3108 3930 animas
3141 3873 3317 3930 bona.
3350 3873 3462 3930 Sed
3493 3877 3722 3946 oportet

2059 3967 2124 4020 ut
2152 3964 2529 4022 consentiens
2578 3965 2711 4036 ipsa
2758 3979 2960 4020 secum
3012 3963 3231 4033 anima,
3277 3979 3343 4020 ac
3392 3980 3718 4036 congruum

2060 4071 2275 4126 corpus
2308 4055 2379 4111 ad
2410 4071 2473 4112 se
2518 4071 2850 4124 assumens,
2901 4053 2984 4112 sic
3013 4070 3084 4110 ex
3131 4057 3401 4124 utroque,
3433 4053 3634 4109 anima
3663 4057 3721 4108 et

2058 4159 2301 4216 corpore
2325 4162 2512 4203 unum
2539 4145 2600 4202 in
2632 4161 2874 4216 cursum
2898 4143 3139 4216 paciﬁca
3161 4142 3563 4212 tendentibus,
3587 4159 3716 4214 per-

2058 4233 2207 4290 fecte
2254 4233 2489 4291 beatam
2528 4235 2709 4291 vitam
2761 4233 3050 4291 ostendat.
3103 4232 3284 4302 Igitur
3332 4231 3518 4303 virgo,
3556 4231 3718 4288 velut

2058 4319 2255 4378 oleum
2286 4339 2474 4395 aquae,
2499 4323 2580 4378 ita
2607 4323 2866 4380 animam
2887 4337 3096 4394 puram
3117 4319 3344 4392 corpori
3364 4337 3600 4393 semper
3622 4320 3719 4377 in-

2058 4411 2350 4468 sidentem
2381 4411 2629 4480 habens,
2662 4416 2721 4467 et
2769 4411 2896 4467 luce
2929 4410 3089 4466 illius
3138 4410 3473 4480 subjectum
3505 4427 3720 4482 corpus

2057 4518 2289 4574 regens,
2321 4493 2824 4574 quemadmodum
2856 4516 2926 4556 ex
2975 4500 3099 4555 luto
3128 4499 3406 4556 vitiorum
3435 4499 3716 4573 corporis,

291 4574 373 4630 ἀεὶ
406 4573 756 4653 ἰφιζάνουσαν
807 4573 1033 4652 ἔχουσα,
1065 4574 1156 4630 καὶ
1184 4581 1263 4650 τῷ
1296 4579 1436 4656 φωτὶ
1465 4579 1664 4652 ταύτης
1711 4581 1775 4638 τὸ
1810 4583 1947 4639 ὑπο-

2063 4573 2210 4647 nihil
2261 4573 2417 4664 quod
2473 4589 2774 4663 voluptate
2819 4589 3124 4647 turbidum
3181 4589 3280 4659 sit,
3320 4589 3530 4648 animas
3587 4590 3719 4663 pul-

290 4661 541 4736 κείμενον
572 4668 733 4740 σῶμα
785 4665 1115 4740 ήνιοχοῦσα,
1177 4665 1357 4743 ὥσπερ
1404 4672 1505 4735 τῆς
1556 4670 1661 4726 ἀπὸ
1695 4672 1950 4746 σώματος

295 4751 453 4815 ἲλύος
501 4757 606 4808 τῶν
668 4755 876 4828 παθῶν,
936 4753 1089 4810 ούδὶν
1124 4753 1176 4827 ἒξ
1201 4753 1408 4828 ἡδονῆς
1439 4757 1665 4836 θολερὸν
1724 4767 1804 4836 τῷ
1850 4771 1951 4834 τῆς

295 4844 484 4917 ψυχῆς
513 4839 708 4898 κάλλει
741 4842 974 4917 ἆπιμίξει
1005 4847 1139 4920 (84),
1200 4843 1288 4902 διὰ
1332 4855 1598 4921 νηστειῶν
1644 4851 1733 4906 xui
1783 4854 1951 4924 ἀσκή-

298 4951 435 4994 σεως
489 4931 618 4996 τούς
668 4953 725 4988 τε
756 4931 1177 5007 ἀναδιδομένους
1217 4935 1269 5008 ἐξ
1326 4937 1489 4994 αὐτοῦ
1525 4940 1804 5016 βρασμοὺς
1852 4963 1950 4998 κα-

294 5020 642 5093 ταστείλασα,
690 5023 781 5078 xui
825 5023 922 5078 τοῦ
950 5022 1190 5100 γεώδους
1241 5025 1492 5083 αὐτοῦτὸ
1520 5027 1778 5086 πλεῖστον
1835 5035 1954 5096 τοῖς

297 5117 400 5182 τῆς
465 5111 779 5189 ἐγκρατείας
847 5114 1265 5188 κατορθώμασιν
1328 5116 1658 5197 ὑφαγνίσασα
1693 5139 1706 5155 ⁸
1775 5120 1950 5187 οὕτως

367 5333 484 5480 (79)
508 5339 633 5397 Τοῖς
669 5335 874 5421 μέρεσι.
906 5337 1222 5421 Cod..Reg.
1252 5338 1416 5416 2879,
1445 5341 1562 5401 τοῖς
1600 5337 1810 5413 μᾶλισι.

370 5409 462 5480 (80
509 5407 718 5465 Μένειν.
778 5409 873 5466 Sic
927 5409 1194 5480 plerique
1251 5429 1394 5469 mss.
1453 5413 1712 5472 codices.
1777 5418 1810 5469 Ε

303 5407 748 5553 “gignens;
778 5409 873 5466 Sic
927 5407 1195 5485 plerique
1251 5407 1407 5469 mss.
1453 5407 1712 5472 codices.
1777 5413 1956 5485 Editi,

371 5553 485 5626 (81)
511 5548 996 5629 ⁸Υπἠἀφροσιὲγης.
1038 5552 1133 5611 Sic
1181 5555 1304 5629 duo
1345 5555 1761 5629 Combeﬂsiani
1791 5557 1955 5617 codi-

299 5623 575 5707 oesncumA
592 5623 977 5707 aligmelius
1008 5643 1188 5707 quam
1217 5625 1486 5707 edi_ti_,_igt‘
1503 5626 1845 5707 ρφοοσύνης.

372 5696 485 5772 (82)
513 5695 658 5755 Ὅτι.
690 5695 788 5758 Sic
813 5713 965 5762 mss.
1005 5694 1261 5760 codices.
1292 5694 1472 5773 Editi,
1503 5694 1614 5760 ὄτὶ.

2059 4680 2384 4738 chritudini
2415 4679 2788 4751 admiscebit,
2811 4680 2914 4736 sed
2946 4696 3047 4752 per
3063 4680 3292 4752 jejunia
3319 4683 3376 4737 et
3405 4679 3718 4736 asceticam

2059 4770 2244 4826 vitam
2275 4773 2652 4842 erumpentes
2697 4786 2729 4826 e
2775 4786 3018 4842 corpore
3048 4771 3302 4827 fervores
3349 4768 3718 4842 comprimet,

2060 4862 2119 4914 et
2148 4858 2396 4932 quodin
2427 4874 2494 4914 eo
2523 4861 2826 4914 terrenum
2859 4863 2952 4914 est
2981 4874 3198 4932 magna
3241 4873 3310 4914 ex
3341 4862 3506 4930 parte
3535 4857 3721 4913 conti-

2061 4948 2274 5003 nentiaa
2305 4947 2481 5004 laude
2510 4947 2896 5020 expurgabit:
2932 4947 3018 5004 sic
3047 4949 3226 5004 etiam
3255 4946 3402 5003 nihil
3423 4964 3492 5003 ex
3510 4947 3718 5004 animas

2059 5037 2241 5109 vitiis,
2274 5037 2649 5094 aemulatione
2679 5043 2737 5094 et
2765 5037 3168 5107 simulatione,
3201 5036 3348 5093 nihil
3380 5035 3722 5110 insipientia

2060 5127 2472 5199 perturbatum
2489 5127 2789 5199 impertiat
2809 5126 3060 5200 corpori,
3088 5127 3190 5184 sed
3219 5127 3293 5183 ab
3319 5129 3479 5184 omni
3501 5127 3719 5194 furore,

2137 5344 2246 5419 (8_3)
2281 5342 2513 5416 Σαρκός.
2541 5342 2663 5419 Δἓὶο
2709 5343 3300 5419 Οοιοειδίίοιιεροάθχ
3345 5365 3481 5404 cum
3520 5348 3716 5419 editis,

2066 5412 2322 5494 Legitur,
2354 5412 2606 5490 γαστρός,
2638 5417 2698 5494 in
2748 5416 3010 5494 quinque
3054 5415 3186 5494 aliis
3225 5419 3544 5494 codicibus,
3579 5412 3718 5494 quo;

2065 5487 2422 5569 tamtamen
2455 5487 2952 5569 u;nus’_utral.nque
2983 5487 3296 5546 lectionem
3327 5493 3567 5569 retinet.

2063 5558 2576 5700 ιπὶ84ὲεΈπιμιξει.
2612 5559 2707 5615 Sic
2753 5557 3016 5631 plerique
3048 5576 3191 5618 mss.
3239 5563 3492 5622 codices.
3539 5564 3712 5636 Editi,

2163 5650 2226 5700 μι
2289 5670 2304 5686 .

2163 5650 2304 5702 μιςε.
