4124 6374
373 379 494 444 763

1323 375 1710 438 APPENDIX
1760 371 2087 437 OPERUM
2131 371 2196 435 S.
2243 372 2526 435 BASlLII
2570 372 2844 434 MAGNI.

3681 369 3816 431 764

377 516 434 569 et
461 513 568 580 ira,
596 515 654 569 et
685 512 944 568 absurda
981 509 1301 582 cupiditate
1344 524 1552 580 puram
1583 514 1641 564 et
1671 507 2027 564 luminosam

2151 501 2296 560 οὐδὲν
2346 509 2453 559 τῶν
2513 503 2618 559 ἀπὸ
2676 506 2864 579 ψυχῆς
2912 501 2972 558 ἐκ
3003 501 3175 573 ζήλου
3204 501 3293 557 καὶ
3325 501 3662 577 ὑποκρίσεως
3694 520 3816 556 πα-

376 607 631 657 mentem
684 600 1023 656 hominibus
1078 599 1368 655 ostendet.
1414 598 1577 661 Quod
1628 598 1676 654 si
1709 614 1921 671 purum
1953 596 2026 652 ab

376 691 538 746 omni
570 691 844 746 vitiorum
895 689 1185 745 consortio
1218 689 1546 743 humanum
1595 704 1664 742 ex
1693 703 1933 757 corpore
1977 693 2030 740 et

377 779 576 835 anima
623 784 901 836 constans
950 778 1414 833 instrumentum
1465 777 1678 832 habere
1727 778 1918 845 debet,
1965 791 2030 830 ac

381 874 698 941 utrumque
729 871 785 924 in
820 867 1055 940 propria
1078 873 1291 922 natura
1321 884 1427 922 suo
1457 866 1773 938 tranquille
1797 866 2031 937 perfun-

375 975 520 1030 gens
543 974 804 1024 munere,
824 963 1054 1028 oportet
1071 962 1131 1011 ut
1162 956 1312 1028 ipsa,
1332 956 1830 1027 quemadmodum
1851 955 2030 1008 ﬂuen-

376 1053 463 1102 tes
495 1046 553 1101 in
585 1063 799 1119 corpus
831 1063 933 1118 per
977 1052 1242 1103 ventrem
1292 1045 1561 1100 turbidos
1593 1043 1821 1116 repellit
1852 1043 2028 1112 rivos,

374 1136 456 1190 ita
485 1140 542 1190 et
570 1152 667 1191 eos
699 1136 798 1208 qui
833 1135 890 1190 in
941 1137 1202 1190 animam
1255 1136 1446 1191 {luunt
1477 1140 1724 1190 avertat.
1753 1133 1845 1188 Sic
1875 1133 2029 1188 enim

375 1231 610 1280 maneat
636 1223 721 1279 illi
753 1229 1071 1297 utrumque
1093 1225 1152 1280 in
1185 1224 1441 1280 naturali
1459 1228 1618 1280 statu
1637 1222 2029 1295 imperturba-

377 1318 498 1368 tum
527 1331 540 1368 :
566 1314 783 1385 quippe
809 1330 965 1381 cum,
983 1315 1243 1385 quandiu
1267 1314 1406 1369 vitia
1435 1315 1776 1384 obstrepent
1797 1313 2030 1380 animae,

373 1402 635 1474 virginea
665 1401 1040 1474 pulchritudo
1090 1418 1206 1457 non
1239 1403 1425 1474 possit
1473 1400 1592 1458 ullo
1625 1403 1797 1457 modo
1847 1400 2029 1456 videri

373 1491 761 1558 inlaminata;
797 1489 882 1546 vel
915 1491 1539 1564 potius,prseterquam
1558 1491 1709 1561 quod
1737 1489 1886 1544 nihil
1911 1506 2031 1544 cor-

375 1579 534 1652 poris
564 1581 823 1652 proderit
853 1581 1210 1652 exercitatio,
1236 1579 1490 1635 multum
1523 1579 1699 1635 etiam
1734 1578 1930 1651 probri
1963 1594 2032 1634 ex

376 1668 650 1725 vitiorum
681 1670 1060 1740 perversitate
1089 1669 1147 1724 in
1183 1669 1383 1724 anima
1412 1673 1706 1724 cernatur.

2138 596 2267 663 θῶν,
2303 591 2455 648 οὐδὲν
2489 591 2539 664 ἐξ
2586 592 2890 670 ἀφροσύνης
2944 593 3343 668 τεταραγμένον
3395 593 3508 665 (85)
3564 595 3646 663 τῷ
3691 591 3816 644 σώ-

2147 705 2271 758 ματι
2326 681 2648 755 μεταδώσει,
2698 683 2893 743 παντὸς
2948 682 3145 754 θυμοῦ,
3205 680 3295 736 καὶ
3327 681 3519 757 ὀργῇς,
3555 681 3643 735 καὶ
3679 680 3817 735 ἑπι-

2141 772 2334 846 θυμίας
2367 773 2545 842 πάσης
2575 771 2802 839 ἀτόπου,
2833 772 2925 826 τὸν
2958 776 3083 826 νοῦν
3119 768 3297 840 διειδῇ
3324 791 3382 824 τε
3411 771 3500 825 καὶ
3533 769 3817 848 φωτεινὸν

2137 867 2217 934 τῷ
2253 862 2353 937 βίῳ
2385 859 2650 917 δεικνῦσα.
2701 861 2766 917 Ei
2792 859 2847 915 δὲ
2877 860 3230 932 ἀνεπίμικτον
3285 861 3380 933 μὲν
3412 861 3596 914 παθῶν
3643 860 3717 914 τὸ
3754 858 3822 912 ἐκ

2140 954 2324 1025 ψυχῆς
2371 950 2461 1005 καὶ
2495 952 2748 1021 σώματος
2779 949 3118 1024 ἀνθρώπινον
3153 945 3380 1025 ὄργανον
3435 945 3581 1023 ἔχειν
3645 946 3818 1026 ὀφεί-

2141 1037 2249 1108 λει,
2281 1040 2529 1115 ἑκάτερον
2561 1038 2618 1095 δὶ
2643 1038 2694 1094 έν
2726 1043 2795 1113 τῇ
2845 1037 2958 1111 ἰδίᾳ
3014 1037 3166 1117 φύσει
3214 1040 3458 1115 ἠρεμοῦν
3490 1039 3589 1107 τὴν
3652 1035 3817 1092 ῗδίαν

2141 1128 2329 1204 χρείαν
2391 1126 2654 1201 δεικνύον,
2726 1130 2990 1203 προσήκει
3049 1127 3241 1197 αὐτὴν,
3296 1126 3478 1203 ὣσπερ
3535 1126 3666 1190 τοὺς
3737 1125 3820 1188 εἰς

2142 1221 2302 1292 σῶμα
2377 1217 2594 1293 ῥέοντας
2667 1215 2756 1272 διὰ
2821 1218 3048 1293 γαστρὸς
3109 1214 3372 1292 θολεροὺς
3430 1215 3813 1289 ἀποκρούεται

2142 1306 2392 1382 ὀχετοὺς,
2427 1306 2568 1362 οὕτω
2623 1307 2714 1362 καὶ
2771 1305 2900 1368 τοὺς
2928 1304 3004 1367 εἷς
3063 1307 3248 1381 ψυχὴν
3283 1304 3499 1380 ῥέοντας
3531 1303 3809 1380 ἀποστρέ-

2140 1418 2276 1467 φειν.
2313 1397 2472 1454 Οὕτω
2500 1396 2600 1472 γὰρ
2629 1393 2687 1450 ἃν
2727 1395 2874 1469 μένοι
2937 1394 3073 1468 αὐτῇ
3105 1396 3355 1469 ἑκάτερον
3391 1394 3442 1449 ὲν
3475 1397 3544 1468 τῇ
3593 1396 3797 1472 φυσικῇ

2138 1487 2453 1540 καταστάσει
2515 1483 2816 1540 ἀθόλωτον⁸
2851 1485 2926 1546 ὡς
2971 1481 3079 1546 ἕως
3125 1505 3186 1559 γε
3213 1483 3273 1537 ἂν
3305 1483 3373 1538 τὰ
3401 1485 3550 1553 πάθη
3585 1481 3801 1558 ίνοχλῇ

2138 1579 2206 1649 τῇ
2266 1578 2443 1650 ψυχῇ,
2501 1579 2598 1630 τοῦ
2655 1572 2978 1648 παρθενικοῦ
3037 1571 3276 1634 κάλλους
3309 1571 3372 1626 οὗ
3407 1569 3708 1645 δυναμένου
3742 1571 3802 1626 δν

2143 1662 2210 1733 δὴ
2258 1665 2461 1740 τρόπον
2506 1664 2777 1739 ἆχρόντου
2838 1662 3098 1741 ὀφθῆναυ
3159 1659 3370 1736 μᾶλλον
3424 1658 3481 1716 δὲ
3540 1660 3676 1734 μετᾶ
3699 1664 3808 1715 τοῦ

379 1755 549 1832 μηδὶν
580 1756 766 1844 έκιτῆς
793 1760 930 1813 κατὰ
959 1760 1020 1814 τὸ
1075 1763 1237 1832 σῶμα
1293 1759 1573 1829 ἀσκήσεως
1629 1755 1979 1834 ὠφελεῖσθαι,
2039 1753 2256 1811 πολλοῦ
2308 1759 2406 1810 τοῦ
2465 1751 2692 1831 αἶ’σχους
2752 1751 2812 1809 ἐκ
2864 1759 2966 1823 τῆς
3013 1756 3124 1808 τῶν
3183 1756 3370 1817 παθῶν
3417 1751 3604 1814 κακίας
3638 1749 3691 1805 ἐν
3727 1755 3804 1825 τῇ

374 1851 529 1923 ψυχῇ
562 1849 868 1922 ὁρωμένου.

445 1938 537 1994 48.
568 1942 715 1994 Nam
734 1938 784 1994 si
799 1937 1008 1993 limum
1032 1955 1062 1995 e
1095 1955 1336 2009 corpore
1354 1939 1412 1993 in
1433 1939 1694 1995 animam
1718 1953 2030 2008 erumpen-

2213 1935 2298 1990 48.
2334 1934 2482 1990 Ἐπεὶ
2533 1932 2618 1988 ἐὰν
2677 1932 2741 1988 τὸ
2789 1931 2895 1988 ἀπὸ
2962 1931 3218 2005 σώματος
3275 1927 3668 2004 ἀναδιδόμενον
3722 1929 3807 1992 εἰς

374 2028 774 2095 tem,ascetica
790 2027 1104 2100 disciplina
1124 2029 1194 2084 ad
1213 2033 1435 2084 naturai
1456 2027 1864 2084 necessitatem
1879 2025 2037 2082 velut

375 2116 742 2172 adamussim
758 2133 1056 2184 coercens,
1071 2118 1279 2172 animas
1297 2118 1456 2172 vitiis
1474 2118 1874 2189 perturbatur,
1893 2115 2036 2172 nihil

376 2206 430 2261 ei
463 2207 704 2278 prodest
723 2207 985 2276 corporis
1017 2207 1266 2278 puritas,
1288 2223 1420 2261 cum
1441 2222 1698 2277 sponsus
1715 2222 1829 2261 non
1849 2204 2040 2277 possit

377 2294 449 2350 ob
469 2295 970 2366 perturbationem
992 2295 1268 2350 vitiorum
1293 2294 1469 2350 intali
1491 2296 1691 2351 anima
1712 2295 2037 2366 requiesce-

379 2399 479 2452 re;
511 2383 600 2439 vel
628 2383 822 2455 potius
857 2383 1212 2456 sibimetipsi
1237 2390 1405 2440 nocet
1428 2401 1556 2456 quas
1587 2385 1722 2440 talis
1753 2390 1865 2450 est,
1897 2384 2038 2455 quid

379 2488 511 2528 vere
537 2488 753 2544 sponso
773 2472 1019 2544 placeat,
1041 2475 1112 2528 ob
1137 2473 1494 2544 imperitiam
1515 2490 1630 2528 non
1654 2473 2036 2546 investigans,

378 2578 444 2617 ac
475 2578 889 2633 corporeorum
945 2562 1220 2634 praeclare
1269 2562 1555 2618 factorum
1590 2564 1853 2618 mercede
1883 2563 2031 2618 001

378 2650 583 2707 semeti
593 2667 760 2723 psam
785 2651 858 2706 ob
881 2651 1100 2706 mentis
1118 2652 1466 2723 pravitatem
1492 2652 1866 2708 defraudans.
1891 2653 2037 2708 Nam

379 2739 430 2796 si
481 2745 720 2812 propter
763 2742 973 2796 animae
1022 2740 1522 2812 pulchritudinem
1575 2740 1838 2811 corporis
1887 2741 2039 2796 inte-

379 2829 588 2902 gritas,
612 2834 931 2900 exercetur,
964 2829 1194 2886 inutilis
1223 2835 1314 2886 est
1344 2847 1634 2902 apparens
1665 2830 1927 2901 corporis
1958 2829 2042 2884 in-

381 2917 650 2989 tegritas,
687 2917 885 2973 anima
916 2917 1247 2974 innumeris
1263 2917 1419 2973 vitiis
1450 2923 1746 2990 corrupta.
1777 2920 2036 2982 Quorum

384 3007 542 3063 enim
576 3021 814 3078 corpus,
847 3006 1003 3062 velut
1049 3006 1512 3064 instrumentum
1545 3006 1790 3079 peccati,
1818 3006 2044 3079 accepit

374 3093 671 3165 diabolus,
705 3111 808 3168 per
838 3094 985 3150 illud
1018 3095 1277 3152 animam
1305 3100 1626 3169 oppugnat.
1659 3097 1919 3162 Quorum
1941 3113 2041 3152 au-

377 3186 496 3239 tem
531 3201 766 3240 carnem
796 3184 1074 3240 invadere
1095 3185 1169 3240 ob
1195 3185 1617 3242 continentiam
1649 3190 1706 3241 et
1731 3186 2040 3242 austerita-

380 3277 501 3329 tem
531 3273 583 3328 ei
615 3290 730 3331 non
752 3273 908 3344 licet,
931 3273 1146 3330 horum
1178 3291 1348 3347 saepe,
1372 3275 1499 3331 sine
1530 3291 1792 3348 corpore,
1818 3276 2038 3331 nudam
2071 3315 2114 3384 Ο

383 3363 643 3419 animam
675 3363 993 3435 accipiens,
1029 3365 1572 3436 perturbationibus
1599 3365 1658 3420 in
1685 3382 1754 3421 ea
1783 3365 2040 3422 excitan-

382 3451 494 3520 dis,
519 3468 696 3507 suum
715 3451 943 3524 perﬁcit
964 3453 1345 3509 desiderium.
1365 3453 1535 3510 Tales
1557 3453 1715 3510 enim
1731 3457 1871 3510 sunt
1884 3471 2041 3526 quaa-

383 3555 621 3613 cunque
646 3557 778 3597 cum
802 3541 1052 3614 jejuniis
1083 3547 1142 3598 et
1190 3543 1557 3600 chameuniis
1587 3549 1643 3599 et
1686 3543 1914 3616 reliqua
1943 3561 2042 3601 ve-

382 3630 646 3686 hementi
679 3647 960 3703 corporea
1002 3633 1416 3689 exercitatione
1467 3632 1635 3688 illum
1671 3650 1704 3689 a
1729 3649 1903 3689 carne
1941 3635 2042 3688 ab-

384 3719 630 3792 egerint,
647 3719 965 3776 iracundias
989 3724 1045 3776 et
1062 3721 1278 3778 furoris
1297 3727 1355 3777 et
1374 3721 1772 3779 simulationis
1788 3740 1855 3778 ac
1872 3739 2044 3778 aemu-

384 3808 625 3865 lationis
679 3809 1224 3880 perturbationibus
1272 3827 1406 3867 eum
1458 3811 1515 3866 in
1576 3811 1775 3867 anima
1821 3811 2044 3867 colunt.

386 3898 612 3962 Quanto
644 3902 843 3953 autem
875 3915 1088 3971 corpus
1142 3901 1341 3956 anima
1387 3901 1586 3956 minus
1625 3905 1714 3957 est
1742 3901 2046 3974 dignitate,

386 3989 550 4042 tanto
581 3986 809 4058 opinor,
851 3992 1178 4059 peccatum,
1213 3990 1371 4060 quod
1402 4005 1507 4062 per
1531 4006 1744 4061 corpus
1775 3989 2046 4046 commit-

389 4075 556 4144 titur,
589 4091 656 4132 eo
689 4077 844 4149 quod
875 4092 980 4149 per
1009 4079 1230 4134 nudam
1265 4079 1766 4149 animam,minus
1797 4080 2045 4137 videtur.

390 4163 516 4222 Illic
545 4165 704 4221 enim
729 4166 1016 4224 naturalis
1037 4166 1206 4224 cibus
1222 4171 1278 4224 et
1306 4168 1604 4241 appetitus
1623 4170 1691 4224 ad
1725 4171 1924 4241 gulam
1948 4175 2050 4226 aut

389 4254 840 4313 fornicationem
875 4273 1089 4330 corpus
1121 4274 1224 4331 per
1272 4259 1518 4314 comites
1546 4259 1877 4332 voluptates
1909 4258 2050 4316 titil-

392 4345 520 4402 lant
550 4362 564 4401 :
598 4345 694 4402 hic
725 4349 921 4403 autem
955 4346 1083 4403 sine
1113 4346 1235 4404 ulla
1283 4362 1564 4421 corporea
1593 4347 1889 4421 voluptate
1919 4365 2048 4422 per-

393 4435 640 4492 versitas
670 4433 991 4493 voluntatis
1035 4438 1509 4510 perturbationes
1539 4441 1744 4496 contra
1773 4443 2049 4496 naturam

395 4523 456 4580 in
487 4523 746 4580 animam
788 4524 1036 4583 inducit.
1071 4535 1153 4584 Ac
1198 4529 1460 4602 profecto
1493 4528 1541 4584 si
1571 4527 1933 4601 perturbatio
1963 4532 2052 4585 est

392 4611 603 4670 anima:
632 4615 930 4687 corruptio
950 4617 1215 4691 virginis,
1239 4619 1597 4692 perturbatio
1618 4619 1796 4676 etiam
1819 4621 1910 4676 est
1931 4618 2052 4675 ani-

2143 2025 2330 2098 ψυχὴν
2392 2020 2645 2087 ἰλυῶδες,
2697 2019 2788 2076 διὰ
2817 2021 2918 2087 τῇς
2977 2021 3275 2092 ἀσκήσεως,
3311 2015 3490 2095 ὥσπερ
3549 2017 3624 2082 είς
3659 2020 3800 2074 ὑπο-

2146 2112 2411 2186 στάθμην,
2485 2113 2584 2181 τήν
2653 2111 2896 2186 ἀνάγκην
2966 2117 3065 2179 τῆς
3121 2109 3330 2184 φύσεως
3379 2108 3802 2179 καταστείλασα,

2144 2207 2260 2264 τοῖς
2293 2201 2344 2257 ἐν
2376 2205 2444 2276 τῇ
2475 2204 2630 2276 ψυχῇ
2663 2202 2850 2255 πάθεσι
2883 2201 3337 2276 συνταράσσηται,
3390 2195 3543 2253 οὐδὲν
3591 2195 3803 2269 ὤνησεν

2147 2293 2181 2361 ἡ
2234 2296 2334 2346 τοῦ
2383 2292 2639 2364 σώματος
2689 2287 2996 2365 καθαρότης
3025 2291 3121 2343 τοῦ
3169 2287 3410 2363 νυμφίου
3461 2287 3538 2360 μὴ
3572 2284 3807 2360 δυναμέ-

2147 2402 2242 2437 νου
2275 2378 2365 2435 διὰ
2414 2381 2503 2435 τὸν
2551 2381 2792 2454 τάραχον
2843 2383 2950 2433 τῶν
2990 2378 3176 2433 παθῶν
3211 2376 3263 2433 έν
3290 2373 3472 2448 τοιᾷδε
3499 2379 3654 2452 ψυχῇ
3685 2376 3810 2430 ἂνα-

2149 2469 2430 2533 παύεσθαι·
2510 2467 2722 2542 μᾶλλον
2803 2466 2860 2522 δὶ
2913 2465 3003 2522 καὶ
3062 2464 3264 2539 πολλῷ
3319 2460 3553 2540 ἔϐλαψεν
3613 2466 3809 2534 ἑαυτὴν

2149 2561 2183 2628 ἡ
2217 2561 2327 2632 (86)
2385 2556 2636 2628 τοιαύτη,
2695 2558 2756 2612 τὸ
2813 2557 2908 2627 μὶν
2965 2554 3188 2627 ἀληθῶς
3216 2555 3442 2630 ἀρέσκον
3478 2559 3558 2627 τῷ
3586 2552 3806 2632 νυμφίῳ

2151 2647 2220 2703 δι’
2272 2645 2617 2703 ἀπαιδευσίαν
2682 2647 2758 2719 μὴ
2812 2645 3188 2722 άνιχνεύουσα,
3251 2643 3340 2700 διὰ
3387 2644 3696 2720 μοχθηρίαν
3749 2640 3806 2698 δὶ

2151 2738 2419 2813 λογισμοῦ
2474 2737 2564 2792 καὶ
2640 2736 2732 2791 τὸν
2790 2736 2922 2809 ὗπὶρ
2978 2738 3304 2808 σωματικῶν
3361 2732 3799 2808 κατορθωμάτων

2153 2826 2342 2900 μισθὸν
2376 2828 2489 2900 (87)
2520 2827 2714 2895 έαυτήν
2741 2823 3153 2898 ζημιώσασα.Εῐ
3175 2825 3275 2900 γὰρ
3299 2820 3386 2877 διὰ
3405 2823 3467 2877 τὸ
3488 2829 3589 2891 τῆς
3611 2825 3794 2895 ψυχῆς

2148 2913 2356 2977 κάλλος
2386 2917 2484 2985 τὴν
2517 2919 2614 2969 τοῦ
2663 2915 2919 2988 σώματος
2960 2911 3211 2989 ἀφθορίαν
3244 2913 3534 2983 ἀσκοῦμεν,
3565 2909 3785 2982 περιττή

2149 3008 2183 3075 ἡ
2219 3003 2451 3061 δοκοῦσα
2496 3002 2730 3082 ἀφθορία
2781 3007 2878 3058 τοῦ
2923 3003 3192 3075 σώματος,
3221 3007 3319 3070 τῆς
3347 3003 3532 3075 ψυχῆς
3569 2997 3783 3073 μυρίοις

2149 3095 2368 3159 πάθεσιν
2401 3094 2786 3171 φθειρομένης.
2833 3094 2930 3147 Ὧν
2993 3091 3087 3165 μὶν
3142 3092 3242 3166 γὰρ
3271 3090 3334 3145 τὸ
3374 3093 3536 3162 σῶμα
3565 3083 3794 3162 ὄργανον

2148 3184 2416 3259 ἁμαρτίας
2448 3179 2633 3240 λαϐὼν
2668 3184 2694 3237 ὁ
2727 3177 2990 3244 διάϐολος
3021 3182 3154 3255 (88),
3205 3176 3294 3232 διὰ
3321 3176 3515 3232 τούτου
3543 3179 3614 3250 τῇ
3643 3177 3805 3249 ψυχῇ

2153 3274 2468 3330 ἐπιτίθεται.
2518 3275 2613 3328 Ὧν
2675 3270 2732 3327 δὲ
2784 3276 2885 3338 τῇς
2946 3270 3142 3346 σαρκὸς
3201 3263 3456 3337 ἰπιϐῆναι
3507 3264 3574 3321 δι’
3607 3264 3803 3341 έγκρα-

2150 3364 2297 3427 τείας
2323 3384 2382 3418 τε
2429 3362 2519 3418 καὶ
2570 3359 2995 3436 σκληραγωγίας
3028 3361 3142 3433 (89)
3198 3359 3298 3413 οὑκ
3345 3355 3647 3432 ἐπετράπη,
3683 3351 3815 3408 τού-

2150 3473 2256 3506 των
2320 3449 2616 3521 πολλάκις,
2650 3449 2828 3527 χωρὶς
2885 3451 3160 3522 σώματος,
3218 3448 3318 3516 τὴν
3375 3445 3560 3519 ψυχὴν
3600 3442 3815 3518 γυμνὴν

2152 3539 2423 3619 εἷληφὼς,
2474 3542 2556 3603 οἷς
2612 3539 2663 3595 έν
2715 3540 2855 3613 αὐτῇ
2889 3537 3167 3614 ἐργάζεται
3211 3536 3427 3623 ¹ιτσὶθεσι,
3470 3534 3571 3602 τὴν
3619 3533 3817 3587 ἑαυτοῦ

2154 3630 2444 3703 ἐπιθυμίαν
2505 3629 2673 3685 ἀνύει.
2732 3631 2988 3683 Τοιαῦται
3035 3625 3136 3702 γάρ
3187 3620 3319 3680 εἰσιν
3375 3623 3495 3677 ’ὀσαι
3542 3620 3820 3691 νηστείαις

2154 3719 2242 3774 καὶ
2303 3718 2624 3795 χαμευνίαις
2675 3717 2765 3772 καὶ
2818 3721 2886 3792 τῇ
2947 3715 3120 3787 λοιπῇ
3182 3713 3463 3784 ὑπερτόνῳ
3488 3711 3624 3766 κατὰ
3653 3713 3818 3781 σῶμα

2160 3809 2382 3879 ἀσκήσει
2433 3814 2534 3877 τῆς
2593 3807 2788 3881 σαρκὸς
2824 3809 3015 3860 τοῦτον
3070 3799 3462 3875 ἀποδιώξασαι,
3494 3804 3610 3862 τοῖς
3643 3798 3815 3874 ὀργῆς

2157 3921 2246 3955 και
2279 3903 2452 3972 θυμοῦ
2508 3900 2598 3954 καὶ
2660 3896 2993 3972 ὑποκρίσεως
3027 3895 3062 3965 ἢ
3098 3892 3271 3966 ζήλου
3303 3895 3525 3948 πάθεσιν
3560 3891 3721 3946 αὐτὸν
3759 3888 3814 3943 ὲν

2155 3993 2225 4064 τῇ
2256 3993 2411 4065 ψυχῇ
2462 3988 2830 4064 περιέπουσιν.
2887 3988 3040 4058 ’Ὀσῳ
3073 3983 3130 4039 δὲ
3179 3980 3402 4040 ἔλαττον
3433 3985 3618 4057 ψυχῆς
3653 3982 3817 4052 σῶμα

2155 4084 2224 4154 τῇ
2259 4080 2398 4153 ἀξίᾳ,
2431 4083 2688 4134 τοσοῦτον
2744 4075 2991 4148 ἔλαττον,
3050 4077 3231 4148 οἶμαι,
3287 4074 3350 4128 τὸ
3410 4069 3500 4126 διὰ
3558 4071 3818 4143 σώματος

2158 4168 2462 4245 ἁμάρτημα
2512 4172 2610 4224 τοῦ
2657 4165 2746 4222 διὰ
2774 4172 2988 4242 γυμνῆς
3038 4168 3140 4230 τῇς
3169 4167 3354 4238 ψυχῆς
3413 4158 3821 4238 καταφαίνεται.

2157 4260 2279 4316 ’Ὁτι
2312 4257 2424 4312 ἐκεῖ
2485 4257 2580 4330 μὶν
2626 4258 2826 4335 φυσικὴ
2874 4255 3049 4332 τροφή
3098 4275 3158 4308 τε
3203 4251 3293 4308 καὶ
3339 4246 3512 4326 ὄρεξις
3555 4248 3694 4325 πρὸς
3719 4248 3824 4315 τήν

2157 4345 2586 4424 γαστριμαργίαν
2619 4347 2655 4416 ἢ
2709 4343 2965 4419 πορνείαυ
3018 4343 3082 4398 τὸ
3110 4346 3271 4417 σῶμα
3303 4337 3393 4396 διὰ
3435 4343 3546 4394 τῶν
3594 4335 3823 4412 συντρό-

2160 4459 2274 4516 φων
2332 4433 2547 4506 ἡδονῶν
2605 4433 2989 4513 γαργαλίζεται
3023 4451 3037 4466 ·
3101 4431 3325 4488 ἐνταῦθα
3378 4427 3436 4485 δὲ
3487 4429 3612 4484 ἄνευ
3669 4425 3824 4516 τινὸς

2161 4514 2480 4600 σωματικῆς
2538 4522 2745 4595 ἡδονῆς
2809 4523 3092 4601 μοχθηρία
3148 4521 3518 4596 προαιρέσεως
3572 4517 3639 4572 τὰ
3672 4514 3820 4584 πάθη

2160 4617 2306 4693 παρὰ
2335 4615 2490 4695 φύσιν
2518 4618 2588 4689 τῇ
2620 4617 2777 4691 ψυχῇ
2837 4613 3129 4686 ἐπεισάγει.
3191 4611 3290 4664 Καὶ
3325 4607 3373 4663 εί
3427 4606 3601 4695 πάθος
3633 4609 3827 4695 ψυχῆς

394 4704 706 4774 ωω,ίύι·οι·
736 4710 793 4762 et
815 4709 1207 4780 contentio,et
1237 4713 1444 4767 caetera
1474 4709 1674 4766 omnia
1693 4725 2041 4782 quaecunque

2166 4709 2201 4778 ἡ
2258 4693 2357 4777 τῆς
2415 4703 2684 4780 παρθένου
2741 4702 2938 4778 φθορὰ,
2997 4699 3165 4762 πάθος
3222 4701 3413 4774 ψυχῆς
3442 4693 3589 4752 καίὁ
3624 4694 3826 4767 θυμὸς,

395 4794 540 4850 dixit
568 4793 906 4868 Apostolus,
938 4797 1131 4854 adhuc
1163 4804 1360 4857 autem
1390 4801 1581 4874 magis
1611 4804 1669 4856 et
1697 4799 1936 4856 invidia.
1965 4797 2056 4857 Si-

394 4884 715 4942 millimum
748 4891 903 4944 certe
936 4892 993 4944 et
1022 4888 1122 4960 qui
1146 4895 1305 4946 amat
1334 4893 1391 4945 et
1414 4891 1518 4962 qui
1553 4890 1776 4948 invidet
1794 4890 2054 4946 dolorem

394 4975 711 5033 sustinent.
726 4976 1234 5043 Quemadmodum
1256 4979 1412 5036 enim
1439 4980 1696 5039 amantis
1717 4979 1978 5038 animam
2001 4984 2059 5038 et

607 5232 1046 5318 Τεταραγμένον.
1085 5235 1210 5318 _Sic_
1245 5253 1399 5318 mss._
1445 5240 1698 5308 quatuor
1735 5242 1793 5318 et
1839 5238 2059 5296 Veneta

397 5302 844 5394 edition'rpel‘iu‘s:
863 5302 1052 5394 quam
1085 5302 1896 5394 Parim-ensis,-recapayptvqi:

469 5373 692 5454 (δεξλᾚ.
722 5373 1051 5436 Articulum
1085 5381 1302 5438 habent
1349 5373 1494 5438 mss.
1532 5373 1820 5454 plerique.
1849 5373 2061 5439 "Deerat

399 5446 786 5602 lntggjta‘sdv...
824 5522 1029 5593 μισθόν.
1061 5524 1156 5581 Sic
1190 5539 1334 5580 mss.
1370 5529 1641 5597 quatuor.
1675 5525 1850 5593 Editi,
1878 5527 2055 5582 τῶν...

406 5596 677 5731 Pu(o£;)8u)w’.0
709 5655 992 5746 διάϐολος.
1041 5669 1228 5746 Editio
1283 5668 1468 5746 Paris.
1500 5667 1687 5746 addit,
1729 5665 1869 5746 ἔχει,
1901 5670 2058 5746 quod

402 5747 538 5787 cum
568 5738 970 5792 necessarium
987 5753 1104 5795 non
1135 5739 1239 5810 sit,
1259 5754 1366 5794 nec
1394 5738 1456 5794 in
1484 5738 1741 5797 editione
1760 5738 1984 5800 Veneta
2003 5745 2060 5800 et

2164 4795 2254 4852 καὶ
2285 4799 2319 4867 ἡ
2373 4791 2506 4874 ἔρις,
2555 4793 2646 4850 καὶ
2692 4795 2759 4849 τι
2791 4790 2939 4848 ἄλλα
2994 4788 3166 4845 πάντα
3193 4786 3290 4844 εσα
3336 4783 3550 4863 εἴρηκεν
3599 4785 3626 4839 δ
3659 4783 3830 4874 ’ἑπόῖ

2167 4869 2411 4956 στολος,⁷
2436 4881 2514 4941 ἔτι
2547 4882 2603 4939 Bt
2639 4881 2850 4958 μᾶλλον
2904 4881 2932 4936 ὁ
2989 4877 3206 4958 φθόνος.
3238 4876 3606 4951 Ὁμοιοτάτην
3635 4869 3766 4947 γοῦν
3802 4870 3834 4926 ὅ

2163 4997 2222 5034 τι
2278 4975 2413 5051 ἐρῶν
2473 4973 2566 5032 καὶ
2613 4974 2641 5031 ὁ
2692 4970 2904 5050 φθονῶν
2955 4969 3054 5040 τὴν
3088 4963 3288 5038 ὀδύνην
3344 4965 3682 5043 ὑφίστανται.
3740 4966 3832 5022 Ὠς

2169 5237 2228 5309 in
2262 5234 2383 5292 ullo
2415 5253 2658 5309 prorsus
2691 5238 2884 5293 vetere
2914 5231 3064 5289 libro
3097 5228 3350 5302 legatur,
3377 5223 3838 5298 expungendum

2171 5325 2366 5452 “235?
2381 5313 2792 5456 ’ῗζῗκρατείααη
2829 5371 3278 5500 σκληραγωγίας.
3322 5370 3518 5427 Monet
3545 5367 3840 5424 Comhefi-

2171 5453 2296 5500 nim
2328 5453 2384 5500 in
2418 5470 2525 5500 mm
2576 5453 2754 5500 Rmrin
2803 5450 3002 5500 codice
3077 5463 3188 5500 θαι.
3239 5441 3619 5500 inmeritum...
3659 5436 3840 5500 σκλη-

2170 5436 2296 5510 eius
2328 5436 2387 5524 in
2418 5436 2525 5510 suo
2575 5436 2767 5524 Regio
2803 5436 3002 5506 codice
3053 5436 3188 5524 legi,
3239 5436 3841 5524 ξγκράτιιανλ..“σκλη-

2171 5523 2466 5600 ραγωγίαν,
2500 5542 2631 5600 quin
2659 5513 2953 5600 scriptura
2981 5513 3174 5600 potior
3200 5513 3517 5600 videretur.
3544 5513 3670 5600 S'ed
3691 5528 3840 5600 pace

2166 5584 2280 5670 viri
2307 5584 2635 5670 doctissimi
2685 5584 3024 5670 dixerim‘ét
3049 5591 3111 5646 in
3159 5589 3272 5645 hoc
3319 5586 3519 5670 codice
3566 5584 3749 5670 ﬁegio
3778 5588 3840 5640 et

2167 5669 2227 5727 in
2260 5670 2392 5729 aliis
2422 5669 2698 5728 omnibus
2725 5667 2811 5725 ita
2840 5664 3128 5738 scriptum
3158 5677 3309 5730 esse,
3339 5662 3405 5716 ut
3428 5659 3489 5716 in
3521 5658 3718 5714 editis.
