4124 6378
302 398 420 458 765

1533 400 1770 462 LIBER
1814 402 1914 462 DE
1959 400 2500 463 VIRGINITATE.

3599 407 3634 462 7
3641 399 3720 460 66

299 530 402 606 γὰρ
430 526 532 584 τοῦ
562 527 796 604 ἐρῶντος
844 530 944 598 τὴν
994 529 1178 604 ψυχὴν
1210 529 1302 584 καὶ
1331 531 1394 585 τὸ
1425 535 1606 604 σῶμα,
1635 533 1949 607 ἀποτυγχά-

2066 550 2303 606 corpus,
2336 532 2384 588 ei
2432 531 2774 605 cupiditatis
2822 547 3061 604 compos
3103 549 3219 588 non
3269 534 3392 598 ﬂat,
3442 533 3724 593 tabefacit

301 640 492 680 νοντος
520 621 618 687 τῆς
669 618 982 692 ἐπιθυμίας,
1029 621 1185 688 τήκει
1217 620 1244 673 ὁ
1277 615 1435 695 ἔρως,
1490 620 1633 675 οὕτω
1680 625 1778 676 τοῦ
1826 623 1957 699 φθο-

299 716 523 774 νοῦντος
553 712 640 765 καὶ
677 711 862 785 ψυχὴν
893 711 981 765 καὶ
1030 715 1190 783 σῶμα
1235 712 1262 765 ὁ
1295 711 1493 786 φθόνος
1545 714 1816 781 συντήκει.
1850 710 1957 768 Οὐ-

300 797 385 856 δὲν
420 801 522 876 γὰρ
577 798 791 872 μᾶλλον
834 801 885 853 οἱ
932 799 1160 875 ἐρῶντες
1202 801 1674 876 ἀποτυγχάνοντες
1702 808 1802 870 τῆς
1837 800 1954 856 ἐπι-

301 889 498 962 θυμίας
535 889 637 943 ὑπὸ
665 892 762 943 τοῦ
810 886 1035 961 ἔρωτος,
1086 887 1122 957 ἢ
1155 889 1207 942 οἳ
1259 890 1585 963 φθονοῦντες
1629 890 1955 965 ἀτυχοῦντας

296 985 397 1048 τῆς
428 975 568 1040 ῗδίας
622 975 934 1049 ἐπιθυμίας,
980 975 1086 1030 ὐπὸ
1133 981 1229 1032 τοῦ
1278 977 1478 1056 φθόνου
1508 978 1598 1032 καὶ
1649 980 1834 1054 ψυχὴν
1862 977 1951 1033 καὶ

299 1070 462 1141 σῶμα
537 1067 891 1136 συντήκονται
935 1084 947 1098 '
1004 1066 1258 1121 τοιοῦτόν
1327 1088 1380 1122 τι
1456 1067 1628 1130 πάθος
1706 1065 1957 1142 ἄντικρυς

298 1158 627 1231 πάσχοντες,
662 1154 775 1210 θ’ἰον
817 1155 879 1208 ἃν
933 1157 1151 1230 κήρινοι
1201 1153 1512 1230 ἀνδριάντες
1542 1155 1595 1211 ἐν
1627 1156 1780 1211 νυκτὶ
1810 1156 1958 1228 παρὰ

293 1251 404 1302 τῶν
459 1243 856 1320 κηροπλάστων
920 1244 1327 1323 μορφωθὲντες,
1357 1244 1523 1315 ἡλίου
1579 1243 1959 1310 ἀνατείλαντος

303 1334 406 1389 ὑπὸ
457 1340 559 1403 τῆς
616 1332 858 1404 ἡλιακῆς
917 1334 1136 1398 ἀκτῖνος
1191 1334 1625 1406 κατατηκόμενοι
1683 1335 1904 1398 πάθοιεν
1940 1378 1952 1390 .

296 1421 525 1476 Ἐκεῖνοί
575 1442 634 1476 τε
689 1423 816 1498 γὰρ,
874 1418 978 1484 ἕως
1042 1423 1136 1495 μὶν
1208 1422 1268 1477 ἂν
1326 1425 1361 1493 ἡ
1415 1423 1506 1493 νὺξ
1534 1421 1732 1484 αὐτοὺς
1770 1422 1954 1478 καὶτὸ

293 1510 488 1572 σκότος
515 1511 744 1586 κατέχῃ,
770 1516 1080 1586 πεπηγυῖαν
1111 1510 1162 1566 ἐν
1191 1514 1258 1576 τῆ
1304 1516 1428 1581 σκιᾷ
1477 1512 1580 1566 ὑπὸ
1625 1517 1726 1580 τῆς
1773 1530 1956 1566 νυκτε-

295 1605 450 1676 ρινῆς
477 1598 644 1673 αὔρας
691 1601 792 1668 τὴν
842 1601 1054 1675 μορρὴν
1104 1599 1179 1662 ὡς
1209 1597 1580 1670 ἐπλάσθησαν,
1640 1599 1692 1654 ἂν
1724 1603 1804 1671 τῷ
1853 1599 1953 1672 ἰμ-

293 1689 606 1766 φαινυμὲνῳ
661 1693 780 1750 τοῖς
837 1688 1121 1762 πλάσμασι
1178 1690 1342 1762 τόνῳ,
1399 1690 1490 1744 καὶ
1545 1687 1768 1764 στεῤῥᾶν
1812 1687 1953 1750 τᾶως

293 1774 674 1832 δεικνύουσιν·
738 1775 1147 1851 ἰπιλάμψαντος
1209 1774 1266 1833 δὲ
1314 1782 1413 1832 τοῦ
1471 1775 1640 1847 ἡλίου
1714 1777 1805 1831 καὶ
1859 1776 1954 1832 τὸν

291 1865 494 1920 οἰκεῖον
548 1862 753 1938 δρόμον
801 1864 1078 1936 ἀνύοντος,
1110 1866 1176 1920 τὰ
1223 1866 1318 1938 μὲν
1357 1864 1528 1922 λοιπᾶ
1570 1867 1778 1920 ἅπαντα
1827 1865 1949 1940 τρὲ-

293 1975 449 2030 φεται
502 1955 606 2009 ὑπὸ
652 1961 752 2023 τῆς
794 1953 1036 2024 ἡλιακῆς
1087 1952 1390 2028 δυνάμεως,
1433 1955 1523 2010 καὶ
1577 1955 1758 2031 φωτὸς
1811 1954 1947 2009 ἀπο-

295 2041 449 2098 λαύει
477 2045 613 2116 (90)·
665 2042 716 2096 οἱ
767 2039 826 2097 δὲ
877 2044 1244 2112 συντακέντες,
1275 2043 1372 2104 τάς
1415 2064 1474 2097 τε
1525 2043 1735 2120 μορφὰς
1765 2041 1952 2098 καὶτὰ

295 2133 558 2206 σχήματα
616 2131 752 2204 μετὰ
798 2136 896 2186 τοῦ
943 2131 1349 2209 ἰμφαινομὶνου
1379 2133 1589 2205 ἑκάστῳ
1618 2131 1775 2187 τόνου
1823 2153 1950 2208 συγ-

293 2228 574 2297 χυθέντες,
604 2222 1004 2299 ἠφανίσθησαν.
1037 2220 1108 2280 Ο⁸ί
1142 2243 1202 2278 τε
1251 2221 1522 2300 φθονεροὶ,
1555 2219 1658 2284 ἕως
1690 2223 1751 2276 ἄν
1783 2221 1834 2277 ἐν
1863 2226 1949 2295 τῷ

292 2311 596 2383 σκότῳτοῦ
648 2306 938 2381 διαϐόλου,
985 2311 1060 2375 ὡς
1107 2311 1158 2366 ἰν
1207 2313 1380 2381 νυκτὶ,
1413 2311 1549 2386 πρὸς
1597 2311 1665 2366 τὰ
1692 2315 1790 2366 τοῖ’)
1815 2310 1947 2388 φθό-

288 2420 385 2453 νου
436 2395 566 2475 ίργα
599 2397 978 2474 βουλεύονται,
1024 2399 1218 2476 παγίας
1263 2399 1402 2463 τὲως
1457 2397 1677 2454 δοκοῦσι
1721 2401 1817 2461 τὰς
1863 2397 1948 2454 ἐν·

287 2487 456 2557 νοίας,
485 2488 578 2542 καὶ
615 2489 686 2543 τὰ
729 2490 993 2564 σχήματα
1037 2489 1173 2562 μετὰ
1216 2493 1326 2544 τῶν
1383 2493 1630 2566 ιλορφῶν,
1681 2487 1755 2550 ὡς
1803 2489 1952 2563 παρὰ

285 2581 367 2648 τῷ
421 2577 606 2651 φθόνῳ
654 2575 1019 2647 ἐπλάσθησαν,
1075 2575 1352 2646 ἀλλήλοις
1397 2574 1688 2632 δεικνύναι·
1732 2574 1948 2632 ἐπειδᾶν

290 2663 350 2720 δὲ
378 2663 535 2735 δίκην
568 2664 734 2734 ἡλίου
785 2663 1082 2728 σπουδαῖος
1137 2666 1274 2742 ἀνὴρ
1319 2667 1458 2741 πρὸς
1505 2665 1572 2721 τὰ
1612 2673 1710 2736 τῆς
1755 2667 1949 2742 ἀρετῆς

292 2751 425 2829 ἔργα
455 2754 678 2815 ἑωθινὸς
707 2751 992 2830 ἀνατείλῃ,
1040 2756 1092 2809 οἱ
1140 2755 1234 2828 μὲν
1287 2753 1476 2810 λοιποὶ
1524 2754 1778 2825 ἅπαντες,
1829 2753 1946 2811 ὅσοι

290 2847 389 2897 τοῦ
417 2841 724 2919 φιλοκάλου
755 2863 814 2898 τε
841 2843 932 2897 καὶ
978 2842 1234 2918 φιλοθέου
1287 2843 1410 2919 βίου
1452 2843 1542 2898 τὸν
1592 2842 1794 2918 τρόπον
1827 2845 1950 2899 θαυ-

296 2931 553 3004 μάζουσι,
612 2935 709 2986 τοῦ
767 2931 916 2995 θείου
966 2928 1169 3008 ἔρωτος
1226 2930 1302 2993 είς
1362 2935 1563 3006 γνῶσιν
1608 2932 1735 3006 παρ’
1783 2930 1948 2987 αὐτοῦ

297 3018 571 3097 λαμπρῶς
629 3019 1036 3096 ἰμφορούμενοι
1069 3065 1083 3089 ,
1135 3020 1204 3076 τὰ
1257 3023 1356 3089 τῆς
1411 3021 1609 3096 ἀρετῆς
1667 3027 1951 3095 σπέρματα

295 3110 606 3187 τρίφουσιν·
667 3110 720 3164 οἱ
780 3105 837 3162 δὲ
869 3109 1175 3183 ἀχείρωτον
1211 3109 1307 3180 μὶν
1357 3109 1516 3163 αὐτὸν
1552 3106 1642 3163 διὰ
1667 3109 1729 3164 τὸ
1762 3120 1951 3183 θεοφι-

2066 639 2250 692 amor,
2282 623 2364 677 ita
2393 626 2451 677 et
2479 621 2801 676 invidentis
2841 620 3102 676 animam
3135 627 3193 677 et
3223 637 3440 693 corpus
3483 621 3724 678 invidia.

2067 711 2214 767 Nam
2248 711 2348 782 qui
2377 715 2599 776 amant,
2620 725 2755 765 cum
2790 708 2861 764 ab
2886 726 2951 765 eo
2971 710 3126 780 quod
3158 711 3405 780 cupiunt
3426 711 3722 778 aberrant,

2067 800 2252 856 nihilo
2281 799 2470 871 magis
2500 800 2573 854 ob
2604 815 2885 865 amorem,
2920 814 3096 870 quam
3130 799 3312 853 invidi
3347 799 3595 871 propriis
3617 815 3725 853 cu-

2065 889 2334 961 piditatis
2365 905 2477 943 non
2529 893 2829 958 compotes
2878 888 2950 942 ob
2982 886 3286 955 invidiam,
3341 892 3398 941 et
3443 889 3643 943 anima
3669 892 3726 944 et

2063 994 2302 1048 corpore
2333 978 2664 1032 tabescunt.
2689 976 2826 1032 Tale
2857 975 3164 1049 quidpiam
3204 976 3459 1047 profecto
3492 977 3724 1047 patiun-

2065 1072 2181 1134 tur,
2215 1065 2387 1138 quale
2435 1067 2724 1135 imagines
2774 1082 2973 1136 cereas,
3028 1082 3156 1136 qua;
3207 1070 3379 1120 noctu
3414 1082 3448 1119 a
3484 1066 3723 1122 cerariis

2065 1158 2291 1221 effictas,
2327 1157 2426 1210 ubi
2482 1155 2568 1210 sol
2600 1154 2879 1221 illuxerit,
2930 1154 3110 1210 solari
3152 1154 3316 1208 radio
3368 1153 3718 1224 liquescunt.

2068 1245 2182 1302 Illsa
2200 1246 2380 1313 enim,
2396 1245 2660 1316 quandiu
2679 1261 2778 1300 eas
2796 1245 3032 1316 quidem
3055 1259 3188 1299 mox
3212 1247 3271 1298 et
3293 1243 3552 1298 tenebras
3575 1244 3721 1298 deti-

2066 1341 2262 1403 neant,
2277 1337 2609 1390 concretam
2628 1334 2687 1387 in
2708 1334 2920 1389 umbra
2937 1334 3243 1388 nocturnis
3265 1333 3423 1387 auris
3447 1332 3719 1402 formam,

2066 1429 2240 1497 prout
2269 1426 2471 1480 efﬁctas
2503 1423 2764 1488 fuerunt,
2795 1422 2855 1477 in
2887 1438 2953 1478 ea
2984 1420 3301 1489 soliditate,
3328 1437 3455 1492 qua:
3479 1421 3537 1474 in
3571 1420 3722 1476 ima-

2065 1515 2302 1586 ginibus
2332 1528 2614 1584 apparere
2645 1511 2815 1578 solet,
2866 1512 3098 1567 ﬁrmam
3129 1511 3366 1566 interim
3396 1510 3672 1566 exhibent
3704 1527 3717 1566 :

2063 1603 2164 1659 sed
2192 1601 2566 1658 illucescente
2589 1600 2710 1657 sole
2731 1605 2790 1656 et
2818 1601 3116 1672 preprium
3149 1616 3390 1655 cursum
3414 1598 3720 1672 perﬁcien-

2061 1696 2138 1761 te,
2172 1696 2378 1747 caetera
2427 1691 2668 1762 quidem
2701 1689 2901 1745 omnia
2949 1689 3004 1743 vi
3034 1687 3207 1745 solari
3267 1690 3631 1759 nutriuntur,
3663 1691 3722 1744 et

2061 1779 2194 1835 luce
2225 1781 2647 1851 perfruuntur;
2675 1777 2787 1834 illis
2814 1794 2953 1834 vero
2979 1777 3397 1850 liquescentes,
3415 1777 3620 1833 formis
3649 1793 3719 1834 ac

2063 1868 2266 1939 ﬁguris
2296 1885 2431 1924 cum
2463 1867 2759 1924 soliditate
2790 1867 2849 1922 in
2873 1883 3227 1938 unaquaque
3249 1871 3566 1938 apparente
3585 1883 3724 1922 con-

2059 1957 2230 2025 fusis,
2265 1961 2640 2014 evanescunt.
2662 1957 2758 2014 Sic
2788 1961 2845 2012 et
2873 1955 3353 2028 invidi,quandiu
3377 1955 3438 2010 in
3459 1956 3719 2012 tenebris

2059 2046 2298 2117 diaboli,
2331 2046 2492 2102 velut
2519 2046 2579 2100 in
2631 2049 2818 2113 nocte,
2851 2045 3081 2100 invidia
3113 2061 3291 2117 opera
3334 2045 3716 2116 meditantur,

2057 2136 2276 2192 solidas
2298 2136 2536 2190 interim
2561 2135 2835 2191 videntur
2854 2134 3238 2206 cogitationes
3262 2138 3319 2188 et
3341 2133 3560 2204 figuras
3583 2149 3716 2188 cum

2057 2224 2284 2286 formis.
2317 2227 2492 2296 prout
2518 2224 2590 2278 ab
2622 2222 2846 2279 invldia
2861 2222 3068 2278 effictas
3086 2223 3345 2286 fuerunt,
3371 2221 3523 2277 inter
3543 2238 3604 2277 se
3629 2223 3717 2278 in-

2053 2315 2238 2370 vicem
2269 2314 2675 2369 demonstrare
2707 2333 2720 2380 ;
2753 2312 2853 2368 sed
2887 2311 2935 2368 si
2959 2311 3047 2367 vir
3077 2312 3318 2383 probus,
3338 2311 3530 2366 instar
3550 2310 3715 2381 solis,

2061 2403 2133 2458 ad
2163 2402 2398 2458 virtutis
2449 2417 2626 2474 opera
2675 2417 2845 2456 mane
2896 2400 3192 2473 effulgent,
3245 2399 3436 2455 caeteri
3477 2400 3759 2471 quidem~

2059 2507 2284 2561 omnes,
2319 2491 2658 2562 quicunque
2689 2489 2886 2560 probas
2905 2506 2972 2544 ac
3003 2488 3286 2561 religiosa)
3317 2489 3446 2543 vitae
3468 2490 3713 2544 modum

2059 2580 2449 2650 admirantur,
2482 2581 2584 2636 sed
2615 2578 2798 2634 divini
2829 2577 3046 2634 amoris
3066 2577 3458 2650 cognitionem
3483 2577 3717 2634 abunde

2060 2670 2132 2725 ab
2155 2686 2220 2725 eo
2242 2667 2779 2724 illustrativirtutis
2799 2666 3029 2722 semina
3053 2666 3325 2722 nutriunt
3357 2683 3369 2722 :
3402 2666 3582 2722 invidi
3605 2684 3716 2722 au-

2057 2763 2199 2826 tem,
2233 2774 2364 2813 cum
2400 2773 2534 2813 eum
2566 2755 3083 2828 inexpugnabilem
3106 2755 3345 2827 quidem
3368 2754 3557 2811 instar
3579 2754 3720 2812 solis

2057 2848 2133 2904 ob
2166 2847 2263 2902 Dei
2297 2862 2582 2910 amorem,
2611 2844 2846 2900 virtutis
2875 2848 3074 2900 autem
3123 2844 3398 2913 operibus
3431 2844 3620 2917 magis
3651 2860 3718 2900 ac

2059 2935 2251 3007 magis
2301 2935 2686 3006 conspicuum
2734 2933 2992 3000 videant,
3041 2933 3195 2988 662
3241 2932 3400 2988 velut
3446 2934 3616 3001 cerei,
3651 2937 3718 2988 ut

2059 3024 2200 3091 dixi,
2232 3027 2289 3079 et
2314 3038 2625 3094 corporum
2677 3020 2879 3076 formis
2927 3025 2985 3075 et
3015 3020 3328 3076 animabus
3377 3021 3602 3076 invidia
3634 3037 3722 3076 re-

2061 3111 2224 3167 fertis
2254 3115 2494 3181 repente
2525 3109 2879 3180 liquescunt.

293 3197 385 3260 λὶς
434 3196 674 3272 καθάπερ
731 3196 921 3266 ἥλιον,
980 3197 1440 3272 λαμπρυνόμενον
1501 3198 1614 3270 (91)
1672 3195 1730 3252 δὲ
1779 3201 1900 3259 τοῖς
1954 3202 2054 3266 τῆς
2095 3197 2290 3270 ἀρετῆς
2337 3194 2515 3272 ἔργοις
2563 3190 2641 3250 ἔτι
2697 3191 2910 3267 μᾶλλον
2961 3195 3216 3268 ὁρῶντες,
3259 3193 3442 3270 ὣσπερ
3470 3198 3708 3270 κήρινοι,

293 3286 428 3360 ὅπερ
488 3283 648 3360 ἔφην,
703 3285 802 3346 τάς
857 3303 918 3340 τε
970 3288 1084 3340 τῶν
1142 3283 1414 3358 σωμάτων
1477 3283 1690 3364 μορφὰς
1745 3285 1888 3357 ὁμοῦ
1950 3283 2041 3339 καὶ
2097 3284 2195 3348 τὰς
2260 3283 2438 3360 ψυχὰς
2504 3287 2602 3338 τοῦ
2662 3281 2865 3358 φθόνου
2919 3282 3192 3358 γεμούσας
3248 3283 3461 3360 ἀθρόως
3520 3282 3716 3356 ἐτάκη-

299 3393 417 3432 σαν.

363 3483 450 3540 49.
487 3479 793 3551 Γαληναίαν
853 3479 945 3537 οὗν
997 3479 1080 3535 δεῖ
1133 3482 1232 3551 τήν
1285 3483 1385 3550 τῆς
1437 3479 1706 3558 παρθένου
1739 3480 1944 3557 ψυχὴν,

2131 3483 2216 3538 49.
2252 3482 2532 3539 Serenum
2582 3497 2720 3555 ergo
2774 3483 2952 3539 decet
2987 3498 3117 3540 esse
3154 3483 3402 3556 virginis
3449 3483 3732 3557 animam,

287 3569 378 3625 καὶ
425 3569 665 3643 καθάπερ
718 3566 778 3625 ἔκ
824 3590 974 3632 τινος
1027 3571 1417 3646 καθαρωτάτης
1471 3572 1653 3644 πηγῆς
1704 3573 1801 3624 τοῦ
1857 3571 1954 3625 νοῦ

285 3663 406 3721 ταῖς
464 3657 630 3722 θείαις
684 3657 916 3724 ἐννοίαις
980 3656 1378 3731 λιμνάζουσαν,
1436 3657 1746 3730 ἀκύμαντον
1793 3656 1952 3727 εἶναι,

296 3749 425 3820 μήθ’
473 3747 577 3802 ὐπὸ
623 3750 732 3802 τῶν
779 3744 971 3817 ἔξωθεν
1019 3744 1089 3802 δι’
1139 3749 1310 3816 ἀκοῆς
1361 3745 1722 3821 βαλλομένων
1771 3744 1950 3822 λόγων

290 3833 727 3908 κυμαινομινην,
779 3836 906 3907 μήθ’
961 3835 1064 3889 ὑπὸ
1115 3840 1223 3890 τῶν
1281 3835 1672 3908 ἰμπιπτουσῶν
1727 3833 1816 3891 διὰ
1852 3841 1954 3907 τῆς

294 3919 470 3998 ὅψεως
552 3926 857 4000 φαντασιῶν
919 3924 1020 3992 τήν
1091 3921 1391 4000 γαληναίαν
1460 3925 1576 3996 (92)
1628 3925 1949 3980 κατάστασιν

297 4013 645 4090 φρίσσουσαν·
697 4009 770 4066 ἵν’
824 4010 899 4074 ὠς
958 4009 1012 4066 ἐν
1070 4013 1438 4088 καθαρωτάτῳ
1493 4013 1816 4089 κατόπτρῳ,
1861 4013 1953 4068 καὶ

293 4103 488 4168 ἑαυτῆς
519 4103 619 4172 τὴν
651 4097 799 4156 ὶδᾶαν
843 4100 933 4156 καὶ
980 4104 1078 4156 τοῦ
1117 4101 1359 4180 νυμφίου
1403 4101 1468 4157 τὸ
1499 4099 1709 4164 κάλλος
1744 4101 1947 4179 ὁρῶσα,

289 4195 389 4246 τοῦ
419 4192 541 4265 περὶ
586 4190 747 4246 αὐτὸν
783 4187 988 4267 ἔρωτος
1034 4192 1407 4268 γνησιώτερον
1458 4190 1792 4268 ἰμφορῆται.
1825 4192 1948 4246 Διό-

291 4299 393 4354 περ
439 4278 502 4334 ού
549 4275 633 4334 δεῖ
680 4275 795 4342 οὔθ’
839 4276 1020 4354 ὶτὲραν
1071 4274 1197 4354 ὄψιν
1229 4283 1310 4352 τῷ
1355 4283 1453 4336 τοῦ
1505 4276 1701 4343 ὕδατος
1754 4279 1952 4336 τούτου

289 4362 584 4443 κατόπτρῳ
637 4364 944 4443 ιγκύπτειν,
995 4365 1088 4424 ἵνα
1149 4369 1224 4442 μὴ
1277 4369 1380 4438 τήν
1429 4373 1777 4445 προϋποῦσαν
1837 4372 1951 4444 (93)

289 4456 602 4514 ἐπισείουσα
632 4454 889 4532 ἀφανίζειν
924 4454 1043 4521 οὔθ’
1071 4455 1176 4513 ὑπὸ
1227 4456 1396 4534 ὀργῆς
1423 4456 1460 4527 ἢ
1511 4455 1692 4530 λύπης
1719 4457 1756 4528 ἢ
1785 4479 1949 4514 τινων

290 4548 486 4624 ἑτέρων
517 4547 704 4602 παθῶν
738 4547 851 4620 (94)
885 4544 1032 4608 ὅλως
1081 4545 1462 4619 κυμαίνεσθαι,
1487 4544 1580 4602 ’ίνα
1631 4547 1708 4622 μὴ
1749 4545 1952 4605 ἄλλοτε

291 4635 524 4700 ἀλλοίας
573 4634 788 4713 μορφὰς
835 4639 916 4708 τῷ
965 4639 1041 4707 νῷ
1100 4636 1214 4710 (95)
1269 4634 1322 4691 ιν
1371 4639 1449 4709 τῷ
1504 4633 1657 4710 σάλῳ
1706 4633 1947 4713 δτικνύῃ·

291 4723 421 4779 ἀλλ’
444 4724 526 4779 ἀεὶ
564 4722 823 4786 ὡσαύτως
871 4725 958 4779 καὶ
1011 4723 1064 4779 ἄν
1116 4727 1184 4799 τῇ
1235 4725 1374 4780 κατὰ
1415 4725 1545 4781 Θεὸν
1595 4729 1742 4802 χαρᾷ
1782 4745 1949 4802 κεχυ-

297 4812 491 4886 μὲνην,
549 4811 855 4884 ἀκύμαντον
911 4813 1005 4886 μὶν
1068 4818 1254 4878 παθῶν
1313 4811 1504 4871 διόλου
1553 4813 1937 4893 φυλάττεσθαι,

297 4900 529 4977 μηδενὸς
558 4899 617 4959 δδ
645 4900 827 4977 ἐτᾶρου
867 4899 1012 4962 ῗδᾶαν
1043 4903 1094 4960 ἐν
1145 4905 1308 4979 ἑαυτῇ
1335 4904 1372 4976 ἢ
1396 4909 1494 4963 τοῦ
1541 4905 1780 4984 νυμφίου
1827 4903 1944 4963 δει-

361 5160 474 5234 (90)
505 5153 826 5236 Ῐᾼπολαύιιι.
857 5159 966 5236 _Sio
986 5233 996 5236 _
1018 5159 1297 5236 plerique,
1313 5169 1540 5224 veteres
1585 5161 1719 5224 libri
1749 5171 1806 5225 et
1835 5167 1946 5226 Ve-

361 5180 474 5234 (W)
521 5180 826 5217 ΑποΛαυει.
874 5180 966 5217 alo
1018 5180 1165 5236 pleri
1213 5180 1284 5221 ue
1313 5180 1408 5222 vet

288 5238 423 5290 neta
454 5233 654 5290 editio.
689 5232 1055 5294 Parisiensis.
1086 5180 1409 5294 anginam.

359 5279 1409 5385 (61ξξᾼᾶρἑῥυζξιῖὲζξζῗὶέξίῖιὶῖἶἶζ’
1428 5313 1684 5385 quatuor
1729 5310 1943 5369 codici-

285 5373 420 5450 bus,
453 5373 994 5450 ἔλλαμπρυνόμενον.

357 5397 420 5445 l8,
453 5397 590 5432 εΛΛα
639 5397 994 5450 πρυνομενον.

357 5449 469 5521 (92)
525 5397 858 5535 regnatam
911 5450 1168 5535 Legitur,
1202 5453 1494 5535 χαληνήν,
1551 5453 1943 5535 in‘omnibus

285 5537 455 5597 mea,
476 5537 592 5597 uno
609 5527 868 5597 excepto,
883 5524 983 5595 qui
998 5523 1262 5597 secunda
1274 5523 1450 5582 manu
1472 5525 1670 5593 habet,
1694 5530 1760 5583 ut
1777 5527 1939 5597 editi,

285 5538 455 5592 ωειλ,
476 5538 592 5578 uno
609 5538 868 5648 excepto,
883 5539 983 5595 qui
1000 5538 1262 5580 secunda
1274 5541 1450 5582 manu
1472 5538 1670 5593 habet,
1694 5538 1760 5583 ut
1777 5538 1938 5597 editi,

281 5591 604 5680 γαλῃναίαν.
643 5594 866 5680 Ihi'em
917 5612 1074 5680 unus
1101 5612 1172 5652 ex
1219 5595 1416 5680 Regiis
1448 5599 1706 5680 secunda
1735 5615 1938 5667 manu,

281 5665 603 5743 κατάστασιν
636 5665 979 5743 φθείρουσαν.
1031 5667 1166 5733 Qua
1200 5665 1508 5743 scriptura
1538 5669 1650 5728 etsi
1681 5665 1940 5743 peream;

281 5738 460 5797 mode
501 5737 916 5811 videtur,‘eam
960 5743 1161 5800 tamen
1195 5737 1259 5800 in
1301 5737 1639 5807 contextum
1679 5737 1940 5816 recipere

2064 3587 2130 3626 ac
2157 3570 2319 3627 velut
2348 3587 2416 3627 ex
2448 3571 2700 3643 quodam
2735 3570 3052 3644 purissimo
3074 3573 3288 3628 mentis
3321 3574 3478 3628 fonte
3504 3573 3737 3652 divinis.

2064 3659 2521 3732 cogitationibus
2570 3665 2964 3733 stagnantem,
2997 3661 3178 3717 fluctu
3220 3678 3464 3734 prorsus
3495 3678 3712 3729 carere,

2062 3766 2254 3822 neque
2283 3749 2356 3804 ab
2401 3749 2680 3816 externis,
2713 3749 2812 3822 qui
2863 3766 2967 3822 per
3013 3767 3212 3806 aurem
3267 3752 3558 3819 feruntur,
3591 3768 3715 3807 ser-

2062 3839 2341 3895 monibus
2360 3837 2662 3911 agitatam,
2683 3854 2873 3910 neque
2894 3838 2966 3894 ab
2991 3838 3384 3896 incidentibus
3405 3856 3508 3912 per
3527 3840 3724 3896 visum

2060 3927 2425 4001 imaginibus
2475 3928 2547 3982 de
2593 3926 2913 3999 tranquillo
2961 3931 3116 3983 statu
3165 3929 3449 3999 dejeotam
3486 3945 3498 3984 :
3532 3929 3616 3984 ita
3658 3933 3724 3984 ut

2060 4015 2221 4073 velut
2243 4016 2303 4072 in
2331 4015 2652 4088 purissimo
2684 4016 2922 4089 speculo
2953 4021 3010 4073 et
3038 4033 3208 4073 suam
3239 4017 3432 4090 ipsius
3463 4018 3718 4090 speciem

2061 4108 2121 4161 et
2150 4105 2351 4177 sponsi
2401 4103 2903 4177 pulchritudinem
2957 4105 3340 4178 perspiciens,
3388 4105 3551 4162 illius
3590 4122 3728 4163 vero

2062 4209 2260 4250 amore
2293 4195 2482 4266 magis
2507 4193 2843 4266 impleatur.
2866 4195 3053 4259 Quare
3077 4211 3192 4250 non
3225 4199 3454 4267 Oportet
3481 4199 3548 4250 ut
3569 4196 3725 4252 alius

2059 4282 2261 4339 vultus
2288 4282 2347 4336 in
2380 4281 2561 4353 hujus
2592 4299 2755 4354 aquae
2787 4282 3093 4355 speculum
3127 4282 3466 4355 prospiciat,
3499 4299 3572 4339 ne
3590 4283 3720 4339 vul-

2061 4375 2187 4426 tum
2213 4373 2338 4443 jam
2357 4371 2440 4426 ibi
2461 4371 2761 4444 depictum
2781 4371 3120 4427 concutiens
3138 4370 3386 4428 abolent.
3411 4371 3613 4445 Neque
3633 4372 3724 4430 ira

2062 4465 2165 4516 aut
2193 4459 2392 4517 dolore
2423 4463 2524 4518 aut
2554 4458 2686 4516 aliis
2736 4460 3281 4531 perturbationibus
3311 4460 3522 4534 agitari
3553 4479 3722 4534 pror-

2063 4565 2168 4606 sus
2195 4549 2390 4620 debet,
2424 4553 2490 4604 ut
2518 4564 2590 4605 ne
2613 4548 2758 4606 alias
2789 4553 2965 4621 atque
2995 4549 3141 4606 alias
3167 4552 3410 4619 formas,
3432 4552 3574 4608 dum
3598 4552 3722 4626 agi-

2059 4641 2246 4707 tatur,
2277 4641 2472 4694 mente
2494 4637 2766 4694 exhibeat
2790 4655 2804 4706 ;
2838 4640 2939 4695 sed
2965 4656 3200 4712 semper
3228 4641 3431 4697 eodem
3455 4643 3632 4698 modo
3658 4659 3723 4700 se

2058 4727 2286 4784 habens
2337 4731 2396 4782 et
2444 4726 2640 4783 divino
2688 4727 2927 4800 perfusa
2973 4729 3212 4800 gaudio,
3262 4730 3445 4787 nullis
3476 4747 3719 4803 prorsus

2057 4816 2567 4891 perturbationum
2602 4815 2879 4874 ﬂuetibus
2911 4820 3184 4891 agitetur,
3218 4835 3325 4875 nec
3355 4819 3532 4875 ullius
3564 4819 3707 4876 alte-

2059 4907 2184 4964 rius
2213 4905 2494 4979 speciem,
2527 4903 2640 4962 nisi
2683 4907 2910 4978 sponsi,
2957 4907 3016 4962 in
3051 4908 3247 4982 seipse
3275 4907 3582 4978 exhibeat;
3635 4909 3720 4968 ita

2057 5179 2241 5241 ausus
2273 5181 2580 5241 non_sum,
2612 5166 2749 5241 quia
2779 5183 2896 5241 non
2943 5167 3088 5226 satis
3119 5181 3336 5241 magna
3368 5165 3717 5223 auctoritate

2056 5239 2284 5304 nititur,
2320 5237 2422 5294 sed
2451 5237 2777 5312 tantumjn
2809 5237 3523 5312 interpretandoﬂsecutus
3553 5255 3712 5312 sum.

2128 5312 2238 5381 (93)
2269 5312 2640 5381 Προϋποῦσαν.
2688 5309 2782 5364 Sic
2817 5309 2985 5367 mss.‘
3016 5330 3114 5369 sex
3146 5317 3204 5368 et
3250 5311 3471 5367 Venela
3511 5311 3711 5367 editio.

2053 5383 2427 5448 Parisiensis,
2458 5383 2812 5454 προενοῦσαν.

2123 5455 2234 5526 (94)
2264 5456 2476 5515 Παθῶν.
2502 5452 2876 5526 Ῥιιι-ἰεὶοιιεὶε
2928 5454 3107 5510 editio
3140 5454 3322 5526 addit,
3368 5454 3540 5524 τινός,
3581 5453 3711 5510 sine

2051 5523 2172 5583 ulla
2203 5541 2444 5598 prorsus
2476 5523 2844 5598 auctoritate.

2124 5596 2235 5681 (95)
2267 5599 2364 5680 Τῷ.
2384 5599 2483 5668 νῷ.
2517 5596 2629 5681 _Sic
2646 5610 2857 5681 ~'mﬁss.‘
2879 5600 3105 5681 septem
3141 5603 3228 5681 et
3258 5598 3472 5681 Yenets
3501 5596 3704 5681 editio.

2047 5665 2549 5742 Parisiensis,v1oii
2576 5669 2697 5724 νοῦ.
2719 5665 2898 5726 Paulo
2930 5665 3063 5740 post
3089 5669 3254 5742 editi,
3277 5665 3560 5724 δεικνύναι.
3593 5668 3705 5725 Sex

2047 5756 2194 5799 mss.
2228 5744 2297 5798 ut
2323 5739 2387 5800 in
2412 5742 2596 5799 textu.
