4124 6374
405 355 521 416 767

1349 353 1746 418 APPENDIX
1791 356 2117 421 OPERUM
2163 361 2229 420 S.
2277 361 2565 427 BABlLlI
2609 363 2887 426 MAGNI.

3733 373 3874 434 768

403 490 469 543 ut
496 485 597 542 ille
646 502 879 558 semper
923 483 1160 576 in_ipsa
1204 485 1501 557 propriam
1551 487 2050 558 pulchritudinem

2178 491 2372 547 ινύναι·
2410 493 2580 567 μόνου
2787 496 2883 567 μὶν
2941 493 3150 552 ἐκείνου
3200 498 3282 553 ἀεὶ
3330 505 3870 576 κατοπτριζομὲνου

407 579 696 647 tanquam
730 575 790 630 in
823 572 1059 647 speculo
1107 573 1433 646 imprimat,
1484 576 1608 633 sola
1641 584 1834 634 autem
1867 579 2064 634 anima

2178 579 2226 634 ἐν
2277 584 2415 656 αὐτῇ
2467 586 2528 639 τὸ
2577 583 2716 639 ἴδιον
2765 583 3000 656 κάλλος,
3050 587 3225 658 μόνης
3274 585 3332 643 δὶ
3359 597 3458 660 τῆς
3498 572 3696 668 ψυχῆς
3748 595 3866 663 τὴν

403 665 659 721 formam
692 665 852 721 illius
900 664 959 718 in
1005 681 1111 719 suo
1141 663 1379 736 speculo
1411 667 1794 738 refulgentem
1826 669 2062 738 habeat,

2171 671 2368 726 τούτου
2419 675 2636 747 μορφὴν
2668 673 2720 728 ἐν
2770 679 2851 747 τῷ
2881 677 2999 730 κατ’
3049 676 3216 746 αὐτὴν
3267 681 3560 756 κατόπτρῳ
3601 681 3866 757 ἐχούσης

403 756 655 827 ejusque
687 755 886 812 formae
933 753 1368 826 pulchritudine
1421 757 1616 811 ornari
1663 757 1819 813 velit.
1873 761 2064 825 Quare

2178 757 2589 834 ἐκλάμπουσαν,
2638 765 2727 819 καὶ
2771 769 2852 837 τῷ
2899 773 3000 835 τῆς
3059 771 3275 845 μορφῆς
3322 753 3489 826 αὐτοῦ
3517 753 3724 827 κάλλει
3759 753 3868 829 κο-

403 845 806 918 pracmuniens
849 843 1008 899 illius
1052 844 1309 900 animam
1342 847 1821 918 sapientissimus
1868 864 2062 903 sermo

398 935 481 992 ait
518 953 531 990 :
562 935 624 990 Si
650 936 882 1006 spiritus
905 938 1230 1006 potestatem
1281 935 1528 991 habentis
1569 937 1872 993 ascenderit
1899 953 2064 1009 super

396 1031 470 1092 te,
507 1024 686 1080 locum
733 1029 895 1078 tuum
943 1039 1013 1078 ne
1051 1023 1332 1080 dimiseris
1352 1024 1396 1059 ³⁸
1428 1041 1441 1080 :
1477 1042 1548 1080 ne
1580 1027 1928 1082 ascendente
1959 1043 2061 1098 po-

394 1113 542 1168 tenti
576 1112 930 1185 cogitatione
962 1113 1154 1186 imago
1184 1113 1400 1184 locum,
1425 1118 1489 1169 ut
1519 1115 1580 1169 in
1608 1115 1865 1188 speculo,
1891 1131 2062 1187 repe-

395 1203 577 1270 riens,
609 1203 787 1259 etiam
821 1203 1056 1258 nemine
1108 1208 1393 1274 praesente
1443 1205 1665 1276 peccati
1709 1206 1933 1277 species
1966 1220 2060 1260 re-

396 1297 731 1365 praasentet.
762 1293 873 1348 Sed
906 1293 1101 1348 omuis
1131 1294 1367 1364 quidem
1399 1293 1586 1364 locus,
1609 1295 1824 1366 inquit,
1850 1295 1910 1350 in
1936 1296 2063 1352 ani-

397 1399 495 1438 ma
525 1383 767 1455 virginis
797 1387 1115 1456 conspectu
1139 1382 1352 1438 Christi
1387 1383 1698 1456 repleatur.
1724 1385 1938 1440 Nullus
1959 1403 2060 1440 au-

389 1479 512 1528 tem
543 1473 788 1529 omnino
818 1471 983 1529 locus
1029 1473 1088 1527 in
1138 1489 1206 1528 ea
1234 1478 1418 1541 vacet,
1451 1490 1567 1544 quo
1599 1475 1924 1531 ascendens
1957 1492 2059 1530 cu-

392 1563 552 1620 riosa
579 1563 858 1635 cogitatio
904 1562 1174 1634 reperiat,
1222 1561 1320 1616 ubi
1353 1578 1421 1618 ea
1451 1579 1580 1633 quae
1630 1581 1740 1619 sua
1771 1569 1930 1631 sunt,
1962 1581 2058 1620 re-

395 1657 732 1725 praesentet.
765 1651 999 1708 Nullius
1019 1652 1220 1723 igitur,
1245 1657 1311 1706 ut
1342 1651 1502 1708 brevi
1533 1652 1746 1720 dicam,
1766 1654 1886 1708 sive
1906 1671 2056 1726 prae-

394 1742 582 1798 sentis
615 1742 736 1798 sive
785 1741 1070 1807 absentis,
1105 1740 1411 1812 speculum
1443 1741 1520 1797 sit
1555 1741 1801 1814 virginis
1831 1743 2055 1810 anima,

2172 857 2424 921 σμεῖσθαι
2470 852 2760 924 θελούσης.
2792 854 2991 929 Διόπερ
3045 856 3484 933 ἀσφαλιζόμενος
3531 861 3708 932 αὐτῆς
3755 867 3868 934 τὴν

2173 941 2360 1016 ψυχὴν
2413 943 2439 996 ὁ
2488 945 2803 1021 σοφώτατος
2861 944 3031 1020 λόγος
3083 947 3270 1024 φησίν.
3323 949 3447 1004 Ἐὰν
3498 956 3725 1026 πνεῦμα
3756 959 3864 1009 τοῦ

2175 1029 2582 1120 ἐξουσιάζοντος
2643 1029 2819 1108 ἀναϐῇ
2869 1033 2957 1089 ἐπὶ
3027 1036 3104 1106 σὲ,
3164 1037 3330 1093 τόπον
3391 1060 3488 1094 σου
3551 1042 3631 1114 μὴ
3681 1043 3858 1120 ἀφῇς·

2168 1116 2317 1195 ’ἱνα-ς
2341 1123 2374 1189 ἡ
2408 1120 2744 1193 ἀνελθυόσης
2776 1131 2877 1193 τῆς
2925 1127 3042 1180 κατ’
3091 1124 3332 1196 ἐξουσίαν
3366 1127 3600 1200 ἐννοίας,
3642 1134 3678 1201 ἡ
3718 1116 3858 1210 φαν-

2171 1210 2333 1266 τασία
2370 1213 2566 1281 τόπον,
2610 1213 2791 1289 ὥσπερ
2836 1215 2886 1268 ἐν
2935 1216 3248 1291 κατόπτρῳ,
3283 1216 3537 1294 εὑροῦσα,
3581 1221 3675 1276 καὶ
3713 1222 3856 1295 μηδ-

2174 1300 2290 1361 ενὸς
2350 1303 2620 1375 παρόντος
2674 1304 2892 1380 ἐμφήνῃ
2955 1311 3057 1373 τῆς
3132 1306 3401 1381 ἁμαρτίας
3469 1308 3538 1363 τὰ
3615 1307 3847 1372 εἷ’δωλα.

2175 1389 2352 1445 Ἀλλά
2376 1398 2479 1452 πᾶς
2515 1393 2608 1464 μὲν
2659 1392 2849 1463 τόπος,
2902 1393 3083 1470 φησὶν,
3133 1394 3185 1449 ἐν
3237 1399 3305 1468 τῇ
3355 1401 3511 1473 ψυχῇ
3563 1406 3663 1469 τῆς
3699 1422 3840 1477 παρ-

2175 1479 2330 1543 θὲνου
2361 1487 2461 1549 τῆς
2493 1477 2670 1554 ὅψεως
2720 1485 2954 1558 Χριστοῦ
3004 1483 3417 1559 πεπληρώσθω.
3451 1485 3664 1558 Μηδεὶς
3696 1487 3754 1545 δὲ
3779 1493 3844 1546 τὸ

2172 1567 2408 1623 σύνολον
2458 1571 2626 1633 τόπος
2681 1570 2733 1625 ἐν
2806 1574 2944 1646 αὑτῇ
3005 1571 3364 1648 σχολαζέτω,
3421 1572 3546 1631 ἔνθα
3605 1575 3851 1634 ἀναϐᾶσα

2171 1659 2468 1734 περίεργος
2498 1655 2673 1714 ἔννοια
2726 1661 2895 1737 εὕροι,
2947 1661 3084 1717 ὅπου
3132 1664 3201 1718 τὰ
3250 1665 3450 1734 ἑαυτῆς
3486 1671 3851 1746 κατοπτρίζε-

2171 1767 2288 1806 ται.
2345 1746 2596 1817 Μηδενὸς
2640 1748 2753 1819 οῦν,
2786 1750 3062 1806 συνελόντι
3097 1754 3282 1829 φάναι,
3321 1755 3398 1826 μὴ
3429 1757 3735 1833 παρόντος,
3769 1763 3849 1833 μή

395 1832 511 1888 nisi
543 1832 735 1888 sancti
765 1831 957 1903 ipsius
976 1831 1180 1903 sponsi
1209 1848 1222 1886 :
1256 1848 1361 1887 nec
1388 1830 1509 1887 ulla
1539 1831 1654 1888 alia
1676 1833 1880 1898 forma,
1907 1850 2058 1904 prae-

2178 1837 2414 1898 ἀπόντος
2459 1839 2748 1913 ἀνθρώπου
2797 1839 3098 1912 κάτοπτρον
3148 1838 3288 1897 ἔστω
3336 1845 3371 1913 ἡ
3572 1830 3853 1924 παρθένου

391 1925 482 1978 ter
510 1922 664 1978 hanc
711 1921 923 1990 solam,
974 1921 1033 1976 in
1066 1937 1134 1977 ea
1183 1921 1622 1993 conspiciatur;
1673 1939 1779 1978 nec
1820 1921 1922 1977 ulli
1956 1921 2058 1978 alii

393 2011 706 2084 speculum
737 2010 947 2066 animai
975 2011 1238 2066 studiose
1266 2011 1548 2083 detergat,
1584 2011 1697 2068 nisi
1727 2028 1969 2082 sponso,
1997 2015 2065 2066 ut

392 2100 453 2156 in
485 2117 553 2157 eo
580 2100 824 2172 propriis
845 2099 1308 2172 pulchritudinis
1331 2100 1586 2171 speciem
1606 2103 2062 2171 repraesentans,

393 2189 627 2246 beatam
676 2189 840 2245 illam
891 2188 1123 2244 efﬁciat.
1176 2190 1322 2245 Nam
1368 2189 1417 2244 si
1449 2189 1580 2259 quis
1629 2189 1970 2257 mortalium
1999 2189 2063 2243 in

395 2278 508 2335 hoc
540 2279 780 2352 speculo
810 2278 1012 2335 oculos
1044 2279 1280 2351 deﬁgat,
1317 2295 1554 2335 necesse
1583 2285 1672 2335 est
1703 2284 1768 2336 ut
1798 2296 1968 2335 mens
1999 2279 2062 2334 in

397 2367 561 2425 illius
619 2370 819 2424 forma:
875 2369 1369 2440 contemplatione
1425 2374 1727 2442 occupata,
1803 2371 2064 2441 priorem

399 2458 606 2530 sponsi
637 2458 884 2514 formam
916 2459 1328 2515 absconditam
1359 2462 1415 2514 et
1443 2458 1774 2515 elabentam
1815 2458 2065 2515 minime

389 2546 518 2617 jam
538 2547 988 2619 contempletur.
1006 2548 1516 2614 Quemadmodum
1533 2552 1731 2605 autem
1751 2547 1852 2619 qui
1871 2549 2066 2605 adhae-

399 2639 487 2691 ret
517 2635 832 2708 meretrici,
887 2655 1071 2693 unum
1121 2624 1336 2709 corpus
1374 2642 1500 2706 est;
1535 2639 1618 2693 ita
1659 2638 1756 2708 qui
1801 2637 2066 2694 adhaaret

399 2724 671 2794 Domino,
698 2743 853 2783 unus
875 2732 966 2784 est
996 2727 1243 2800 spiritus
1274 2744 1408 2782 cum
1440 2727 1540 2783 illo
1560 2727 1626 2795 ³⁷,
1651 2725 1913 2797 corporis
1931 2728 2063 2798 qui-

400 2816 533 2873 dem
566 2818 1110 2890 perturbationibus
1140 2822 1517 2890 expurgatus,
1548 2819 1745 2875 anima
1767 2821 1968 2874 autem
2001 2819 2062 2875 in

399 2902 669 2964 eamdem
702 2907 902 2964 formis
935 2908 1206 2981 signatus
1238 2908 1762 2980 pulchritudinem.

463 3187 551 3242 50.
576 3185 793 3257 'Neque
822 3185 962 3242 dum
993 3185 1285 3258 virginem
1317 3185 1389 3241 ad
1433 3201 1631 3242 veram
1661 3183 2060 3256 virginitatem

2173 1926 2356 2001 ψυχὴ,
2390 1925 2426 1995 ἢ
2455 1931 2552 1981 τοῦ
2581 1928 2739 2002 ἁγίου
2783 1928 2950 1994 αὐτῆς
2995 1931 3259 2004 νυμφίου·
3300 1931 3548 2009 μηδεμία
3600 1935 3659 1993 δὲ
3690 1937 3848 2010 ἄλλη

2177 2018 2368 2092 μορφή
2418 2015 2468 2069 ἐν
2509 2016 2679 2091 ταύτῃ
2731 2016 2965 2090 ὁράσθω,
3015 2017 3050 2088 ἢ
3101 2019 3241 2091 μόνη
3291 2018 3493 2094 ἐκείνη·
3548 2023 3746 2098 μηδννὶ
3790 2026 3854 2084 δὲ

2175 2106 2346 2182 ἑτέρῳ
2378 2106 2439 2159 τὸ
2467 2108 2566 2169 τῆς
2597 2109 2780 2181 ψυχῆς
2828 2103 3090 2183 ἔσοπτρον
3131 2109 3265 2181 αὐτή
3319 2111 3647 2189 φιλοκάλως
3697 2138 3854 2191 σμη-

2175 2193 2349 2270 χὲτω,
2384 2193 2420 2264 ἢ
2453 2193 2590 2249 ὥστε
2620 2194 2816 2250 ἕκεῖνον
2874 2195 3235 2270 ἐλλάμποντα
3273 2201 3455 2275 τούτῳ
3501 2208 3601 2259 τοῦ
3634 2204 3853 2262 οἰκείου

2174 2283 2424 2347 κάλλους
2470 2287 2569 2354 τὴν
2633 2283 2793 2356 ἰδέαν,
2853 2289 3118 2362 μακαρίαν
3177 2290 3348 2360 αὐτὴν
3405 2293 3851 2370 ἀπεργάζεσθαι.

2177 2376 2298 2430 Ἐὰν
2333 2375 2438 2450 γὰρ
2469 2378 2576 2428 τῶν
2621 2376 2830 2445 θνητῶν
2877 2398 2961 2439 τις
3008 2383 3087 2450 τῷ
3131 2379 3425 2456 κατόπτρῳ
3471 2383 3655 2456 τούτῳ
3685 2384 3854 2462 ἐγκύ-

2175 2488 2306 2540 πτῃ,
2340 2465 2545 2540 ἀνάγκη
2583 2465 2700 2538 περὶ
2734 2467 2833 2535 τήν
2881 2466 3002 2522 θὲαν
3031 2469 3129 2536 τῆς
3178 2469 3380 2525 τούτου
3419 2479 3640 2550 μορφῆς
3675 2475 3848 2550 ἀσχο-

2177 2555 2456 2628 λουμένην
2487 2554 2579 2608 τὸν
2628 2558 2776 2622 νοῦν,
2806 2555 2905 2624 τήν
2955 2557 3220 2632 προτέραν
3268 2560 3366 2614 τοῦ
3412 2561 3654 2638 νυμφίου
3704 2583 3847 2639 μορ-

2177 2648 2284 2723 φὴν
2345 2645 2820 2719 ὶπικεκρυμμὲνην
2873 2644 3262 2718 ὑπεξελθοῦσαν
3324 2647 3521 2704 λοιπὸν
3575 2649 3845 2724 μηδαμοῦ

2177 2737 2421 2809 Θεωρεῖν.
2477 2732 2566 2792 Ὠς
2625 2729 2681 2785 δὲ
2735 2733 2762 2786 ὁ
2813 2730 3167 2806 κολλώμενος
3223 2739 3289 2809 τῇ
3350 2736 3524 2813 πόρνῃ
3574 2737 3627 2793 ἔν
3675 2742 3841 2812 σῶμά

2176 2821 2340 2890 ἐστιν,
2376 2819 2550 2883 οὕτως
2585 2821 2612 2876 ὁ
2641 2819 3001 2895 κολλώμενος
3051 2827 3127 2894 τῷ
3176 2824 3354 2896 Κυρίῳ
3385 2825 3438 2879 ἓν
3472 2827 3685 2899 πνεῦμά
3716 2827 3830 2882 ἐστι

2173 2910 2371 2984 τούτῳ,
2420 2911 2487 2965 τὰ
2538 2911 2630 2983 μὶν
2683 2909 2936 2984 σώματος
2981 2911 3119 2981 πάθη
3168 2914 3590 2986 κεκαθαρμᾶνος,
3629 2916 3730 2984 τὴν
3766 2913 3826 2970 δὲ

2174 3003 2359 3076 ψυχήν
2441 2999 2518 3062 εΐς
2591 3001 2654 3056 τὸ
2726 3000 2855 3057 αὐτὸ
2929 3003 3024 3070 τῆς
3093 3007 3304 3075 μορφῆς
3384 3004 3831 3080 σφραγισάμενος

2172 3088 2406 3152 κάλλος.

2245 3184 2336 3239 50.
2370 3179 2474 3237 Καὶ
2507 3178 2638 3256 οὐχὶ
2682 3181 2815 3256 πρὸς
2855 3181 2955 3250 τὴν
3007 3176 3172 3241 ὅντως
3217 3179 3504 3252 παρθενίαν
3558 3181 3661 3249 τὴν
3694 3200 3842 3253 παρ-

395 3275 696 3345 ducimus,
727 3292 796 3331 ex
825 3276 1029 3349 sponsi
1059 3275 1328 3348 exemplo
1359 3274 1684 3348 nuptialem
1716 3273 1768 3329 ei
1799 3273 2056 3346 aliquam

2178 3272 2329 3335 θένον
2381 3245 2692 3344 ἀνάγοντες,
2723 3245 2829 3325 ¹διὰ
2869 3245 2968 3325 τοῦ
3012 3268 3148 3323 κατὰ
3191 3245 3564 3346 τὸν-νυμφίον
3616 3245 3843 3349 ῦποδείτ

397 3366 817 3439 cogitationem
838 3365 1177 3438 injicimus;
1211 3366 1312 3421 sed
1343 3383 1411 3422 ex
1431 3363 1792 3422 matrimonii
1815 3365 2062 3435 conjun-

398 3454 614 3520 ctione,
648 3453 858 3510 animaa
889 3453 1196 3511 rationalis
1217 3471 1353 3510 cum
1372 3455 1486 3512 Deo
1505 3455 1690 3511 Verbo
1707 3453 2066 3524 conjunctio-

400 3559 534 3601 nem
567 3544 865 3616 sapienter
915 3546 1417 3602 demonstramus.
1474 3545 1627 3601 668
1670 3545 2067 3609 Quemadmo-

402 3633 542 3691 dum
555 3634 714 3691 enim
731 3650 975 3707 corpora
989 3652 1092 3708 per
1105 3634 1430 3707 nuptialem
1454 3635 1586 3704 conj
1598 3633 1932 3689 unctionem
1945 3650 2069 3692 eas-

399 3723 534 3780 dem
560 3723 892 3795 voluptates
924 3729 981 3782 et
1010 3725 1490 3796 perturbationes
1521 3728 1580 3779 et
1626 3722 2066 3794 corruptionem

400 3813 778 3885 participant,
812 3830 947 3870 cum
979 3815 1040 3870 in
1086 3813 1387 3886 voluptate
1436 3818 1494 3869 et
1523 3810 2068 3884 perturbationibus

401 3906 457 3959 et
486 3902 836 3960 concubitus
885 3903 1265 3975 corruptione
1313 3921 1418 3975 per
1465 3900 1964 3972 conspirationem
1997 3905 2070 3960 ad

402 3989 512 4048 hoc
562 4007 713 4065 opus
760 3996 1091 4060 versantur,
1126 3993 1208 4048 ita
1258 3997 1314 4050 et
1364 3989 1670 4048 rationalis
1720 3989 1920 4048 anima
1966 4010 2072 4066 per

404 4079 744 4153 sponsalem
793 4099 929 4142 cum
982 4088 1099 4139 Deo
1148 4082 1338 4140 Verbo
1398 4079 1902 4154 conjunctionem,
1955 4083 2068 4139 vir-

308 4211 315 4219 .
402 4171 550 4243 tute,
583 4165 1022 4245 incorruptione
1051 4176 1109 4229 et
1136 4171 1486 4229 vitiosarum
1517 4169 1838 4226 affectuum
1869 4174 2068 4230 vacui-

403 4262 524 4319 tate
556 4262 882 4334 perfruitur
911 4265 972 4320 in
1022 4261 1268 4334 Spiritu,
1318 4265 1386 4318 ut
1416 4260 1527 4317 hac
1565 4259 1856 4318 vacuitate
1887 4267 1944 4320 et
1984 4263 2072 4321 in-

405 4351 783 4424 corruptione
831 4369 937 4425 per
966 4352 1258 4409 sinceram
1290 4350 1392 4406 Dei
1436 4348 1606 4408 Verbi
1649 4349 1709 4406 in
1753 4367 1822 4407 ea
1851 4353 2071 4410 sancti-

404 4441 637 4500 ﬁcanda
686 4444 1185 4518 conspirationem
1240 4461 1390 4516 pura
1431 4442 1661 4500 evadat.
1708 4441 1898 4506 Quare
1923 4445 2067 4518 [eam

405 4546 532 4602 quis
564 4532 794 4591 Christo
843 4553 948 4609 per
992 4533 1349 4610 virginitatis
1379 4533 1835 4608 promissionem
1885 4553 2071 4608 copu-

2172 3383 2380 3439 γματος
2409 3341 2822 3437 γαμικήνντινα
2866 3356 3070 3415 ἔννοιαν
3117 3358 3254 3432 αὐτῇ
3303 3341 3667 3432 ἰμποιοῦμενο
3713 3341 3848 3415 ἀλλ⁹

2175 3452 2280 3506 ἀπὸ
2310 3458 2408 3521 τῆς
2439 3451 2578 3505 κατὰ
2622 3452 2714 3507 τὸν
2757 3453 2932 3529 γάμον
2984 3449 3245 3516 ὲνώσεως,
3276 3449 3379 3516 τὴν
3419 3449 3556 3522 πρὸς
3585 3449 3676 3502 τὸν
3709 3448 3846 3503 Θεὸν

2176 3543 2348 3616 Λόγον
2397 3545 2496 3606 τῆς
2541 3538 2777 3617 λογικῆς
2832 3545 3018 3616 ψυχῆς
3062 3535 3254 3593 ἕνωσιν
3299 3541 3486 3612 σοφῶς
3523 3534 3851 3592 ὑποδείκνυ-

2181 3652 2298 3705 μεν.
2349 3633 2467 3686 Ὅτι
2521 3631 2595 3692 ὡς
2645 3633 2714 3687 τὰ
2773 3631 3002 3704 σώματα
3051 3631 3119 3702 τῇ
3171 3629 3383 3704 γαμικῇ
3424 3627 3683 3698 κοινωνίᾳ
3727 3631 3846 3681 τῶν

2176 3719 2349 3776 αῦτῶν
2384 3717 2595 3791 ἡδονῶν
2629 3723 2720 3776 καὶ
2763 3722 2950 3778 παθῶν
2991 3718 3082 3773 καὶ
3132 3721 3337 3792 φθορᾶς
3378 3721 3649 3784 κοινωνεῖ,
3683 3714 3735 3769 ἐν
3767 3719 3844 3789 τῇ

2176 3808 2351 3884 ἡδονῇ
2382 3809 2472 3866 καὶ
2519 3815 2638 3875 τοῖς
2665 3815 2880 3879 πάθεσι,
2913 3807 3003 3864 καὶ
3045 3809 3114 3880 τῇ
3145 3812 3250 3874 τῆς
3284 3805 3482 3878 μίξεως
3521 3806 3714 3884 φθορᾷ,
3748 3801 3846 3858 διὰ

2175 3907 2276 3971 τῆς
2304 3901 2441 3976 πρρς
2488 3901 2590 3969 τήν
2635 3903 2826 3978 πρᾶξιν
2881 3893 3183 3971 συμπνοίας
3230 3895 3511 3972 γινόμενα·
3562 3892 3702 3948 οὕτω
3745 3891 3848 3948 καὶ

2177 3993 2212 4061 ἡ
2254 3988 2452 4066 λογική
2486 3989 2663 4064 ψυχὴ,
2687 3991 2755 4068 τῇ
2779 3990 2918 4066 πρὸς
2941 3987 3033 4043 τὸν
3068 3985 3196 4040 Θεὸν
3223 3985 3398 4058 Λόγον
3428 3981 3669 4061 νυμφικῇ
3715 4003 3847 4037 κοι-

2178 4079 2367 4150 νωνίᾳ,
2411 4080 2607 4154 ἀρετῆς
2635 4083 2726 4136 καὶ
2777 4074 3078 4156 ἀφθαρσίας
3126 4073 3216 4128 καὶ
3265 4071 3524 4134 ἀπαθείας
3571 4078 3668 4140 τῆς
3698 4071 3847 4141 ἀλη-

2181 4173 2308 4234 θοῦς
2363 4167 2717 4226 ἀπολαύσειεν
2775 4171 2826 4225 ἐν
2885 4163 3178 4237 Πνεύματι·
3227 4159 3320 4216 τίνα
3369 4160 3437 4236 τῇ
3483 4161 3714 4232 ἀπαθείᾳ
3750 4161 3852 4215 καὶ

2177 4257 2246 4332 τῇ
2273 4257 2562 4336 ἀφθαρσίᾳ,
2615 4256 2705 4316 διὰ
2751 4266 2853 4329 τῆς
2895 4255 2954 4311 ἐκ
3002 4253 3098 4308 τοῦ
3150 4256 3284 4308 Θεοῦ
3332 4252 3509 4326 Λόγου
3567 4250 3703 4326 πρὸς
3747 4251 3852 4306 τὸν

2179 4349 2446 4426 ἀγιασμὸν
2529 4347 2695 4406 αὐτοῦ
2769 4342 3135 4419 ἀνυποκρίτου
3212 4339 3516 4414 συμπνοίας
3554 4384 3568 4411 ,
3636 4340 3855 4414 καθαρὰ

2179 4438 2422 4517 γὲνηται.
2458 4438 2550 4494 Διὸ
2580 4441 2679 4509 τὴν
2716 4439 2939 4515 Χριστῷ
2971 4431 3060 4489 διὰ
3087 4437 3188 4502 τῆς
3220 4431 3355 4486 κατὰ
3399 4431 3499 4499 τήν
3550 4427 3850 4517 παρθενίαν

2183 4515 2535 4602 ὃποσχὲσεως
2595 4527 2962 4605 ἁρμοσθεῖσαν
3000 4563 3014 4589 ,
3068 4521 3142 4582 ὡς
3198 4518 3260 4575 ἂν
3319 4517 3480 4590 σοφίᾳ
3543 4518 3632 4573 καὶ
3689 4515 3853 4590 Λόγῳ

405 4617 527 4682 lata
555 4627 670 4694 est,
715 4629 784 4682 ut
823 4605 949 4699 quae
1000 4605 1305 4699 sapientiae
1359 4605 1416 4683 εἰ
1451 4625 1636 4684 Verbo
1689 4605 2064 4698 semetipsam

2181 4617 2377 4686 ἑαυτὴν
2439 4614 2526 4671 διὰ
2591 4618 2714 4694 βίου
2763 4610 3164 4699 νυμφεύουσαν,
3221 4609 3394 4687 σοφὴν
3442 4605 3852 4699 προσήκεικαὶ

407 4725 512 4783 per
538 4717 724 4771 totam
755 4715 946 4773 .'vitam
997 4715 1396 4788 desponderit,
1427 4716 1752 4789 sapientem
1798 4717 2071 4774 convenit

407 4817 474 4859 ac
503 4805 856 4878 prudentem
887 4822 1041 4876 esse,
1081 4804 1165 4861 ita
1195 4809 1260 4860 ut
1289 4804 1484 4862 omnis
1533 4805 1773 4877 quidem
1805 4805 2070 4864 stultitia

406 4897 463 4948 et
491 4892 850 4967 insipientia:
879 4893 1311 4967 turpitudinem
1331 4894 1610 4951 continua
1630 4910 1825 4953 rerum
1851 4896 2072 4952 divina-

404 4995 534 5039 rum
567 4983 951 5041 meditatione
991 4983 1206 5054 ejiciat,
1242 4984 1541 5056 sapientiae
1573 4987 1770 5040 autem
1801 4984 2068 5057 pulchri-

401 5071 628 5141 tudine,
663 5073 759 5130 cui
790 5075 1111 5145 conjuncta
1137 5076 1246 5140 est,
1279 5077 1537 5129 mentem
1558 5077 1817 5130 exornet.
1846 5074 1992 5131 Nam
2018 5076 2066 5131 si

400 5160 494 5214 cui
525 5163 624 5218 alii
657 5164 833 5218 beato
863 5179 994 5220 esse
1026 5162 1343 5233 exoptanti,
1375 5161 1584 5218 Christi
1617 5179 1845 5234 sponsis
1883 5167 2065 5220 maxi-

403 5259 494 5303 me
525 5251 822 5321 convenit,
856 5252 1071 5309 animm
1120 5250 1512 5322 operationes,
1561 5267 1688 5321 quae
1722 5267 1825 5323 per
1854 5269 2066 5312 sensus

405 5331 574 5406 ﬁunt,
607 5358 641 5395 a
673 5339 852 5396 rebus
894 5339 1155 5398 externis
1206 5340 1276 5395 ad
1306 5339 1590 5396 interiora
1637 5342 1873 5398 omnino
1904 5359 2066 5400 revo-

403 5430 658 5497 cantem,
684 5444 822 5484 oum
853 5445 1075 5502 sponso
1095 5430 1154 5484 in
1179 5428 1408 5485 arcanis
1441 5428 1657 5485 mentis
1680 5429 1981 5500 thalamis,
2003 5439 2069 5491 ut

472 5531 515 5566 ³⁸
545 5532 738 5588 Eccle.
770 5549 826 5599 x,
858 5537 910 5590 4.
995 5533 1040 5570 ³⁷
1069 5537 1094 5586 Ι
1124 5536 1249 5590 Cor.
1281 5550 1358 5605 vr,
1394 5535 1479 5606 16,
1510 5534 1598 5590 17.

404 5638 820 5784 ,ἰὲῗϐὲόξίέέρω
847 5643 940 5698 Sic
989 5655 1134 5697 mss.
1166 5644 1223 5698 et
1268 5640 1447 5698 editio
1476 5641 1716 5765 veneta.
1768 5643 2057 5704 Parisien-

2179 4708 2428 4789 ἔμφρονα
2475 4707 2628 4764 εἶναι·
2663 4711 2844 4778 πάσης
2897 4703 2990 4777 μὶν
3045 4696 3271 4776 ἂλογίας
3315 4719 3374 4754 τε
3401 4698 3490 4789 καί
3535 4696 3852 4789 ἀφροσόνης

2175 4785 2241 4860 τῦ
2268 4785 2496 4873 ⁷ιιιῖ¹σχος
2550 4795 2642 4854 διὰ
2698 4796 2965 4872 συνεχοῦς
3009 4795 3110 4859 τῆς
3143 4789 3195 4846 ἐν
3245 4794 3361 4851 τοῖς
3400 4788 3568 4850 θείοις
3605 4785 3852 4862 μελέτης

2178 4887 2582 4963 ἐπιϐάλλουσαν,
2615 4895 2694 4962 τῷ
2725 4887 2783 4945 δὲ
2809 4887 2912 4954 τῆς
2946 4877 3136 4958 σοφίας
3165 4877 3383 4945 κάλλει,
3409 4879 3454 4952 ᾧ
3485 4878 3716 4948 ἥνωται,
3746 4878 3849 4933 τὸν

2175 4985 2303 5041 νοῦν
2355 4981 2763 5051 κοσμουμένην,
2821 4967 3047 5039 Ἐπειδὴ
3109 4967 3162 5024 εἶ’
3212 4991 3318 5025 τινι
3378 4965 3538 5041 ἄλλῳ
3592 4968 3856 5042 μακαρίῳ

2177 5066 2471 5131 σπεύδοντι
2502 5069 2660 5141 εἶναι,
2690 5072 2758 5144 τῇ
2809 5066 2908 5122 τοῦ
2961 5061 3199 5136 Χριστοῦ
3253 5056 3489 5134 μάλιστα
3535 5055 3719 5134 νύμφῃ
3751 5057 3859 5130 ἀρ-

2181 5157 2515 5240 μόττει,τᾶς
2563 5157 2653 5215 διὰ
2679 5164 2786 5216 τῶν
2841 5151 3168 5240 αῗσθῇσεωνλ
3193 5155 3292 5219 τῆς
3339 5149 3526 5240 ψιυχῆς
3573 5145 3858 5240 Δενεργείας

2178 5235 2287 5310 ἀπὸ
2317 5251 2426 5302 τῶν
2459 5242 2655 5320 ἔξωθεν
2714 5247 2802 5304 ἐπὶ
2852 5243 2922 5299 τὰ
2965 5235 3073 5295 ἓσω
3124 5238 3256 5302 ὅλας
3305 5238 3421 5312 (97)
3453 5237 3695 5308 συνήθως
3729 5235 3859 5291 επι-

2177 5338 2506 5416 στρεψασαν,
2553 5342 2633 5412 τῷ
2687 5339 2782 5413 μὶν
2822 5327 3047 5407 νυμφίῳ
3097 5327 3149 5416 ἰν
3200 5325 3720 5416 ἀπορῥήτοιςᾼκατᾶ
3756 5328 3862 5381 τὸν

2176 5412 2306 5492 νοῦν
2340 5430 2591 5498 παστοῖς,
2637 5428 2712 5492 ὡς
2748 5427 2869 5495 Θεῷ
2913 5418 3076 5492 Λόγῳ
3121 5415 3204 5472 ἀεὶ
3261 5413 3502 5491 ὁμιλεῖν,
3551 5413 3605 5472 ἐν
3660 5412 3720 5471 δε
3765 5421 3859 5488 τῷ

2243 5643 2359 5720 (97)
2391 5641 2717 5720 "(iliaca-Sic
2761 5653 2922 5699 unus
2951 5649 3022 5693 ex
3051 5632 3249 5709 Regiis
3285 5633 3592 5697 codicibus
3621 5634 3859 5700 melius

2177 5713 2364 5798 quam
2391 5715 2562 5786 editi,
2587 5713 2714 5776 ὅλα.
