4124 6356
275 354 396 417 τω

1501 343 1738 410 LIBER
1776 342 1882 404 DE
1923 337 2462 404 VIRGINITATE.

3575 336 3696 398 πο

271 484 429 559 νόμῳ
478 484 642 540 αὐτου
702 482 928 556 μελετᾷν
983 481 1196 558 ἡμέρας
1254 479 1345 536 καὶ
1402 477 1615 540 νυκτόςο
1647 473 1736 531 καί
1803 477 1925 536 τοῖς

2054 486 2170 525 3um
2209 470 2321 524 Deo
2352 468 2562 534 Verbo,
2589 482 2823 539 semper
2849 467 3091 538 versari,
3125 471 3181 524 et
3209 467 3270 524 in
3300 469 3430 540 ejus
3461 469 3556 524 die
3585 485 3690 525 no-

277 577 370 651 μὶν
430 577 844 652 νυμφαγωγοῖς,
875 571 1032 645 νόμῳ
1086 591 1164 643 τε,
1226 568 1392 647 φημὶ,
1424 568 1514 624 καὶ
1573 563 1922 640 Εὐαγγελίῳ,

270 667 360 721 καὶ
395 662 448 720 εἷ’
464 685 545 727 τις
568 663 783 726 τούτοις
811 660 922 717 ἐστὶ
959 660 1259 734 σύμπνους,
1289 659 1352 714 τὸ
1395 657 1602 718 κάλλος
1649 659 1745 709 τοῦ
1793 674 1926 724 νυμ-

275 755 401 827 φίου
435 751 886 830 ἐκδιηγουμὲνοις
923 750 1314 830 εὐφραίνεσθαι·
1348 752 1469 809 ταῖς
1502 744 1560 801 δὲ
1603 749 1700 800 τοῦ
1752 743 1926 818 Λόγου

279 844 454 920 ἁγίαις
483 848 590 897 τῶν
626 842 918 914 νοημάτων
969 844 1174 917 γοναῖς,
1210 837 1440 914 λογικὴν
1489 836 1576 890 καὶ
1628 834 1799 911 σοφὴν
1845 830 1924 885 ἀεὶ

275 935 365 990 καὶ
415 932 626 1007 μᾶλλον
678 931 1040 1006 εὑρίσκεσθαι,
1073 930 1235 1004 ἄχρις
1289 926 1348 982 ἂν
1393 929 1459 1000 τῇ
1510 925 1645 1001 πρὸς
1687 925 1786 992 τὴν
1839 941 1928 975 σο-

278 1024 398 1099 φίαν
431 1023 536 1092 ὅλη
571 1020 638 1077 δι’
671 1020 804 1077 ὅλου
831 1021 1043 1090 ἑνώσει,
1075 1019 1130 1074 ἓν
1161 1018 1341 1090 τούτῳ
1384 1018 1430 1089 ᾧ
1458 1013 1792 1084 κεκόλληται
1842 1032 1933 1086 γι-

277 1116 505 1188 νομένη,
539 1113 644 1167 ἀπὸ
680 1111 772 1185 μὲν
809 1112 1050 1188 φθαρτοῦ
1102 1106 1390 1184 ἄφθαρτος,
1424 1106 1528 1161 ἀπὸ
1584 1102 1642 1159 δὲ
1689 1104 1932 1176 ἀμαθοῦς

280 1203 526 1282 ἔμφρων,
558 1223 638 1271 τε,
664 1222 737 1276 φη
751 1199 836 1274 μὶ,
867 1197 956 1254 καὶ
991 1200 1130 1278 σοφή
1160 1199 1234 1260 ὡς
1264 1195 1474 1273 πλευρᾶ
1513 1198 1611 1250 τοῦ
1658 1192 1836 1268 Λόγου

281 1291 586 1362 ἐκολλήθη,
619 1289 708 1345 καὶ
745 1288 1028 1345 συνελόντι
1080 1289 1264 1366 φάναι,
1308 1287 1414 1342 ἀπὸ
1466 1284 1754 1360 ἀνθρώπου
1806 1281 1934 1344 Θεὸς

282 1381 561 1448 ἀθάνατος,
609 1381 681 1442 ὡς
730 1378 936 1441 ἐκεῖνος
987 1377 1032 1450 ᾧ
1090 1377 1319 1446 ἥνωται,
1360 1379 1480 1436 τοῖς
1527 1379 1689 1428 πᾶσιν
1723 1367 1934 1438 ἀναδει-

282 1473 416 1548 χθῇ.
452 1472 539 1532 Ὡς
592 1470 694 1545 γὰρ
746 1470 774 1522 ὁ
819 1466 1050 1545 νυμφίος
1110 1466 1277 1535 αὐτῆς
1333 1462 1648 1520 καταλιπὼν
1709 1459 1936 1548 θρόνους

283 1547 374 1616 καὶ
429 1558 759 1635 κυριότητας
814 1559 952 1612 κατὰ
1019 1557 1080 1610 τὸ
1127 1556 1320 1625 Θνητὸν
1374 1550 1679 1622 ἐκολλήθη,
1733 1547 1824 1604 ’ίνα
1881 1547 1933 1603 ἐν

281 1650 417 1724 αὐτῇ
448 1647 584 1704 κατὰ
635 1646 971 1720 συμπάθειαν
1022 1644 1286 1721 γεγονὼς,
1319 1643 1395 1706 εἷς
1454 1643 1715 1696 ἀπάθειαν
1772 1639 1937 1706 αὐτὴν

279 1742 379 1810 τὴν
421 1740 613 1794 ἑαυτοῦ
661 1731 960 1811 μεταϐάλῃο
1012 1733 1157 1790 οὕτω
1196 1734 1285 1788 καὶ
1343 1731 1477 1802 αὕτη
1522 1730 1601 1804 τῷ
1651 1729 1720 1784 δι’
1772 1728 1938 1796 αὐτὴν

2035 565 2252 631 ctuque
2281 557 2407 629 lege
2464 556 2759 626 meditari,
2790 559 2848 612 et
2890 556 3197 628 pronubis,
3230 556 3419 630 legem
3476 558 3606 614 dico
3639 563 3697 614 et

2037 647 2417 720 Evangelium
2462 650 2520 701 et
2571 645 2621 700 si
2669 645 2804 716 quis
2854 645 3007 702 alius
3056 663 3191 702 cum
3242 647 3327 703 eis
3375 647 3698 718 consentit,

2038 737 2540 811 pulchritudinem
2589 734 2794 807 sponsi
2845 735 3262 792 enarrantibus
3296 736 3600 804 delectari,
3637 753 3706 792 ac

2040 828 2261 884 sanctis
2309 825 2484 881 Verbi
2533 825 2952 897 cogitationum
3003 825 3217 880 fetibus
3255 826 3603 882 rationalem
3636 843 3704 882 ac

2041 917 2368 989 sapientem
2392 931 2625 987 semper
2646 915 2835 988 magis
2866 915 3173 986 magisque
3205 915 3452 971 inveniri
3477 935 3491 984 ;
3518 917 3702 972 donec

2043 1012 2224 1063 totam
2259 1023 2321 1061 se
2352 1021 2486 1060 cum
2511 1008 2633 1060 tota
2662 1004 2950 1076 sapientia
2979 1006 3568 1076 conjungens,unum
3602 1006 3708 1060 ﬁat

2043 1113 2177 1153 cum
2207 1112 2273 1152 eo
2319 1095 2415 1163 cui
2447 1094 2725 1162 adhaeret,
2755 1097 2932 1165 atque
2981 1110 3047 1149 ex
3088 1094 3457 1166 corruptibili
3510 1095 3707 1150 incor-

2045 1184 2368 1257 ruptibilis,
2416 1201 2484 1240 ex
2534 1183 2807 1255 imperita
2861 1183 3145 1255 prudens,
3198 1184 3468 1255 inquam,
3500 1200 3567 1238 ac
3612 1200 3708 1239 sa-

2045 1273 2422 1348 piensrvelut
2447 1278 2610 1329 costa
2646 1273 2818 1328 Verbi
2843 1273 2937 1328 cui
2959 1273 3239 1341 adhaeret,
3272 1290 3338 1328 ac
3361 1289 3477 1329 uno
3507 1273 3708 1340 verbo,

2043 1382 2111 1420 ex
2129 1364 2368 1420 homine
2394 1361 2935 1433 Deusimmortalis,
2961 1367 3248 1434 tanquam
3274 1361 3372 1418 ille
3396 1363 3490 1418 cui
3513 1361 3710 1418 adhae-

2045 1459 2152 1523 ret,
2187 1453 2465 1510 omnibus
2514 1452 2802 1508 videatur.
2837 1452 2962 1508 Non
3008 1452 3514 1525 quemadmodum
3546 1451 3709 1508 illius

2046 1560 2324 1616 sponsus,
2357 1542 2577 1598 relictis
2618 1541 2849 1597 thronis
2879 1545 2937 1598 et
2985 1541 3515 1612 dominationibus,
3547 1540 3712 1598 illius

2051 1633 2389 1689 mortalitati
2421 1631 2830 1704 agglutinatus
2861 1634 2973 1700 est,
3007 1635 3073 1686 ut
3102 1647 3289 1686 unum
3321 1647 3458 1686 cum
3487 1629 3590 1685 illa
3606 1647 3714 1703 per

2048 1723 2364 1778 affectuum
2400 1721 2739 1777 societatem
2773 1721 2986 1789 factus,
3020 1737 3148 1776 eam
3194 1723 3622 1776 transmutaret
3651 1720 3711 1776 in

283 1810 711 1900 ἀπεκδυσαμὲνιρ
763 1825 858 1888 τὰς
919 1825 1095 1899 ἀρχὰς
1155 1824 1246 1878 καὶ
1304 1821 1567 1895 ἐξουσίας,
1599 1819 1689 1874 καὶ
1749 1817 1936 1872 ἑαυτὸν

2054 1828 2218 1869 suam
2247 1811 2438 1884 ipsius
2463 1810 2779 1867 aﬂ‘ectuum
2802 1810 3154 1866 vacuitatem
3182 1828 3195 1879 ;
3233 1810 3315 1865 ita
3334 1815 3390 1866 et
3419 1810 3549 1882 ipsa
3583 1810 3714 1881 ejus

286 1919 390 1972 ἀπὸ
449 1923 664 1993 μορφῆς
716 1919 850 1970 Θεοῦ
901 1913 977 1975 εἷς
1033 1913 1247 1989 μορφὴν
1301 1909 1504 1966 δούλου
1565 1907 1652 1963 διὰ
1707 1907 1770 1963 τὸ
1819 1906 1942 1980 περὶ

290 2008 391 2076 τήν
440 2006 660 2080 νύμφην
721 2002 950 2082 φίλτρον
1008 2002 1324 2070 κενώσαντι,
1381 1999 1517 2054 κατὰ
1563 1999 1624 2052 τὸ
1684 1998 1944 2053 ἀθάνατον

293 2093 667 2164 κεκολλῆσθαι
697 2091 926 2171 ὀφείλει,
954 2090 1046 2146 ’ἱνα
1075 2091 1165 2145 καὶ
1206 2090 1281 2153 εἷς
1328 2091 1421 2144 τὸν
1464 2088 1710 2164 οὐράνιον
1743 2087 1943 2141 παστὸν

293 2184 440 2256 αύτῷ
493 2184 630 2258 πρὸς
687 2183 778 2238 τὸν
856 2181 1066 2256 Ηατέρα
1150 2179 1355 2234 ἀνιόντι
1422 2176 1740 2250 συνανὲλθῃ.
1798 2177 1945 2231 Ἀντὶ

290 2273 486 2328 τούτου
545 2273 672 2346 γὰρ,
728 2271 883 2349 φησὶ,
940 2268 1253 2343 καταλείψει
1336 2266 1618 2342 ἅνθρωπος
1688 2267 1778 2320 τὸν
1841 2260 1943 2320 πα-

288 2362 418 2438 τέρα
488 2361 652 2416 αὐτοῦ
727 2363 818 2416 καί
892 2361 990 2430 τὴν
1072 2360 1301 2434 μητέρα,
1354 2357 1444 2413 καὶ
1512 2353 1947 2432 προσκολληθή-

292 2472 436 2506 σεται
494 2454 562 2524 τῇ
622 2449 839 2524 γυναικὶ
915 2449 1116 2517 αὐτοῦ,
1179 2447 1268 2502 καὶ
1336 2444 1546 2502 ἔσονται
1604 2446 1657 2500 οἱ
1715 2443 1810 2499 δύο
1871 2443 1948 2506 εἷς

296 2540 467 2616 σάρκα
514 2539 661 2613 μίαν.
694 2541 866 2613 ’Ὀπερ
925 2537 1239 2613 ἑρμηνεύων
1297 2538 1324 2591 ὁ
1375 2536 1450 2600 εἰς
1504 2534 1796 2613 ἀφθαρσίαν
1860 2533 1947 2588 ἐπὶ

291 2629 450 2700 καλῷ
505 2626 1056 2702 προμνηστευόμενος
1114 2627 1330 2702 Χριστῴ
1385 2627 1486 2694 τήν
1516 2623 1754 2702 νύμφην,
1789 2623 1943 2700 φησί·

292 2718 362 2772 Τὸ
423 2718 722 2792 μυστήριον
781 2719 941 2770 τοῦτο
1003 2715 1143 2789 μέγα
1201 2713 1348 2769 ἐστί·
1385 2711 1528 2788 λέγω
1588 2711 1645 2767 δὲ
1697 2712 1772 2774 εἷς
1817 2719 1947 2786 Χρι-

297 2806 418 2860 στὸν
477 2806 568 2860 καὶ
627 2805 704 2867 εἰς
756 2806 853 2874 τὴν
908 2803 1256 2874 Ἐκκλησίαν.
1303 2804 1383 2860 Οὐ
1432 2802 1536 2877 γὰρ
1579 2800 1946 2872 κατελήλυθεν

298 2895 326 2949 ὁ
383 2894 636 2969 Χριστὸς,
690 2891 782 2948 ’ίνα
838 2890 1278 2962 προσκολληθεὶς
1332 2894 1400 2965 τῇ
1471 2890 1655 2969 νύμφῃ
1715 2890 1792 2954 εἰς
1845 2897 1946 2966 γῆν

297 2982 548 3056 ἀπομίνη
603 2985 736 3055 (98)°
779 2981 905 3038 ἀλλ’
947 2979 1038 3036 ’ίνα
1089 2975 1422 3057 παραλαϐὼν
1477 2982 1568 3035 καὶ
1629 2975 1951 3052 μεταϐαλὼν

300 3071 488 3142 αὐτὴν,
525 3071 584 3126 ἑκ
638 3078 749 3147 γῆς,
783 3073 863 3132 εἱς
914 3069 1176 3146 οὐρανοὺς
1228 3069 1492 3144 ἀναγάγῃ.
1533 3068 1630 3122 Καὶ
1661 3071 1694 3136 ἡ
1729 3070 1949 3142 Χριστῷ

296 3163 681 3234 νυμφευθεῖσα,
717 3159 847 3234 οὐχὶ
877 3159 1130 3228 Ἰωάννην
1169 3155 1285 3233 ἔχει
1335 3157 1472 3232 αὐτῇ
1519 3158 1654 3233 πρὸς
1704 3157 1769 3211 τὰ
1809 3177 1944 3228 νυμ-

2056 1899 2510 1966 immortalitati,
2544 1899 2644 1971 qui
2679 1903 2918 1970 propter
2948 1897 3110 1954 illam
3144 1899 3303 1954 exuit
3345 1899 3714 1970 principatus

2056 1995 2113 2047 et
2141 1994 2478 2062 potestates,
2511 1993 2566 2044 et
2595 1987 2979 2059 semetipsum
3014 2005 3082 2043 ex
3114 1989 3301 2044 forma
3349 1988 3452 2044 Dei
3491 1989 3563 2044 ad
3596 1988 3714 2044 for-

2057 2097 2214 2136 mam
2248 2079 2397 2135 servi
2430 2080 2502 2134 ob
2534 2093 2794 2134 amorem
2825 2094 3054 2149 sponsae
3087 2077 3406 2134 exinanivit
3434 2077 3714 2146 3",adhe-

2057 2185 2183 2225 rere
2203 2169 2392 2238 debet,
2427 2171 2573 2223 utet
2602 2168 2662 2222 in
2694 2166 2984 2222 scelestam
3020 2166 3349 2222 thalamum
3383 2170 3516 2222 cum
3538 2183 3606 2222 eo
3637 2167 3712 2222 ad

2059 2259 2284 2314 Patrem
2345 2257 2695 2313 ascendente
2752 2255 2930 2312 simul
2990 2257 3288 2312 ascendat.
3331 2258 3562 2328 Propter
3617 2256 3716 2312 hoc

2058 2351 2226 2415 enim,
2260 2347 2474 2418 inquit,
2510 2347 2784 2417 relinquet
2814 2346 2978 2402 homo
3019 2354 3235 2418 patrem
3281 2362 3446 2401 suum
3488 2349 3542 2400 et
3587 2362 3710 2400 ma-

2057 2445 2214 2507 trem,
2245 2443 2298 2492 et
2323 2435 2636 2492 adhaerebit
2665 2437 2833 2491 uxori
2858 2450 2999 2505 suae,
3013 2443 3284 2507 eruntque
3314 2435 3423 2492 duo
3453 2437 3515 2490 in
3543 2451 3715 2490 carne

2056 2543 2172 2582 una
2201 2526 2266 2582 3°.
2302 2526 2464 2591 Quod
2518 2525 2757 2597 quidem
2807 2509 3201 2597 interpretans
3254 2525 3325 2593 is,
3363 2525 3466 2596 qui
3517 2526 3589 2581 ad
3621 2525 3711 2580 in-

2058 2614 2496 2688 corruptionem
2554 2614 2788 2670 virtutis
2867 2631 3046 2670 causa
3100 2615 3426 2686 despondet
3479 2613 3713 2671 Christo

2059 2721 2360 2778 sponsam,
2415 2704 2541 2760 ait:
2579 2705 2918 2775 Mysterium
2973 2705 3072 2760 hoc
3126 2720 3386 2776 magnum
3437 2711 3514 2760 est
3542 2721 3564 2759 ,ο
3593 2703 3711 2760 dico

2057 2802 2247 2852 autem
2278 2797 2340 2851 in
2371 2794 2650 2850 Christum
2680 2801 2730 2849 θι
2758 2795 2816 2849 in
2846 2793 3148 2850 Ecclesiam
3176 2795 3238 2848 ‘0.
3273 2791 3398 2850 Non
3429 2794 3585 2849 enim
3621 2793 3718 2849 de-

2058 2884 2288 2941 scendit
2314 2883 2598 2951 Christus,
2632 2887 2696 2938 ut
2725 2883 3075 2954 conjunctus
3105 2899 3240 2938 cum
3273 2899 3492 2954 sponsa
3522 2898 3718 2938 mane-

2059 2979 2147 3029 ret
2175 2975 2236 3029 in
2267 2977 2445 3038 terra,
2473 2973 2576 3027 sed
2608 2975 2673 3026 ut
2702 2987 3014 3027 assumens
3060 2975 3117 3027 et
3144 2976 3553 3028 transmutans
3584 2988 3713 3028 eam

2060 3080 2090 3119 e
2112 3062 2285 3118 terris
2312 3061 2369 3115 in
2392 3059 2568 3117 ccslos
2591 3060 2914 3116 reduceret.
2949 3061 3019 3116 Et
3040 3077 3166 3133 quas
3196 3060 3427 3117 Christo
3459 3061 3716 3133 despon-

2061 3156 2192 3206 sata
2219 3154 2329 3218 est,
2363 3165 2479 3205 non
2533 3153 2821 3204 Joannem
2855 3148 3046 3204 solum
3076 3149 3254 3206 habet
3287 3149 3399 3205 sibi
3431 3150 3500 3204 ad
3537 3166 3716 3222 spon-

296 3225 432 3326 φικόι
481 3225 686 3323 λουτρά
733 3225 896 3321 μόνον
950 3225 1415 3323 ὑπηρετοῖμενον,
1447 3225 1593 3301 άλλᾶ
1640 3245 1729 3300 καὶ
1789 3225 1941 3321 ἆγγὲ-

2057 3239 2208 3298 salia
2236 3239 2467 3295 lavacra
2498 3239 2954 3305 ministrantem,
2976 3239 3077 3294 sed
3108 3239 3286 3294 etiam
3321 3238 3560 3311 angelos
3590 3239 3712 3311 epi-

298 3336 432 3401 λους
487 3336 709 3410 ἀνιούσῃ
765 3334 840 3397 εἷς
889 3336 988 3404 τήν
1034 3339 1131 3390 τοῦ
1183 3336 1389 3410 Πατρὸς
1436 3334 1612 3389 ἑστίαν
1639 3335 1729 3389 τὸν
1765 3335 1949 3398 ἐπιθα-

297 3426 498 3499 λάμιον
529 3423 774 3496 ᾅδοντας.
806 3427 1084 3502 ’Ἄφθορος
1116 3423 1205 3478 οὖν
1241 3425 1304 3478 ού
1334 3429 1402 3497 τῇ
1436 3424 1569 3499 πρὸς
1598 3425 1688 3478 τὸν
1740 3420 1944 3502 ἄφθαρ-

290 3536 384 3572 τον
417 3517 595 3592 Λόγον
627 3515 812 3569 ἒνώσει
843 3515 878 3584 ἡ
910 3514 1175 3589 παρθένος
1215 3515 1364 3585 μὲνει
1422 3514 1609 3586 μόνον,
1663 3511 1807 3568 ἀλλὰ
1853 3513 1944 3568 καὶ

294 3607 429 3677 μετὰ
457 3607 556 3676 τὴν
585 3599 774 3659 ἕνωσιν
809 3604 1038 3678 γίνεται.
1074 3602 1151 3659 Οὐ
1182 3603 1282 3679 γὰρ
1316 3603 1389 3664 ὡς
1440 3603 1467 3657 ὁ
1515 3606 1623 3657 τῶν
1674 3603 1942 3675 σωμάτων

287 3695 523 3770 νυμφίος
579 3695 678 3762 τὴν
732 3690 965 3770 ἄφθορον
1013 3693 1280 3767 παρθένον
1326 3694 1394 3764 τῇ
1443 3691 1736 3770 νυμφεύσει
1797 3691 1944 3770 φθεί-

299 3805 405 3859 ρων
465 3786 696 3857 γυναῖκα
746 3786 914 3835 ποιεῖ·
949 3779 1091 3835 οὕτω
1142 3782 1233 3836 καὶ
1291 3783 1319 3836 ὁ
1371 3785 1478 3835 τῶν
1536 3785 1731 3857 ψυχῶν
1783 3784 1942 3854 ἡμῶν

296 3870 529 3948 νυμφίος
579 3871 678 3939 τήν
740 3866 978 3947 ἄφθορον
1009 3870 1192 3944 ψυχὴν
1227 3874 1296 3942 τῇ
1329 3871 1466 3945 πρὸς
1497 3870 1654 3924 αὐτὸν
1689 3870 1948 3943 κοινωνίᾳ

297 3958 529 4036 φθείρων
617 3957 965 4036 νυμφεύεται.
1030 3954 1187 4011 Ἀλλ’
1247 3957 1587 4036 ἐφθαρμένην
1675 3956 1763 4013 διὰ
1837 3963 1944 4013 τῶν

293 4053 566 4125 σαρκικῶν
596 4045 810 4117 ἡδονῶν
843 4047 989 4123 παρὰ
1041 4043 1303 4102 διαϐόλου
1352 4042 1557 4118 λαϐὼν,
1583 4047 1671 4101 καὶ
1720 4052 1949 4121 γυναῖκα

289 4138 458 4194 αὐτοῦ
516 4135 603 4193 διὰ
650 4144 751 4207 τῆς
804 4138 1014 4212 φθορᾶς
1077 4140 1261 4197 κακῶς
1309 4134 1634 4211 γενομένην,
1685 4139 1751 4209 τῇ
1809 4136 1945 4212 πρὸς

289 4229 450 4284 αὐτὸν
483 4225 744 4298 κοινωνίᾳ
775 4223 1009 4303 ἄφθορον
1053 4225 1113 4280 ἐκ
1161 4226 1418 4300 γυναικὸς
1462 4226 1726 4301 παρθὲνον
1775 4231 1944 4283 ποιεῖ.

289 4317 504 4388 Ταύτην
563 4316 666 4392 γὰρ
723 4316 823 4384 τὴν
887 4315 1150 4388 μυστικὴν
1211 4313 1605 4390 νυμφαγωγίαν
1656 4317 1805 4389 ἡμᾶς
1856 4316 1945 4372 καὶ

290 4404 380 4462 διὰ
407 4410 504 4462 τοῦ
533 4407 819 4483 προφήτου
851 4401 1146 4476 παιδεύων,
1180 4405 1316 4480 πρὸς
1347 4406 1445 4472 τὴν
1497 4405 1687 4459 ἑαυτοῦ
1732 4405 1944 4484 νύμφην

285 4495 470 4575 φησίν.
531 4494 648 4552 Ούκ
705 4495 778 4556 ὡς
830 4491 974 4548 οἶκόν
1031 4493 1148 4567 (99)
1196 4513 1262 4566 με
1302 4493 1560 4556 ἐκάλεσας
1599 4495 1690 4548 καὶ
1741 4494 1946 4570 πατέρα

2054 3329 2404 3388 thalamium
2440 3328 2498 3384 in
2532 3328 2720 3384 Patris
2760 3329 3004 3384 domum
3036 3329 3376 3384 ascendenti
3409 3332 3711 3385 canentes.

2055 3423 2401 3491 Incorrupta
2429 3418 2608 3490 igitur
2638 3435 2753 3473 non
2786 3417 2977 3474 solum
3021 3419 3180 3489 virgo
3213 3422 3536 3489 permanet,
3568 3419 3712 3473 dum

2055 3509 2438 3582 conjungitur
2485 3524 2620 3563 cum
2668 3506 3102 3578 incorruptibili
3132 3507 3343 3577 Verbo,
3376 3507 3478 3562 sed
3529 3507 3710 3564 etiam

2056 3602 2367 3672 postquam
2398 3597 2711 3668 conjuncta
2740 3596 2978 3652 est.Non
3012 3596 3711 3668 enim,quemadmodum

2057 3703 2368 3759 corporum
2400 3703 2654 3758 sponsus
2685 3686 3086 3758 incorruptam
3125 3686 3411 3759 virginem
3443 3687 3713 3756 conjugio

2057 3793 2464 3848 corrumpens,
2498 3775 2803 3831 mulierem
2837 3776 2974 3830 fecit
3007 3793 3018 3830 :
3045 3776 3126 3831 ita
3155 3781 3214 3831 et
3237 3776 3570 3832 animarum
3605 3793 3714 3832 no-

2057 3874 2315 3923 strarum
2339 3864 3174 3936 664sponsusincorruptam
3191 3866 3711 3938 virginem,secum

2056 3956 2466 4028 conjungendo
2507 3971 2911 4027 corrumpens,
2946 3956 3278 4027 desponsat.
3317 3955 3429 4010 Sed
3461 3953 3715 4011 carnali—
3807 3949 3827 3966 °

2056 4049 2168 4102 bus
2219 4043 2681 4115 voluptatibusa
2725 4043 2956 4100 diabolo
3009 4048 3347 4116 corruptam
3398 4044 3714 4116 accipiens,

2057 4138 2304 4208 ejusque
2352 4151 2591 4190 uxorem
2626 4150 2800 4204 prave
2849 4134 3064 4189 factam
3099 4150 3203 4206 per
3249 4134 3712 4206 corruptionem,

2058 4241 2259 4282 secum
2293 4223 2707 4296 conjungendo
2739 4224 3142 4294 incorruptam
3175 4239 3242 4279 ex
3269 4223 3517 4279 muliere
3546 4222 3718 4296 virgi-

2058 4331 2192 4370 nem
2223 4313 2380 4369 facit.
2415 4316 2547 4367 Haac
2576 4311 2732 4368 enim
2767 4312 3020 4384 mystica
3067 4311 3367 4384 sponsalia
3396 4328 3503 4367 nos
3535 4312 3713 4368 etiam

2058 4422 2158 4476 per
2186 4402 2534 4477 prophetam
2584 4403 2858 4473 edocens,
2891 4403 2964 4457 ad
2997 4418 3169 4457 suam
3211 4401 3401 4474 ipsius
3431 4417 3712 4474 sponsam

2057 4495 2138 4550 ait
2173 4510 2186 4548 :
2221 4495 2408 4550 Nonne
2439 4496 2501 4548 ut
2547 4492 2767 4548 domum
2796 4509 2883 4547 me
2931 4493 3156 4560 vocasti,
3189 4500 3240 4549 et
3264 4498 3489 4564 patrem
3524 4497 3578 4550 et
3607 4493 3716 4548 du-

283 4587 374 4640 καὶ
434 4585 679 4660 ἀρχηγὸν
737 4589 839 4653 τῆς
896 4581 1188 4656 παρθενίας
1246 4603 1386 4652 σου;
1431 4583 1571 4638 Ὠσεὶ
1631 4582 1803 4658 ἔλεγε,
1853 4585 1941 4639 καὶ

2055 4602 2170 4640 cem
2217 4583 2564 4652 virginitatis
2611 4590 2718 4637 tuae
2749 4582 2790 4616 ⁴¹
2821 4580 2848 4635 ?
2880 4581 3056 4647 Quasi
3107 4582 3346 4649 diceret,
3395 4586 3458 4638 ut
3507 4583 3714 4638 ducem

293 4675 539 4750 ἀρχηγὸν
589 4680 691 4742 τῆς
741 4671 1005 4750 άφθορίας
1054 4693 1172 4731 σου.
1199 4672 1288 4733 Ὠς
1318 4671 1417 4746 γὰρ
1462 4671 1710 4748 ἀρχηγός
1754 4693 1814 4727 τε
1855 4675 1943 4728 καὶ

294 4759 480 4836 ἄρχων
507 4767 610 4829 τῆς
639 4761 776 4816 κατὰ
797 4763 896 4831 τὴν
946 4762 1189 4837 γαμετὴν
1237 4763 1440 4838 φθορὰς
1490 4761 1517 4816 ὃ
1567 4762 1726 4837 ἀνὴρ,
1758 4761 1948 4838 κύριος

294 4849 461 4920 αὐτῆς
521 4847 610 4904 διὰ
665 4851 859 4905 τούτου
910 4852 1195 4924 γινόμενος
1253 4849 1424 4912 οὕτως
1466 4851 1716 4927 ἀρχηγός
1768 4873 1826 4906 τε
1857 4853 1946 4906 καὶ

294 4937 480 5014 ἄρχων
507 4945 607 5009 τῆς
654 4939 878 4993 ὲκάστυυ
931 4942 1090 5012 ἡμῶν
1141 4940 1402 5018 ἀφθορίας
1458 4939 1600 4995 ἐστὶν
1642 4941 1669 4994 ὁ
1728 4939 1946 5017 Κύριος,

291 5026 382 5084 διὰ
410 5035 508 5100 τῆς
538 5028 802 5107 ἀφθορίας
827 5049 886 5085 τε
917 5028 1114 5104 Κύριος
1143 5032 1302 5102 ἡμῶν
1335 5029 1425 5085 καὶ
1453 5030 1552 5099 τὴν
1581 5029 1760 5106 ἀρχὴν
1815 5031 1945 5086 ἀνα-

291 5117 559 5192 δούμενος
736 5119 794 5174 ὃν
847 5119 937 5174 καὶ
991 5118 1138 5172 οἶκον
1190 5117 1271 5173 δεῖ
1317 5126 1418 5190 τῆς
1471 5119 1731 5197 ἀφθορίας
1781 5120 1943 5194 ἡμῶν

285 5207 659 5284 ἐπιγινώσκειν
709 5206 758 5263 ἐν
811 5207 959 5280 αύτῷ
1013 5207 1268 5280 μένοντας
1315 5208 1403 5263 καὶ
1458 5209 1770 5280 οἰκοῦντας,
1804 5207 1944 5264 διοτι

2062 4671 2525 4744 incorruptionis
2579 4675 2710 4726 tuas.
2743 4671 3256 4737 Quemadmodum
3309 4671 3466 4727 enim
3518 4672 3635 4727 dux
3664 4676 3722 4727 et

2059 4763 2330 4836 princeps
2360 4759 2534 4817 illatas
2558 4760 2721 4816 uxori
2755 4761 3148 4833 corruptionis
3179 4763 3269 4817 vir
3298 4766 3407 4828 est,
3441 4761 3715 4818 dominus

2055 4852 2217 4908 illius
2243 4852 2317 4906 ob
2342 4867 2470 4907 eam
2494 4865 2616 4905 rem
2641 4851 2831 4907 factus
2859 4877 2872 4919 ;
2899 4850 2982 4906 ita
3002 4852 3120 4907 dux
3138 4856 3194 4907 et
3216 4852 3487 4923 princeps
3514 4849 3714 4906 unius~

2057 4943 2346 5014 cujusque
2411 4944 2680 4996 nostrum
2739 4940 3202 5013 incorruptionis
3259 4939 3544 4995 Dominus
3601 4943 3709 4995 est.

2055 5032 2204 5088 Nam
2241 5047 2343 5103 per
2387 5029 2886 5102 incorruptionem
2941 5035 3141 5087 noster
3189 5028 3474 5085 Dominus
3524 5032 3616 5084 est
3646 5045 3713 5084 ac

2057 5121 2391 5194 principatu
2423 5119 2735 5176 redimitur
2768 5136 2779 5174 :
2815 5136 2986 5192 quem
3022 5119 3200 5176 etiam
3247 5122 3315 5174 ut
3346 5119 3590 5175 domum
3622 5119 3714 5175 in-

2055 5209 2452 5283 corruptionis
2507 5213 2721 5266 nostras
2768 5209 3050 5266 debemus
3095 5224 3428 5280 agnoscere,
3473 5208 3535 5264 in
3583 5207 3714 5282 ipso

353 5373 398 5410 ³⁸
429 5370 686 5444 Philipp.
720 5388 782 5444 ιι,
809 5373 865 5439 6,
895 5372 952 5428 7.
1028 5373 1074 5408 3°
1103 5371 1244 5429 Gen.
1280 5389 1342 5445 ιι,
1371 5373 1461 5428 24.
1538 5373 1584 5408 ιο
1613 5373 1825 5446 Ephes.
1856 5391 1912 5448 v,

2110 5375 2153 5411 ιι
2184 5373 2402 5430 Jerem.
2439 5388 2521 5436 In,
2555 5371 2608 5426 4.

355 5551 468 5626 (οε)
497 5549 794 5626 (Απομὲν-η.
828 5550 1117 5626 Nonnulli
1133 5552 1394 5626 codices,
1427 5549 1728 5626 ἀπομείνῃ.

358 5622 471 5706 (99)
497 5622 690 5706 βῖκον.
726 5623 921 5706 Monet
958 5623 1388 5706 Nobilius__legi
1438 5627 1496 5682 in
1545 5622 1852 5682 nonnullis
1881 5624 1946 5681 li-

284 5694 432 5769 bris,
454 5694 691 5767 ὀίκεῖον,
724 5699 996 5770 tanquam
1025 5694 1396 5755 domesticum.

2127 5552 2204 5622 (1)
2233 5545 2778 5622 Ἀναδούμενοςηδῐο
2805 5561 2912 5618 ορθ
2960 5547 3139 5622 trium
3192 5549 3461 5622 codicum
3507 5563 3714 5622 emen-

2055 5617 2325 5680 davimus
2355 5617 2625 5677 vitiosam
2649 5617 2960 5676 lectionem
2991 5617 3516 5692 vulgatamﬁvaBad
3528 5640 3714 5696 μενος,

2054 5697 2351 5768 imperium
2379 5709 2633 5751 renuens.
