4124 6368
448 351 564 412 ’171

1397 342 1796 408 APPENDIX
1837 340 2164 405 OPERUM
2208 341 2277 402 S.
2317 338 2604 404 BASILII
2648 340 2923 404 MAGNI.

3767 349 3880 410 ’ΠΩ

449 493 756 546 manentes
786 493 844 543 et
873 487 1230 552 habitantes,
1263 483 1403 557 quia
1434 483 1496 538 In
1519 484 1634 554 ipso
1655 483 1894 538 vivimus
1918 487 1970 535 et
1993 495 2107 534 mo-

2223 473 2309 534 Ἐν
2373 475 2521 548 αὐτῷ
2581 479 2759 550 ζῶμεν
2813 474 2906 532 καὶ
2961 474 3263 550 κινούμεθα
3318 477 3408 532 καὶ
3455 475 3646 551 ἔσμεν,
3679 476 3770 534 ἵνα
3815 480 3894 544 ὡς

450 595 642 635 vemur
671 584 723 634 et
752 595 941 634 sumus
973 577 1040 644 ⁵³,
1079 582 1144 632 ut
1173 576 1231 630 in
1264 592 1330 630 eo
1360 577 1646 645 tanquam
1696 573 1754 628 in
1789 573 1961 627 domo
1991 570 2112 624 vir-

451 669 598 724 tutis
627 667 820 724 omnis
849 673 905 722 ot
934 663 1395 736 iucorruptionis
1440 680 1543 736 per
1575 667 1761 720 totam
1791 662 1968 716 vitam
2003 659 2112 715 ba-

451 757 730 826 bitantes,
762 774 877 812 non
909 755 1251 810 excidemus
1283 752 1641 824 incorruptis
1671 751 1832 806 illius
1863 749 2110 805 laribus.

451 847 960 914 Quemadmodum
994 845 1151 898 enim
1183 843 1406 898 habitat
1438 846 1494 897 et
1520 840 1784 896 ambulat
1815 840 1872 894 in
1904 839 1978 894 iis
2009 837 2111 909 qui

451 937 614 1007 digni
641 939 780 991 sunt
807 935 977 1000 ‘3,sic
1006 934 1185 989 etiam
1219 949 1426 989 rursus
1459 931 1559 1004 qui
1593 930 1756 1003 digni
1791 927 2018 986 suntin
2046 944 2112 983 eo

449 1024 1058 1096 habitant.Propterea
1084 1041 1218 1079 cum
1253 1040 1360 1079 nos
1392 1021 1646 1078 assumit
1677 1037 1746 1075 ex
1779 1018 1982 1075 mundi
2017 1033 2113 1072 ne-

449 1114 623 1187 gotiis
657 1115 728 1170 ad
760 1131 895 1169 eum
927 1113 1229 1170 venientes
1260 1117 1317 1170 et
1346 1112 1408 1168 in
1439 1129 1505 1167 eo
1537 1111 1900 1178 habitantes,
1920 1105 2114 1179 provi-

449 1206 596 1260 dens
630 1204 950 1276 quominus
981 1205 1289 1270 cedamus,
1329 1202 1411 1258 ait
1443 1219 1455 1257 :
1489 1201 1706 1257 Manete
1737 1201 1796 1255 in
1825 1200 1990 1264 πιεκί
2020 1211 2114 1268 ego

447 1296 509 1350 in
538 1295 692 1350 vobis
725 1296 788 1349 “.

517 1384 607 1440 51.
642 1383 737 1440 Sio
767 1387 965 1440 autem
1014 1399 1150 1438 cum
1201 1385 1259 1438 et
1306 1379 1551 1453 reliquis
1599 1380 1776 1436 rebus
1830 1390 2112 1451 magnum

441 1473 726 1546 quiddam
759 1477 817 1528 et
845 1471 1396 1543 splendidissimum
1450 1470 1762 1542 virginitas
1808 1466 2107 1538 intelliga-

437 1566 574 1630 tur;
610 1563 707 1618 hio
732 1563 858 1634 jam
901 1560 1354 1617 resurrectionis
1385 1565 1442 1615 et
1479 1556 1950 1631 incorruptibilis
1981 1555 2111 1609 vitae

443 1667 643 1706 semen
678 1651 972 1723 quoddam
997 1649 1410 1723 plurissimum
1431 1665 1560 1705 esse
1591 1647 1942 1704 ostenditur.
1962 1648 2108 1699 Nam

447 1738 494 1794 si
528 1739 586 1793 in
620 1737 1052 1794 resurrectione
1081 1753 1273 1809 neque
1303 1737 1536 1792 nubunt
1564 1751 1756 1807 neque
1780 1734 2110 1799 nubuntur,

446 1829 545 1886 sed
581 1832 718 1884 sunt
748 1827 902 1882 sicut
932 1827 1147 1898 angeli,
1172 1827 1432 1898 fientque
1461 1825 1566 1881 filii
1599 1824 1701 1881 Dei
1732 1825 1778 1859 “
1815 1822 1960 1923 :_qui
1991 1823 2108 1922 vir:
2146 1858 2194 1923 Β

444 1918 754 1992 ginitatem
788 1916 1009 1982 colunt,
1029 1915 1221 1988 angeli
1257 1921 1420 1983 sunt,
1447 1915 1504 1969 in
1535 1913 1895 1986 incorruptis
1927 1910 2113 1968 carni-

443 2009 556 2064 bus
586 2008 910 2063 humanam
942 2007 1123 2061 vitam
1155 2005 1660 2071 circumferentes,
1695 2020 1884 2077 neque
1917 2003 2110 2075 angeli

439 2097 680 2170 quidam
712 2094 969 2163 obscuri,
1003 2095 1104 2151 sed
1134 2093 1300 2150 valde
1333 2094 1616 2166 insignes.
1652 2092 1800 2149 Nam
1835 2108 1967 2148 cum
2004 2110 2110 2149 an-

440 2186 553 2260 geli
585 2185 713 2241 sine
742 2184 1020 2240 carnibus
1053 2183 1113 2239 in
1144 2183 1286 2239 ccelo
1331 2183 1855 2254 incorruptionem,
1891 2183 1949 2238 in
1984 2181 2110 2238 loco

439 2280 499 2332 et
531 2280 741 2330 natura
786 2273 1135 2340 inviolabili,
1171 2273 1326 2345 apud
1360 2289 1664 2328 summum
1715 2272 1980 2328 omnium
2018 2289 2111 2328 re-

442 2381 576 2438 gem
608 2364 794 2420 Deum
826 2363 1165 2419 custodiant
1194 2378 1208 2417 :
1244 2362 1339 2417 isti
1375 2362 1436 2417 in
1468 2367 1626 2418 terra
1672 2361 1869 2416 carnis
1899 2361 2110 2434 volup-

442 2454 665 2510 tatibus
698 2452 922 2524 agitati,
954 2456 1011 2508 et
1034 2451 1347 2507 tentationi
1378 2450 1598 2507 diaboli
1631 2450 1878 2523 expositi
1911 2469 2111 2524 eaqua-

439 2543 558 2600 lem
591 2541 814 2614 angelis
862 2541 1364 2612 incorruptionem
1399 2557 1502 2613 per
1530 2541 1810 2596 virtutem
1852 2540 2108 2597 Creatori

439 2631 775 2688 mirabilius
809 2634 1204 2686 servaverunt.
1255 2629 1359 2684 Hic
1390 2635 1586 2685 autem
1628 2629 1886 2684 maxime
1930 2629 2107 2703 virgi-

441 2738 584 2777 num
620 2719 971 2775 admiranda
1002 2718 1373 2790 virtus,quod
1406 2734 1538 2774 cum
1571 2718 1825 2774 femineo
1856 2718 2108 2774 circum-

440 2813 588 2867 datae
620 2809 742 2865 sint
771 2808 1396 2881 corpore,impressam
1419 2824 1489 2864 ex
1519 2825 1584 2864 eo
1618 2807 1829 2863 animm
1857 2807 2109 2864 formam

440 2899 680 2956 virtutis
712 2897 1132 2954 exercitatione
1163 2896 1508 2970 repulerint,
1542 2895 1918 2971 aequalesque
1951 2913 2110 2953 mas-

441 2989 613 3055 culi,
656 2987 1159 3061 quemadmodum
1221 2990 1279 3043 et
1335 2987 1534 3042 anima
1590 2985 1850 3058 aequales
1901 2989 2107 3042 creatis

443 3084 714 3151 sunt,per
731 3078 1012 3133 virtutem
1037 3075 1371 3133 videantur.
1394 3077 1464 3132 Et
1493 3075 1997 3150 quemadmodum
2023 3075 2108 3132 illi

445 3185 548 3240 per
574 3167 813 3223 virtutis
841 3165 1315 3222 exercitationem
1347 3183 1415 3222 ex
1446 3165 1790 3222 hominibus
1840 3165 1897 3220 in
1930 3181 2105 3238 ange-

2227 566 2372 620 οἶκον
2418 565 2577 620 αὐτὸν
2633 566 2831 642 ἀρετῆς
2878 567 3096 637 ἁπάσης
3127 565 3217 622 καὶ
3272 567 3571 644 ἀφθαρσίας
3625 565 3716 622 διὰ
3775 569 3894 644 βίου

2227 654 2520 726 οἰκοῦντες,
2584 656 2660 728 μὴ
2722 654 3075 730 ἰκπίπτωμεν
3126 658 3225 725 τῆς
3283 655 3336 711 ἐν
3399 656 3548 730 αὐτῷ
3608 657 3747 713 κατὰ
3796 660 3884 729 τήν

2224 743 2518 822 ἀφθαρσίαν
2579 743 2778 808 ἑστίας.
2811 746 2902 808 Ὠς
2959 745 3064 821 γὰρ
3127 745 3327 802 ἐνοικεῖ
3382 746 3471 801 καὶ
3532 746 3887 823 ὲμπεριπατεῖ

2223 838 2341 896 τοῖς
2400 834 2590 904 ἀξίοις,
2619 833 2763 889 οὕτω
2817 835 2986 890 πάλιν
3038 836 3091 890 οἳ
3142 834 3279 907 ἄξιοι
3332 835 3384 891 ἐν
3428 837 3615 910 τούτῳ
3661 838 3878 896 οἰκοῦσι.

2225 923 2320 977 Διὸ
2377 925 2466 978 καὶ
2525 921 2649 978 ὅταν
2700 919 2844 998 λάϐῃ
2888 928 3036 998 ἡμᾶς
3086 925 3146 980 ἐκ
3198 931 3307 981 τῶν
3355 927 3492 982 κατὰ
3538 929 3635 981 τὸν
3686 927 3876 1002 κόσμον

2223 1014 2562 1087 πραγμάτων
2606 1009 2954 1076 εἷ’σελθόντας
2995 1014 3071 1077 εἰς
3121 1015 3283 1071 αὐτὸν
3329 1015 3419 1070 καὶ
3460 1015 3513 1071 ἐν
3566 1016 3718 1089 αὖτῷ
3762 1038 3876 1072 κατ-

2225 1103 2530 1167 οικοῦντας,
2558 1105 2656 1156 τοῦ
2687 1101 3036 1157 ἀνεκπτώτου
3061 1105 3224 1176 ἡμῶν
3256 1104 3701 1180 προνοούμενος,
3735 1107 3869 1184 φησί·

2223 1190 2454 1246 Μείνατε
2485 1189 2536 1245 ἰν
2570 1189 2718 1264 ἐμοὶ,
2747 1191 2900 1268 κάγὼ
2934 1192 2988 1247 ἐν
3021 1193 3174 1266 ὑμῖν.

2293 1369 2384 1426 51.
2413 1367 2574 1426 Οὕτω
2629 1367 2687 1425 δὲ
2727 1371 2819 1425 καὶ
2865 1376 2982 1434 τοῖς
3032 1370 3252 1438 λοιποῖς
3300 1373 3465 1429 ἅπασι
3525 1376 3671 1450 μέγα
3709 1396 3751 1430 τι
3785 1375 3861 1430 καὶ

2225 1455 2623 1534 ὑπέρλαμπρον
2681 1466 2908 1536 πρᾶγμα
2973 1464 3007 1531 ἡ
3062 1462 3324 1537 παρθενία
3400 1464 3739 1538 νοούμενον,
3776 1468 3857 1529 τῆς

2222 1545 2641 1623 παλιγγενεσίας
2693 1546 2770 1604 ἔτι
2829 1549 2918 1605 καὶ
2965 1556 3064 1606 τοῦ
3123 1552 3398 1628 ἀφθάρτου
3471 1553 3596 1628 βίου
3653 1552 3862 1617 ἐντεῦθεν

2222 1632 2332 1706 ἤδη
2391 1638 2606 1712 σπέρμα
2661 1658 2715 1693 τι
2772 1639 3006 1714 καθαρὸν
3092 1638 3504 1702 ἀποδείκνυται.
3565 1642 3629 1701 Εἰ
3677 1643 3774 1720 γὰρ
3817 1643 3859 1699 ἰν

2220 1729 2290 1799 τῇ
2351 1727 2636 1782 ἀναστάσει
2715 1726 2838 1784 οὗτε
2904 1734 3141 1805 γαμοῦσι
3214 1728 3338 1786 οὔτε
3397 1732 3724 1808 γαμίζονται
3779 1737 3863 1806 (2),

2223 1814 2350 1872 ἀλλ’
2400 1817 2532 1871 εἰσὶν
2590 1818 2666 1880 ὡς
2725 1817 2968 1894 ἄγγελοι,
3026 1819 3117 1874 καὶ
3174 1823 3494 1896 γενήσονται
3546 1823 3653 1877 υἱοί
3708 1825 3860 1878 Θεοῦ·

2223 1905 2277 1960 οἱ
2332 1907 2412 1978 (3)
2469 1907 2568 1975 τὴν
2627 1910 2915 1980 παρθενίαν
2989 1908 3278 1974 ἀσκοῦντες
3347 1909 3572 1986 ἄγγελοί
3623 1912 3772 1980 εἰσιν,
3819 1911 3866 1966 ἐν

2223 1993 2521 2071 ἀφθάρτοις
2553 1998 2628 2069 (4)
2671 1997 2821 2072 σαρξὶ
2881 1996 2972 2052 τὸν
3025 2002 3136 2053 τῶν
3185 1998 3492 2074 ἀνηρώπων
3555 1999 3670 2076 βίον
3723 2019 3864 2076 περιο

2221 2081 2525 2147 πολοῦντες
2551 2103 2562 2115 ·
2599 2086 2688 2140 καὶ
2721 2083 2942 2162 ἄγγελοι
2995 2087 3100 2142 οὐκ
3151 2088 3358 2162 ἂσημοί
3402 2111 3564 2159 τινες,
3599 2088 3738 2145 ἀλλὰ
3786 2089 3866 2144 καὶ

2223 2169 2432 2249 σφόδρα
2505 2173 2942 2250 ἕπιφανέστατοι.
2996 2177 3124 2233 ’Ότι
3193 2175 3409 2232 εκείνων
3487 2181 3610 2233 ἄνευ
3665 2181 3863 2253 σαρκῶν

2220 2261 2358 2316 κατὰ
2405 2260 2495 2316 τὸν
2557 2262 2784 2336 οὐρανὸν
2843 2264 2943 2332 τήν
2999 2266 3296 2343 ἀφθαρσίαν
3326 2267 3418 2322 καὶ
3449 2270 3522 2340 (5)
3571 2266 3722 2339 τόπῳ
3775 2267 3860 2321 καὶ

2221 2345 2467 2423 ἀϐιάστῳ
2499 2351 2651 2428 φύσει
2699 2352 2848 2428 παρὰ
2893 2357 2973 2425 τῷ
3018 2349 3362 2427 παμϐασιλεῖ
3409 2361 3512 2413 τῶν
3561 2355 3703 2411 ὅλων
3755 2358 3863 2426 Θεῷ

2221 2439 2630 2520 φυλαττόντων,
2672 2441 2822 2496 οὗτοι
2857 2442 2945 2497 ἐπὶ
2976 2445 3082 2518 γῆς
3114 2445 3311 2520 σαρκὸς
3344 2443 3563 2515 ἡδοναῖς
3606 2443 3857 2519 ἐνοχλού-

2224 2550 2401 2604 μενοι,
2453 2531 2540 2584 καὶ
2590 2534 2660 2604 τῇ
2707 2530 2870 2603 πείρᾳ
2938 2536 3036 2588 τοῦ
3088 2528 3352 2590 διαϐόλου
3409 2533 3718 2606 ίκκείμενοι,
3766 2532 3858 2600 τὴν

2221 2619 2518 2696 ἀφθαρσίαν
2577 2618 2864 2696 ἷσάγγελον
2917 2619 2988 2676 δι’
3019 2622 3216 2698 ἀρετῆς
3260 2628 3338 2695 τῷ
3381 2627 3585 2696 Ποιητῇ
3629 2618 3854 2695 παραδο-

2219 2708 2436 2782 ξότερον
2469 2705 2815 2786 διεφύλαξαν.
2845 2712 3013 2775 Ἔνθα
3055 2712 3147 2766 καὶ
3198 2709 3432 2785 μάλιστα
3457 2713 3518 2766 τὸ
3563 2715 3666 2766 τῶν
3716 2729 3852 2785 παρ-

2221 2795 2388 2862 θένων
2436 2793 2498 2852 ἄν
2541 2818 2625 2860 τις
2671 2797 2880 2862 κάλλος
2932 2802 3267 2873 θαυμάσειεν,
3301 2800 3384 2855 δτι
3434 2799 3570 2864 θῆλυ
3619 2798 3850 2872 περικεί-

2224 2907 2380 2961 μεναι
2410 2887 2591 2959 σῶμα,
2622 2889 2725 2957 τὴν
2760 2889 2855 2962 μὶν
2895 2888 2955 2945 ἐκ
3003 2888 3190 2945 τούτου
3242 2887 3592 2963 ὶγγινομὲνην
3639 2885 3841 2962 μορφὴν

2215 2979 2284 3050 τῇ
2335 2979 2490 3051 ψυχῇ
2542 2973 2632 3031 διὰ
2679 2984 2780 3047 τῆς
2829 2977 3102 3050 ἀσκήσεως
3169 2977 3598 3052 ἀπεκρούσαντο·
3629 2973 3733 3029 ἴσαι
3787 2969 3844 3028 δὲ

2215 3071 2336 3128 τοῖς
2369 3064 2577 3142 ἅρῥεσι,
2609 3068 2848 3141 καθάπερ
2881 3066 2974 3122 οὖν
3003 3065 3113 3122 ἴσαι
3156 3068 3244 3122 καὶ
3293 3067 3390 3135 τὴν
3432 3065 3610 3141 ψυχὴν
3658 3062 3844 3132 ἐποιή-

2218 3166 2384 3225 θησαν
2416 3199 2430 3224 ,
2495 3152 2586 3210 διὰ
2644 3163 2745 3225 τῆς
2818 3158 3016 3231 ἀρετῆς
3082 3155 3442 3235 ἀνεφάνησαν.
3497 3154 3596 3211 Καὶ
3669 3151 3844 3219 ὥσπερ

443 3235 633 3315 lorum
666 3256 935 3313 ordinem
967 3260 1277 3311 transeunt
1307 3274 1320 3324 ;
1353 3256 1434 3312 ita
1465 3260 1522 3311 et
1550 3255 1692 3328 ipsas
1747 3253 1957 3326 aequali
1988 3235 2104 3310 vir-

2223 3244 2420 3300 ὶκεῖνοι
2475 3242 2545 3299 δι’
2609 3246 2893 3317 ἀσκήσεως
2960 3245 3010 3318 ἕξ
3069 3243 3280 3321 ἀνδρῶν
3342 3245 3415 3307 εἷς
3467 3244 3561 3314 τὴν
3619 3238 3845 3318 ἁγγὲλων

444 3347 589 3403 tutis
619 3345 1032 3403 exercitatione
1063 3361 1134 3400 ex
1164 3345 1512 3402 mulieribus
1541 3344 1601 3400 in
1633 3345 1901 3401 eamdem
1925 3361 1992 3400 ac
2020 3343 2105 3400 illi

445 3436 798 3510 dignitatem
843 3434 1258 3503 traducuntur,
1289 3434 1372 3490 ita
1419 3439 1483 3490 ut
1535 3450 1671 3490 cum
1720 3433 1780 3487 in
1832 3435 2105 3504 prazsenti

442 3525 563 3581 vita
591 3522 879 3580 masculis
923 3524 1162 3594 quidem
1197 3523 1396 3579 anima
1439 3522 1693 3595 aequales
1725 3521 1864 3587 sint,
1897 3523 1997 3578 sed
2031 3523 2103 3580 ob

443 3613 676 3670 feminei
710 3610 969 3684 corporis
997 3610 1280 3667 amictum
1305 3611 1366 3667 in
1398 3611 1730 3683 aequalitate
1751 3610 2104 3682 claudicent,

442 3703 500 3758 in
534 3703 729 3760 futuro
761 3699 974 3758 saeculo
1005 3700 1264 3773 aequales
1294 3702 1540 3757 omnino
1563 3717 1668 3772 per
1684 3699 1963 3755 virtutem
1987 3700 2104 3769 his,

443 3792 545 3865 qui
577 3790 765 3864 angeli
801 3790 939 3845 facti
980 3789 1218 3861 fuerint,
1251 3795 1308 3846 et
1337 3791 1480 3862 ipsae
1531 3789 1920 3860 reperiantur.
1955 3788 2104 3847 Nam

441 3883 490 3938 si
523 3898 656 3938 cum
691 3877 944 3952 aequales
973 3878 1197 3952 angelis
1229 3879 1626 3944 declarantur,
1649 3894 1840 3949 neque
1873 3877 2107 3934 nubunt

346 3961 368 3982 ’
441 3987 630 4042 neque
688 3970 1190 4041 nubuntur;quas
1249 3969 1309 4025 in
1363 3967 1637 4041 praesenti
1696 3968 1814 4022 vita
1869 3967 2106 4026 virtutis

438 4058 855 4117 exercitatione
883 4055 941 4111 id
974 4054 1680 4128 consequuntur,hiojam
1713 4052 1970 4126 aequales
2001 4072 2104 4112 an-

439 4149 590 4223 gelis
621 4146 976 4219 semetipsas
1009 4146 1275 4201 omnium
1319 4144 1546 4217 judicio
1577 4143 1855 4200 exhibent
1886 4160 1899 4199 :
1933 4145 2106 4217 quip-

439 4253 510 4309 pe
543 4251 676 4291 cum
711 4249 1021 4304 corporeae
1074 4233 1323 4288 masculi
1357 4237 1414 4287 et
1449 4231 1681 4287 feminae
1730 4234 1801 4288 ad
1833 4232 2107 4288 concubi-

438 4330 566 4382 tum
600 4323 754 4380 665
789 4321 1174 4394 proprietates
1222 4321 1440 4376 virtute
1493 4326 1780 4393 resecent,
1813 4337 1879 4376 ac
1929 4321 2106 4378 nudis

441 4413 757 4468 animabus
790 4412 849 4466 in
881 4416 1038 4466 terra
1067 4427 1199 4465 cum
1235 4408 1580 4466 hominibus
1608 4411 2106 4474 versentur.0uod

441 4504 487 4558 si
523 4502 724 4557 anima
751 4517 819 4555 ex
849 4515 1112 4570 corpore,
1146 4499 1205 4554 in
1239 4515 1353 4570 quo
1386 4498 1567 4569 degit,
1601 4498 1763 4554 nullo
1790 4497 2108 4568 voluptatis

2213 3334 2363 3405 τάξιν
2423 3329 2764 3407 μετὲϐησαν·
2817 3335 2961 3391 οὕτω
3018 3335 3106 3390 καὶ
3175 3335 3330 3390 αὗται
3359 3379 3372 3402 ,
3419 3331 3504 3389 διὰ
3544 3338 3640 3402 τῆς
3688 3330 3844 3400 ἀσκή-

2215 3445 2377 3495 σεως,
2405 3423 2465 3480 ἔκ
2493 3430 2762 3500 γυναικῶν
2814 3425 2890 3488 εἰς
2941 3426 3004 3480 τὸ
3047 3424 3179 3480 αὐτὸ
3224 3423 3406 3487 αὐτοῖς
3455 3423 3655 3495 ἀξίωμα
3696 3439 3845 3494 μετα-

2216 3510 2402 3582 ϐᾶσαι,
2435 3513 2513 3575 ὡς
2566 3513 2618 3568 ἐν
2676 3513 2755 3587 τῷ
2814 3514 3043 3589 παρόντι
3104 3513 3234 3590 βίῳ,
3265 3514 3334 3590 τῇ
3389 3515 3482 3588 μὶν
3539 3509 3686 3587 ψυχῇ
3739 3505 3846 3569 ἴσας

2213 3608 2333 3665 τοῖς
2366 3600 2582 3679 ἄῤῥεσιν
2614 3599 2795 3670 οὔσας,
2830 3603 2897 3678 τῇ
2925 3601 2983 3659 δὶ
3027 3607 3125 3658 τοῦ
3173 3602 3373 3674 θήλεος
3413 3595 3676 3679 περιϐολῇ
3721 3596 3848 3672 πρὸς

2215 3693 2316 3761 τὴν
2364 3691 2590 3762 ἰσότητα
2637 3690 3176 3768 χωλευο·5σας,κατᾶ
3221 3692 3316 3748 τὸν
3379 3692 3649 3766 μέλλοντα
3693 3687 3854 3744 αῗῶνα

2217 3781 2337 3843 ἴσας
2379 3781 2517 3836 κατὰ
2565 3781 2736 3835 πάντα
2792 3778 2862 3835 δι’
2891 3784 3088 3858 ἀρετῆς
3131 3787 3254 3844 τοῖς
3307 3780 3573 3857 ἁγγὲλοις
3622 3774 3854 3853 γεγονόσι

2214 3871 2307 3930 καὶ
2355 3869 2518 3931 αὐτὰς
2563 3869 2866 3944 εὖρεθῆναι.
2918 3871 2985 3929 El.
3031 3871 3133 3948 γὰρ
3185 3870 3269 3926 ὅτι
3319 3869 3601 3948 ἰσάγγελοι
3651 3863 3855 3923 ἁποδεί-

2214 3981 2475 4031 κνυνται,
2522 3955 2645 4014 οὕτε
2691 3965 2958 4032 γαμοῦσιν
3020 3957 3143 4016 οῦτε
3199 3959 3574 4036 γαμίζονται,
3631 3958 3685 4012 αἱ
3737 3951 3862 4009 κατᾶ

2213 4052 2309 4110 τὸν
2339 4047 2583 4125 παρόντα
2640 4047 2757 4124 βίον
2806 4054 2969 4105 τοῦτο
3018 4047 3088 4104 δι’
3119 4050 3407 4121 ἀσκήσεως
3452 4045 3860 4122 κατορθώσασαι,

2215 4141 2454 4203 ἐντεῦθεν
2506 4135 2614 4208 ἤδη
2673 4136 2992 4214 ίσαγγὲλους
3041 4139 3236 4201 ἑαυτὰς
3278 4145 3400 4200 τοῖς
3455 4143 3612 4194 πᾶσιν
3670 4131 3862 4190 ἀπέδει-

2217 4235 2329 4305 ξαν·
2362 4228 2458 4292 τὰς
2509 4228 2603 4300 μὶν
2649 4227 2746 4282 τοῦ
2798 4226 2999 4298 θήλεός
3057 4249 3116 4284 τε
3171 4228 3262 4283 καὶ
3308 4227 3542 4305 ἅρῥενος
3589 4225 3721 4302 πρὸς
3785 4221 3866 4280 τὰς

2222 4321 2414 4396 μίξεις,
2471 4317 2640 4395 φημὶ,
2697 4321 2806 4372 τῶν
2881 4319 3153 4391 σωμάτων
3223 4316 3512 4390 ἰδιότητας
3569 4315 3636 4372 δι’
3691 4315 3864 4387 ἀρετῆς

2219 4409 2596 4482 ικτὲμνουσαι,
2631 4411 2867 4481 γυμναῖς
2929 4405 2986 4463 δὲ
3034 4411 3243 4482 ψυχαῖς
3289 4409 3439 4464 κατᾶ
3481 4410 3583 4484 γῆν
3626 4410 3739 4467 τοῖς
3790 4402 3867 4456 ἁν-

2220 4499 2464 4578 θρώποις
2516 4499 2774 4564 συζῶσαι.
2812 4497 2875 4554 Ei
2933 4495 2990 4553 δὶ
3047 4495 3174 4553 οὔτε
3222 4496 3362 4574 πρὸς
3421 4499 3485 4554 τὸ
3532 4495 3710 4573 ἂρῥεν,
3759 4486 3868 4548 οὔτε

441 4608 619 4648 sensu
654 4605 846 4660 neque
875 4605 1014 4661 erga
1045 4604 1270 4644 marem
1322 4603 1511 4659 neque
1541 4603 1681 4660 erga
1721 4588 2000 4644 feminam
2036 4589 2104 4644 ad

2223 4591 2355 4663 πρὸς
2392 4588 2456 4642 τὸ
2509 4585 2653 4655 θῆλυ
2701 4588 2836 4642 κατὰ
2886 4589 2986 4656 τήν
3037 4587 3380 4657 συναίσθησιν
3434 4595 3537 4658 τῆς
3586 4585 3636 4640 ἂν
3769 4582 3864 4636 ὶστι

442 4678 914 4753 perturbationes
945 4677 1319 4746 informatur,
1353 4693 1469 4732 non
1513 4676 1637 4747 jam
1674 4683 1764 4734 est
1808 4677 2108 4734 masculus

2223 4681 2479 4753 σώματος
2528 4673 2736 4746 ἡδονῆς
2785 4680 2820 4746 ἡ
2875 4677 3028 4752 ψυχὴ
3083 4676 3219 4750 πρὸς
3263 4676 3333 4731 τὰ
3374 4679 3520 4748 πάθη
3560 4676 3864 4752 μορφοῦται,

441 4777 492 4828 et
528 4769 769 4832 femina,
803 4785 919 4824 non
955 4767 1318 4839 perturbatio
1351 4770 1408 4821 et
1434 4765 1739 4838 voluptas;
1775 4767 1877 4822 sed
1909 4769 2110 4826 omnia

443 4869 499 4918 et
549 4863 606 4918 in
670 4855 949 4914 omnibus
1009 4853 1278 4909 Christus
1309 4856 1377 4924 ⁸⁸,
1411 4855 1628 4927 quippe
1684 4873 1817 4912 cum
1879 4863 2106 4914 mortua

445 4953 686 5024 quidem
722 4947 842 5003 sint
890 4960 1138 5018 corpora
1168 4945 1240 4999 ob
1291 4950 1619 5001 cessantem
1655 4951 1712 5002 et
1754 4947 2002 5003 otiosam
2036 4951 2106 5005 ad

444 5037 838 5110 proprietates
893 5030 1138 5089 masculi
1173 5035 1232 5086 et
1282 5031 1512 5087 feminae
1564 5033 1950 5106 voluptatem,
1985 5037 2111 5094 sola

446 5132 645 5182 autem
679 5123 882 5179 animo.
923 5123 1262 5193 incorrupte
1293 5137 1398 5193 per
1439 5121 1712 5178 virtutem
1741 5123 1799 5178 in
1854 5123 1947 5178 his
1979 5141 2108 5182 cor-

447 5215 692 5283 poribus
723 5213 919 5284 degat.

2221 4769 2321 4826 οὖκ
2375 4762 2451 4823 ἔνι
2506 4763 2664 4840 ἅρῤεν
2726 4765 2817 4820 καὶ
2876 4763 3038 4836 θῆλυ,
3075 4764 3174 4820 οὐκ
3224 4761 3302 4820 ἔτι
3352 4765 3528 4830 πάθος
3555 4765 3645 4820 καὶ
3683 4758 3863 4832 ἡδονή·

2222 4858 2367 4916 ἀλλᾶ
2396 4858 2570 4912 πάντα
2603 4854 2691 4909 καὶ
2746 4854 2797 4909 ἐν
2839 4861 2971 4910 πᾶσι
3013 4854 3268 4930 Χριστὸς,
3315 4853 3733 4931 νενεκρωμὲνων
3781 4847 3863 4920 μὲν

2218 4955 2326 5005 τῶν
2391 4945 2661 5018 σωμάτων
2718 4941 2808 4999 διὰ
2861 4951 2962 5014 τῆς
3020 4945 3376 5021 ἁνενεργήτου
3436 4944 3574 5019 πρὸς
3631 4941 3698 4994 τὰ
3737 4934 3868 4991 ἲδιώ-

2225 5059 2367 5112 ματα
2395 5041 2492 5091 τοῦ
2540 5054 2598 5087 τε
2644 5031 2867 5110 ἅρῥενος
2915 5037 3004 5088 καί
3053 5037 3151 5087 τοῦ
3209 5032 3408 5104 θήλεος
3459 5030 3682 5102 ἡδονῆς,
3713 5025 3870 5112 μόνης

2223 5110 2281 5184 Si
2334 5133 2435 5195 τῆς
2494 5127 2682 5198 ψυχῆς
2740 5122 2793 5179 ἐν
2851 5122 3121 5200 ἀφθαρσίᾳ
3175 5120 3246 5178 δι’
3276 5124 3472 5198 ἀρετῆς
3532 5121 3776 5189 συζώσης
3823 5110 3868 5165 ἓν

2219 5216 2460 5276 τούτοις.

520 5349 566 5384 ι’
598 5351 726 5403 Act.
758 5363 898 5419 xvu,
928 5351 1020 5403 28.
1098 5344 1144 5378 ⁸³
1175 5345 1223 5400 ΙΙ
1255 5343 1384 5401 Cor.
1420 5362 1494 5413 νι,
1532 5340 1617 5401 1'6.
1694 5348 1739 5381 “
1766 5348 1936 5404 Joan.
1969 5367 2063 5422 xv,
2097 5367 2108 5396 Α

2229 5353 2274 5389 ⁴⁸
2301 5351 2508 5408 Matth.
2539 5364 2682 5418 xxii,
2711 5350 2801 5406 30.
2879 5351 2924 5386 “
2953 5347 3082 5405 Gal.
3116 5365 3202 5419 ιιι,
3231 5349 3321 5403 28.

521 5481 601 5555 (2)
658 5477 1007 5550 Γαμίζονται.
1085 5477 1455 5536 Colbertinus
1512 5481 1715 5547 codex,
1790 5478 2108 5554 ιγγαμίζον-

451 5569 606 5697 ima)
626 5619 720 5697 ΔΟἱ.
756 5620 944 5697 Editio
976 5619 1326 5697 Parisiensis
1352 5623 1658 5697 praemittit
1685 5621 1948 5697 xu_€,_qua3
1979 5641 2113 5683 oon-

447 5693 678 5765 junolio
709 5699 766 5748 et
795 5694 853 5746 in
889 5709 1029 5748 mss.
1065 5694 1233 5748 deest
1262 5697 1319 5745 et
1348 5696 1408 5748 in
1441 5695 1654 5752 Veneta
1683 5693 1958 5752 editiOne.

2293 5487 2370 5556 (4)
2401 5477 2754 5564 ᾎΑφθάρτοις.
2788 5483 2884 5564 Sic
2915 5480 3096 5564 editio
3146 5480 3366 5538 Veneta
3419 5494 3556 5536 cum
3607 5471 3870 5532 omnibus

2223 5549 2367 5612 mss.
2401 5549 2779 5628 Parisiensis,
2814 5549 3152 5628 ερφοάρτοις.
3583 5624 3593 5628 _

2220 5700 2262 5758 ν
2293 5624 2520 5757 (5)ιΚαί.
2551 5617 2944 5696 Gonjuuotion
2984 5617 3192 5682 'addita
3242 5641 3312 5682 ex
3365 5637 3510 5680 mss.
3543 5624 3602 5678 et
3628 5617 3869 5675 editione

2267 5717 2374 5759 ene
2403 5719 2456 5757 a.
