4124 6378
353 366 473 427 ’173

1578 358 1815 422 mssa
1858 353 1961 419 ns
2012 337 2547 425 ἡιιοιηιτιτιι.

3661 361 3780 426 τη

423 498 511 554 52.
572 494 672 552 Καὶ
730 494 980 552 ἁπτέσθω
1032 493 1126 568 μὶν
1184 495 1221 564 ἡ
1276 490 1504 563 τοιαύτη
1535 494 1634 547 τοῦ
1663 490 2005 567 θεράποντος

2186 492 2276 547 52.
2311 493 2390 548 Ac
2421 492 2559 548 talis
2588 492 2827 565 quidem
2874 492 3074 565 sponsi
3107 492 3399 550 famulum
3429 497 3653 567 tangat,
3692 495 3777 552 si-

349 589 448 641 τοῦ
502 584 761 660 νυμφίου’
822 582 876 640 εἷ’
925 604 989 659 γε
1022 583 1097 657 μὴ
1149 581 1227 638 ἔτι
1280 584 1345 657 ζῇ
1377 581 1545 652 αὐτῆς
1576 578 1627 636 ἒν
1659 578 1818 655 σαρκὶ
1848 581 1883 649 ὴ
1914 582 2011 634 τοῦ

351 675 551 752 θήλεος
599 673 801 745 ἡδονή.
835 671 1134 745 Δεξιούσθω
1196 669 1253 727 δὶ
1305 667 1595 732 ἀπλάστως
1623 669 1717 725 τὸν
1775 665 2007 747 ἀδελφὸν

353 765 490 821 κατᾶ
542 764 642 833 τήν
702 760 930 831 ἐντολὴν
985 765 1082 817 τοῦ
1111 761 1337 837 Κυρίος,
1385 759 1513 821 τοὺς
1544 756 1716 820 πόδας
1747 757 2013 813 νίπτουσα

353 854 574 909 τούτου·
657 851 826 908 ἄλλον
899 849 1215 924 ἐπιμελείας
1290 847 1543 922 δεόμενον
1620 846 2008 925 θεραπεύουσα,

357 943 409 999 ἰν
466 946 677 1019 νεκραῖς
723 946 843 1003 ταῖς
886 944 982 995 τοῦ
1030 941 1285 1013 σώματος
1325 937 1486 1014 χερσὶ
1534 940 1728 1012 νεκροῦ
1765 939 1863 991 τοῦ
1903 934 2010 989 σώ-

361 1054 530 1107 ματος
562 1029 862 1105 ἁπτομένη.
916 1026 1139 1098 Ἐπειδὴ
1184 1029 1287 1106 γὰρ
1335 1027 1600 1104 ἰνὲκρωσε
1646 1027 1714 1081 τὰ
1746 1023 1890 1099 μέλη
1943 1022 2011 1078 τὰ

357 1120 571 1191 ἰπὶτῆς
609 1126 734 1196 γῆς,
791 1119 881 1174 καὶ
942 1121 1007 1193 ζῇ
1066 1117 1245 1173 οὐκέτι
1308 1116 1466 1187 αὐτὴ,
1523 1118 1593 1191 τῇ
1652 1112 1710 1171 δὲ
1768 1112 1819 1169 ἐν
1874 1112 2013 1184 αὐτῇ

354 1210 602 1288 Χριστὸς,
656 1209 685 1263 ’ὁ
717 1206 775 1264 δὲ
819 1211 912 1263 νῦν
943 1210 1007 1283 ζῇ
1053 1206 1104 1262 ἐν
1157 1207 1340 1282 σαρκὶ,
1399 1204 1451 1261 ἰν
1483 1204 1660 1260 πίστει
1703 1206 1790 1278 ζῇο
1837 1223 2009 1278 πρατ-

352 1300 489 1355 τὲτω
518 1298 585 1354 τὰ
629 1304 732 1368 τῆς
780 1298 996 1370 ἀρετῆς,
1032 1299 1270 1367 Χριστοῦ
1305 1295 1471 1370 μόνον
1502 1299 1702 1365 ζῶντος
1731 1292 1785 1349 ἐν
1841 1291 2003 1367 αὐτῇ,

354 1387 538 1443 καὶτὰ
586 1383 701 1441 ἴδια
740 1385 1107 1463 ἐνεργοῦντος,
1158 1382 1671 1459 συνεσταυρωμένον
1721 1385 1791 1456 τῇ
1833 1384 2009 1457 ἁμαρ-

348 1475 439 1548 τίᾳ
492 1479 711 1548 Χριστῷ
786 1475 877 1530 καὶ
951 1474 1138 1548 νεκρὸν
1224 1471 1589 1551 περιφέρουσα
1668 1474 1848 1544 σῶμα.
1910 1468 2009 1525 Καὶ

352 1562 632 1640 πραττὲτω
687 1563 755 1618 τὰ
804 1570 904 1634 τῆς
962 1561 1189 1633 ἐντολῆς
1239 1566 1336 1617 τοῦ
1381 1560 1641 1636 νυμφίου,
1691 1556 1783 1614 διὰ
1828 1559 2008 1630 πάσης

353 1653 598 1728 πράξεως
622 1652 685 1708 τὸ
714 1659 816 1723 τῆς
847 1655 1034 1728 ψυχῆς
1078 1650 1287 1714 κάλλος
1348 1648 1732 1725 λαμπρότερον
1789 1648 2011 1726 ἀναφαί-

353 1763 536 1800 νουσα.
604 1743 768 1800 Ὃταν
827 1743 929 1818 γὰρ
990 1739 1299 1814 ἁπτομένου
1350 1743 1451 1795 τοῦ
1482 1739 1737 1811 σώματος
1768 1738 1845 1812 μὴ
1880 1758 2012 1811 συμ-

353 1832 497 1907 πάθῃ
552 1833 588 1902 ἡ
660 1831 815 1906 ψυχὴ
893 1830 1029 1906 πρὸς
1098 1831 1196 1900 τήν
1255 1833 1353 1885 τοῦ
1413 1827 1636 1905 ἄῤῥενος
1693 1826 2008 1906 φαντασίαν,

356 1918 482 1977 ἀλλ’
541 1921 881 1991 ἀναισθήτως
941 1919 1145 1995 τρόπον
1202 1939 1323 1974 τινα
1377 1918 1614 1987 ἅπτηται
1660 1914 1879 1985 τούτου,
1929 1935 2010 1970 νε-

353 2008 458 2085 κρᾶ
492 2009 636 2082 μὲνει
666 2007 717 2063 ἐν
748 2007 926 2080 τούτῳ
954 2010 990 2078 ἡ
1029 2004 1227 2078 ἡδονὴ,
1280 2005 1346 2060 οὗ
1400 2004 1700 2080 δυναμένου
1746 2008 1843 2059 τοῦ
1887 1997 2013 2076 ἔξω·

357 2110 442 2163 θεν
473 2098 783 2171 ἁπτομένου
830 2096 999 2167 αὐτὴν
1042 2097 1179 2173 πρὸς
1224 2097 1288 2152 τὸ
1335 2096 1538 2153 οἰκεῖον
1579 2095 1747 2160 πάθος
1781 2094 2008 2170 ἆγεῖραι.

354 2187 514 2246 Οὕτω
571 2187 674 2264 γὰρ
730 2186 821 2243 καὶ
879 2185 931 2241 ἰν
985 2188 1103 2249 τοῖς
1156 2183 1424 2263 διωγμοῖς
1486 2183 1700 2242 ἔκδοτοι
1731 2184 2012 2261 παρθένοι,

353 2273 442 2332 διὰ
499 2278 599 2347 τὴν
649 2275 773 2350 περὶ
819 2276 912 2330 τὸν
971 2276 1208 2355 νυμφίον
1266 2276 1450 2331 πίστιν
1508 2271 1749 2331 ἀσεϐέσιν
1807 2270 2015 2347 ἀνθρώ-

350 2385 477 2429 ποις
533 2362 795 2434 δοθεῖσαι,
851 2363 888 2434 ἢ
947 2365 1038 2420 καὶ
1089 2364 1157 2420 τὰ
1214 2368 1444 2439 σώματα
1474 2362 1704 2443 ἅφθοροι
1759 2361 2013 2440 διεφυλά-

351 2465 588 2530 χθησαν,
646 2458 743 2509 τοῦ
804 2451 873 2508 δι’
925 2452 982 2508 ὅν
1033 2448 1243 2509 ἔνδοτοι
1300 2455 1548 2529 γενέσθαι
1609 2452 1915 2523 ὗπᾶστησαν
1946 2452 2009 2506 τὸ

348 2546 456 2598 τῶν
509 2538 715 2598 ἀσεϐῶν
758 2540 967 2619 ἀνδρῶν
1014 2541 1357 2619 ἐπιχείρημα
1406 2542 1458 2597 ἰν
1509 2547 1627 2605 ταῖς
1680 2542 1862 2618 σαρξὶν
1912 2539 2008 2596 αὐ-

352 2629 458 2686 τῶν
508 2632 695 2708 νεκρὸν
745 2628 1166 2707 ἁπελὲγξαντος,
1219 2631 1308 2687 καὶ
1350 2629 1559 2709 ἄφθορα
1603 2633 1805 2702 αὐτῶν,
1839 2630 2009 2709 φημὶ,

350 2720 439 2775 καὶ
493 2721 561 2775 τὰ
604 2720 833 2793 σώματα
879 2719 1013 2795 μετὰ
1063 2720 1346 2796 τεραστίου
1396 2717 1700 2795 δυνάμεως,
1751 2717 1823 2775 δι’
1873 2716 2009 2773 ὅλου

353 2809 707 2886 φυλάξαντος·
760 2810 795 2880 ἢ
845 2806 1277 2885 ἐπιχειρηθεῖσαι
1328 2810 1406 2883 μή
1436 2809 1826 2883 συμπαθούσης
1869 2808 2006 2883 πρὸς

348 2899 448 2967 τὴν
504 2895 706 2968 ἡδονήν
759 2905 859 2967 τῆς
915 2901 1123 2974 ψυχῆς,
1190 2898 1352 2980 νεκρὰ
1400 2901 1478 2973 (6)
1529 2898 1618 2954 καὶ
1666 2898 1733 2954 τὰ
1780 2897 2008 2971 σώματα

349 2984 571 3042 ἐδόκουν
625 2981 959 3062 ὑϐρίζεσθαι,
1007 2985 1240 3065 ἄφθορον
1284 2989 1385 3057 τήν
1419 2989 1626 3064 ψυχὴν,
1661 2987 1721 3042 οὗ
1754 3006 2005 3063 συμμορ-

350 3076 630 3152 φουμένην
661 3079 731 3150 τῇ
784 3081 882 3131 τοῦ
932 3071 1252 3151 ὑϐρίζοντος
1299 3074 1497 3152 ἡδονῇ,
1546 3082 1626 3149 τῷ
1652 3076 1872 3153 νυμφίῳ
1914 3074 2004 3130 καὶ

348 3164 525 3220 πίστει
577 3167 666 3220 καὶ
710 3163 972 3241 παρθενίᾳ
1023 3164 1405 3241 λαμπρότερον
1451 3163 1810 3236 ἰπιδείξασαι·
1877 3167 2003 3239 βου-

2119 581 2360 652 quidem
2383 582 2642 653 nonjam
2680 580 2824 638 vivit
2847 580 2908 636 in
2933 580 3095 638 illius
3134 599 3310 640 carne
3340 583 3573 640 feminas
3607 584 3777 641 volu-

2118 674 2268 742 ptas.
2302 670 2561 744 Excipiet
2590 675 2785 727 autem
2815 669 2940 727 sine
2988 671 3366 728 simulatione
3393 673 3653 744 fratrem,
3686 691 3778 731 se-

2120 760 2381 816 cundum
2410 763 2764 832 praeceptum
2794 758 3038 829 Domini,
3063 760 3241 831 pedes
3263 760 3426 818 illius
3458 762 3662 820 lavans
3688 765 3731 805 ‘7
3760 783 3773 833 ;

2120 847 2299 905 alium
2333 848 2724 905 sollicitudine
2747 848 3108 921 indigentem
3142 856 3327 917 curet,
3362 853 3616 910 mortuis
3646 870 3776 909 cor-

2120 938 2278 1011 poris
2310 939 2586 994 manibus
2617 942 2919 994 mortuum
2952 954 3167 1010 corpus
3198 942 3775 1010 tangens.Quoniam

2119 1027 2276 1083 enim
2300 1027 2672 1082 mortiﬁcavit
2693 1028 2959 1083 membra
2973 1043 3101 1099 quae
3124 1032 3266 1082 sunt
3289 1043 3466 1099 super
3482 1032 3777 1095 terram“,

2121 1133 2226 1173 nec
2249 1118 2376 1189 jam
2407 1116 2538 1189 ipsa
2568 1116 2836 1181 vivit,sed
2867 1115 3011 1174 vivit
3038 1115 3100 1172 in
3132 1132 3200 1172 ea
3229 1116 3589 1185 Christus,et
3619 1121 3774 1191 quod

2119 1222 2277 1262 nunc
2323 1204 2467 1261 vivit
2495 1204 2554 1261 in
2603 1221 2800 1273 carne,
2834 1205 2893 1261 in
2927 1205 3041 1261 ﬁde
3086 1205 3227 1260 vivit
3250 1204 3337 1274 ‘9;
3370 1211 3635 1263 exerceat
3671 1209 3780 1265 vir-

2118 1295 2264 1351 tutis
2313 1311 2508 1367 opera,
2542 1294 2774 1351 Christo
2805 1294 2996 1351 solum
3050 1295 3280 1350 vivente
3310 1294 3370 1350 in
3402 1294 3525 1364 illa,
3560 1301 3618 1352 et
3646 1314 3774 1370 quas

2119 1403 2226 1443 sua
2252 1387 2392 1441 sunt
2435 1387 2769 1457 peragente,
2800 1388 3036 1456 peccato
3062 1383 3408 1440 cruciﬁxum
3443 1401 3577 1442 cum
3609 1386 3779 1442 Chri-

2119 1479 2208 1532 sto
2239 1478 2298 1530 et
2327 1478 2629 1529 mortuum
2661 1489 2875 1547 corpus
2921 1473 3363 1530 circumferens.
3400 1476 3472 1530 Ac
3512 1475 3779 1547 perficiat

2120 1565 2402 1620 mandata
2459 1563 2686 1635 sponsi,
2747 1580 2850 1635 per
2905 1579 3142 1619 omnem
3214 1563 3506 1620 actionem
3570 1564 3783 1621 animai

2118 1652 2623 1725 pulchritudinem
2683 1651 3144 1725 splendidiorem
3203 1652 3485 1710 efficiens.
3536 1653 3784 1720 Quando

2118 1744 2277 1800 enim
2322 1746 2478 1799 tacto
2510 1759 2752 1815 corpore
2782 1742 3030 1798 minime
3072 1743 3452 1815 perturbatur
3480 1742 3681 1800 anima
3707 1744 3782 1801 ad

2122 1832 2367 1888 masculi
2400 1832 2789 1906 speciem,sed
2815 1831 2944 1888 sine
2976 1848 3153 1888 sensu
3176 1833 3611 1904 quodammodo
3633 1832 3782 1890 illud

2124 1921 2336 1996 tangit,
2369 1925 2598 1978 mortua
2634 1924 2832 1977 manet
2859 1920 2920 1976 in
2954 1937 3021 1977 eo
3051 1920 3484 1994 voluptas,cum
3513 1939 3631 1978 non
3654 1939 3786 1995 pos-

2124 2013 2197 2068 sit
2226 2011 2285 2067 id
2320 2011 2477 2083 quod
2504 2011 2868 2067 extrinsecus
2898 2011 3183 2083 tangitur,
3217 2025 3346 2067 eam
3380 2011 3451 2067 ad
3486 2011 3783 2084 propriam

2121 2099 2479 2173 voluptatem
2515 2099 2888 2155 excitare.Sic
2910 2099 3069 2156 enim
3101 2103 3159 2155 et
3186 2099 3246 2155 in
3271 2100 3783 2172 persecutionibus

2122 2189 2449 2264 prostituta
2471 2188 2830 2262 virgines,ob
2849 2188 3026 2245 fidem
3060 2189 3119 2244 in
3155 2205 3441 2261 sponsum
3464 2188 3662 2260 impiis
3683 2189 3786 2246 ho-

2123 2278 2386 2335 minibus
2433 2278 2685 2346 traditae,
2716 2278 2807 2333 vel
2852 2278 3198 2351 corporibus
3246 2278 3597 2351 incorruptae
3643 2285 3785 2337 sunt

2106 2372 2382 2439 servatae,
2414 2383 2503 2436 eo,
2537 2370 2776 2439 propter
2822 2383 2998 2438 quem
3040 2367 3192 2423 tradi
3243 2384 3360 2422 non
3410 2367 3780 2438 dubitabant,

2120 2458 2438 2530 impiorum
2470 2455 2778 2512 hominum
2799 2460 3079 2513 conatum
3114 2456 3172 2511 in
3204 2456 3467 2529 ipsorum
3502 2457 3781 2515 carnibus

2118 2546 2352 2602 irritum
2378 2562 2445 2601 ac
2464 2548 2763 2601 mortuum
2786 2546 3147 2609 reddente,et
3179 2546 3521 2618 incorrupta
3542 2545 3779 2602 illarum

2118 2637 2295 2692 etiam
2328 2651 2572 2707 corpora
2602 2632 2936 2690 admirabili
2954 2634 3168 2690 virtute
3188 2634 3428 2690 omnino
3452 2634 3784 2691 custodien-

2117 2727 2196 2791 te,
2231 2722 2319 2779 vel
2350 2722 2467 2778 vim
2497 2738 2708 2795 passae,
2742 2739 2859 2777 non
2891 2721 3292 2779 consentiente
3321 2721 3610 2796 voluptati
3649 2722 3782 2779 ani-

2118 2830 2231 2881 ma,
2262 2812 2540 2886 quamvis
2566 2815 2799 2869 mortua
2828 2828 3072 2886 corpora
3109 2811 3450 2868 viderentur
3494 2811 3775 2884 injuriam

2116 2902 2258 2978 pati,
2289 2902 2693 2975 incorruptam
2721 2901 2982 2958 animam
3010 2917 3116 2957 nec
3146 2902 3218 2958 ad
3249 2901 3607 2974 voluptatem
3639 2907 3766 2958 stu-

2118 2991 2368 3065 pratoris
2398 2991 2847 3060 conformatum,
2882 3006 3102 3062 sponso
3132 3006 3239 3046 suo
3272 2994 3329 3045 et
3368 2989 3482 3045 fide
3514 2994 3571 3045 et
3596 2990 3774 3063 virgio

2117 3082 2300 3137 nitate
2348 3078 2805 3151 splendidiorem
2861 3078 3192 3135 exhibuere.
3231 3080 3292 3135 In
3345 3078 3564 3151 quibus
3592 3078 3779 3135 voluit

2118 3171 2263 3225 forte
2308 3168 2599 3224 Dominus
2630 3167 2964 3236 ostendere,
2996 3184 3095 3223 eas
3148 3167 3576 3224 confessionem
3609 3167 3774 3224 omni

351 3251 614 3325 ληθᾶντος
672 3250 810 3316 ’ίσως
873 3251 926 3307 ἐν
983 3252 1168 3317 αὐτοῖς
1217 3250 1577 3325 ἐπιδείξασθαι
1631 3259 1727 3309 τοῦ
1779 3255 2004 3331 Κυρίου,

2120 3259 2268 3316 circa
2315 3274 2531 3331 corpus
2576 3255 2845 3313 exteriori
2892 3256 3086 3313 decori
3138 3257 3444 3330 praiferre;
3480 3257 3635 3314 unde
3665 3273 3772 3314 nec

351 3339 435 3397 ὅτι
482 3342 582 3410 τήν
635 3340 710 3405 εἰς
753 3341 911 3397 αὐτὸν
965 3340 1264 3417 ὁμολογίαν
1313 3362 1631 3420 προτιμωσι
1677 3345 1877 3407 παντὸς
1908 3348 2006 3399 τοῦ

350 3431 472 3508 περὶ
551 3435 712 3505 σῶμα
780 3434 980 3504 σεμνοῦ
1050 3434 1401 3508 φαινομένουσ
1480 3433 1606 3488 οὗτε
1660 3434 1758 3502 τήν
1818 3434 2005 3510 ψυχὴν

349 3520 489 3597 πρὸς
532 3522 632 3590 τὴν
700 3518 923 3597 ἄρνησιν
988 3520 1296 3599 φθείρασαι,
1356 3518 1480 3577 οὔτε
1534 3522 1601 3576 τὰ
1657 3521 1885 3596 σώματα
1937 3519 2007 3578 δι’

351 3610 425 3664 ὧν
477 3608 540 3664 οὗ
591 3609 956 3680 συνεπάθησαν
1005 3608 1075 3684 τῇ
1128 3606 1302 3684 ἥδονῇ
1350 3612 1467 3666 καθ’
1516 3608 1650 3665 ὅλου
1699 3613 2004 3690 φθαρεῖσαι.

354 3695 420 3755 E'l
471 3717 535 3773 γε
603 3698 678 3771 μή
739 3718 817 3760 νις
874 3695 967 3752 τῦν
1050 3698 1153 3753 ὑπὸ
1207 3697 1441 3754 ἐκτόπου
1497 3699 1692 3773 μανίας
1743 3700 2005 3780 παρθένον

353 3785 784 3863 ἐσφαγιασμὲνην
863 3781 1097 3860 ὑϐρίζειν
1173 3787 1511 3864 βουλόμενον
1597 3790 1836 3867 φθείρειν
1919 3789 2007 3847 διὰ

352 3881 451 3945 τῆς
521 3875 660 3949 πρὸς
731 3875 831 3944 τήν
912 3875 1100 3952 νεκρὰν
1168 3876 1366 3948 μίξεως
1420 3877 1639 3948 λέξειεν.
1702 3879 2006 3950 Αἷκίζεσθνι

356 3961 455 4038 μὶδ
483 3962 585 4040 γὰρ
615 3961 679 4019 ἂν
719 3960 938 4018 δύναιτο
985 3963 1210 4035 ταύτην,
1261 3965 1496 4044 φθείρειν
1545 3963 1604 4022 δὲ
1633 3966 1801 4036 αὐτὴν
1851 3967 2007 4024 οὐδά-

350 4074 483 4109 ποτε
692 4053 915 4109 Ἑαυτὸν
991 4054 1088 4128 μὶν
1156 4057 1258 4130 γὰρ
1312 4056 1518 4136 φθείρει
1567 4058 1659 4112 καὶ
1712 4060 2005 4136 φθείρεται·

349 4138 585 4220 ἅφθορος
637 4139 696 4198 δι
752 4142 893 4200 ἐστιν
943 4146 978 4214 η
1046 4143 1311 4221 παρθένος
1356 4149 1545 4222 ψυχῆς
1597 4149 1672 4221 μὴ
1704 4146 2004 4224 παρούοης.

349 4233 420 4301 ⁷ῌ
468 4233 657 4305 ὅμοιαι
735 4233 790 4288 αἱ
863 4232 916 4288 ἐν
980 4238 1098 4297 τοῖς
1165 4231 1434 4310 διωγμοῖς
1493 4236 1583 4292 καὶ
1641 4236 1777 4291 κατὰ
1831 4244 2006 4293 πᾶσαν

350 4321 662 4398 περίστασιν
736 4323 825 4377 ὑπ’
889 4320 1098 4401 ἀνδρῶν
1180 4323 1608 4402 ἐνοχλούμεναι,
1687 4328 1787 4397 τὴν
1870 4329 2008 4383 κατὰ

351 4411 520 4487 σάρκο
603 4410 864 4486 νέκρωσιν
939 4408 1162 4487 ἔχουσαι
1223 4416 1321 4488 (8),
1375 4414 1471 4470 κᾶν
1532 4417 1712 4471 ὁτιοῦν
1775 4416 2003 4493 πάσχω-

349 4521 431 4555 σιν
486 4501 586 4574 (9),
619 4500 845 4580 ἄφθοροι
905 4497 1269 4576 διαμένουσιν.
1327 4505 1388 4562 Ὀ
1428 4507 1529 4582 γὰρ
1575 4500 1872 4583 προλαϐὼν
1903 4513 2004 4577 τῆς

2118 3348 2377 3405 animam
2406 3347 2672 3419 negando
2697 3351 3220 3419 corruperunt,nec
3250 3345 3772 3419 corporibus,dum

2116 3436 2403 3509 voluptati
2434 3453 2550 3491 non
2583 3434 2987 3507 consentiunt,
3010 3434 3308 3491 ullatenus
3335 3435 3775 3508 corruptaNisi

2118 3527 2252 3599 quis
2276 3542 2378 3599 per
2395 3525 2717 3581 immanem
2740 3524 3033 3581 insaniam
3054 3524 3265 3598 virgini
3283 3526 3774 3598 occisastuprum

2118 3616 2333 3671 inferre
2385 3613 2609 3677 volens,
2642 3629 3019 3687 corrumpere
3078 3613 3241 3670 illam
3285 3630 3388 3686 per
3434 3613 3593 3671 hunc
3637 3631 3772 3671 cum

2118 3708 2350 3761 mortua
2396 3703 2776 3760 concubitum
2834 3702 3085 3759 dicatur.
3118 3708 3259 3759 Nam
3294 3702 3500 3777 plagas
3532 3704 3773 3777 quidem

2118 3794 2200 3849 illi
2253 3794 2469 3849 inferre
2518 3793 2729 3866 possit,
2766 3808 3141 3865 corrumpere
3190 3809 3324 3849 vero
3375 3810 3774 3867 nequaquam.

2118 3884 2228 3940 Sed
2262 3900 2325 3939 se
2357 3882 2485 3956 ipse
2514 3881 2841 3955 corrumpit
2882 3886 2940 3939 et
2969 3882 3377 3954 corrumpitur
3395 3900 3409 3949 ;
3437 3881 3778 3955 incorrupta

2118 3976 2311 4027 autem
2342 3974 2435 4026 est
2460 3970 2624 4042 virgo
2657 3969 2855 4025 anima
2888 3986 3003 4025 non
3037 3974 3340 4042 prasente.
3377 3970 3524 4026 Huic
3554 3970 3780 4028 similes

2118 4063 2278 4130 sunt,
2302 4075 2431 4130 quae
2462 4058 2524 4114 in
2556 4058 3069 4131 persecutionibus
3099 4064 3199 4114 aut
3230 4057 3490 4131 quolibet
3518 4064 3782 4133 tempore

2119 4147 2451 4204 molestiam
2488 4164 2521 4202 a
2549 4147 2693 4203 viris
2724 4163 2936 4220 passae,
2969 4163 3098 4202 cum
3134 4163 3309 4203 carne
3357 4147 3479 4203 sint
3511 4154 3777 4221 mortuis,

2119 4236 2407 4310 quidquid
2433 4253 2618 4308 passae
2643 4237 3237 4308 fuerint,incorrupta3
3250 4236 3775 4310 permanent.Nam

2118 4325 2480 4400 praeteritum
2507 4324 2635 4380 vites
2654 4325 2915 4381 asceticas
2939 4329 3173 4397 tempus
3200 4324 3344 4380 satis
3375 4341 3474 4382 eas
3505 4326 3577 4381 ad
3606 4342 3777 4399 expe-

2117 4415 2389 4471 rientiam
2443 4414 2737 4486 excitavit,
2770 4420 2832 4470 ut
2880 4414 2938 4470 in
2989 4430 3163 4470 carne
3200 4415 3484 4485 viventes,
3516 4432 3632 4471 non
3683 4431 3776 4472 se-

2117 4505 2379 4563 cundum
2431 4520 2665 4560 carnem
2702 4502 2957 4559 militent
2986 4504 3047 4558 ⁸⁰.
3085 4504 3307 4560 Idcirco
3355 4508 3594 4563 caeteras
3639 4522 3774 4578 pro-

346 4592 625 4662 ἀσκήσεως
669 4590 894 4667 χρόνος,
954 4591 1237 4668 αὐτάρκως
1278 4593 1442 4657 αὐτὰς
1491 4595 1630 4671 πρὸς
1678 4597 1776 4666 τὴν
1809 4603 2001 4673 πεῖραν

2120 4597 2388 4650 vocantes
2419 4593 2489 4648 ad
2525 4593 2779 4649 similem
2812 4593 3089 4649 virtutem
3134 4592 3304 4649 aiunt
3335 4612 3348 4650 :
3381 4595 3599 4667 Spiritu
3644 4611 3776 4650 am-

348 4677 664 4753 ἐγύμνασεν,
733 4677 808 4734 ’ίν’
883 4679 934 4735 ἐν
1006 4681 1166 4756 σαρκὶ
1243 4687 1432 4753 ζῶσαι,
1506 4686 1580 4757 μὴ
1642 4686 1774 4740 κττὰ
1833 4682 2005 4762 σάρκα

2120 4685 2321 4754 bulate,
2352 4691 2405 4739 et
2433 4682 2707 4739 desideria
2734 4683 2923 4738 carnis
2948 4699 3019 4739 ne
3047 4684 3351 4755 perﬁciam
3382 4685 3598 4750 ".Quss
3628 4682 3775 4740 tales

350 4787 765 4842 στρατευωνται.
843 4770 937 4826 Διὸ
1012 4772 1101 4827 καὶ
1158 4777 1277 4835 ταῖς
1330 4771 1552 4837 λοιπαῖς
1617 4775 2001 4854 ὑποφωνοῦσαι

349 4855 488 4932 πρὸς
537 4857 634 4927 τὴν
691 4858 887 4931 ὁμοίαν
948 4861 1168 4935 ἀρετὴν,
1225 4863 1377 4940 φασὶ,
1437 4868 1710 4938 Ηνευματι
1769 4884 1999 4939 περιπαο

346 4949 510 5018 τεῖτε,
595 4946 685 5001 καὶ
772 4944 1058 5022 ἐπιθυμίαν
1137 4951 1332 5027 σαρκὸς
1415 4953 1477 5007 οὐ
1554 4954 1631 5027 μή
1703 4953 1999 5025 τελέσητε.

350 5034 559 5091 Οὐκοῦν
619 5036 739 5091 ὅσαι
790 5041 1060 5108 τοιαῦται,
1120 5036 1503 5114 δεικνύτωσαν,
1564 5043 1733 5118 φημὶ,
1791 5041 2003 5099 καὶδιᾶ

2114 4778 2276 4844 sunt,
2308 4773 2719 4829 demonstrent
2750 4772 2904 4828 066
2936 4772 3112 4828 etiam
3147 4773 3401 4846 hospitio
3446 4774 3773 4828 fraternum

2111 4879 2394 4920 amorem.
2427 4861 2731 4934 Siquidem
2760 4866 2817 4918 et
2846 4861 3033 4918 Maria
3060 4863 3238 4935 pedes
3270 4861 3501 4918 Domini
3531 4861 3773 4917 deoscu-

2112 4955 2242 5010 lans
2272 4953 2476 5019 “,ncn
2497 4955 2563 5007 ut
2584 4951 2843 5007 hominis
2865 4952 3066 5024 pedes,
3101 4951 3201 5008 sed
3240 4954 3304 5006 ut
3334 4950 3565 5005 Domini
3597 4965 3770 5006 oscu-

2111 5044 2367 5110 labatur,
2396 5044 2650 5097 veterem
2682 5040 2920 5111 quidem
2954 5039 3211 5096 incendii
3242 5039 3597 5112 voluptatem
3634 5055 3771 5112 pru-

419 5186 463 5223 ‘7
491 5186 659 5245 Joan.
690 5205 817 5258 xm,
850 5190 938 5247 14.
1015 5190 1058 5231 ιε
1085 5190 1205 5247 Col.
1237 5208 1323 5263 ιιι,
1354 5195 1408 5249 5.
1485 5195 1532 5230 δ’
1561 5195 1689 5252 Gal.
1724 5214 1784 5264 ιι,
1816 5198 1906 5253 20.
1982 5197 2006 5234 ⁸

2138 5198 2266 5254 Cor.
2298 5211 2355 5261 χ,
2388 5194 2442 5249 3.
2519 5192 2563 5228 ⁵1
2593 5191 2719 5249 Gal.
2750 5208 2807 5259 ν,
2833 5192 2923 5248 46.
2999 5191 3046 5227 ⁸³
3076 5191 3216 5248 Luc.
3246 5206 3349 5259 vn,
3378 5190 3469 5246 25.

421 5340 490 5411 (6)
518 5340 715 5422 Νεκρά.
765 5342 1426 5422 ΟρροιξΜακοιήίοωιιε,
1460 5367 1580 5404 καν.
1630 5351 1765 5416 Quae
1814 5351 2002 5422 scrip-

343 5411 676 5541 :quovalde
704 5415 926 5471 arridet
952 5411 1431 5487 Combetisio,sed
1465 5437 1569 5477 cur
1598 5411 1854 5480 arrident
1885 5411 2002 5481 non

415 5526 820 5684 ζὶῐδρδἐποτε.
854 5558 1132 5616 Nonnulli
1179 5562 1431 5634 codices,
1464 5559 1834 5620 οὐδεπώποτε.
1870 5566 2004 5623 Mox

415 5654 418 5674 ι
447 5632 730 5684 bertinus.
762 5626 904 5684 ἐστὶν
938 5631 973 5684 ἢ
1004 5632 1286 5684 παοθινία.
1322 5636 1541 5684 Ibidem
1594 5655 1747 5684 nmm
1786 5656 1851 5684 px
1888 5638 1999 5684 Re.-

341 5626 730 5699 Colb'ertinus,
762 5626 904 5685 ἐστὶν
938 5631 973 5702 ἡ
1004 5632 1286 5706 παρθενία.
1320 5626 1541 5694 Ibidem
1594 5655 1747 5695 unus
1786 5656 1857 5695 ex
1886 5638 1999 5694 Re—

345 5700 481 5771 giis,
512 5701 547 5773 ἣ
575 5700 791 5778 ὃμοιαι.

2186 5345 2776 5428 (8)*ῌχουσαι.ηΗωο
2805 5344 3142 5428 “scriptura,
3197 5345 3472 5428 quamvis
3528 5344 3591 5428 in
3649 5341 3775 5400 solo

2112 5416 2443 5478 Colbertiiio
2475 5426 2533 5475 et
2561 5416 2674 5490 alio
2705 5435 2773 5472 ex
2805 5416 2999 5490 Regiis
3032 5416 3555 5490 reperiatur,longe
3575 5419 3776 5473 tamen

2113 5493 2476 5570 prteferenda
2503 5489 2775 5570 vulgatis,
2810 5487 2986 5570 aqua}.
3099 5487 3115 5489 ⁷
3361 5487 3369 5489 ⁷
3491 5487 3515 5490 ⁷
3591 5556 3742 5570 nm.

2183 5566 2262 5637 (9)
2289 5558 2634 5639 ΙΙάσχωσιν.“
2663 5560 2758 5617 Sic
2817 5560 3078 5632 plerique
3131 5575 3337 5616 omnes
3392 5576 3537 5617 mss.
3591 5558 3765 5627 Editi,

2112 5636 2424 5692 πάσνουσινζ
