4124 6370
385 357 500 419 775
1332 345 1730 412 APPENDIX
1775 343 2106 410 OPERUM
2147 348 2214 411 Β.
2261 349 2553 416 BASILII
2601 354 2883 420 MAGNI.
3689 349 3815 424 ’176

379 491 584 547 denter
610 486 671 543 in
699 503 761 543 se
791 484 1175 557 exstinguens
1221 481 1498 556 lacrymis
1529 485 1585 538 et
1629 496 2005 553 compescens

2148 477 2448 552 δεξιώσεως
2500 486 2563 541 τὸ
2622 485 2983 568 φιλάδελφον.
3043 490 3195 548 Ἐπεὶ
3251 490 3409 562 καὶή
3468 491 3654 570 Μαρία
3680 495 3812 557 τοὺς

379 596 578 636 amore
607 581 801 633 autem
834 575 892 632 in
925 573 1241 632 Dominum
1273 577 1330 628 et
1359 571 1580 629 sanctis
1612 570 1827 629 osculis
1857 571 2001 644 spiri

2145 570 2316 658 πόδας
2343 577 2504 630 τοῦτο
2539 577 2738 652 Κυρίου
2785 577 3044 656 φιλοῦσα,
3072 580 3181 656 οὐχ
3237 581 3313 644 ὡς
3368 579 3560 658 ἀνδρὸς
3615 578 3811 656 πόδας,

376 675 503 726 tum
535 669 594 724 in
634 667 830 724 anima
878 665 1200 738 prudenter
1249 663 1595 720 accendens.
1627 660 1872 717 Vivebat
1922 660 2002 733 igi

2143 657 2270 715 ἁλλ’
2318 661 2393 724 ὡς
2443 664 2647 740 Κυρίου
2692 660 2892 746 ἕφίλει*
2943 675 3057 732 τοῖς
3112 671 3207 742 μὲν
3259 657 3482 747 δάκρυσι
3541 672 3640 741 τὴν
3701 695 3807 729 πα-

372 764 470 814 tur
500 757 796 831 spiritu,et
826 755 1037 827 spiritu
1071 753 1384 810 ambulans
1413 753 1458 788 ⁵³
1481 759 1533 808 et
1563 751 1717 807 circa
1746 766 2005 823 sponsun

2143 747 2301 838 λαιὰν
2320 758 2422 822 τῆς
2445 761 2713 831 πυρκαϊᾶς
2765 754 2974 828 ἡδονήν
3024 757 3076 814 ἐν
3123 759 3258 834 αὐτῇ
3306 761 3590 838 φρονίμως
3643 783 3808 818 κατα-

373 847 572 904 omnia
600 862 702 918 pro
733 844 988 918 peccatis
1019 843 1146 898 suis
1189 843 1508 916 prudenter
1537 857 1768 914 gerens.
1800 839 2005 896 Mortu:

2143 832 2471 897 σϐεννύουσά
2547 865 2605 899 τε
2682 847 2770 901 καὶ
2853 832 3244 922 μαραίνουσα(
3281 832 3354 925 τῇ.
3411 832 3482 905 δὶ-
3526 851 3653 928 περὶ
3711 853 3807 908 τὸν

373 940 567 993 autem
615 937 740 990 erat
762 936 1021 1005 peccato,
1051 948 1186 988 cum
1217 931 1399 986 maris
1443 935 1500 986 et
1547 929 1776 986 feminae
1807 929 2005 1002 cogitat

2140 928 2336 1005 Κύριον
2371 928 2603 989 διαθέσει
2663 935 2753 990 καὶ
2809 942 2927 1000 τοῖς
2979 937 3151 1013 ἁγίοις
3213 938 3489 1018 φιλήμασι
3529 941 3591 995 τὸ
3652 940 3703 997 ἐν
3735 946 3808 1017 τῇ

367 1026 585 1081 tionem
620 1023 680 1078 in
729 1025 889 1079 tactu
943 1023 1158 1094 pedum
1191 1024 1248 1077 et
1296 1019 1516 1077 osculis
1550 1024 1708 1074 metu
1760 1018 2005 1090 perculsa

2140 1020 2294 1094 ψυχῇ
2353 1026 2565 1096 πνεῦμα
2621 1025 2904 1103 φρονίμως
2965 1028 3291 1086 άνάπτουσα.
3349 1032 3487 1100 ’Έζη
3554 1031 3648 1103 μὶν
3712 1032 3806 1087 οὗν

368 1114 732 1171 sustulisset.
1990 1194 1997 1196 _

2140 1107 2429 1182 πνεύματι,
2509 1113 2598 1168 καὶ
2669 1116 2934 1190 πνεύματι
2997 1123 3316 1195 στοιχοῦσα,
3376 1120 3466 1174 καὶ
3526 1121 3652 1196 περὶ
3709 1122 3803 1177 τὸν

364 1201 594 1281 νυμφίον
658 1202 865 1256 ἅπαντα
927 1198 1056 1273 ὑπὲρ
1117 1203 1222 1253 τῶν
1286 1197 1480 1286 ἑαυτῆς
1539 1199 1818 1273 ἁμαρτιῶν
1880 1194 2014 1269 μετὰ
2069 1198 2332 1263 συνέσεως
2385 1203 2716 1277 πράττουσα.
2769 1207 2947 1282 Νεκρὰ
3022 1203 3079 1262 δὶ
3135 1194 3200 1278 ἦν
3269 1213 3338 1283 τῇ
3399 1194 3641 1286 ἁμαρτίᾳ
3698 1212 3801 1280 τήν

365 1297 460 1347 νοῦ
518 1289 718 1362 θήλεός
773 1311 831 1344 τε
878 1290 964 1344 καὶ
1019 1286 1242 1364 ἄρρενος
1307 1283 1511 1342 ἔννοιαν
1589 1286 1675 1342 ἐπὶ
1752 1292 1854 1354 τῆς
1933 1286 2074 1364 ἁφῆς
2145 1291 2253 1343 τῶν
2324 1288 2521 1362 ’ποδῶν
2580 1293 2668 1348 καὶ
2721 1299 2828 1351 τῶν
2885 1294 3217 1374 φιλημάτων
3274 1283 3535 1377 ἐμφόϐως
3590 1302 3800 1376 νεκρώ-

367 1402 528 1439 σασα.

433 1472 524 1528 53.
557 1472 786 1542 Tangat
812 1484 948 1541 ergo
982 1484 1110 1540 quae
1141 1467 1279 1525 talis
1305 1471 1416 1534 est,
1454 1471 1511 1522 et
1543 1481 1682 1539 erga
1713 1465 2026 1522 Dominum

363 1565 721 1634 praceptum
796 1557 1063 1631 impleat.
1121 1556 1470 1628 Ubicunque
1539 1559 1737 1612 autem
1797 1558 2024 1626 tangat,

360 1651 537 1708 etiam
573 1666 699 1722 quas
725 1647 861 1704 talis
893 1652 1002 1714 est,
1037 1647 1356 1718 prudenter
1391 1645 1612 1718 vigilet,
1647 1661 1719 1701 ne
1751 1644 1896 1700 forte
1928 1661 2005 1700 as-

2135 1645 2519 1723 ἐκπληρούτω.
2573 1651 2883 1724 Ἀπτομὲνη
2920 1651 2977 1708 δὲ
3003 1654 3341 1731 ἁπανταχοῦ,
3375 1655 3465 1711 καὶ
3499 1658 3532 1726 ἡ
3564 1656 3791 1726 τοιαύτη

358 1740 530 1796 siduo
579 1741 852 1794 contactu
887 1735 1168 1808 paulatim
1218 1734 1490 1807 voluptas
1541 1750 1609 1790 ex
1652 1732 1932 1789 carnibus
1964 1733 2005 1787 it

2135 1738 2420 1814 φρονίμως
2471 1741 2705 1818 νηφὲτω,
2745 1744 2960 1814 μήποτε
3016 1744 3296 1817 ἁπτομένη
3359 1751 3604 1821 συνεχῶς
3656 1747 3796 1801 κατὰ

358 1829 552 1902 ipsam
601 1826 750 1883 clam
803 1826 1130 1898 subrepat:
1186 1825 1355 1897 eique
1387 1841 1497 1880 usu
1546 1823 1826 1890 inveniat,
1860 1821 2005 1877 illiut

2138 1827 2316 1903 βραχὺ
2363 1827 2499 1904 ἔρψῃ
2553 1830 2612 1884 ἐκ
2671 1837 2880 1906 σαρκῶν
2928 1832 3004 1895 εἰς
3064 1832 3230 1903 αύτήν
3286 1831 3564 1909 λαθραίως
3593 1833 3789 1908 ἡδονὴ⁹

358 1934 583 1974 veneno
615 1931 844 1986 mersae,
881 1915 1036 1986 quod
1069 1913 1262 1970 absit!
1299 1913 1493 1970 dicere
1529 1930 1541 1969 :
1597 1912 1883 1968 Veniente
1914 1928 2005 1967 ευ·

2131 1917 2220 1971 καὶ
2245 1913 2429 1993 συμϐῇ
2483 1919 2620 1994 αὐτῇ
2677 1921 2778 1976 ὑπὸ
2834 1922 3062 1978 τοῦείοῦ
3118 1922 3313 1990 ταύτης
3377 1921 3697 2000 δηχθεῖσαν,
3757 1924 3790 1980 8

357 2012 474 2064 tem
528 2005 830 2078 voluptate
889 2011 1193 2076 peccatum
1252 2003 1461 2059 revixit
1502 2003 1597 2058 “z
1655 2017 1763 2073 ego
1821 2005 2005 2057 auten:

2133 2007 2210 2078 μὴ
2266 2007 2522 2083 γένοιτοί
2581 2009 2781 2085 Λέγεινί
2843 2009 3142 2080 Ἐλθούσης
3211 2010 3270 2067 δὶ
3325 2020 3425 2083 τῆς
3479 2010 3682 2084 ἡδονῆς
3748 2017 3784 2085 ἡ

357 2101 593 2152 mortua
637 2111 772 2151 sum
801 2094 867 2159 ⁵⁵,
899 2097 952 2149 et
989 2097 1340 2165 praeceptum
1374 2091 1705 2160 charitatis,
1741 2091 1895 2162 quod
1929 2096 2005 2146 est

2131 2095 2367 2172 ἁμαρτία
2448 2098 2722 2168 ἀνέζησεν·
2801 2099 2906 2177 ἐγὼ
2980 2098 3038 2157 δὲ
3106 2101 3389 2173 ἀπέθανον,
3438 2104 3530 2158 καὶ
3592 2103 3782 2177 εὑρέθη

355 2188 427 2244 ad
459 2185 662 2251 vitam,
712 2184 907 2256 ipsum
940 2183 1088 2238 mihi
1139 2183 1444 2238 inventum
1494 2185 1584 2237 est
1623 2181 1694 2236 ad
1748 2185 2005 2236 mortem.

2133 2206 2228 2259 μοι
2277 2188 2310 2256 ἡ
2369 2184 2565 2257 ἐντολὴ
2597 2195 2696 2258 τῆς
2732 2189 2969 2264 ἀγάπης,
3011 2194 3046 2259 ἡ
3098 2191 3174 2254 είς
3211 2194 3378 2262 ζωὴν,
3411 2192 3545 2263 αὕτη
3580 2192 3658 2258 εἷς
3685 2195 3784 2258 θά-

355 2276 502 2332 Nam
553 2275 601 2330 si
648 2273 762 2346 ipsi
812 2271 1004 2344 angeli
1054 2273 1294 2343 cadunt,
1328 2273 1428 2344 qui
1480 2270 1733 2342 aequales
1791 2269 2005 2343 angeli!

2126 2295 2310 2331 νατον.
2368 2274 2427 2330 Ei
2488 2277 2590 2353 γὰρ
2647 2278 2736 2332 καὶ
2797 2277 2846 2332 οἱ
2905 2279 3134 2355 ἄγγελοι
3212 2282 3662 2352 καταπίπτουσιν,
3733 2284 3784 2338 o't

354 2370 513 2435 sunt,
545 2363 780 2435 lapsum
840 2362 1024 2418 multo
1087 2361 1276 2435 magis
1339 2365 1596 2418 metuere
1657 2361 1897 2426 debent,
1944 2377 2005 2417 ne

2127 2363 2404 2440 ἰσάγγελοι
2463 2366 2525 2420 τὸ
2582 2372 2782 2440 πτῶμα
2807 2367 3006 2442 πολλῷ
3065 2369 3277 2443 μᾶλλον
3321 2365 3601 2448 φοϐεῖσθαι
3636 2371 3783 2451 ὀφεί-

352 2455 499 2508 forte
530 2459 843 2525 postquam
890 2449 1144 2524 aequales
1199 2450 1425 2523 angelis
1465 2449 1823 2521 virginitatis
1854 2467 2005 2506 exer-

2127 2450 2308 2524 λουσι,
2374 2457 2587 2529 μήποτε
2634 2457 2770 2513 κατᾶ
2817 2458 2877 2514 τὸ
2911 2457 3236 2536 ίσαγγὲλους
3297 2459 3491 2525 αὐτοὺς
3521 2461 3591 2536 τῇ
3620 2449 3784 2532 ἀσκή-

2205 1468 2295 1524 53.
2354 1469 2632 1525 ’Δπτέσθω
2694 1473 2806 1545 οὖν,
2853 1475 3020 1550 φημὶ,
3072 1477 3106 1544 ἡ
3161 1474 3390 1544 τοιαύτη
3451 1475 3504 1532 εἶ’
3546 1475 3630 1540 τίς
3689 1477 3793 1533 πού

2137 1555 2249 1612 ἐστι
2295 1560 2382 1614 καὶ
2428 1560 2677 1631 τοιαύτη,
2726 1562 2816 1616 καὶ
2868 1564 2965 1631 τὴν
3026 1556 3166 1640 πρὸς
3196 1567 3294 1620 τὸκ
3337 1565 3530 1643 Κύριον
3564 1565 3794 1638 ἐντολὴν

351 2542 628 2599 citatione
689 2540 926 2606 fuerint,
980 2540 1244 2594 videntes
1302 2538 1456 2593 filias
1514 2538 1824 2594 hominum
1885 2538 2014 2610 pul-

351 2633 525 2688 chras
555 2646 680 2686 esse
711 2630 775 2700 ⁵⁸,
809 2629 882 2684 ad
933 2645 1032 2684 eas
1081 2644 1184 2699 per
1231 2627 1425 2683 carnis
1474 2626 1804 2697 voluptates
1853 2627 2013 2682 dela-

350 2721 590 2788 bantur,
626 2718 831 2789 eisque
880 2717 1112 2772 dicatur
1144 2732 1156 2770 :
1191 2717 1300 2785 Ego
1329 2715 1455 2770 dixi
1485 2732 1504 2771 :
1533 2716 1625 2770 Dii
1655 2716 1784 2770 estis
1823 2719 1871 2770 et
1903 2716 2014 2784 ﬁlii

348 2809 576 2864 Επειεί
605 2807 915 2863 omnes.Vos
944 2809 1128 2861 autem
1152 2805 1223 2859 ad
1255 2819 1324 2860 ea
1354 2820 1482 2874 quae
1515 2803 1709 2859 carnis
1741 2807 1882 2859 sunt
1911 2803 2010 2858 de-

349 2897 522 2970 lapsi,
553 2897 696 2952 sicut
725 2895 974 2951 homzncs
1007 2894 1296 2950 morimini
1319 2901 1372 2949 et
1401 2894 1548 2948 sicut
1575 2908 1720 2947 unus
1749 2893 1823 2948 de
1849 2894 2008 2964 prin-

349 2987 564 3058 cipibus
595 2985 797 3041 ceditis
828 2984 1089 3048 ".Quare
1121 2982 1306 3038 multo
1339 2981 1680 3055 praeclarius
1713 2986 1802 3038 est
1829 2981 2012 3054 virgi-

352 3093 486 3132 nem
519 3093 638 3132 suaa
669 3074 861 3147 ipsius
893 3073 1190 3130 securitati
1223 3071 1624 3145 providentem
1670 3076 1728 3128 et
1758 3071 2007 3128 aliorum

349 3165 778 3223 offendiculum
805 3162 1398 3235 caventem,undique
1427 3161 1501 3218 ab
1533 3161 1693 3218 omni
1725 3178 2010 3219 commer-

350 3256 790 3328 cio-prudenter
838 3255 1168 3325 sejunctam
1215 3268 1344 3308 esse
1377 3268 1390 3306 :
1424 3251 1508 3307 ita
1536 3255 1602 3307 ut
1648 3251 1817 3308 malit
1846 3252 2008 3308 inur-

349 3345 630 3401 banitatis
677 3343 1167 3416 reprehensiones
1219 3341 1529 3409 sustinere,
1565 3357 1742 3413 quam
1792 3341 1865 3396 ad
1913 3358 2010 3398 vo-

349 3433 638 3507 luptatem
683 3437 784 3488 aut
833 3433 1168 3505 aliquorum
1222 3432 1510 3488 damnum
1562 3429 1825 3487 abstrahi
1865 3455 1881 3500 ς
1941 3447 2008 3488 ac

347 3527 557 3579 catera
586 3522 824 3594 quidem
855 3521 1052 3578 omnia
1083 3521 1391 3594 despiciat,
1424 3521 1617 3578 solum
1667 3524 1864 3576 autem
1898 3525 2007 3576 Do-

347 3611 575 3668 minum
607 3626 841 3684 semper
871 3611 1257 3678 intueatur,et
1289 3610 1514 3683 angelis
1540 3609 2009 3682 mqualemﬁnter

343 3701 576 3758 feminae
634 3705 691 3756 et
749 3700 998 3756 masculi
1055 3700 1423 3767 discrimina,
1458 3699 1816 3771 integritatis
1877 3699 2004 3771 pul-

347 3791 770 3862 chritudinem,
831 3807 864 3844 a
914 3789 1186 3862 praesenti
1238 3789 1356 3844 vita
1423 3788 1492 3843 ad
1546 3787 2006 3859 regenerationis

345 3897 554 3948 aevum,
588 3877 1002 3934 intaminatam
1033 3879 1161 3950 jam
1215 3895 1372 3933 nunc
1425 3878 1714 3933 ostendat.
1747 3877 2005 3950 Virgini-

344 3973 435 4025 tas
462 3968 618 4024 enim
651 3969 829 4024 vitam
881 3972 1141 4024 nostram
1178 3967 1247 4022 de
1296 3967 1672 4039 corruptione
1713 3966 1783 4021 ad
1817 3967 2005 4021 incor-

345 4058 679 4131 ruptionem
715 4055 960 4129 colligit.

411 4149 502 4204 53.
538 4146 714 4203 Primi
745 4146 903 4202 enim
936 4145 1205 4201 homines
1240 4162 1306 4201 ex
1353 4144 1568 4216 parvis,
1601 4149 1666 4200 ut
1710 4145 1851 4215 dixi,
1913 4161 2003 4201 se-

341 4239 602 4295 minibus
634 4254 736 4310 per
766 4241 1006 4292 mutuas
1029 4236 1268 4306 nuptias
1312 4239 1495 4291 totam
1522 4235 1863 4291 hominibus
1894 4239 2005 4290 ter-

341 4346 467 4383 ram
517 4327 908 4398 repleverunt.
947 4324 1272 4396 Virginitas
1302 4327 1496 4380 autem
1532 4340 1599 4380 ea
1631 4340 1758 4395 quae
1791 4324 1849 4378 in
1882 4329 2002 4381 toto

339 4418 477 4473 orbe
509 4433 610 4487 per
640 4415 958 4488 voluptatis
998 4415 1236 4487 nuptias
1264 4418 1392 4469 sata
1413 4414 1594 4481 fuere,
1628 4413 1688 4468 in
1722 4412 2002 4470 cmlorum

339 4507 551 4562 horrea
571 4504 817 4578 eolligit.
854 4504 1016 4560 Hanc
1060 4504 1216 4560 enim
1241 4519 1602 4575 eorum,qua:
1629 4503 1700 4559 ad
1735 4504 1998 4560 incorru-

339 4597 598 4669 ptionem
632 4599 763 4649 sata
794 4598 954 4662 sunt,
976 4593 1384 4650 collectionem
1414 4592 1686 4649 indicans
1714 4594 2002 4652 Dominus

337 4684 606 4742 dicebat:
636 4685 826 4740 Levatc
861 4682 1047 4738 oculos
1077 4691 1278 4740 vestros
1307 4690 1356 4738 el
1389 4682 1566 4739 videte
1596 4685 1850 4753 regiones
1868 4686 2002 4756 quia

329 4777 450 4848 jam
481 4773 628 4831 albae
656 4776 782 4829 sunt
829 4771 899 4827 ad
928 4787 1155 4828 messem
1181 4773 1245 4826 ⁸⁵⁸.
1281 4771 1424 4827 Nam
1457 4789 1593 4827 cum
1634 4777 1792 4851 terra
1836 4773 2001 4844 prius

2125 2563 2206 2598 σει
2254 2547 2352 2614 τῆς
2401 2545 2691 2621 παρθενίας
2747 2547 3011 2624 γενέσθαι,
3072 2546 3279 2612 ἰδόντες
3336 2551 3432 2612 τὰς
3492 2551 3784 2626 θυγατέρας

2120 2636 2229 2686 τῶν
2264 2634 2560 2708 ἅνθρώπων
2623 2633 2704 2690 ὅτι
2754 2635 2941 2711 καλαὶ,
2987 2638 3123 2714 πρὸς
3148 2638 3311 2700 αὐτὰς
3359 2635 3451 2694 διὰ
3494 2644 3600 2695 τῶν
3653 2659 3779 2715 σαρ-

2118 2721 2214 2782 κὸς
2239 2719 2456 2790 ἡδονῶν
2522 2719 2824 2792 καταϐῶσι,
2884 2726 2973 2780 καὶ
3019 2727 3162 2802 ῥηθῇ
3221 2728 3421 2790 αὐτοῖς*
3453 2729 3601 2802 Ἐγὼ
3633 2727 3776 2783 εἷπα’

2119 2807 2241 2863 Θεοί
2305 2807 2420 2864 ἐστε
2495 2810 2587 2866 καὶ
2663 2813 2772 2866 υἱοὶ
2858 2813 3108 2886 Ὑψίστου
3191 2814 3404 2876 πάντες.
3482 2818 3663 2887 Ὑμεῖς
3723 2814 3780 2870 δὶ

2119 2895 2204 2952 ἐπὶ
2260 2899 2327 2954 τὰ
2383 2901 2578 2975 σαρκὸς
2636 2897 2747 2955 ἴδια
2798 2898 2964 2955 πάλιν
3027 2900 3510 2974 ὑπολισθήσαντες,
3553 2903 3629 2964 ὡς
3688 2900 3776 2956 ἄν·

2121 2998 2330 3063 θρωποι
2391 2988 2800 3062 άποθνήσκετε,
2880 2991 2970 3044 καὶ
3045 2991 3120 3053 ὡς
3187 2990 3262 3053 εἷς
3331 2995 3437 3046 τῶν
3490 2991 3773 3067 ἀρχόντων

2118 3076 2358 3134 πίπτετε.
2441 3081 2602 3134 ’Ώστε
2675 3079 2875 3152 πολλῷ
2945 3078 3176 3135 κάλλιον
3233 3082 3332 3151 τὴν
3393 3080 3660 3157 παρθένον
3716 3080 3778 3135 τὸ

2118 3167 2355 3243 ἁσφαλὶς
2406 3168 2567 3244 ἑαυτῇ
2622 3168 2716 3224 καὶ
2760 3168 3106 3242 ἀπρόσκοπον
3154 3173 3262 3224 τῶν
3320 3168 3574 3245 ὁρώντων
3635 3189 3772 3245 πρα-

2115 3256 2548 3333 γματευομένην,
2627 3259 2964 3334 πανταχόθεν
3042 3258 3394 3330 ἀνεπίμικτον
3462 3259 3614 3313 εἶναι’
3689 3259 3774 3312 αἱ·

2117 3347 2391 3422 ρουμὲνην
2420 3347 2514 3409 τὰς
2543 3347 2630 3402 ἐπὶ
2679 3352 2759 3420 τῷ
2817 3344 3013 3419 άδεξίῳ
3075 3346 3308 3422 μέμψεις
3371 3346 3676 3424 βαστάζειν,
3739 3347 3773 3417 ἢ

2117 3435 2254 3512 πρὸς
2311 3435 2519 3505 ἡδονὴν
2571 3435 2660 3491 καὶ
2698 3431 2910 3510 βλάϐην
2941 3440 3101 3491 τινῶν
3166 3436 3546 3514 ὑποσύρεσθαι·
3603 3437 3776 3491 πάντα

2123 3526 2217 3599 μὶν
2251 3524 2316 3581 τὰ
2371 3525 2545 3581 λοιπά
2601 3530 2948 3603 παρορῶσαν,
3013 3527 3162 3599 μόνῳ
3221 3523 3278 3580 δὲ
3328 3531 3409 3598 τῷ
3455 3526 3646 3600 Κυρίῳ
3703 3521 3772 3580 δι’

2119 3613 2252 3670 ὅλου
2318 3611 2718 3689 ἐμϐλέπουσανο
2777 3617 2867 3670 καὶ
2924 3616 2987 3671 τὸ
3045 3615 3104 3670 ἐκ
3156 3620 3254 3670 τοῦ
3313 3615 3512 3686 θήΛεός
3569 3635 3628 3670 τε
3683 3614 3774 3669 καὶ

2117 3702 2339 3782 ἄρρενος
2410 3704 2695 3782 ίσάγγελον
2753 3713 2854 3782 τῆς
2913 3705 3175 3780 ἀφθορίας
3229 3703 3436 3768 κάλλος
3497 3705 3601 3759 άπὸ
3658 3704 3771 3777 (10)

2113 3791 2209 3850 τοῦ
2257 3795 2524 3870 παρόντος
2586 3792 2712 3870 βίου.
2767 3794 2842 3856 sic
2901 3794 2992 3850 τὸν
3025 3800 3124 3863 τῆς
3158 3793 3571 3872 παλιγγενεσίας
3605 3792 3774 3848 αἰῶνα

2115 3881 2385 3960 ἄχραντον
2428 3883 2664 3940 ἐντεῦσεν
2699 3882 2808 3954 ἤδη
2844 3881 3144 3940 δεικνῦσαν.
3191 3883 3416 3961 Συνάγει
3475 3884 3574 3960 γὰρ
3608 3885 3766 3956 ἡμῶν

2116 3973 2177 4029 ἐκ
2203 3980 2303 4044 τῆς
2365 3974 2568 4052 φθορᾶς
2619 3973 2694 4036 εἰς
2749 3975 2848 4042 τὴν
2910 3972 3210 4050 ἀφθαρσίαν
3265 3975 3299 4042 ἠ
3360 3973 3626 4049 παρθενία
3677 3971 3768 4025 τὸν

2118 4062 2260 4138 βίον.

2182 4154 2275 4209 54.
2335 4151 2401 4209 Οἱ
2457 4152 2559 4228 γὰρ
2622 4155 2826 4227 πρῶτοι
2860 4151 2909 4224 ἑξ
2945 4147 3170 4227 ὀλίγων,
3230 4151 3360 4226 ὅπερ
3420 4147 3577 4224 ἔφην,
3609 4169 3769 4222 σπερ-

2117 4241 2299 4314 μάτων
2353 4246 2468 4302 τοῖς
2529 4239 2613 4294 ἐπ’
2666 4237 2942 4311 ἀλλήλοις
2971 4239 3172 4315 γάμοις
3199 4241 3298 4309 τήν
3330 4247 3431 4317 γῆν
3491 4239 3772 4316 ἀνθρωπό-

2109 4351 2275 4400 τητος
2306 4329 2442 4400 ὅλην
2491 4331 2870 4405 κατέσπειραν.
2901 4333 2961 4386 Ἦ
3013 4327 3070 4384 δὶ
3124 4331 3190 4384 τὰ
3247 4329 3380 4385 κατὰ
3436 4334 3607 4384 πᾶσαν
3663 4335 3769 4404 γῆν

2114 4415 2202 4474 διὰ
2225 4423 2325 4485 τῆς
2379 4424 2485 4475 τῶν
2531 4419 2722 4496 γάμων
2775 4416 2982 4490 ἡδονῆς
3044 4418 3354 4493 ἐσπαρμένα
3410 4419 3487 4484 εἰς
3541 4419 3609 4475 τὰ
3663 4423 3769 4473 τῶν

2113 4507 2356 4582 οὐρανῶν
2437 4511 2718 4580 ἀποθήκας
2772 4508 3007 4585 συνάγει.
3070 4508 3285 4579 Ταύτην
3348 4509 3450 4585 γὰρ
3507 4509 3605 4578 τὴν
3662 4513 3772 4564 τῶν

2112 4598 2463 4675 ἰσπαρμένων
2525 4598 2600 4661 εἷς
2660 4598 2958 4675 ἀφθαρσίαν
3016 4600 3334 4672 συναγωγὴν
3392 4597 3768 4672 α’ίνιττόμενος

2110 4689 2138 4744 ὁ
2195 4688 2398 4763 Κύριος
2460 4685 2666 4765 ἔλεγεν·
2716 4686 2984 4762 Ἐπάρατε
3037 4687 3169 4748 τοὺς
3226 4685 3551 4765 ἀφθαλμοὺς
3613 4688 3767 4761 ὑμῶν

2109 4779 2198 4833 καὶ
2263 4775 2430 4847 Ἶδετε,
2520 4779 2603 4832 δσι
2682 4775 2791 4847 ἤδη
2870 4777 2926 4831 αἱ
2987 4781 3168 4852 χῶραι
3227 4775 3415 4831 λευκαί
3468 4775 3569 4830 είσι
3628 4776 3768 4850 πρὸς

335 4864 545 4922 incolis
599 4879 829 4933 carens,
863 4861 1130 4918 habitata
1177 4861 1454 4934 deinceps
1502 4861 1737 4928 fuisset,
1790 4863 1996 4920 videns

2119 4867 2381 4945 )ερισμόν.
2452 4869 2697 4938 Ἃπάσης
2744 4866 2846 4942 γὰρ
2903 4869 3002 4931 τῆς
3060 4867 3185 4939 πρὶν
3249 4867 3531 4935 ἀοικήτου,
3591 4864 3773 4920 οἴκου-

339 4955 620 5012 Dominus
654 4961 853 5010 noster
881 4951 1199 5026 plurimam
1227 4951 1347 5024 iam
1378 4966 1507 5007 esse
1539 4950 1848 5007 hominum
1877 4954 1996 5025 spi-

335 5063 464 5103 cam
496 5062 561 5102 ac
591 5045 812 5101 fetibus
844 5044 906 5100 in
937 5042 1098 5100 omni
1144 5041 1380 5115 regione
1423 5041 1747 5114 gravidam,
1782 5041 1994 5100 harum

335 5136 634 5209 spicarum
666 5134 1128 5208 colligendarum
1144 5133 1271 5204 jam
1293 5135 1530 5204 tempus
1552 5146 1682 5187 esse
1709 5131 1990 5190 decernit.

332 5228 523 5293 Quare
551 5225 880 5298 virginitas,
913 5241 1048 5283 cum
1103 5223 1428 5279 secundum
1463 5225 1734 5278 naturam
1774 5223 1991 5296 perspi-

333 5316 468 5386 ciat,
493 5315 998 5386 quemadmodum
1017 5314 1088 5370 ad
1109 5315 1458 5385 praesentem
1482 5309 1663 5366 vitam
1691 5311 1990 5369 ferendam

332 5404 722 5463 humanitatis
753 5406 981 5462 semina
1012 5420 1115 5478 per
1146 5401 1492 5475 nuptiarum
1522 5399 1878 5474 voluptatem
1904 5404 1994 5475 ja-

2111 4957 2273 5032 μὲνης
2307 4956 2500 5012 λοιπὸν
2561 4957 2864 5032 γενομένης
2921 4953 3098 5010 πολὺν
3136 4953 3244 5026 ἤδη
3303 4955 3393 5010 τὸν
3420 4960 3528 5010 τῶν
3562 4955 3768 5031 ἀνθρώ-

2106 5068 2222 5102 πων
2284 5047 2486 5122 στάχυν
2546 5047 2633 5101 καὶ
2691 5047 2950 5122 βρίθοντα
3004 5051 3123 5110 τοῖς
3165 5044 3408 5121 ἐκγόνοις
3467 5046 3604 5101 κατὰ
3659 5051 3766 5100 πᾶν

2105 5136 2282 5210 κλίμα
2349 5138 2376 5191 ὁ
2437 5135 2632 5212 Κύριος
2689 5138 2851 5209 ἡμῶν
2912 5132 3096 5201 εἰδὼς,
3153 5141 3475 5212 συναγωγῆς
3504 5139 3610 5189 τῶν
3640 5155 3770 5190 στα-

2106 5224 2257 5302 χύων
2315 5224 2520 5280 τούτων
2574 5225 2762 5303 καιρὸν
2809 5226 2940 5280 εἶναι
2975 5222 3173 5280 λοιπὸν
3233 5221 3540 5297 δοκιμάζει.
3571 5225 3770 5298 Διόπερ

2103 5317 2138 5384 ἡ
2188 5312 2446 5390 παρθενία
2502 5315 2640 5370 κατᾶ
2697 5315 2855 5393 φύσιν
2932 5312 3259 5389 γνωρίσασα,
3307 5312 3389 5369 ὅτι
3450 5314 3632 5389 ὥσπερ
3688 5314 3770 5377 είς

2102 5405 2204 5474 τὴν
2260 5408 2356 5460 τοῦ
2415 5405 2684 5481 παρόντος
2723 5406 2847 5476 βίου
2901 5403 3104 5480 σπορὰν
3138 5401 3228 5460 διὰ
3281 5410 3380 5474 τῆς
3433 5409 3540 5460 τῶν
3569 5403 3769 5481 γάμων

404 5549 451 5587 ⁵³
480 5547 606 5606 Gal.
642 5565 704 5616 ιι,
738 5549 825 5605 16.
901 5547 948 5586 ⁸⁸
979 5551 1148 5604 Rom.
1175 5563 1278 5620 vn,
1305 5547 1360 5603 9.
1437 5548 1482 5586 ⁸⁸
1512 5547 1656 5607 ibid.
1692 5547 1779 5605 14.
1856 5548 1900 5586 ⁸⁸
1927 5552 2005 5607 Ge

2119 5567 2172 5623 η,
2206 5553 2261 5607 2.
2340 5552 2382 5588 ⁸⁷
2415 5549 2568 5610 Psal.
2600 5566 2791 5620 LXXXI,
2823 5550 2876 5618 6,
2908 5550 2964 5603 7.
3041 5549 3084 5586 ³⁸
3115 5549 3284 5607 Joan.
3319 5567 3396 5620 Iv,
3426 5550 3514 5606 35.

407 5693 521 5767 (10)
549 5691 710 5751 Ἀπό.
742 5692 837 5749 Sic
869 5708 1012 5748 mss.
1046 5708 1166 5748 sex.
1198 5691 1377 5766 Editi,
1409 5691 1532 5751 ὑπό.
