4124 6354
339 422 460 483 ⁸777

1577 420 1812 481 LIBER
1855 417 1958 478 DE
1999 416 2534 480 VIRGINITATE.

3654 416 3774 482 778

336 551 541 623 ἡδονῆς
595 553 664 608 τὰ
741 552 1023 626 σπέρματα
1096 556 1198 620 τῆς
1284 551 1705 627 ἆνθρωποτητος
1766 543 1980 604 κατεϐά·

2109 553 2200 605 cta
2231 555 2391 613 sunt,
2422 551 2503 606 ita
2531 552 2603 606 ad
2636 552 2895 606 futuram
2925 550 3107 606 vitam
3130 549 3359 607 semina
3383 551 3512 606 vitae
3544 555 3760 609 nostra!

337 640 487 711 λετο,
537 640 679 696 οὕτω
733 641 821 696 καὶ
875 640 952 703 εἲς
999 641 1090 695 τὸν
1122 639 1235 695 ἐκεῖ
1269 639 1388 716 βίον
1441 641 1511 695 τὰ
1568 638 1850 714 σπέρματα
1900 642 2000 693 τοῦ

339 731 458 807 βίου
490 732 652 804 ἡμῶν
700 728 791 785 διὰ
834 736 936 800 τῆς
986 728 1252 808 ἀφθορίας
1300 729 1536 784 ἐντεῦθεν
1583 727 1692 800 ἤδη
1726 724 1998 784 καταϐάλ-

337 818 542 889 λεσθαι,
579 817 868 888 σπουδάζει
919 817 988 873 δι’
1039 820 1234 889 ἑαυτῆς
1277 819 1487 893 καθαρὰ
1532 821 1598 872 τὰ
1646 825 1743 888 τῆς
1792 819 2002 897 ἀφθαρ-

340 910 458 972 σίας
512 911 794 985 σπέρματα
842 909 978 984 πρὸς
1029 909 1120 963 τὸν
1173 905 1446 983 ἄφθαρτον
1500 907 1618 984 βίον
1665 907 1744 980 τῷ
1775 912 2002 984 γεωργῷ

340 999 666 1074 εὐτρεπίζειν
747 1000 859 1072 (11)
895 1017 908 1030 ·
984 998 1411 1074 ἀναχαιτίζουσα
1485 997 1581 1070 μὲν
1669 997 2002 1068 εὐτονωτὲρᾳ

336 1097 435 1160 τῆς
493 1087 790 1166 ἀφθαρσίας
842 1086 991 1164 χειρὶ
1050 1085 1424 1164 ἀντιστρόφως
1472 1088 1573 1156 τήν
1603 1090 1711 1141 τῶν
1759 1085 1999 1156 θηλειῶν

339 1179 606 1252 σωμάτων
687 1177 919 1252 φυσικὴν
1002 1177 1139 1251 πρὸς
1220 1177 1289 1231 τὰ
1373 1173 1568 1252 ἄρρενα
1650 1172 1996 1249 συμπλοκήν·

337 1267 532 1331 ἅπαθεῖ
585 1264 642 1322 δὲ
696 1263 923 1340 δυνάμει
975 1265 1038 1320 τὺ
1087 1271 1204 1329 καθ’
1254 1265 1450 1336 ἑαυτὴν
1501 1262 1708 1326 κάλλος
1764 1269 1842 1337 τῷ
1897 1271 2000 1334 τῆς

336 1355 753 1433 παλιγγενεσίας
856 1354 1014 1410 αἰῶνι
1122 1354 1503 1431 λαμπρότερον
1587 1355 1951 1426 ὲτοιμάζουσα
1984 1397 1998 1411 .

326 1440 641 1522 Προὲλαϐον
718 1448 850 1520 γοῦν
925 1445 1124 1520 ἀρετῆς
1202 1444 1594 1520 κατορθώματι
1651 1442 1704 1497 αἰ
1737 1442 2001 1517 παρθένοι

328 1536 391 1591 τὸ
452 1533 660 1609 μέλλον
723 1533 776 1590 ἐν
824 1537 895 1608 τῇ,
945 1530 1339 1610 παλιγγενεσία
1387 1529 1477 1588 διὰ
1521 1539 1619 1603 τῆς
1668 1536 1779 1588 τῶν
1811 1533 2000 1606 σωμά-

331 1645 438 1680 των
493 1624 891 1697 ἐξαναστάσεως
961 1617 1278 1696 μεταϐολῆς
1335 1622 1527 1685 αὐταῖς
1585 1619 1811 1696 δυνάμει
1868 1625 2001 1676 Θεοῦ

330 1714 747 1789 κατορθοῦσθαι.
797 1713 1068 1767 Ἐντεῦθεν
1117 1708 1261 1783 ἤδη,
1323 1710 1396 1773 ὡς
1457 1711 1511 1766 οἱ
1558 1708 1824 1786 ἄγγελοι,
1879 1710 2002 1765 οὕτε

329 1807 592 1880 γαμοῦσιν
655 1799 779 1858 οὔτε
826 1802 1175 1879 γαμίζονται,
1236 1797 1385 1854 ἀίκλᾶ
1443 1800 1535 1854 καὶ
1584 1803 1772 1875 ψυχῆς
1810 1800 2000 1873 ἀρετῇ,

330 1892 420 1947 καὶ
499 1893 754 1965 σώματος
825 1889 1064 1966 ἀφθορίᾳ
1121 1887 1406 1965 ἰσάγγελοι
1466 1887 1615 1943 οὖσαι
1653 1933 1665 1946 .

2111 639 2249 695 hinc
2273 641 2396 711 jam
2433 657 2536 712 per
2562 640 2957 712 integritatem
2987 640 3128 711 jaci,
3161 643 3408 695 conatur
3447 657 3550 713 per
3579 658 3768 698 seme-

2111 729 2326 801 tipsam
2362 745 2511 801 pura
2555 729 2909 802 integritatis
2958 729 3188 785 semina
3231 731 3302 785 ad
3353 729 3759 803 incorruptam

2108 818 2287 873 vitam
2320 817 2588 890 agricola:
2628 835 2987 890 praeparare;
3019 817 3212 873 valida
3242 818 3481 890 quidem
3528 819 3765 892 integri.

2109 909 2251 962 tatis
2283 924 2464 963 manu
2498 913 2821 963 retrorsum
2861 907 3102 965 trahens
3134 909 3285 964 667
3320 908 3651 965 naturalem
3683 910 3766 966 fe-

2112 997 2405 1052 minarum
2456 1013 2592 1051 cum
2649 995 2930 1052 masculis
2977 997 3369 1069 complexum,
3399 997 3617 1054 virtute
3665 1015 3766 1054 au-

2109 1089 2227 1140 tem
2261 1085 2582 1140 aﬂectionis
2627 1089 2860 1154 experte
2909 1101 3077 1139 suam
3122 1085 3311 1156 ipsius
3360 1085 3764 1159 pulchritudi-

2110 1189 2246 1228 nem
2278 1173 2739 1245 regenerationis
2771 1189 2886 1228 revo
2935 1174 3391 1244 splendidiorem
3422 1193 3660 1248 parans.
3694 1178 3760 1232 In

2109 1267 2481 1318 antecessum
2529 1279 2667 1335 ergo
2715 1262 2950 1318 virtutis
3001 1263 3208 1318 merito
3256 1263 3511 1336 virgines
3559 1281 3761 1321 conse-

2110 1359 2258 1408 cutae
2288 1357 2449 1419 sunt,
2482 1355 2547 1407 ut
2589 1353 2786 1406 futura
2818 1351 2877 1406 in
2929 1354 3368 1422 regeneratione
3417 1369 3518 1425 per
3566 1371 3763 1410 resur-

2110 1441 2428 1497 rectionem
2479 1457 2787 1512 corporum
2840 1441 3109 1511 mutatio,
3146 1441 3241 1495 Dei
3275 1439 3490 1498 virtute
3519 1441 3580 1497 in
3609 1443 3756 1514 ipsis

2111 1531 2508 1604 perﬁceretur.
2543 1531 2646 1586 Hic
2677 1529 2835 1586 enim
2866 1534 3151 1601 tanquam
3183 1529 3396 1602 angeli,
3430 1546 3620 1603 neque
3652 1548 3761 1586 nu-

2111 1623 2260 1677 bunt
2299 1636 2487 1692 neque
2545 1620 2870 1686 nubuntur,
2905 1619 3007 1675 sed
3063 1622 3119 1674 et
3173 1618 3383 1675 animas
3438 1618 3653 1675 virtute
3704 1623 3763 1676 et

2109 1711 2371 1782 corporis
2403 1710 2737 1782 integritate
2783 1708 3039 1780 aequales
3073 1708 3298 1780 angelis
3327 1712 3466 1764 sunt
3496 1709 3561 1765 ⁵⁸.
3595 1709 3758 1775 Quod

2111 1804 2304 1856 autem
2335 1798 2823 1855 voluitDominus
2853 1804 3052 1854 noster
3082 1802 3147 1854 ut
3177 1815 3377 1854 semen
3407 1797 3760 1870 incorruptae

1739 1886 1838 1942 Καὶ
1913 1887 1995 1943 ὅτι
2025 1926 2073 1991 Β
2106 1888 2233 1944 vitae
2250 1889 2553 1961 virginitas
2584 1905 2614 1943 e
2642 1892 2799 1944 terra
2822 1889 2880 1943 in
2901 1888 3110 1944 coelum
3129 1887 3478 1944 mirabiliter
3507 1887 3763 1944 mittere-

329 1981 546 2056 σπὲρμα
591 1982 688 2033 τοῦ
735 1978 1012 2054 ἀφθάρτου
1065 1977 1186 2053 βίου
1236 1978 1336 2046 τὴν
1387 1975 1675 2052 παρθενίαν
1709 1977 1736 2031 ὁ
1786 1977 1980 2052 Κύριος

2102 1978 2346 2049 tur,jam
2379 1981 2580 2032 nostra
2608 1993 2852 2048 corpora
2879 1976 3230 2049 integritatis
3252 1975 3757 2048 pulchritudinem

329 2070 493 2139 ἡμῶν
550 2066 612 2122 ἐκ
661 2073 767 2142 γῆς
827 2065 903 2128 εἷς
961 2065 1185 2141 οὐρανὸν
1257 2064 1576 2141 παραδόξως
1635 2067 1985 2139 πεμπόμενον

328 2152 607 2228 ἐϐουλήθη
663 2155 931 2231 γενέσθαι,
985 2153 1361 2228 ὲμμελετῆσαι
1428 2155 1496 2209 τὰ
1553 2154 1782 2228 σώματα
1827 2157 1988 2227 ἡμῶν

323 2246 386 2301 τὸ
442 2253 542 2316 τῆς
604 2245 862 2324 ἀφθορίας
922 2242 1132 2307 κάλλος
1207 2241 1296 2299 διὰ
1367 2249 1468 2314 τῆς
1523 2248 1632 2299 τῶν
1706 2244 1984 2318 παρθένων

323 2334 590 2413 ἀφθορίας
642 2333 751 2404 ἥδη
815 2333 1072 2404 θελήσας,
1135 2331 1302 2403 δῆλόν
1363 2333 1504 2388 ἐστιν
1575 2333 1626 2404 ἐξ
1684 2331 1758 2388 ὧν
1814 2333 1987 2388 πάντα

323 2429 403 2498 τῷ
433 2420 590 2498 νόμῳ
620 2425 858 2486 πεισθεὶς
914 2422 1078 2495 μόνον
1127 2423 1217 2478 τὸν
1276 2425 1450 2499 γάμον
1507 2421 1790 2480 ἀπείπατο.
1834 2421 1984 2479 Ἔδει

323 2515 424 2590 γὰρ
458 2513 508 2584 ἐξ
566 2515 809 2591 ἀφθόρου
867 2513 1133 2589 παρθένου
1191 2510 1426 2590 ἄφθορον
1479 2513 1566 2566 καὶ
1629 2512 1764 2566 κατὰ
1817 2511 1986 2586 σάρκα

323 2604 606 2678 τεχθέντα,
689 2598 831 2675 μηδὲ
903 2607 1003 2670 τῆς
1061 2600 1197 2656 κατὰ
1259 2600 1349 2655 τὸν
1427 2599 1605 2676 γάμον
1659 2603 1984 2678 πειραθῆναι

329 2696 552 2767 φθορᾶςο
587 2690 688 2746 οὐκ
744 2690 850 2745 ἀπὸ
910 2690 1149 2768 ἀφθόρου
1209 2694 1385 2766 φθορᾷ
1443 2693 1548 2763 (12)
1595 2690 1846 2764 σώματος
1895 2688 1986 2745 διὰ

327 2785 423 2835 τοῦ
465 2782 665 2856 γάμου,
729 2777 856 2836 ἀλλ’
906 2778 1013 2833 ἀπὸ
1069 2777 1419 2857 ἐφθαρμένων
1476 2784 1595 2840 τοῖς
1653 2778 1856 2855 γάμοις
1911 2783 1981 2856 τῇ

326 2869 462 2924 κατᾶ
515 2869 670 2947 φύσιν
733 2868 964 2948 ἀφθορίᾳ
1022 2870 1183 2942 ἡμῶν
1246 2867 1713 2943 ὑπηρετούμενον·
1768 2867 1857 2923 καὶ
1909 2871 1984 2934 ὡς

325 2958 354 3012 ὁ
410 2956 586 3032 Ἀδὰμ
638 2958 856 3034 σπὲρμα
919 2955 1008 3012 διὰ
1062 2964 1162 3027 τῆς
1216 2961 1322 3011 τῶν
1379 2956 1571 3032 γάμων
1630 2955 1832 3026 ἡδονῆς
1885 2961 1981 3011 τοῦ

321 3044 592 3123 παρόντος
652 3047 776 3122 βίου
846 3045 1055 3120 ἐγένετο
1090 3088 1104 3114 ,
1167 3045 1339 3108 οὕτως
1394 3044 1553 3100 αὐτὸν
1615 3047 1832 3119 σπέρμα
1882 3049 1978 3099 τοῦ

322 3135 623 3209 μέλλοντος
703 3135 903 3196 αἰῶνος
986 3131 1075 3188 διὰ
1149 3139 1248 3203 τῆς
1302 3133 1440 3187 κατᾶ
1512 3134 1613 3201 τὴν
1682 3132 1976 3208 παρθενίαν

314 3224 610 3302 ἀφθαρσίας
667 3225 956 3299 γενέσθαι·
1008 3220 1083 3276 'lv'
1141 3222 1215 3284 ὡς
1268 3220 1457 3295 ἐκείνῳ
1509 3219 1598 3277 διὰ
1625 3226 1732 3277 τῶν
1782 3221 1972 3297 γάμων

2099 2084 2202 2140 per
2229 2067 2526 2138 virginum
2553 2066 2956 2138 integritatem
2990 2065 3260 2121 meditari
3291 2064 3582 2133 volens,id
3616 2067 3760 2123 inde

2097 2158 2275 2226 patet,
2312 2156 2467 2226 quod
2499 2170 2632 2208 cum
2667 2154 2726 2208 in
2757 2153 3034 2208 omnibus
3067 2151 3178 2224 legi
3212 2151 3756 2224 paruerit,nuptias

2097 2243 2376 2299 renuerit.
2408 2243 2720 2314 Opertebat
2749 2242 2929 2309 enim,
2962 2246 3027 2296 ut
3056 2258 3126 2296 ex
3152 2241 3494 2312 incorrupta
3521 2239 3754 2312 virgine

2097 2333 2474 2405 incorruptus
2524 2333 2700 2388 etiam
2750 2347 2921 2386 carne
2963 2329 3218 2403 genitus,
3248 2345 3356 2385 nec
3405 2329 3750 2402 nuptiarum

2097 2422 2458 2494 experiretur
2503 2421 2936 2494 corruptionem
2973 2436 2986 2476 ;
3021 2419 3235 2492 quippe
3282 2435 3418 2474 cum
3450 2435 3556 2474 nec
3587 2419 3752 2491 geni-

2093 2516 2221 2568 tum
2253 2528 2321 2567 ex
2368 2511 2729 2582 incorrupta,
2761 2510 3023 2582 corporis
3072 2526 3174 2581 per
3228 2508 3466 2580 nuptias
3511 2524 3750 2580 corrup-

2092 2601 2238 2656 tioni
2266 2601 2504 2667 servire,
2529 2617 2720 2673 neque
2750 2600 2927 2656 etiam
2959 2616 3028 2654 ex
3049 2599 3340 2670 corruptis
3371 2597 3750 2653 matrimonio

2094 2690 2436 2746 hominibus
2487 2694 2692 2745 natum
2743 2693 2952 2745 nostrae
2985 2688 3310 2744 secundum
3353 2691 3629 2743 naturam
3661 2687 3752 2742 in-

2093 2779 2454 2852 corruptioni
2489 2781 2718 2836 deceret
2748 2779 3107 2834 ministrare.
3136 2778 3206 2832 Et
3243 2777 3755 2848 quemadmodum

2098 2870 2283 2924 Adam
2318 2884 2518 2925 semen
2551 2868 3012 2940 praesentis‘vitaa
3045 2883 3148 2938 per
3175 2865 3519 2938 nuptiarum
3550 2865 3756 2937 volup-

2089 2961 2273 3014 tatem
2320 2957 2582 3025 exstitit;
2614 2957 2697 3012 ita
2735 2961 2791 3012 et
2834 2972 2969 3012 eum
3019 2971 3220 3011 semen
3269 2954 3452 3010 futuri
3503 2954 3606 3010 avi
3643 2970 3754 3026 per

2087 3046 2442 3118 virginitatis
2488 3045 2886 3117 integritatem
2941 3060 3072 3100 esse
3124 3043 3449 3115 oportebat,
3494 3047 3560 3099 ut
3607 3059 3754 3114 que-

2088 3135 2472 3190 madmodum
2518 3135 2806 3190 Adamum
2839 3133 3027 3190 secuti
3064 3149 3297 3198 sumus,
3330 3131 3431 3204 qui
3467 3148 3570 3204 per
3599 3149 3748 3206 nup-

2085 3223 2200 3279 tias
2229 3223 2554 3280 humanam
2585 3223 2644 3277 in
2676 3229 2833 3279 terra
2859 3223 3042 3279 vitam
3073 3220 3407 3288 seminavit,
3429 3221 3511 3278 ita
3540 3221 3748 3278 Domi-

314 3295 590 3389 σπείραντι
624 3295 738 3387 (i3)
785 3312 1086 3387 ἀνθρώπων
1137 3311 1227 3366 τὸν
1279 3309 1367 3365 ἐπὶ
1416 3317 1520 3386 γῆς
1576 3312 1695 3387 βίον
1733 3295 1972 3381 ἠκολου-

2093 3329 2252 3381 num,
2315 3313 2415 3384 qui
2485 3330 2588 3385 per
2635 3312 2974 3384 virginalem
3026 3312 3423 3383 integritatem
3481 3311 3744 3368 futurum

314 3404 576 3477 θήσαμεν,
609 3402 750 3456 οὕτω
780 3406 862 3474 τῷ
915 3401 1098 3475 Κυρίῳ
1148 3396 1237 3456 διὰ
1282 3406 1382 3470 τῆς
1427 3401 1758 3475 παρθενικῆς
1797 3401 1970 3476 ἀφθο-

314 3489 432 3568 ρίας
488 3491 766 3567 σπείραντι
823 3490 914 3545 τὸν
968 3488 1081 3544 ἐκεῖ
1141 3488 1333 3561 αἶ’ὧνα,
1394 3489 1679 3568 φρονίμως
1733 3488 1972 3545 ἀκολου-

310 3582 562 3654 θήσωμεν
598 3621 612 3636 .
674 3579 740 3637 Ei’
796 3577 854 3634 δὶ
913 3580 990 3652 μὴ
1049 3576 1108 3634 ἐκ
1163 3579 1448 3654 παρὲργου
1519 3578 1609 3634 καὶ
1666 3579 1803 3633 κατὰ
1877 3578 1970 3634 τὸν

310 3667 637 3746 παράδεισον
696 3668 787 3724 καὶ
843 3669 935 3724 τὸν
987 3667 1100 3724 ἐκεῖ
1147 3668 1263 3742 βίον
1297 3669 1386 3723 τὸν
1417 3665 1598 3742 Ἀδὰμ
1629 3666 1970 3743 ἐπισκέῴαιο,

310 3758 491 3832 εὕροις
522 3755 581 3810 ἂν
613 3757 774 3812 αὐτὸν
807 3755 860 3811 ἐν
895 3757 991 3830 μὶν
1020 3753 1332 3831 παραδείσῳ
1367 3757 1443 3830 μὴ
1476 3756 1668 3832 χρείαν
1693 3756 1970 3833 ἐσχηκότα

311 3849 518 3920 γνῶναι
567 3845 759 3900 ἑαυτοῦ
804 3845 905 3913 τήν
951 3849 1216 3920 γυναῖκα⁶
1275 3845 1410 3917 μετὰ
1459 3841 1515 3899 δὲ
1563 3845 1664 3914 τήν
1722 3841 1966 3921 παράϐα-

2082 3419 2268 3456 aevum
2322 3401 2652 3468 seminavit,
2685 3401 3007 3472 prudenter
3050 3415 3456 3471 sequeremur.
3491 3399 3654 3466 Quod
3691 3398 3745 3455 si

2082 3507 2200 3546 non
2251 3491 2642 3563 perfunctorie
2695 3495 2753 3546 et
2792 3489 3137 3562 paradisum
3188 3493 3244 3544 et
3287 3488 3468 3546 vitam
3516 3488 3636 3544 illic
3667 3488 3743 3545 ab

2081 3581 2310 3637 Adamn
2359 3585 2548 3637 actam
2599 3579 2951 3652 inspexeris,
2995 3579 3250 3650 reperies
3307 3594 3449 3634 sane
3499 3594 3635 3633 eum
3684 3578 3746 3634 in

2080 3669 2354 3740 paradiso
2400 3686 2550 3741 opus
2581 3686 2697 3725 non
2749 3668 3026 3725 habuisse
3059 3672 3124 3724 ut
3153 3674 3530 3740 cognosceret
3573 3683 3743 3724 suam

2081 3775 2319 3815 uxorem
2356 3775 2368 3814 :
2414 3758 2516 3814 sed
2549 3763 2681 3830 post
2728 3756 3267 3831 praevaricationem
3318 3763 3367 3812 et
3403 3760 3651 3812 mortem
3683 3761 3742 3812 et

2079 3846 2315 3918 lapsum
2349 3863 2379 3903 e
2410 3847 2683 3919 paradiso
2730 3851 2870 3902 tunc
2913 3862 3153 3901 uxorem
3204 3844 3548 3918 cognovisse
3575 3846 3641 3918 ⁸ο,
3677 3849 3743 3901 ut

312 3955 420 4008 σιν,
464 3933 554 3989 καὶ
598 3933 692 3989 τὸν
741 3934 966 3988 θάνατον
1026 3931 1118 3987 καὶ
1166 3933 1265 4002 τὴν
1322 3929 1588 3988 ἔκπτωσιν
1637 3937 1734 3987 τοῦ
1788 3954 1966 4009 παρα-

309 4021 510 4096 δείσου,
542 4021 666 4078 τότε
693 4024 792 4093 τήν
838 4025 1070 4098 γυναῖκα
1112 4021 1470 4097 γινώσκοντα·
1517 4019 1611 4076 τίνα
1657 4021 1719 4076 τὸ
1771 4022 1963 4092 θνητὸν

304 4109 500 4168 λοιπὸν
560 4112 658 4184 τῆς
718 4112 930 4188 φύσεως
987 4115 1056 4187 τῇ
1118 4108 1354 4188 διαδοχῇ
1399 4115 1506 4166 τῶν
1552 4107 1758 4166 παίδων
1792 4130 1964 4184 παρα-

307 4203 616 4273 μυθήσηται
651 4243 665 4258 .
724 4203 792 4278 ᾯ
867 4199 1237 4279 ἀντιστρόφως
1322 4204 1403 4272 τῷ
1488 4198 1563 4262 εἷς
1634 4197 1962 4275 παράδεισον

303 4287 558 4366 ἄγοντιή
591 4288 852 4366 παρθὲνος
900 4288 1339 4360 ἀκολουθήσασα,
1392 4289 1506 4362 μετ’
1550 4287 1755 4346 ἐκείνου
1805 4289 1965 4364 ἄφθο-

305 4400 395 4457 ρος
429 4377 482 4435 ἐν
539 4377 850 4456 παραδείσῳ
897 4376 1006 4452 ἤδη
1058 4383 1252 4457 τρυφᾷ·
1302 4382 1543 4457 φυγοῦσα
1576 4380 1670 4452 μὶν
1722 4380 1823 4448 τὴν
1863 4373 1964 4450 ἔξω

2077 3940 2348 3991 naturam
2374 3937 2502 4008 jam
2543 3935 2852 3991 mortalem
2902 3935 3121 3990 factam
3174 3933 3548 3991 successione
3595 3933 3741 3991 libe-

2077 4043 2279 4082 rorum
2331 4027 2754 4082 consolaretur.
2808 4029 3022 4081 Contra
3063 4025 3227 4098 virgo
3276 4041 3410 4081 eum
3462 4041 3739 4098 sequens,

2074 4115 2172 4186 qui
2207 4117 2266 4170 in
2301 4114 2641 4186 paradisum
2673 4114 2854 4180 ducit,
2886 4130 3021 4169 cum
3053 4130 3119 4169 eo
3153 4114 3496 4185 incorrupta
3517 4115 3644 4185 jam
3675 4113 3736 4168 in

2076 4204 2348 4276 paradiso
2381 4203 2711 4280 deiiciatur,
2743 4203 2978 4276 fugiens
3022 4201 3186 4258 illam
3239 4202 3734 4269 maledictionem,

2076 4310 2192 4366 qua
2245 4297 2406 4349 extra
2464 4293 2811 4365 paradisum
2872 4291 3092 4347 dictum
3154 4296 3389 4348 est:ln
3443 4291 3735 4348 doloribus

2071 4384 2255 4455 paries
2315 4383 2458 4454 ﬁlios
2511 4383 2579 4451 5‘,
2640 4386 2698 4438 et
2753 4385 3008 4437 caetera:
3072 4397 3178 4437 nec
3237 4380 3355 4436 illic
3412 4380 3738 4454 intelligere

301 4466 632 4546 παραδείσου
717 4470 953 4547 κατάραν
1029 4470 1129 4539 τὴν
1216 4467 1504 4545 λέγουσαν·
1594 4472 1682 4526 ’Ev
1761 4467 1961 4532 λύπαις

2093 4471 2293 4541 ralens,
2329 4472 2623 4544 quomodo
2669 4472 2932 4527 Adamus
2989 4487 3158 4528 suam
3205 4470 3542 4544 cognoverit
3589 4487 3733 4526 uxo-

297 4559 424 4635 τέξῃ
479 4557 660 4630 τέκνα,
717 4558 808 4614 καὶ
859 4557 927 4613 τὰ
975 4556 1119 4629 ἑξῆς
1174 4557 1236 4614 οὗ
1284 4555 1555 4632 δυναμένη
1614 4555 1673 4614 δὶ
1725 4563 1962 4613 συνεῖναι

2093 4577 2219 4616 'em.
2275 4565 2506 4632 Neque,
2545 4561 2703 4616 enim
2768 4560 2900 4631 hoc,
2961 4577 3095 4616 cum
3148 4559 3275 4632 ipse
3333 4559 3394 4616 in
3456 4561 3729 4632 paradiso
3777 4555 3787 4562 ’

297 4647 411 4702 ἐκεῖ
439 4649 556 4710 πῶς
616 4644 749 4725 ἔγνω
801 4645 982 4721 ’Λδὰμ
1030 4648 1133 4717 τὴν
1185 4653 1414 4724 γυναῖκα
1460 4647 1646 4705 αὐτοῦ.
1689 4645 1831 4705 Οὐδὲ
1857 4648 1959 4724 γὰρ

2093 4653 2250 4722 asset,
2297 4651 2520 4706 dictum
2552 4654 2660 4720 est,
2704 4650 2805 4706 sed
2853 4655 3173 4722 postquam
3215 4651 3342 4722 jam
3391 4649 3582 4706 fuerat
3611 4650 3729 4720 eje-

299 4735 351 4790 ἐν
384 4733 695 4810 παραδείσῳ
746 4731 901 4800 ὄντος
955 4737 1144 4794 αὐτοῦ.
1193 4734 1321 4793 ἀλλ’
1367 4731 1750 4808 ἐκϐληθέντος,
1799 4740 1961 4792 τοῦτο
1993 4731 2027 4733 ⁷
2073 4743 2225 4794 ctus.

307 4825 524 4902 έρῥὲθηο

368 4917 460 4973 55.
493 4915 622 4991 Οὐχ
651 4915 725 4978 ὡς
757 4913 1043 4989 παρθενίαν
1096 4912 1154 4970 δὲ
1202 4913 1394 4971 λοιπὸν
1447 4918 1526 4987 τῷ
1585 4913 1688 4990 βίῳ
1718 4915 1958 4987 ’νομοθε-

299 5007 518 5067 τοῦντες
575 5003 748 5061 ταῦτά
805 5023 980 5083 φαμεν
1015 5023 1028 5037 ·
1089 5002 1237 5060 ἀλλὰ
1289 5009 1406 5067 ταῖς
1461 5004 1553 5059 τὸν
1609 5004 1727 5059 κατ’
1785 5004 1954 5073 αὐτὴν

2140 4917 2230 4972 55.
2263 4917 2378 4973 Nec
2407 4920 2604 4974 tamen
2626 4917 2748 4974 haec
2770 4917 3048 4990 dicimus,
3081 4917 3389 4990 quasijam
3420 4915 3728 4989 virginita-

2067 5009 2188 5063 tem
2236 5007 2365 5064 vitae
2397 5006 2708 5064 hominum
2755 5008 2945 5064 instar
2974 5007 3120 5080 legis
3163 5007 3538 5080 prtsscribere
3585 5006 3728 5063 veli-

371 5159 416 5196 "
447 5160 648 5218 Matth.
679 5177 817 5233 χχιι,
849 5159 940 5216 30.
1014 5161 1061 5197 ⁸ο
1088 5164 1232 5217 Gen.
1265 5177 1342 5232 ιν,
1375 5161 1427 5216 1.
1500 5161 1546 5196 ⁶¹
1579 5159 1721 5217 Gen.
1757 5176 1840 5228 ιιι,
1873 5159 1961 5214 16.

376 5331 490 5400 (11)
537 5327 910 5403 Εὑτρεπίζειν.
958 5330 1090 5387 Haec
1141 5330 1436 5403 scriptura
1478 5327 1748 5386 editionis
1797 5327 1954 5385 Pari-

299 5399 520 5474 sie’nsis
551 5399 660 5458 nec
702 5403 760 5457 in
793 5402 1036 5474 Veneta,
1070 5419 1176 5459 nec
1219 5399 1281 5458 iri
1310 5401 1430 5458 ullo
1479 5418 1729 5474 prorsus
1767 5405 1962 5474 vetere

299 5471 452 5547 libro
485 5471 1093 5547 legitur;sed_tamen
1115 5492 1244 5532 eam
1277 5471 1608 5547 expungere
1639 5473 1960 5547 noluimus,

299 5545 441 5617 quia
471 5543 808 5621 ngcessaria
836 5544 1066 5621 videtur
1111 5549 1186 5603 ad
1239 5543 1564 5621 cogn—textus
1600 5545 1962 5601 emendatio-
2074 5563 2166 5621 me
2215 5543 2533 5621 non'posse
2566 5551 2770 5618 fateor,
2817 5549 2930 5606 nisi
2979 5549 3249 5621 legendo,
3281 5543 3408 5602 ἀλλ’
3441 5543 3558 5602 οὐδ’
3615 5547 3721 5601 ἀπὸ

304 5615 463 5694 nam.
495 5617 679 5688 (Eque
727 5619 1129 5694 necessaripm
1181 5619 1356 5690 paulo
1388 5623 1522 5676 ante
1551 5617 1765 5690 legere,
1794 5637 1963 5672 κατα-

2093 5615 2444 5694 ,φθαρ-μένὼνη.
2647 5693 2666 5694 7
2678 5691 2694 5694 _
2756 5615 2765 5618 ⁷
2808 5686 2811 5688 _

304 5681 599 5757 ϐάλλεταιξ
625 5705 742 5745 non
772 5681 1235 5753 καταϐάλλεσθαι.
1606 5681 1641 5690 “’
1750 5681 1759 5685 ⁷

380 5761 491 5819 (12)
521 5759 636 5819 Οὐκ
684 5759 790 5816 ἀπὸ
838 5757 1081 5819 ἀφθόρου
1129 5765 1324 5819 φθορᾶ.
1369 5761 1466 5819 Sic
1515 5759 1693 5818 editio
1722 5762 1964 5819 Veneta.

2113 5681 2258 5819 '(432
2293 5690 2606 5782 Σπείραντι.
2646 5686 2928 5751 Nonnulli
2977 5692 3227 5762 codices,
3278 5687 3574 5765 σπείροντι.
3607 5689 3720 5744 Ibi-

2093 5761 2207 5819 lem
2260 5780 2384 5819 eae.
2416 5764 2738 5819 ανθρώπων.

380 5761 491 5834 (12)
521 5759 636 5819 Οὐκ
684 5759 790 5816 ἀπὸ
838 5757 1081 5838 ἀφθόρου
1129 5765 1324 5836 φθορᾷ.
1369 5761 1466 5819 Sic
1515 5759 1693 5818 editio
1722 5762 1964 5826 Veneta,

2093 5757 2207 5820 lein
2235 5757 2384 5836 lege,
2416 5757 2738 5840 ἀνθρώπων.

2066 5329 2400 5416 ροιδθιυικθι
2427 5348 2584 5416 unus
2606 5346 2683 5415 ,οι
2703 5331 2930 5416 Regiis;
2951 5332 3022 5415 In.
3049 5331 3312 5416 quinque
3341 5330 3474 5416 aliis
3505 5331 3723 5416 desunt

2072 5401 2192 5457 haec
2223 5403 2416 5458 verba.
2449 5404 2657 5460 Nescio
2709 5401 2863 5460 unde
2891 5401 3244 5460 Parisiensis
3292 5403 3469 5460 editio
3505 5403 3724 5460 hause-

2073 5475 2171 5541 rit,
2205 5472 2473 5550 ἀφθόρων.
2507 5475 2870 5550 Difficillime
2916 5476 3054 5550 huic
3101 5476 3228 5532 loco
3277 5475 3726 5550 l_ucem_a_il’err_e

623 5889 886 5950 Parant.
935 5889 1044 5951 Gn.
1093 5889 1280 5950 XXX.
3316 5889 3394 5947 25
