4124 6374
345 376 469 435 779

1205 399 1208 402 ·
1312 367 1711 430 APPENDIX
1757 363 2084 426 OPl‘iRUM
2130 364 2197 423 S.
2245 362 2518 424 BASlLll
2564 363 2837 426 MAGNI.

3671 380 3796 440 780

351 521 526 573 mus;
566 504 668 559 sed
699 503 797 569 iis,
833 519 959 573 qum
991 501 1308 575 pretiosam
1339 498 1694 570 virginitatis
1724 495 2012 569 margari-

2126 489 2505 586 πολυτίμητον
2575 495 2933 586 μμαργειρίτην
3011 497 3406 578 ἐμπορεύεσθαι
3470 509 3582 580 (14)
3661 529 3799 586 προ-

346 600 471 652 tam
492 592 738 650 mercari
760 590 1563 660 instituerunt,purissimum
1578 588 1737 642 illius
1757 587 2009 642 nitorem

349 683 614 754 undique
637 681 1024 738 ostendimus.
1041 685 1118 734 De
1143 679 1455 749 virginibus
1473 687 1659 733 autem
1673 685 2011 747 praeceptum

351 773 586 830 Domini
613 787 727 828 non
758 770 926 825 habeo
957 787 974 824 :
1007 770 1306 825 consilium
1336 776 1517 822 autem
1543 767 1851 837 do,inqu1t,
1883 775 2010 821 tan-

354 879 524 934 quam
566 859 1013 914 misericordiam
1041 865 1356 913 consecutus
1383 875 1420 911 a
1449 858 1680 912 Domino
1707 856 1752 890 ⁶²
1786 872 1798 910 :
1833 853 2013 925 siqui-

354 952 487 1005 dem
521 965 625 1004 nec
673 947 961 1003 Dominus
1012 953 1224 1002 nostras
1274 951 1501 1001 natura:
1550 947 1609 1000 in
1643 945 1770 1016 lege
1818 943 2010 998 autin

353 1036 666 1108 Evangelio
699 1037 1095 1109 virginitatem
1131 1036 1665 1108 praescripsitNam
1699 1034 1801 1105 qui
1833 1032 2011 1088 talem

355 1127 621 1184 masculo
655 1127 724 1182 ad
761 1127 1144 1196 feminam,et
1173 1143 1379 1180 rursus
1413 1125 1641 1180 feminae
1673 1124 1744 1178 ad
1779 1138 2012 1178 mascu-

352 1220 498 1285 lum,
544 1216 782 1289 qualem
816 1217 982 1272 initio
1024 1216 1336 1287 descripsit
1379 1215 1586 1284 oratio,
1621 1213 1889 1269 habitum
1939 1213 2014 1284 ob

353 1307 764 1364 necessitatem
809 1305 1174 1360 matrimonii
1221 1303 1546 1376 impressit,
1584 1319 1648 1358 ac
1682 1303 1778 1374 iis,
1813 1303 1914 1374 qui
1946 1318 2014 1357 ex

352 1395 793 1454 immortalibus
825 1395 1104 1450 mortales
1135 1395 1268 1449 facti
1302 1395 1553 1463 fuerant,
1577 1393 2012 1448 successionem

355 1484 589 1560 generis
616 1483 860 1556 paravit,
896 1482 1048 1539 668
1079 1481 1611 1549 immortalitatem,
1641 1487 1706 1536 ut
1735 1480 2011 1547 diximus,

357 1573 741 1643 excogitans:
804 1573 1024 1644 quique
1078 1578 1384 1644 propterea
1444 1571 1607 1638 dixit,
1668 1572 1909 1626 Crescite
1963 1573 2017 1625 et

357 1664 824 1735 multiplicamini
877 1661 1012 1727 “3-”,
1072 1663 1368 1733 quomodo
1422 1660 1817 1732 virginitatem
1875 1664 2017 1714 tunc

360 1752 742 1826 praescribere
769 1752 1102 1824 potuisset;
1136 1767 1268 1805 cum
1311 1750 1638 1822 praesertim
1671 1750 1744 1805 ad
1775 1747 2016 1821 explen-

2120 582 2370 655 θεμέναις
2425 583 2488 638 τὸ
2563 580 2794 641 ἄσπιλον
2875 589 3074 644 τούτου
3149 595 3490 670 πανταχόθεν
3571 580 3795 656 ὑποδει-

2119 670 2356 765 κνύντες.
2417 674 2545 747 Περὶ
2628 672 3198 765 8E_16iv_1tapeévwv
3256 682 3520 760 ἐπιταγὴν
3589 690 3793 765 Κυρίου

2122 761 2221 816 οὐκ
2252 757 2386 837 ἔχω·
2419 764 2647 838 γνώμην
2707 763 2763 819 δὲ
2821 763 3048 840 δίδωμι,
3107 771 3293 848 φησὶν,
3356 757 3437 836 ὡς⁷
3474 757 3791 850 ἠλεημένος

2124 850 2227 906 ὑπὸ
2287 852 2532 925 Κυρίουο
2595 852 2710 907 ἐπεὶ
2791 852 2932 926 μηδὲ
2994 858 3022 911 6
3099 861 3378 932 Δεσπότης
3454 866 3616 937 ἡμῶν
3688 875 3792 938 τῆς

2124 941 2332 1019 φύσεως
2382 941 2434 998 έν
2490 943 2646 1018 νόμῳ
2765 946 2814 1001 ἐν
2866 948 3188 1026 Εὐαγγελίῳ
3240 955 3532 1030 παρθενίαν
3587 957 3787 1031 ἐνομο-

2124 1031 2365 1102 θέτησεν.
2423 1033 2479 1085 Ὀ
2535 1035 2636 1109 γὰρ
2711 1035 2967 1107 τοιαύτην
3018 1045 3098 1112 τῷ
3156 1062 3215 1097 τε
3279 1041 3461 1120 ἄῤῥενι
3520 1047 3658 1122 πρὸς
3718 1048 3786 1104 τὸ

2125 1119 2289 1213 θῆλυ,
2347 1121 2437 1213 καὶ
2467 1120 2752 1213 ⁸ἀνάπαλιν
2783 1129 2861 1213 τῷ
2893 1125 3051 1197 θήλει
3083 1130 3220 1203 πρὸς
3249 1119 3323 1187 τὸν
3343 1129 3526 1208 ἄρρεν,
3559 1119 3785 1213 οἵανπερ

2125 1206 2175 1262 ἐν
2205 1208 2354 1283 ἀρχῇ
2387 1211 2414 1263 6
2467 1209 2632 1301 λόγος
2687 1209 2947 1284 ὑπέδειξε,
2999 1217 3100 1285 τήν
3152 1221 3338 1295 σχέσιν
3381 1206 3474 1277 διὰ
3519 1226 3583 1278 τὸ
3624 1206 3789 1301 ἄναγ’-

2123 1304 2278 1352 καῖον
2321 1303 2418 1353 τοῦ
2461 1300 2643 1375 γάμου
2697 1304 3204 1380 μηχανησάμενος,
3254 1315 3371 1374 τοῖς
3431 1309 3489 1367 δὶ
3549 1312 3600 1384 ἐξ
3651 1300 3782 1378 ἀθα-

2123 1389 2298 1478 νάτων
2347 1394 2567 1478 θνητοῖς
2614 1392 2932 1465 γενομένοις
2982 1396 3080 1464 τήν
3132 1393 3400 1475 διαδοχὴν
3449 1406 3546 1456 τοῦ
3594 1403 3781 1478 γένους

2126 1476 2497 1547 ἐπισκευάσας,
2553 1480 2654 1549 τήν
2692 1479 2780 1567 Ῠὼς
2842 1480 3055 1555 εἷ’ρηταί
3113 1507 3220 1541 που
3277 1489 3566 1552 ἀθανασίαν
3609 1476 3792 1567 iaspe-

2129 1586 2288 1638 μενος
2343 1567 2478 1640 (15),
2537 1568 2625 1621 καὶ
2686 1566 2776 1624 διὰ
2828 1569 3016 1641 τοῦτο,
3061 1575 3361 1646 Αύξάνεσθε
3417 1579 3512 1634 καὶ
3569 1566 3793 1650 πληθύ-

2124 1655 2291 1721 νεσθε,
2351 1654 2622 1730 εἰρηκὼς,
2682 1662 2800 1720 πῶς
2878 1661 2993 1715 οἶόν
3049 1683 3109 1717 τε
3163 1666 3230 1735 ἦν
3299 1668 3592 1743 παρθενίαν
3673 1669 3800 1724 τότε

2124 1745 2442 1833 νομοθετεῖν
2481 1763 2494 1814 ;
2527 1744 2624 1799 Καὶ
2685 1747 2942 1820 μάλιστα,
2997 1750 3082 1806 ὅτι
3133 1753 3207 1815 εἰς
3256 1754 3654 1833 ἀναπλήρωσιν
3685 1764 3797 1814 τῶν

363 1844 507 1898 dum
539 1857 741 1897 eorum
795 1840 1014 1907 locum,
1047 1841 1148 1912 qui
1181 1841 1242 1894 in
1269 1839 1437 1895 bellis
1469 1840 1542 1894 ob
1576 1838 1870 1910 propriam
1906 1839 2017 1893 im-

2127 1831 2180 1888 έν
2228 1837 2347 1936 τοῖς
2393 1833 2666 1936 πολέμοις
2714 1833 2805 1936 διὰ
2850 1839 2949 1908 τήν
3002 1839 3205 1897 οἰκείαν
3257 1831 3569 1921 μοχθηρίαν
3622 1845 3796 1902 δαπα-

361 1931 715 2006 probitatem
747 1935 1014 2000 pereunt,
1049 1929 1443 1984 necessariam
1489 1944 1618 1984 esse
1651 1933 2016 1998 posterorum

359 2017 809 2074 multitudinem
861 2018 1130 2074 videret?
1163 2025 1240 2074 Ac
1274 2021 1331 2074 in
1365 2018 1492 2088 lege
1535 2018 1774 2088 quidem
1809 2017 2025 2088 Moysis

359 2109 536 2164 etiam
599 2108 1008 2163 benedictione
1064 2108 1243 2180 digna
1297 2109 1647 2162 censebatur
1701 2105 2022 2162 liberorum

357 2197 910 2271 procreatio'-"’.Sed
933 2201 1244 2268 postquam
1270 2197 1464 2252 ﬂoruit
1488 2196 1751 2268 undique
1768 2195 2026 2267 pr0priis

361 2285 658 2342 fructibus
690 2287 972 2356 mundus,
1007 2303 1073 2341 ac
1105 2290 1268 2341 tanta
1299 2285 1604 2340 hominum
1639 2284 2030 2340 multitudine

363 2379 491 2431 sata
517 2378 605 2430 est
636 2379 886 2442 terra,ut
920 2391 1031 2431 non
1052 2376 1178 2447 jam
1211 2379 1443 2447 caperet
1474 2375 1845 2431 nascentium
1874 2373 2027 2429 mul-

366 2462 778 2532 titudinem,ac
801 2463 1109 2533 impletum
1142 2469 1230 2520 est
1260 2465 1412 2536 quod
1446 2465 1518 2519 de
1548 2465 1798 2520 adventu
1833 2463 2030 2518 Domi-

369 2553 428 2608 ni
463 2553 648 2608 nostri
685 2553 1028 2624 prtedictum
1085 2555 1293 2619 fuerat,
1329 2554 1448 2608 fore
1478 2559 1542 2607 ut
1572 2553 1842 2608 homines
1869 2551 2031 2607 illius

373 2641 642 2696 doctrina
672 2643 992 2713 prudenter
1033 2642 1192 2707 victi,
1225 2641 1601 2697 conciderent
1630 2641 1858 2710 gladios
1889 2655 2030 2694 suos

377 2731 435 2784 in
469 2734 664 2785 aratra
711 2735 767 2786 et
797 2731 1032 2788 lanceas
1061 2732 1119 2786 in
1151 2747 1436 2798 vomeres,
1468 2745 1574 2784 nec
1615 2731 1740 2798 jam
1774 2731 2035 2782 sumeret

375 2836 519 2892 gens
542 2825 750 2878 contra
764 2826 1001 2893 gentem
1023 2835 1359 2889 ensem,neo
1382 2817 1598 2875 bellum
1621 2832 1821 2889 gerere
1841 2816 2030 2870 disce-

372 2913 506 2965 rent
540 2912 623 2978 18;
659 2910 933 2982 praeclare
981 2909 1308 2980 virginitas,
1353 2909 1558 2963 contra
1610 2909 1787 2977 atque
1834 2903 1895 2958 hi
1927 2903 2031 2974 qui

368 3014 477 3070 per
527 3015 737 3070 corpus
773 3001 1254 3070 corrumpuntur,
1287 3012 1354 3051 ex
1385 2993 1729 3067 corporibus
1761 2995 2028 3049 incorru-

364 3087 630 3158 ptionem
665 3086 1423 3160 pullulavit.Virginitatem
1457 3091 1674 3152 tamen,
1710 3101 1898 3155 neque
1930 3100 2031 3155 per

365 3175 624 3250 Moysem
641 3174 1687 3248 pmscribitDominus,masculorum
1703 3178 1755 3228 et
1770 3174 2019 3230 femine-

361 3281 531 3322 orum
545 3281 858 3336 corporum
873 3268 1094 3319 naturai
1109 3264 1396 3319 rationem
1412 3264 1657 3330 habens,
1680 3279 1868 3334 neque
1890 3279 2020 3319 eam
2049 3240 2092 3308 Ο

362 3353 423 3408 in
459 3350 773 3424 Evangelio
804 3352 1199 3424 praecipitSed
1222 3353 1438 3426 Moysis
1469 3353 1655 3425 legem
1687 3368 2017 3419 resumens,

364 3441 520 3512 quod
547 3441 744 3496 deerat
765 3442 834 3495 ad
855 3447 1191 3497 accuratam
1215 3443 1493 3498 virtutem
1544 3443 1746 3497 edocet
1766 3443 1968 3496 dicens
2002 3457 2014 3495 :

363 3530 582 3584 Dictum
610 3534 688 3584 est
716 3547 734 3584 :
764 3535 881 3586 Non
911 3531 1294 3602 mcechaberis,
1329 3532 1438 3602 Ego
1467 3539 1655 3586 autem
1704 3531 1806 3585 tibi
1851 3529 1968 3583 dico
2001 3545 2017 3583 :

362 3619 482 3676 Non
506 3621 855 3691 concupisces
889 3622 1015 3689 ",et
1046 3637 1173 3692 quae
1205 3626 1555 3694 sequuntur.
1590 3621 1656 3674 Et
1686 3634 1819 3674 cum
1852 3619 2016 3673 sede-

361 3711 449 3762 ret
479 3707 538 3762 in
572 3714 831 3774 monte,a
861 3709 1326 3765 beatitudinibus
1356 3707 1532 3780 coepit
1561 3725 1625 3764 os
1655 3708 1880 3779 aperire
1911 3725 1924 3773 ;
1960 3711 2017 3763 et

356 3801 671 3868 postquam
697 3798 1160 3870 recensuitleges
1183 3799 1400 3870 Moysis
1423 3803 1480 3853 et
1502 3798 1701 3852 omnia
1722 3798 1793 3852 ad
1818 3812 2013 3852 veram

353 3884 630 3940 virtutem
664 3887 1014 3952 intendit,ac
1030 3888 1307 3943 ducentia
1337 3887 1408 3942 ad
1441 3886 1693 3942 salutem
1729 3892 2014 3957 praecepta

354 3973 600 4028 tradidit
617 3975 701 4042 ’0;
732 3976 972 4047 impleto
1013 3976 1292 4031 doctrinae
1325 3975 1674 4037 ministerio.
1706 3975 2013 4029 descendit

354 4063 426 4117 de
459 4067 676 4129 monte,
722 4081 1015 4136 nusquam
1050 4065 1106 4119 in
1149 4065 1454 4136 praaceptis
1505 4063 1858 4136 virginitate,
1891 4063 2012 4118 sive

350 4152 410 4206 in
469 4153 678 4221 Veteri,
710 4153 830 4208 sive
880 4154 938 4208 in
989 4158 1146 4209 Novo
1203 4153 1581 4208 Testamento
1640 4152 2008 4224 praescripta.

351 4242 598 4297 Volebat
621 4243 775 4298 enim
821 4230 1177 4314 praeceptum
1209 4259 1322 4297 non
1357 4259 1488 4299 esse
1519 4241 1861 4313 praeclarum
1894 4242 2008 4296 vir-

353 4331 622 4402 ginitatis
653 4331 1126 4402 institutum,sed
1153 4331 1454 4404 egregium
1489 4330 1698 4385 anima
1726 4331 2004 4386 virtutem

352 4422 608 4477 amantis
666 4422 914 4487 facinus,
951 4423 1136 4478 libera
1194 4427 1483 4494 potestate
1513 4423 1572 4476 id
1618 4422 1773 4493 quod
1824 4438 2005 4494 supra

311 4537 325 4547 ο
348 4513 706 4581 praeceptum
741 4515 795 4566 et
825 4529 1004 4582 supra
1036 4511 1222 4583 legem
1257 4521 1342 4566 est
1372 4528 1440 4566 ex
1471 4511 1666 4581 seipea
1697 4510 2002 4582 perﬁcien-

2131 1922 2390 2012 νωμένων
2418 1923 2518 1991 τὴν
2566 1927 2674 1978 τῶν
2726 1924 3170 2003 ἐπ.γεννωμένων
3218 1934 3331 2006 (16)
3381 1933 3596 2004 πληθὺν
3625 1937 3793 2012 ἀναγ-

2133 2011 2298 2066 καίων
2333 2011 2495 2099 ὲῴρα.
2559 2012 2717 2069 Ἀλλ’
2757 2014 2808 2070 ἐν
2868 2017 2962 2088 μὲν
3021 2023 3100 2091 τῷ
3158 2017 3249 2076 διὰ
3304 2023 3579 2087 Μωϋσέως
3634 2011 3790 2099 νόμψ

2132 2100 2222 2156 καὶ
2308 2098 2564 2176 εὐλογίας
2647 2103 2792 2173 ἄξιον
2879 2107 2940 2161 τὸ
3016 2106 3413 2182 παιδοποιῆσαι
3486 2098 3790 2187 ἐνομίζετο.

2136 2187 2360 2279 Ἐπειδὴ
2415 2187 2473 2244 δὲ
2529 2189 2736 2262 ἤνθησε
2781 2193 2876 2265 μὶν
2925 2201 3045 2259 τοῖς
3101 2198 3323 2262 οἰκείοις
3373 2209 3607 2279 καρποῖς
3659 2225 3795 2259 παν-

2135 2275 2339 2354 ταχόσε
2393 2279 2420 2333 ὁ
2475 2280 2722 2352 κόσμος,
2775 2282 2865 2336 καὶ
2933 2285 3170 2361 τοσαύτῃ
3231 2275 3455 2359 πληθύϊ⁷
3495 2291 3797 2366 ἀνθρώπων

2136 2368 2444 2443 κατεσπάρη
2494 2371 2529 2439 ἡ
2579 2377 2674 2445 γῆ,
2733 2372 2806 2434 ὡς
2863 2371 3004 2446 μηδὲ
3057 2382 3261 2452 χωρεῖν
3319 2377 3512 2435 λοιπὸν
3543 2386 3652 2436 τῶν
3686 2380 3800 2436 ἐπι-

2138 2460 2494 2533 γεννωμένων
2548 2459 2611 2514 τὸ
2669 2459 2902 2530 πλῆθος,
2957 2462 3143 2535 ἐνέστη
3193 2463 3251 2521 δὲ
3314 2469 3404 2522 καὶ
3452 2469 3515 2524 τὸ
3573 2468 3661 2525 ἐπὶ
3730 2474 3800 2545 τῇ

2138 2548 2408 2622 παρουσίᾳ
2453 2553 2551 2604 τοῦ
2602 2552 2801 2625 Κυρίου
2844 2554 3008 2625 ἡμῶν
3070 2558 3580 2631 προφητευόμενον,
3616 2561 3697 2614 δτι
3750 2562 3803 2614 οἱ

2137 2636 2206 2710 τῇ
2238 2633 2560 2708 διδασκαλίᾳ
2583 2638 2748 2694 αὐτοῦ
2794 2642 3076 2716 φρονίμως
3114 2647 3438 2716 πεισθέντες,
3472 2647 3801 2724 συγκόψουσι

2138 2726 2235 2785 τὰς
2288 2724 2564 2797 μαχαίρας
2619 2725 2794 2781 αὐτῶν
2853 2730 2929 2791 εἷς
2988 2728 3211 2806 ἄροτρα,
3272 2735 3363 2788 καὶ
3417 2735 3513 2797 τὰς
3581 2732 3800 2805 ζιϐύνας

2141 2812 2217 2876 εἷς
2249 2809 2506 2887 δρέπανα,
2554 2813 2644 2866 καὶ
2689 2813 2752 2867 ού
2805 2817 2880 2887 μή
2934 2813 3179 2874 λάϐωσιν
3228 2817 3305 2874 ἔτι
3347 2815 3496 2883 ἔθνος
3526 2822 3608 2876 ἐπ’
3639 2822 3790 2886 ἔθνος

2143 2900 2440 2975 μάχαιραι,
2474 2899 2562 2954 καὶ
2595 2899 2656 2954 οὐ
2690 2903 2766 2973 μὴ
2822 2904 3062 2975 μάθωσιν
3109 2900 3186 2960 ἔτι
3222 2908 3509 2981 πολεμεῖν·
3542 2908 3726 2971 καλῶς
3756 2913 3791 2980 ἡ

2138 2991 2404 3064 παρθενία
2460 2990 2829 3065 ἀντιστρόφως
2903 2999 3020 3056 τοῖς
3096 2993 3185 3050 διὰ
3259 2997 3513 3068 σώματος
3574 3010 3792 3076 φθειρο-

2144 3081 2327 3154 μένοις
2383 3079 2443 3134 έκ
2500 3081 2766 3153 σωμάτων
2846 3082 2946 3150 τὴν
3021 3084 3279 3160 ἀφθορίαν
3344 3085 3653 3161 βλαστάνει.
3715 3087 3792 3144 Οὐ

2137 3174 2423 3242 νομοθετεῖ
2479 3165 2536 3223 δὲ
2594 3168 2771 3242 ὅμως,
2821 3169 2953 3244 ὅπερ
3013 3166 3171 3250 ἔφην,
3221 3170 3346 3228 οὔτε
3388 3171 3478 3229 διὰ
3523 3175 3797 3239 Μωϋσέως

2129 3258 2416 3333 παρθενίαν
2463 3257 2491 3312 ὁ
2549 3256 2750 3331 Κύριος
2809 3265 2908 3326 τῆς
2963 3263 3071 3314 τῶν
3130 3259 3369 3335 ἀρῥένωι
3418 3262 3509 3316 καὶ
3552 3258 3792 3332 θηλείων

2131 3348 2400 3419 σωμάτων
2441 3346 2652 3422 φύσεως
2708 3346 3136 3422 στοχαζόμενος,
3183 3346 3309 3404 οὕτε
3355 3350 3407 3404 ἐν
3460 3349 3784 3426 Εὑαγγελίῳ

2127 3435 2327 3506 ταύτην
2373 3433 2704 3492 ἐντέλλεται.
2765 3435 2943 3492 Ἀλλά
2995 3437 3084 3492 τὸν
3149 3439 3242 3511 μὲν
3292 3437 3566 3501 Μωϋσέως
3614 3439 3784 3513 νόμον

2127 3523 2462 3602 ἀνειληφὼς,
2490 3525 2552 3579 τὸ
2605 3523 2794 3580 λεῖπον
2826 3526 2962 3599 πρὸς
3009 3522 3208 3602 ἀκριϐῆ
3243 3529 3438 3598 ἀρετὴν
3481 3525 3782 3584 ἐκδιδάσκει

2128 3611 2323 3687 λέγων·
2412 3613 2638 3689 Ἐῥρέθη
2676 3633 2689 3647 ·
2765 3615 2843 3672 Οὐ
2921 3615 3256 3692 μοιχεύσεις.
3344 3618 3484 3692 Ἐγὼ
3553 3615 3610 3672 δέ
3697 3638 3782 3672 σοι

2126 3700 2306 3776 λέγω’
2368 3700 2520 3773 Μηδὲ
2579 3702 2962 3778 ἐπιθυμήσῃς,
3013 3706 3103 3759 καὶ
3157 3705 3228 3760 τὰ
3284 3705 3441 3776 ἑξῆς.
3503 3707 3601 3761 Καὶ
3650 3719 3782 3771 καθ-

2128 3791 2242 3855 ίσας
2297 3792 2390 3864 μὶν
2451 3792 2537 3846 ἐπὶ
2593 3796 2691 3845 τοῦ
2750 3788 2932 3867 ὄρους,
2986 3793 3094 3847 ἀπὸ
3156 3799 3515 3868 μακαρισμῶν
3577 3795 3777 3871 ἀνοίγει

2121 3882 2182 3935 τὸ
2213 3880 2407 3952 στόμα³
2449 3877 2692 3936 ἐπελθὼν
2745 3878 2802 3936 δὲ
2828 3882 2897 3936 τὰ
2946 3886 3042 3936 τοῦ
3093 3883 3372 3946 Μωϋσέως
3423 3883 3512 3938 καὶ
3568 3885 3779 3939 ἅπαντα

2120 3972 2256 4045 πρὸς
2312 3972 2410 4040 τήν
2472 3969 2652 4040 ἀληθῆ
2723 3971 2918 4044 ἀρετὴν
2979 3970 3280 4042 ἐπιτείνας,
3341 3972 3431 4028 καὶ
3487 3975 3581 4035 τὰς
3637 3976 3780 4050 πρὸς

2118 4057 2391 4134 σωτηρίαν
2469 4059 2844 4121 συντεινούσας
2915 4059 3137 4122 ἐντολὰς
3205 4059 3512 4133 ἐκδιδάξας,
3564 4060 3784 4136 πληροῖ

2114 4149 2214 4216 τήν
2265 4145 2615 4202 διδασκαλίαν
2652 4190 2666 4215 ,
2722 4149 2810 4202 καὶ
2868 4143 3180 4204 καταϐαίνει
3257 4151 3361 4206 ἀπὸ
3435 4154 3532 4205 τοῦ
3590 4147 3776 4226 ὅρους·

2116 4234 2364 4310 οὐδαμοῦ
2395 4235 2448 4291 ἐν
2495 4242 2612 4298 ταῖς
2653 4234 2902 4299 ἐντολαῖς
2948 4238 3258 4313 παρθενίαν,
3288 4236 3401 4295 οὔτ’
3450 4239 3502 4295 ἐν
3538 4238 3775 4312 Παλαιᾷ,

2115 4323 2243 4380 οὔτε
2299 4325 2350 4380 ἐν
2427 4329 2594 4398 Καινῇ
2671 4327 2940 4400 Διαθήκῃ,
2993 4329 3368 4400 νομοθετήσας
3403 4371 3418 4387 .
3478 4323 3773 4384 Ἐϐούλετο

2113 4415 2217 4490 γὰρ
2277 4417 2350 4487 μὴ
2425 4413 2695 4490 ἐπίταγμα
2752 4416 2884 4469 εἶναι
2954 4416 3015 4470 τὸ
3085 4417 3418 4489 κατόρθωμα
3474 4425 3573 4487 τῆς
3631 4438 3772 4492 παρ-

2113 4503 2338 4572 θενίας,
2394 4502 2542 4558 ἀλλὰ
2595 4503 2980 4578 πλεονεκτημα
3047 4505 3344 4583 φιλαρέτου
3401 4509 3608 4581 ψυχῆς,
3667 4507 3774 4562 ἀπὸ

345 4599 445 4654 tis.
483 4598 628 4653 Nam
663 4600 878 4670 nuptiis
921 4605 1142 4654 naturas
1193 4616 1372 4655 causa
1416 4599 1724 4666 institutas,
1758 4604 1816 4654 et
1854 4599 2001 4670 legis

2125 4591 2456 4663 ιύτεξουσίου
2536 4591 2814 4654 αὐθεντίας
2897 4595 2958 4647 τὸ
3040 4594 3173 4666 ὑπὲρ
3229 4596 3328 4664 τὴν
3388 4594 3615 4664 ἐντολὴν
3683 4596 3774 4650 καὶ

344 4691 633 4760 praecepta
662 4688 732 4741 ad
767 4693 1034 4742 naturam
1061 4686 1862 4758 accommodata.Virginitas
1893 4703 1998 4742 au-

344 4781 462 4833 tem
497 4780 770 4832 naturam
804 4792 1116 4846 superans,
1153 4775 1300 4848 legis
1329 4775 1597 4830 servituti
1628 4791 1745 4831 non
1776 4775 1998 4830 addici-

343 4869 460 4932 tur,
495 4865 596 4919 sed
634 4880 815 4935 supra
845 4864 1031 4934 legem
1080 4862 1543 4934 incorruptionis
1572 4863 1811 4917 laudern
1839 4878 1997 4918 crea-

343 4953 454 5009 tori
488 4970 552 5009 ac
586 4952 905 5026 legislatori
939 4952 1450 5024 offert.Propterea
1478 4952 1662 5023 igitur
1689 4951 1999 5018 Dominus,

343 5044 561 5097 iterum
594 5042 746 5107 dico,
783 5057 1079 5111 nusquam
1121 5039 1518 5110 virginitatem
1551 5039 1861 5112 praecepit;
1895 5043 2000 5096 sed

346 5132 658 5201 concessit,
692 5135 759 5187 ut
801 5130 1302 5202 quemadmodum
1355 5130 1427 5185 ab
1475 5129 1911 5201 incorruptione
1939 5128 2000 5186 in

342 5220 776 5292 corruptionem
798 5226 1007 5292 praeter
1019 5223 1292 5275 naturam
1307 5219 1696 5275 immoderata
1716 5224 2000 5290 potestate

407 5345 453 5378 θ’
485 5345 505 5398 Ι
538 5344 664 5400 Cor.
699 5362 796 5407 vu,
827 5346 915 5400 25.
992 5345 1120 5387 “J9
1148 5348 1289 5400 Gen.
1323 5361 1362 5413 ι,
1394 5344 1482 5398 28.
1563 5344 1659 5386 ι-ίτ
1692 5348 1857 5401 Deut.
1891 5360 2030 5400 xxvn

2125 5344 2166 5399 l.
2248 5343 2291 5379 1⁸
2323 5342 2496 5398 Mich.
2531 5359 2609 5409 ιν,
2641 5343 2694 5397 3.

337 5415 382 5450 ²⁰
412 5415 618 5471 Matth.
650 5433 706 5486 ν,
737 5417 760 5470 4
803 5433 932 5488 sqq.

407 5558 521 5629 (14)
570 5556 1017 5629 Ἐμπορεύεσθαι.
1079 5559 1357 5616 Nonnulli
1417 5559 1670 5627 codices,
1729 5556 1993 5630 ἐμπορεύ-

343 5640 884 5770 σαῖ1θῶιέύράμενος.
921 5699 1081 5754 Unus
1113 5717 1181 5756 ex
1211 5702 1424 5772 Regiis,
1458 5701 1778 5773 εὑρόμενος.

2109 4683 2242 4755 ὑπὲρ
2297 4683 2395 4751 τὴν
2457 4681 2611 4757 φύσιν
2689 4681 2779 4758 ἀφ’
2838 4682 3036 4750 ἑαυτῆς
3094 4685 3490 4759 κατορθούσης.
3553 4687 3615 4744 Ὀ
3675 4686 3770 4758 μὲν

2107 4771 2208 4845 γὰρ
2246 4771 2423 4847 γάμος
2476 4777 2576 4838 τῆς
2633 4771 2842 4848 φύσεως
2896 4767 3073 4840 ἕνεκα,
3131 4772 3221 4826 καὶ
3266 4775 3294 4828 ὁ
3341 4773 3514 4846 νόμος
3563 4771 3775 4829 διατάτ-

2107 4880 2252 4915 τεται
2300 4863 2368 4933 τῇ
2420 4859 2574 4937 φύσει
2620 4861 2682 4914 τὸ
2729 4859 3064 4937 πρόσφορον.
3115 4863 3178 4919 Ἣ
3214 4860 3271 4916 δὲ
3300 4862 3560 4938 παρθενία
3615 4864 3778 4940 ὑπερο

2109 4943 2248 5003 ϐᾶσα
2301 4949 2400 5017 τήν
2459 4948 2631 5016 σύσιν,
2690 4945 3011 5013 ἀδούλωτος
3063 4949 3218 5024 νόμῳ
3273 4950 3438 5021 ἐστὶν,
3499 4952 3629 5026 ὑπὲρ
3673 4954 3768 5008 τὸν

2108 5038 2277 5111 νόμον
2320 5044 2421 5106 τῆς
2480 5037 2743 5114 ἀφθορίας
2799 5039 2862 5093 τὸ
2932 5040 3264 5115 κατόρθωμα
3316 5045 3395 5112 τῷ
3455 5041 3659 5116 ποιητῇ
3711 5062 3772 5097 τε

2107 5129 2195 5182 καὶ
2252 5126 2524 5201 νομοθέτῃ
2580 5127 2999 5206 προσφέρουσα.
3059 5127 3158 5182 Διὰ
3213 5131 3375 5183 τοῦτο
3434 5127 3526 5184 οὖν
3586 5131 3614 5184 6
3678 5131 3774 5204 μὲν

2109 5218 2328 5291 Κύριος,
2384 5215 2491 5291 ἐρῶ
2563 5215 2752 5288 πάλιν,
2829 5214 3074 5290 οὐδαμοῦ
3149 5216 3513 5292 ἐνομοθέτησε
3563 5231 3772 5293 παρθεο

2794 5344 2839 5380 ¹⁹
2869 5342 3073 5398 Matth.
3105 5359 3161 5414 v,
3189 5344 3298 5413 27;
3333 5346 3508 5401 Exod.
3541 5363 3636 5413 xx,
3673 5347 3762 5402 14.

2349 5558 2456 5640 Τὴν
2517 5559 2627 5640 τῷν
2687 5555 3152 5640 ἐπιγεννωμένων.
3211 5563 3463 5640 Deerant
3519 5560 3642 5640 hinc
3701 5561 3765 5618 in

2107 5630 2301 5686 editis.
2359 5631 2663 5703 Leguntur
2719 5630 2799 5685 in
2834 5631 3113 5704 omnibus
3171 5633 3389 5704 nostris
3433 5630 3764 5704 codicibus,

2107 5719 2360 5775 quorum
2391 5702 2590 5760 tamen
2622 5702 2893 5760 nonnulli
2923 5702 3164 5773 habent,
3195 5702 3617 5777 ἐπιγενομένων.
