4124 6380
342 452 456 512 ’781

1582 443 1816 503 LIBER
1859 442 1962 502 DE
2003 441 2406 504 WBGINITA
2416 445 2547 505 TE.

3661 450 3786 510 782

339 580 478 636 νίανο
509 575 654 635 εἷάσε
687 574 883 649 δὲ,⁹ίνα
923 573 1103 648 ὥσπερ
1160 572 1266 628 ἀπὸ
1321 569 1617 647 ἀφθαρσίας
1669 571 1746 633 εἷς
1799 572 2002 649 φθορὰν

2123 590 2263 631 usus
2293 574 2472 632 homo
2503 575 2786 631 violenter
2820 576 3096 632 detrusus
3127 578 3326 647 est,ita
3356 594 3388 632 a
3409 580 3788 650 corruptione

341 672 489 746 παρά
520 669 676 746 φύσιν
710 667 932 740 ἀμέτρῳ
986 669 1056 738 τῇ
1098 661 1318 737 ἐξουσίᾳ
1388 664 1734 738 χρησάμενος
1788 656 2011 730 ἐϐιάσθη

340 762 368 816 6
421 758 727 832 ἄνθρωπος,
779 754 962 816 οὕτως
1010 753 1118 808 ἀπὸ
1170 754 1375 830 φθορᾶς
1436 751 1512 815 εἰς
1563 751 1863 827 ἀφθαρσίαν
1915 751 2014 818 τὴν

339 851 532 904 έαυτοῦ
592 847 748 923 φύσιν
806 843 1076 919 κρείττονι
1136 848 1237 911 τῆς
1290 840 1500 918 φύσεως
1545 839 1855 916 προαιρέσει
1891 839 2015 912 βιά-

340 958 521 1008 σηται.
556 935 659 992 Καὶ
719 934 780 989 οὐ
837 934 1138 1005 νομοθετεῖ
1199 930 1317 1003 μὲν,
1351 930 1520 1004 φημὶ,
1569 926 1694 984 οὐδὲ
1746 927 2013 982 ἐπιτάττει

339 1027 403 1082 τὸ
460 1024 792 1098 κατόρθωμα
847 1025 1051 1088 τοῦτο,
1119 1019 1390 1094 ἐξαίρετόν
1447 1039 1499 1073 τι
1559 1017 1648 1073 καὶ
1710 1018 1840 1091 ὑπὲρ
1912 1017 2011 1085 τήν

341 1115 496 1192 φύσιν
554 1113 643 1168 καὶ
707 1113 841 1186 ὑπὲρ
893 1112 986 1165 τὸν
1047 1109 1219 1181 νόμον
1285 1107 1586 1182 φιλαρέτου
1647 1109 1830 1183 ψυχῆς
1879 1105 2011 1160 εἶναι

337 1204 640 1282 γινώσκων.
693 1200 960 1260 Ἀκούσας
1018 1196 1079 1254 δὲ
1122 1202 1221 1253 τοῦ
1283 1198 1425 1272 πρὸς
1487 1196 1644 1251 αὐτὸν
1706 1195 2008 1270 εἷ’ρηκότος,

340 1295 421 1350 Οὑ
495 1291 762 1366 συμφέρει
851 1294 1150 1364 γαμῆσαι,
1208 1287 1270 1345 τὸ
1375 1287 1640 1363 ὑπερφυὲς
1737 1282 2012 1340 ἐνδεικνύ-

341 1402 500 1456 μενος
586 1387 689 1450 τῆς
775 1377 1074 1454 παρθενίας
1107 1421 1122 1449 ,
1184 1376 1347 1454 φησίν
1392 1395 1403 1407 ·
1464 1376 1543 1433 Οὐ
1615 1376 1810 1436 πάντες
1892 1393 2011 1448 χω-

341 1476 556 1548 ροῦσιν.

405 1561 618 1624 56.Ὡς
671 1559 771 1614 καὶ
831 1559 860 1614 6
921 1555 1199 1622 θειότατος
1258 1553 1621 1624 Ἀπόστολος,
1683 1555 1798 1609 κατ’
1858 1552 2012 1628 ἴχνος

344 1651 633 1724 ἑπόμενος,
665 1649 732 1704 τὰ
789 1648 885 1722 μὶν
919 1646 1192 1722 ἀνάγκαῖα
1221 1647 1356 1718 πρὸς
1391 1646 1535 1714 ζωὴν
1597 1643 1651 1699 έν
1709 1649 1828 1706 ταῖς
1860 1646 2009 1701 Ἐπι-

344 1739 566 1802 στολαῖς
626 1737 968 1794 διατάσσεται
1000 1755 1014 1766 ·
1079 1736 1169 1791 καὶ
1243 1737 1341 1805 τήν
1405 1732 1734 1805 Ἐκκλησίαν
1805 1735 2012 1806 ἑκάστῳ

345 1832 586 1906 τάγματι
645 1829 721 1892 ὡς
765 1827 818 1883 ἓν
870 1831 1054 1899 σῶμα,
1089 1826 1198 1880 ἀπὸ
1246 1823 1490 1902 κεφαλῆς
1537 1822 1638 1886 ἕως
1681 1820 1883 1898 ἄκρων,
1934 1821 2008 1882 ὠς

353 1917 413 1975 ἄν
444 1940 530 1981 τις
561 1914 730 1985 εἷεποι,
765 1916 980 1991 ὀνύχων
1039 1919 1256 1986 κοσμεῖ⁶
1290 1911 1415 1988 περί
1465 1910 1522 1967 δὲ
1567 1917 1675 1966 τῶν
1702 1912 2007 1984 παρθένων,

342 2005 498 2062 οὐδὲν
555 2007 648 2079 μὲν
712 2006 800 2083 ἀφ’
851 2005 1042 2059 ἑαυτοῦ
1095 2002 1469 2080 ἆποφαίνεται⁴
1507 2000 1862 2074 ἐρωτώμενος
1922 1998 1999 2076 δὲ,

348 2101 597 2170 μιμεῖται
655 2095 749 2150 τὸν
805 2093 1022 2170 Κύριον,
1073 2092 1163 2147 καί
1221 2112 1374 2170 φησι·
1411 2091 1539 2166 Περῖ
1598 2089 1654 2145 δὲ
1708 2096 1815 2144 τῶν
1867 2113 2003 2166 παρ-

344 2187 508 2250 θένων
557 2185 815 2261 ἰπιταγήν
868 2182 1068 2258 Κυρίου
1119 2181 1219 2237 οὐκ
1271 2178 1405 2257 ἔχω.
1461 2178 1720 2253 Οὐδαμοῦ
1766 2181 1867 2256 γὰρ
1917 2181 2001 2236 εὑ-

346 2275 538 2351 ρίσκω,
574 2273 697 2330 οὔτε
747 2274 801 2328 ἐν
844 2273 1024 2347 νόμῳ,
1077 2268 1190 2327 οὔτ’
1241 2271 1293 2327 ἐν
1345 2268 1689 2346 Εὐαγγελίῳ,
1722 2274 1883 2325 τοῦτο
1941 2271 2004 2325 τὸ

349 2364 604 2438 μέγιστον
637 2368 822 2434 κτῆμα
846 2368 949 2430 τῆς
979 2359 1278 2437 φιλαρέτου
1307 2362 1491 2433 ψυχῆς
1519 2358 1611 2412 τὸν
1641 2357 1834 2432 Κύριον
1886 2357 2003 2411 ἐπι-

345 2454 588 2523 τάξαντα.
649 2452 740 2513 Ὦς
792 2448 849 2504 δὲ
906 2451 934 2504 ὁ
993 2448 1196 2522 Κύριος
1274 2447 1570 2523 ἐρωτηθεὶς
1626 2447 1689 2500 τὸ
1751 2447 1865 2518 μὲν,
1927 2444 2002 2502 Οὐ

350 2545 544 2602 πάντες
605 2543 876 2616 χωροῦσι,
934 2544 1051 2599 τοῖς
1109 2537 1442 2613 έρωτήσασιν
1501 2536 1849 2611 ἀπεκρίνατο,
1903 2534 2006 2590 οὐκ

350 2625 549 2705 ἔκρυψε
579 2627 637 2683 δὲ
662 2624 790 2682 οὔτε
817 2627 878 2680 τὸ
913 2625 1164 2701 μέγεθος,
1196 2623 1318 2680 οὔτε
1341 2626 1432 2680 τὸν
1479 2626 1682 2700 τρόπον
1727 2626 1773 2697 ᾧ
1816 2622 1876 2678 ἄν
1917 2644 2004 2684 τις

352 2718 715 2792 κατορθώσειε
743 2715 1050 2791 παρθενίαν,
1083 2714 1210 2770 ἀλλ’
1242 2713 1527 2790 ἐπενέγκας
1575 2714 1637 2768 τὸ
1684 2714 1868 2788 τρίτον
1926 2713 2004 2767 εἶ-

355 2805 449 2869 δος
477 2813 576 2876 τῆς
606 2804 890 2880 εὐνουχίας
922 2802 1210 2877 ὑπέδειξεν·
1265 2803 1408 2859 οὕτω
1456 2803 1626 2880 κάγὼ,
1662 2803 1707 2858 εἷ
1755 2802 1843 2858 καὶ
1887 2801 2003 2858 ἐπι-

352 2897 527 2971 ταγὴν
560 2893 762 2969 Κυρίου
795 2894 894 2950 οὐκ
924 2891 1062 2969 ἔχω,
1095 2891 1243 2948 ἀλλᾶ
1290 2893 1522 2968 γνώμην
1573 2890 1796 2965 δίδωμι.
1829 2895 2004 2946 Ὅπου

353 2985 454 3063 γὰρ
486 2985 617 3059 ὑπὲρ
653 2985 749 3052 τήν
794 2983 948 3061 φύσιν
983 2981 1173 3055 μέλλει
1205 2983 1443 3058 γίνεσθαι
1490 2987 1652 3037 τοῦτο
1695 2983 1758 3036 τὸ
1807 2982 2003 3056 κατόρ-

355 3085 514 3147 θωμα
539 3072 650 3128 ἐκεῖ
695 3067 1020 3127 ἐκϐάλλεται
1073 3073 1167 3143 μὲν
1218 3072 1354 3125 ἅπαν
1406 3068 1777 3146 δουλοπρεπὲς
1826 3068 2007 3124 ἐπίτα-

323 3151 486 3239 ’γμα’
539 3160 797 3236 ἐλευθέρα
841 3158 899 3215 δὲ
945 3155 1235 3234 συμϐουλὴ
1286 3161 1651 3238 ὑποφωνοῦσα
1715 3165 1834 3222 πῶς
1891 3160 2003 3234 χρὴ

350 3253 444 3306 τὸν
504 3250 786 3325 ἐλεύθερον
840 3251 1038 3312 παντὸς
1107 3249 1498 3326 ἐπιτάγματος,
1556 3249 1837 3325 κρείττονα
1900 3249 2006 3303 ἀπὸ

2124 665 2194 718 ad
2227 664 2730 736 incorruptionem
2749 670 3021 720 naturam
3052 683 3221 720 suam
3245 668 3544 738 proposito
3567 672 3785 723 natura

2122 753 2380 819 meliore,
2418 755 2536 810 vim
2572 755 2888 825 quamdam
2920 753 3032 808 sibi
3064 755 3371 824 adhibens,
3411 757 3775 826 perveheret.

2122 843 2238 897 Nec
2267 842 2456 898 instar
2502 842 2649 913 legis
2676 841 3018 914 praescribit,
3049 842 3317 912 inquam,
3351 860 3456 899 nec
3512 844 3782 917 praecipit

2123 931 2230 986 hoc
2263 931 2622 1000 institutum,
2657 930 2928 986 eximiam
2965 931 3308 1001 quamdam,
3341 948 3406 986 ac
3463 949 3643 1004 supra
3673 951 3779 989 na-

2122 1026 2315 1076 turam
2365 1025 2422 1075 et
2477 1037 2658 1093 supra
2704 1021 2916 1092 legem,
2948 1020 3158 1074 animae
3208 1018 3441 1074 virtutis
3493 1021 3776 1077 studiosa

2124 1109 2355 1164 laudem
2388 1125 2520 1164 esse
2551 1110 2766 1165 sciens.
2799 1112 2942 1163 Cum
2968 1113 3163 1163 autem
3199 1108 3464 1164 audisset
3498 1110 3780 1180 eum,qui

2126 1200 2194 1254 ad
2228 1199 2396 1253 illum
2430 1199 2662 1252 dicebat
2696 1215 2708 1254 :
2742 1199 2856 1254 Non
2888 1197 3114 1270 expedit
3139 1197 3344 1253 nubere
3373 1198 3420 1234 ²¹
3448 1215 3462 1267 ;
3493 1197 3780 1254 excellen-

2125 1288 2266 1343 tiam
2299 1290 2712 1343 demonstrans
2753 1287 3108 1360 virginitatis
3142 1287 3222 1341 ait
3251 1303 3265 1355 ;
3299 1286 3419 1343 Non
3463 1303 3647 1343 omnes
3692 1303 3780 1342 ca-

2121 1380 2281 1448 piunt
2311 1378 2379 1433 ”.

2190 1557 2806 1622 56.0uemadmodum
2839 1559 2896 1611 et
2926 1555 3334 1611 divinissimus
3361 1555 3682 1630 Apostolus
3711 1555 3783 1610 il-

2122 1646 2238 1702 lius
2267 1647 2514 1719 vestigia
2544 1663 2818 1718 sequens,
2846 1661 2974 1716 quae
3006 1645 3244 1718 quidem
3277 1646 3609 1702 necessaria
3639 1649 3786 1702 sunt

2122 1739 2193 1793 ad
2213 1737 2392 1791 vitam
2410 1737 2466 1791 in
2491 1735 2768 1807 Epistolis
2791 1734 3094 1806 praecipit;
3119 1751 3184 1790 ac
3209 1736 3523 1792 Ecclesium
3548 1736 3607 1791 in
3631 1753 3780 1792 uno-

2121 1842 2356 1898 quoque
2378 1824 2766 1893 ordine,velut
2787 1841 2968 1879 unum
2995 1840 3207 1896 corpus
3232 1841 3264 1878 a
3285 1825 3473 1897 capite
3498 1841 3688 1896 usque
3705 1826 3774 1881 ad

2120 1921 2432 1982 extremos,
2467 1918 2532 1969 ut
2563 1915 2643 1968 ita
2667 1913 2883 1982 dicam,
2919 1928 3145 1985 ungues
3176 1918 3418 1968 exornat
3444 1932 3459 1969 :
3491 1914 3561 1969 de
3591 1914 3782 1987 virgi-

2115 2004 2290 2059 nibus
2321 2008 2517 2058 autem
2541 2002 2686 2057 nihil
2716 2020 2784 2058 ex
2817 2003 3011 2074 seipso
3044 2002 3427 2074 pronuntiat;
3455 2004 3554 2059 sed
3589 2003 3773 2059 inter-

2109 2099 2348 2166 rogatus
2377 2091 2650 2148 imitatur
2672 2092 2988 2147 Dominum
3015 2097 3072 2146 et
3093 2091 3174 2146 ait
3198 2108 3210 2146 :
3239 2093 3311 2148 De
3328 2092 3650 2165 virginibus
3679 2110 3776 2147 au-

2109 2187 2214 2238 tem
2240 2185 2568 2254 praceptum
2601 2182 2819 2237 Domini
2848 2197 2959 2235 non
2981 2181 3150 2236 habeo
3169 2181 3236 2235 ³³.
3270 2181 3574 2253 Nusquam
3608 2182 3766 2237 enim

2112 2271 2337 2343 reperio
2382 2286 2487 2325 nec
2518 2271 2578 2325 in
2611 2269 2752 2340 lege,
2782 2271 2934 2326 669
2969 2286 3074 2325 nec
3127 2271 3187 2325 in
3233 2270 3544 2344 Evangelia
3578 2272 3772 2327 maxi-

2114 2377 2276 2416 mum
2309 2359 2454 2415 illud
2507 2366 2917 2416 ornamentum
2961 2359 3168 2420 animis
3221 2361 3454 2417 virtutis
3486 2361 3766 2418 studiosae

2112 2450 2521 2523 prmscriptum
2554 2467 2586 2502 a
2612 2449 2860 2505 Domino
2893 2449 3096 2505 fuisse.
3123 2449 3628 2514 Quemadmodum
3660 2468 3769 2506 au—

2112 2545 2229 2595 tem
2267 2539 2547 2594 Dominus
2577 2539 2977 2611 interrogatus
2999 2538 3144 2594 illud
3179 2539 3559 2611 quidem,Non
3579 2556 3769 2597 omnes

2113 2631 2356 2700 capiunt,
2391 2628 2893 2700 interrogantibus
2925 2629 3630 2700 respondit,nequaquam
3669 2647 3770 2685 au-

2112 2725 2230 2774 tem
2264 2715 3489 2789 absconditvirginitatispraestantiammec
3519 2719 3767 2774 modum

2115 2825 2230 2880 quo
2263 2808 2398 2878 quis
2421 2807 2581 2861 illam
2617 2808 3156 2877 consequatur,sed
3190 2807 3430 2862 tertium
3463 2808 3768 2864 eunucho-

2117 2913 2246 2952 rum
2273 2911 2460 2968 genus
2483 2895 2739 2951 ostendit
2769 2913 2780 2950 :
2807 2896 2887 2950 ita
2917 2900 2972 2950 et
3003 2895 3245 2966 ego,etsi
3271 2901 3624 2968 praeceptum
3660 2898 3769 2952 Do-

2117 2987 2262 3042 mini
2296 3002 2409 3040 non
2432 2985 2707 3051 habeo,at
2729 2983 3045 3039 consilium
3069 2985 3142 3038 do
3164 2985 3377 3040 ".Gum
3414 2985 3569 3040 enim
3591 3002 3771 3058 supra

2117 3079 2391 3131 naturam
2415 3075 2610 3130 futura
2641 3073 2718 3129 sit
2748 3073 2868 3143 haec
2897 3073 3286 3142 virtus,illinc
3320 3091 3494 3131 omne
3523 3074 3771 3148 expelli-

2114 3168 2212 3219 tur
2243 3162 2450 3218 servile
2495 3167 2873 3234 praeceptum,
2907 3179 2973 3217 ac
3023 3161 3247 3219 liberali
3281 3163 3526 3220 consilio
3557 3181 3773 3237 oppor-

2114 3257 2258 3308 tune
2287 3253 2528 3307 docetur
2557 3252 2850 3322 quomodo
2887 3256 3152 3323 oporteat
3180 3269 3337 3321 eum,
3371 3253 3473 3325 qui
3506 3253 3653 3309 liber
3684 3256 3779 3310 est

363 3339 603 3410 ἐξουσίας
650 3339 963 3414 γενόμενον,
1012 3338 1148 3412 πρὸς
1194 3337 1488 3414 ἆφθαρσίιον
1538 3335 1855 3413 παραδόξως
1906 3338 2006 3406 τὴν

2123 3341 2193 3396 ab
2241 3339 2400 3396 omni
2432 3345 2744 3411 praecepto,
2778 3339 3078 3395 meliorem
3115 3357 3183 3396 ex
3212 3346 3498 3412 potestate
3528 3343 3776 3410 factum,

367 3430 521 3506 φύσιν
560 3427 862 3504 βιάσασθαι,
890 3427 1119 3503 καιρίως
1151 3430 1261 3500 (47)
1295 3427 1579 3501 εἰσάγεται.
1614 3429 1703 3492 Ὦς
1734 3425 1822 3482 οὖν
1853 3429 1880 3482 6
1915 3425 2013 3480 Κύ-

361 3539 476 3594 ριος
505 3516 636 3578 τοὺς
666 3516 902 3591 τρόπους
942 3521 1046 3584 τῆς
1075 3516 1210 3569 κατὰ
1238 3515 1336 3583 τήν
1386 3513 1671 3589 παρθενίαν
1724 3513 2009 3589 εύνουχίας

363 3607 684 3682 ἐρωτηθεὶς,
717 3605 890 3669 οὕτως
917 3606 944 3659 6
981 3606 1229 3677 μαθητὴς
1258 3611 1360 3673 τῆς
1387 3602 1681 3679 παρθενίας
1719 3605 1818 3672 τὴν
1874 3625 2012 3676 συμ-

363 3692 572 3764 ϐουλὴν
628 3693 956 3768 εἰσηγήσατο
1014 3692 1223 3766 λέγων’
1262 3693 1388 3770 Περὶ
1453 3690 1511 3747 δὲ
1566 3697 1673 3748 τῶν
1729 3693 2010 3769 παρθένων

363 3782 622 3856 ἐπιταγὴν
681 3781 888 3855 Κυρίου
947 3779 1047 3835 οὐκ
1107 3775 1242 3856 ἔχω⁶
1276 3781 1507 3856 γνώμην
1565 3780 1622 3836 δὲ
1680 3779 1883 3856 δίδωμι
1940 3784 2015 3846 ὡς

361 3869 674 3942 ἠλεημένος
729 3870 832 3923 ὑπὸ
891 3868 1098 3944 Κυρίου
1157 3870 1349 3931 πιστὸς
1407 3870 1564 3925 εἶναι.
1626 3871 1858 3942 Νομίζω
1920 3872 2010 3925 οὖν

361 3963 522 4014 τοῦτο
578 3956 748 4013 καλὸν
815 3955 1078 4032 ὑπάρχειν
1139 3955 1229 4011 διὰ
1301 3958 1398 4026 τὴν
1479 3958 1772 4012 ἐνεστῶσαν
1845 3957 2015 4033 ἀνάγ-

361 4069 486 4119 κην,
545 4047 628 4103 ὅτι
685 4044 854 4102 καλὸν
923 4046 1196 4119 ἀνθρώπῳ
1253 4046 1316 4101 τὸ
1392 4044 1565 4108 οὕτως
1645 4047 1799 4104 εἶναι.
1859 4044 2012 4101 Δέδε-

362 4159 448 4193 σαι
507 4135 756 4212 γυναικί;
789 4135 878 4191 καὶ
933 4133 1102 4210 ἔφθης
1158 4141 1236 4208 τῷ
1291 4134 1475 4208 δεσμῷ
1529 4134 1708 4201 τούτῳ
1757 4135 1865 4205 πρὸ
1912 4139 2013 4201 τῆς

362 4227 615 4302 γνώσεως
642 4229 740 4280 τοῦ
771 4225 910 4280 κατά
964 4225 1064 4294 τήν
1119 4224 1404 4299 παρθενίαν
1453 4222 1627 4280 καλοῦ
1682 4223 2014 4303 προληφθῆ-

363 4335 501 4384 ναις
555 4317 631 4388 μὴ
694 4316 844 4385 ζήτει
904 4313 1081 4370 λύσιν.
1136 4311 1373 4368 Λέλυσαι
1430 4313 1535 4368 ἀπὸ
1578 4311 1872 4390 γυναικός;
1937 4315 2012 4387 μὴ

368 4405 517 4472 ζήτει
569 4406 816 4476 γυναῖκα.
847 4401 998 4456 Ἀντί
1045 4404 1174 4469 τῶν,
1227 4401 1321 4469 Μὴ
1385 4402 1534 4471 ζήτει
1593 4398 1788 4474 δεσμὸν
1852 4400 2018 4472 δεθῆ-

362 4513 470 4547 ναι.
507 4491 630 4548 Ἐὰν
687 4487 746 4545 δὲ
802 4489 889 4544 καὶ
948 4491 1232 4565 γαμήσῃς,
1292 4489 1398 4565 οὐχ
1450 4489 1713 4562 ἥμαρτες.
1774 4490 1873 4545 Καὶ
1926 4489 2016 4546 ἐὰν

362 4582 520 4657 γήμῃ
551 4583 586 4648 ἡ
620 4578 906 4655 παρθένος,
962 4579 1070 4653 οὐχ
1123 4578 1357 4652 ἥμαρτε.
1389 4577 1582 4651 Θλίψιν
1646 4577 1703 4634 δὲ
1756 4584 1824 4654 τῇ
1884 4601 2018 4656 σαρ-

2122 3430 2335 3484 miram
2358 3433 2579 3484 natura
2597 3428 2714 3484 vim
2729 3428 2868 3483 infe'
2883 3445 2941 3483 re
2954 3430 3024 3484 ad
3040 3430 3537 3502 incorruptionem
3551 3432 3777 3496 .Quem-

2123 3519 2439 3574 admodum
2461 3518 2642 3590 igitur
2667 3517 2948 3572 Dominus
2969 3517 3245 3591 virgineae
3268 3520 3636 3576 castrationis
3659 3536 3781 3575 mo-

2123 3609 2228 3664 dos
2260 3608 2654 3679 interrogatus
2679 3608 2935 3678 aperuit:
2960 3608 3042 3664 ita
3072 3607 3398 3680 discipulus
3419 3609 3780 3681 virginitatis

2124 3697 2438 3752 consilium
2496 3697 2748 3763 induxit,
2783 3697 2987 3752 dicens
3017 3698 3061 3733 ²¹⁵
3092 3714 3106 3753 :
3140 3699 3214 3753 De
3260 3699 3569 3770 virginibus
3597 3707 3782 3755 autem

2121 3791 2459 3859 praeceptum
2509 3787 2727 3842 Domini
2769 3803 2880 3842 non.
2929 3786 3103 3843 habeo
3119 3805 3137 3848 ;
3167 3789 3458 3844 consilium
3505 3797 3685 3844 autem
3715 3788 3781 3845 do

2123 3883 2397 3948 tanquam
2429 3876 2874 3932 misericordiam
2911 3885 3228 3932 consecutus
3258 3894 3291 3932 a
3322 3877 3553 3933 Domino
3583 3882 3643 3933 ut
3671 3880 3784 3934 sim

2124 3964 2327 4035 ﬁdelis.
2363 3964 2634 4021 Existimo
2665 3982 2796 4036 ergo
2824 3966 2923 4020 hoc
2954 3967 3159 4020 bonum
3181 3983 3298 4023 esse
3317 3971 3540 4040 propter
3569 3970 3785 4024 instan-

2126 4062 2234 4108 tem
2263 4055 2660 4119 necessitatem,
2687 4056 2946 4124 quoniam
2978 4056 3180 4110 bonum
3209 4061 3288 4112 est
3319 4057 3630 4114 hominisic
3649 4075 3783 4114 esse.

2125 4143 2395 4212 Alligatus
2417 4157 2473 4196 es
2495 4143 2666 4196 umori
2688 4145 2712 4194 .9
2734 4159 2801 4197 ac
2829 4149 3275 4213 praeoccupatus
3299 4161 3362 4201 es
3401 4145 3510 4201 hoc
3529 4146 3784 4217 vinculo,

2127 4233 2441 4298 antequam
2474 4244 2746 4284 nosceres
2785 4229 3145 4301 virginitatis
3193 4233 3456 4288 bonum?
3484 4233 3604 4288 noli
3633 4248 3786 4304 quae-

2124 4334 2249 4373 rere
2270 4318 2616 4372 solutionem.
2651 4318 2868 4374 Solutus
2915 4336 2972 4373 es
3016 4321 3087 4375 ab
3132 4326 3353 4377 uxore?
3381 4323 3500 4377 noli
3542 4338 3790 4394 quaerere

2125 4423 2372 4462 uxorem.
2407 4406 2581 4472 Quasi
2616 4407 2772 4464 dicat
2806 4425 2818 4462 :
2855 4408 2937 4464 Ne
2971 4426 3200 4480 quaeras
3242 4409 3478 4466 vinculo
3501 4410 3690 4484 ligari.
3724 4413 3790 4467 Si

2126 4506 2310 4552 autem
2339 4506 2389 4552 et
2418 4512 2654 4551 uxorem
2687 4498 2940 4565 duxeris,
2971 4515 3081 4555 non
3113 4501 3366 4570 peccasti.
3402 4505 3468 4557 Et
3511 4503 3564 4556 si
3589 4518 3787 4574 nupse-

2127 4589 2203 4641 rit
2234 4588 2406 4656 virgo,
2455 4601 2563 4641 non
2606 4590 2866 4655 peccavit.
2926 4590 3357 4646 Tribulationem
3387 4595 3571 4647 tamen
3602 4593 3790 4646 carnis

362 4670 416 4724 κὶ
464 4666 672 4738 ἕξουσιν
731 4668 782 4721 οἱ
826 4671 1091 4737 τοιοῦτοι,
1145 4665 1452 4742 ἀνοίγοντες
1512 4668 1722 4730 ἑαυτοῖς
1779 4667 1867 4722 διὰ
1920 4674 2011 4723 τοῦ

2127 4676 2399 4731 habebunt
2455 4675 2793 4746 hujusmodi,
2850 4677 3182 4750 aperientes
3239 4679 3629 4752 sibimetipsis
3691 4697 3794 4751 per

363 4757 543 4834 γάμου
601 4753 807 4810 ὀδυνῶν
868 4755 1248 4831 ἐργαστήριον.
1315 4756 1450 4830 Ἐγὼ
1509 4753 1566 4810 δὲ
1621 4757 1772 4828 ὑμῶν
1834 4756 2020 4834 φείδο-

368 4869 484 4920 μαι.
526 4848 702 4902 Τοῦτο
763 4841 819 4900 δέ
881 4866 1048 4922 φημι,
1105 4842 1356 4924 ἀδελφοὶ,
1403 4847 1431 4900 6
1490 4846 1678 4921 καιρὸς
1734 4846 2024 4902 συνεσταλ-

371 4935 532 5008 μένος
591 4935 703 4990 έστὶ
757 4935 820 4989 τὸ
884 4932 1102 4990 λοιπόν.
1153 4935 1222 4990 Αἱ
1279 4935 1380 5010 γὰρ
1432 4939 1613 5010 χῶραι
1671 4933 1882 5005 λευκαὶ,
1934 4936 2024 4990 καὶ

366 5020 476 5094 ἤδη
532 5022 635 5077 εἰσὶ
694 5023 831 5098 πρὸς
893 5023 1150 5098 θερισμὸν
1194 5021 1420 5078 λοιπόν³
1455 5026 1568 5080 Ἵνα
1598 5023 1687 5078 καὶ
1720 5026 1772 5079 οἱ
1804 5023 2025 5101 ἔχοντες

366 5117 624 5189 γυναῖκας
663 5112 739 5174 ὡς
803 5113 879 5186 μὴ
939 5106 1163 5188 ἔχοντες
1225 5112 1380 5168 ὦσιν.
1414 5112 1537 5188 Οὐχ
1594 5115 1646 5168 οἱ
1698 5115 1773 5187 μὴ
1807 5108 2027 5189 ἔχοντες

368 5201 443 5263 ὡς
477 5202 532 5254 οἱ
561 5196 798 5276 ἔχοντες.
829 5202 1032 5278 Ὥσπερ
1065 5201 1156 5256 οὗν
1188 5200 1322 5255 ἔνιοι
1361 5203 1435 5275 μὴ
1482 5201 1705 5277 ἔχοντες
1759 5201 1848 5256 διὰ
1889 5225 2026 5279 παρ-

370 5287 548 5354 θενίας
581 5287 898 5365 ὑπόσχεσιν,
932 5290 1006 5353 ὡς
1049 5289 1270 5366 ἔχοννες
1309 5291 1408 5359 τήν
1457 5292 1747 5367 παρθενίαν
1781 5294 1894 5366 (18)
1945 5292 2026 5347 ἐν·

369 5375 672 5454 υϐρίζουσι.
727 5379 826 5431 Καὶ
903 5380 954 5433 οἱ
1024 5378 1350 5451 κλαίοντες,
1401 5380 1474 5440 ὡς
1555 5383 1631 5454 μὴ
1705 5380 2024 5445 κλαίοντες·

2130 4764 2575 4819 matrimonium
2624 4764 2893 4821 dolorum
2929 4768 3252 4824 officinam.
3291 4771 3401 4838 Ego
3429 4779 3614 4826 autem
3645 4771 3794 4826 vobis

2128 4867 2313 4924 parco.
2357 4854 2462 4909 Hoc
2505 4862 2691 4910 autem
2738 4856 2882 4926 dico,
2930 4856 3162 4930 fratres,
3209 4862 3422 4930 tempus
3451 4860 3588 4930 9am
3631 4859 3796 4916 breve

2130 4950 2226 4998 est.
2263 4941 2407 4998 Nam
2459 4943 2723 5011 regiones
2777 4944 2919 5000 albae
2953 4951 3113 5014 sunt,
3139 4949 3386 5020 jamque
3426 4949 3500 5003 ad
3536 4965 3791 5005 messem

2134 5035 2347 5103 paratae
2379 5031 2423 5065 ’δ
2451 5049 2462 5086 :
2503 5033 2565 5088 Ut
2584 5036 2635 5087 et
2667 5035 2763 5104 qui
2791 5034 2992 5090 habent
3022 5039 3524 5108 urcores,tanquam
3555 5053 3667 5094 non
3693 5039 3792 5094 ha-

2137 5122 2319 5175 bentes
2349 5120 2483 5177 sint.
2509 5120 2635 5178 Non
2667 5123 2829 5192 dicit,
2863 5129 2928 5179 ut
2959 5125 3057 5195 qui
3093 5142 3208 5180 non
3240 5125 3479 5197 habent,
3511 5131 3798 5199 tanquam

2135 5209 2421 5266 habentes
2471 5209 2608 5266 sint.
2640 5213 3145 5276 Quemadmodum
3193 5215 3455 5287 profecto
3505 5216 3800 5289 nonnulli,

2137 5315 2254 5354 non
2305 5297 2589 5355 habentes
2635 5307 2874 5374 propter
2931 5303 3290 5374 virginitatis
3350 5305 3801 5376 professionem,

2140 5393 2421 5458 tanquam
2456 5388 2761 5461 habentes,
2795 5391 3116 5464 virginitati
3148 5393 3406 5450 dedecus
3439 5393 3709 5454 inurunt.
3741 5397 3806 5454 Et

435 5542 481 5578 ’ί
512 5543 721 5601 Matth.
754 5557 871 5607 nx,
909 5539 994 5595 10.
1072 5539 1119 5573 ²²
1150 5539 1294 5596 ibid.
1330 5542 1418 5597 11.
1498 5543 1544 5578 ³³
1577 5543 1599 5600 Ι
1630 5545 1760 5603 Cor.
1792 5566 1894 5621 v11,
1926 5551 2011 5607 25.

2123 5553 2142 5587 δ
2168 5551 2310 5609 ibid.
2390 5553 2435 5589 ³⁵
2467 5551 2609 5608 ibid.
2641 5551 2839 5606 25-36.
2919 5552 2963 5586 ²⁶
2991 5553 3165 5609 Joan.
3194 5571 3268 5624 1v,
3301 5555 3391 5612 35.

444 5701 556 5780 (ῃ)
587 5697 845 5780 Ξαιρίως.
879 5702 1158 5780 Nonnulli
1190 5705 1444 5774 codices,
1469 5703 1711 5780 κύρμος.

444 5701 557 5844 (i7;
590 5701 845 5774 Καιρίως.
879 5702 1158 5758 Nonnulli
1190 5705 1444 5774 codices,
1480 5703 1711 5780 κύρμος,

443 5775 535 5837 (18
587 5771 702 5838 Τὴν
735 5773 1042 5849 καρθεοίαν.
1075 5776 1170 5834 Sic
1201 5794 1345 5834 mss.
1381 5782 1438 5835 et
1468 5777 1688 5835 Veneta
1717 5781 1916 5838 editio.
1951 5784 2007 5840 M

2132 5785 2194 5841 in
2225 5786 2564 5857 Parisiensi,
2596 5785 2695 5852 τήν
2726 5784 3007 5858 καρθένον.
