4124 6370
326 436 448 497 783
1267 435 1663 498 APPENDIX
1709 435 2036 497 OPERUM
2081 436 2146 497 S.
2193 437 2480 498 BASILII
2525 436 2802 498 MAGNI.
3645 431 3765 494 ’784

329 570 428 642 qui
454 571 607 641 ﬂent,
639 571 904 638 tanquam
934 583 1044 622 non
1089 568 1321 637 ﬂentes;
1350 570 1400 623 et
1443 570 1540 639 qui
1567 567 1827 637 gaudent,
1861 575 1986 623 tan-

2119 567 2188 621 ιαὶ
2251 567 2302 621 οἱ
2359 567 2664 644 χαίροντες,
2721 569 2796 631 ὡς
2857 567 2934 640 μή
2993 565 3322 643 χαίροντες·
3383 564 3472 620 καὶ
3531 563 3584 618 οἱ
3632 563 3765 638 ἆγο-

330 675 496 731 quam
523 673 633 714 non
667 656 1004 729 gaudentes;
1034 663 1084 710 et
1103 658 1201 728 qui
1229 659 1712 729 emunt,tanquam
1731 673 1844 713 non
1860 673 1988 729 pos-

2119 655 2374 726 )άζοντες,
2426 658 2500 720 ὡς
2561 658 2636 730 μὴ
2695 655 3172 733 κατέχοντες·καὶ
3231 656 3284 710 οἳ
3341 656 3627 731 χρώμενοι
3684 655 3766 725 τῷ

330 748 607 811 sidentes;
640 752 691 803 et
735 747 832 817 qui
871 750 1109 802 utuntur
1156 746 1255 802 hoc
1303 745 1525 813 mundo,
1570 755 1836 819 tanquam
1879 763 1991 802 non

2119 747 2296 820 ιόσμῳ
2350 746 2550 819 τούτῳ,
2587 748 2662 808 ὡς
2719 747 2795 819 μή
2854 745 3302 821 καταχρώμενοι.
3364 745 3598 820 Παράγει
3657 742 3765 817 γὰρ

333 843 585 894 utantur.
618 837 882 892 Praeterit
927 837 1077 891 enim
1133 837 1317 907 ﬁgura
1373 836 1538 906 huius
1594 837 1810 892 mundi.
1847 837 1991 890 Volo

2119 836 2163 890 τὸ
2219 843 2413 912 σχῆμα
2463 841 2560 892 τοῦ
2617 835 2828 909 κόσμου
2886 835 3105 892 τούτου.
3139 831 3296 890 Θέλω
3348 830 3404 888 δὲ
3459 834 3600 906 ὑμᾶς
3630 829 3765 904 ἀμε-

334 931 517 982 autem
548 941 635 981 vos
664 926 786 980 sine
811 924 1196 981 sollicitudine
1223 941 1354 981 esse.
1405 927 1511 994 Qui
1537 928 1656 983 sine
1685 941 1862 981 uxore
1891 934 1990 994 est,

2119 924 2328 998 alpvouc
2391 927 2539 980 εἶναι.
2574 927 2635 983 Ὁ
2694 926 2905 1000 ἄγαμος
2968 928 3208 1001 μεριμνᾷ
3263 922 3332 979 τὰ
3386 926 3482 978 τοῦ
3533 919 3766 998 Κυρίου,

333 1017 606 1072 sollicitus
634 1023 713 1069 est
743 1029 868 1086 qum
897 1023 1026 1070 sunt
1057 1016 1302 1081 Domini,
1329 1015 1595 1086 quomodo
1625 1014 1854 1086 placeat
1883 1015 1994 1070 Do-

2119 1020 2220 1077 πτῶς
2281 1015 2442 1089 ἀρέσῃ
2473 1018 2586 1088 (19)
2640 1019 2719 1086 τῷ
2775 1015 2981 1090 Κυρίῳ.
3014 1015 3071 1068 ⁸0
3132 1011 3189 1068 δὲ
3241 1013 3494 1089 γαμήσας
3531 1015 3772 1085 μεριμνᾷ

334 1107 503 1161 mino.
538 1105 645 1172 Qui
693 1109 880 1160 autem
927 1120 1051 1159 cum
1082 1119 1257 1159 uxore
1295 1106 1394 1174 est,
1423 1106 1695 1160 sollicitus
1744 1107 1822 1160 est
1871 1118 1995 1175 quae

2119 1104 2170 1160 τὰ
2223 1109 2320 1159 τοῦ
2377 1104 2612 1176 κόσμου,
2669 1107 2787 1166 πῶς
2845 1104 3011 1178 ἀρέσῃ
3068 1107 3137 1176 τῇ
3199 1100 3461 1177 γυναικί’
3525 1099 3618 1155 καὶ
3681 1119 3776 1172 με⁹

332 1198 464 1251 sunt
510 1193 727 1264 mundi,
760 1193 1023 1265 quomodo
1050 1193 1269 1264 placeat
1318 1196 1486 1249 uxori
1504 1211 1524 1255 ,·
1563 1198 1614 1249 et
1645 1193 1838 1249 divisae
1866 1201 1996 1249 sunt

332 1285 536 1339 mulier
559 1297 685 1356 quae
705 1285 913 1355 nupsit,
949 1287 1000 1338 et
1020 1285 1195 1354 virgo.
1231 1283 1470 1355 lnnupta
1499 1285 1697 1354 cogitat
1724 1297 1850 1354 quae
1888 1284 1996 1338 Do-

333 1373 479 1428 mini
506 1374 655 1441 sunl,
689 1380 748 1428 ut
795 1373 871 1428 sit
899 1375 1093 1427 sancta
1124 1387 1349 1443 corpore
1376 1380 1431 1427 et
1467 1373 1696 1442 spiritu.
1731 1373 1866 1439 Quae
1895 1388 1996 1427 au-

336 1471 446 1519 tem
485 1465 662 1534 nupta
719 1470 820 1532 est,
847 1463 1052 1533 cogitat
1115 1476 1244 1533 quae
1297 1465 1427 1516 sunt
1483 1461 1701 1531 mundi,
1731 1461 1998 1533 quomodo

334 1553 547 1624 placeat
574 1552 710 1607 viro.
747 1553 852 1607 Hoc
897 1555 1082 1607 autem
1126 1551 1199 1606 ad
1247 1552 1553 1606 utilitatem
1580 1555 1824 1607 vestram
1851 1549 1995 1618 dico,

339 1657 452 1698 non
481 1645 542 1696 ut
565 1641 818 1713 laqueum
838 1641 985 1696 vobis
1007 1641 1286 1710 injiciam,
1315 1640 1404 1696 sed
1427 1640 1498 1696 ad
1541 1640 1597 1695 id
1629 1640 1772 1713 quod
1801 1641 1998 1695 hones-

340 1735 460 1787 tum
489 1733 646 1798 est,et
676 1729 818 1801 quod
833 1730 1155 1800 facultatem
1181 1729 1420 1802 prebeat
1449 1731 1572 1784 sine
1602 1729 1999 1801 impedimento

341 1821 636 1878 Dominum
667 1819 1006 1875 obsecrandi.
1041 1819 1103 1874 Si
1132 1821 1254 1890 quis
1285 1823 1467 1874 autem
1493 1823 1711 1891 turpem
1738 1835 1795 1874 se
1821 1817 2002 1874 videri

2110 1195 2356 1269 μέρισται
2415 1193 2504 1249 καὶ
2553 1196 2588 1263 ἡ
2643 1195 2779 1270 γυνὴ
2826 1195 2861 1263 ἡ
2913 1193 3209 1268 γαμήσασα
3257 1193 3396 1262 (20),
3428 1188 3518 1244 καὶ
3561 1190 3596 1257 ἡ
3629 1208 3768 1264 παρ-

2108 1285 2280 1348 θένος.
2326 1285 2389 1340 Ἡ
2441 1282 2652 1358 ἄγαμος
2712 1286 2952 1359 μεριμνᾷ
2998 1283 3064 1337 τὰ
3131 1285 3229 1336 τοῦ
3299 1278 3526 1354 Κυρίου,
3580 1275 3676 1332 τίνα

2108 1374 2234 1448 ἁγία
2290 1371 2379 1427 καὶ
2433 1373 2646 1444 σώματι
2715 1371 2807 1426 καὶ
2885 1371 3177 1444 πνεύματι.
3239 1371 3305 1425 Ἦ
3363 1366 3422 1422 δὲ
3474 1368 3764 1444 γαμήσασα

2113 1466 2346 1538 μεριμνᾷ
2428 1461 2494 1515 τὰ
2563 1464 2661 1515 τοῦ
2738 1459 2982 1534 κόσμου,
3031 1463 3150 1521 πῶς
3235 1455 3400 1532 ἀρέσῃ
3455 1460 3538 1528 τῷ
3594 1452 3764 1529 ἀνδρί.

2106 1556 2275 1607 Τοῦτο
2335 1547 2394 1605 δὲ
2453 1551 2592 1625 πρὸς
2643 1550 2705 1603 τὸ
2763 1550 2917 1622 ὑμῶν
2998 1548 3175 1602 αὐτῶν
3251 1545 3526 1624 συμφέρον
3600 1543 3766 1619 λέγω,

2111 1641 2219 1716 οὐχ
2270 1639 2365 1695 ’ἱνα
2418 1640 2624 1715 βρόχον
2677 1639 2803 1710 ὑμῖν
2836 1633 3125 1710 ἐπιϐάλω,
3178 1634 3325 1692 ἀλλὰ
3371 1635 3507 1710 πρὸς
3557 1635 3620 1688 τὸ
3680 1631 3768 1688 εὔ-

2109 1750 2331 1807 σχημον
2389 1727 2479 1784 καὶ
2531 1724 2859 1803 εὐπάρεδρον
2919 1727 2989 1798 ὶῷ
3066 1724 3250 1802 Κυρίῳ
3327 1722 3767 1800 ἀπερισπάστως.

2112 1819 2175 1875 El
2243 1816 2300 1874 δέ
2354 1839 2440 1882 τις
2495 1817 2836 1892 ἀσχημονεῖν
2913 1814 3001 1870 ἐπὶ
3077 1816 3176 1884 τήν
3243 1814 3508 1890 παρθένον
3573 1813 3768 1867 ἑαυτοῦ

337 1911 619 1968 existimat
643 1924 811 1981 super
835 1910 1060 1981 virgine
1087 1924 1207 1978 sua,
1241 1908 1382 1980 quod
1410 1909 1482 1964 sit
1521 1907 1914 1981 superadulla,
1947 1917 2003 1966 et

2119 1909 2344 1983 νομίζει,
2385 1906 2472 1962 ἐὰν
2525 1907 2562 1982 ᾖ
2623 1906 2960 1982 ὑπέρακμος,
3012 1904 3102 1960 καὶ
3180 1900 3616 2000 οὕτως’ὀφείλει
3676 1901 3764 2000 γί-

339 2002 424 2057 ita
452 2005 662 2070 oportet
689 1998 819 2069 ﬁeri
840 2019 857 2065 ;
889 1997 1030 2069 quod
1058 1999 1175 2053 vult
1191 1999 1376 2070 faciat
1407 2014 1419 2053 :
1449 2013 1560 2053 non
1588 2003 1779 2069 peccat
1808 2016 1826 2052 :
1852 1999 1998 2068 jun-

340 2095 552 2161 gantur
581 2086 995 2155 matrimonio;
1029 2087 1173 2142 sciat
1201 2092 1397 2142 tamen
1429 2102 1490 2142 se
1518 2088 1747 2144 mortali
1779 2088 1900 2144 viro
1933 2104 1999 2143 ac

341 2178 586 2244 mundo,
619 2177 690 2232 ob
725 2176 1035 2232 fruendam
1079 2175 1438 2248 voluptatem
1483 2175 1784 2246 maluisse,
1820 2193 1998 2249 quam

341 2267 592 2325 Domino
637 2266 792 2320 670
825 2265 1073 2337 placere.
1108 2266 1217 2334 Qui
1266 2268 1455 2321 autem
1498 2269 1696 2322 statuit
1731 2268 1791 2322 in
1834 2267 2003 2323 corde

341 2373 441 2412 suo
497 2356 716 2426 ﬁrmus,
774 2370 886 2410 non
956 2354 1161 2410 habens
1231 2357 1626 2424 necessitatem,
1689 2359 2003 2428 potestatem

345 2449 532 2501 autem
563 2443 766 2500 habens
796 2459 914 2501 sum
942 2445 1262 2514 voluntatis,
1285 2449 1335 2501 et
1365 2444 1463 2502 hoc
1482 2446 1761 2517 judicavit
1792 2448 1853 2500 in
1883 2462 2003 2502 cor-

347 2535 411 2591 de
439 2549 536 2590 suo
565 2550 790 2589 servare
818 2536 1092 2606 virginem
1137 2552 1296 2590 suam
1322 2552 1335 2603 ;
1366 2535 1499 2590 bene
1525 2537 1708 2606 faciet.
1742 2537 1927 2606 Igitur
1955 2539 2006 2591 et

349 2627 444 2697 qui
462 2625 655 2695 jungit
695 2624 1060 2681 matrimonio
1090 2626 1364 2695 virginem
1408 2640 1567 2679 suam
1616 2625 1746 2679 bene
1791 2625 2006 2698 faciet;

350 2714 550 2770 melius
576 2718 659 2769 est
685 2715 831 2769 enim
860 2713 1066 2770 nubere
1096 2731 1262 2784 quam
1290 2714 1404 2769 uri.
1430 2714 1493 2767 Et
1524 2714 1620 2783 qui
1647 2728 1755 2767 non
1801 2713 2005 2783 iungit,

349 2804 549 2860 melius
591 2805 778 2874 faciet,
811 2819 914 2876 pro
946 2802 1180 2858 mortali
1210 2801 1354 2871 viro,
1387 2800 1548 2857 illam
1595 2800 1843 2856 Domino
1872 2801 2008 2856 des-

355 2895 640 2965 pandens.

420 3072 510 3127 57.
556 3071 847 3128 Dominus
879 3073 1076 3125 autem
1110 3067 1205 3136 iis,
1239 3066 1339 3140 qui
1391 3066 1755 3123 matrimonii
1791 3065 2012 3122 moleso

355 3160 468 3216 tias
500 3160 850 3227 didicerant,
884 3174 952 3213 ac
997 3156 1405 3213 difﬁcultatem
1439 3155 1705 3213 soluendi
1739 3157 2014 3228 conjuge-

352 3250 428 3305 lis
456 3247 674 3304 vinculi
703 3263 852 3319 aegre
884 3246 1170 3313 ferebant,
1202 3245 1489 3319 illudque,
1516 3248 1634 3302 Non
1661 3245 1884 3318 expedit
1911 3263 2014 3300 nu-

355 3342 500 3405 bere,
531 3337 826 3405 dicebant,
858 3341 980 3393 Non
1033 3352 1220 3392 omnes
1249 3338 1479 3408 rapiunt
1515 3337 1616 3392 hoc
1643 3337 1888 3404 verbum,
1921 3335 2011 3391 in-

356 3426 506 3498 quit,
538 3425 632 3480 sed
661 3427 858 3498 quibus
886 3425 1080 3481 datum
1108 3428 1205 3482 est.
1240 3427 1381 3482 Sunt
1431 3427 1581 3482 enim
1621 3425 1887 3494 eunuchi,
1915 3426 2015 3497 qui

357 3515 423 3571 de
451 3515 648 3570 matris
677 3523 835 3570 utero
883 3516 964 3570 sic
993 3516 1113 3570 nati
1139 3517 1266 3570 sunt
1296 3515 1341 3549 ²⁷
1375 3533 1387 3570 :
1422 3514 1763 3586 quicunque
1791 3514 2015 3570 scilicet

361 3603 781 3660 concubituum
832 3604 1237 3676 incitamento,
1271 3604 1328 3659 in
1361 3621 1444 3672 se,
1481 3607 1700 3660 natura:
1744 3619 2010 3672 munere,

360 3694 646 3765 abscisso,
680 3693 919 3765 nuptias
951 3697 1360 3764 aspernantur.
1395 3695 1460 3748 Et
1485 3701 1612 3749 sunt
1640 3693 1902 3763 eunuchi,
1918 3694 2014 3764 qui

343 3785 482 3854 facti
509 3792 634 3838 sunt
676 3785 743 3838 ab
776 3783 1093 3837 hominibus
1121 3781 1188 3849 ³⁸⁸,
1222 3781 1487 3837 doctrina
1534 3785 1590 3836 et
1639 3781 1909 3838 custodia
1939 3782 2007 3838 ad

344 3871 745 3945 virginitatem
780 3871 1129 3927 servandam
1155 3871 1394 3927 adducti
1419 3888 1430 3926 :
1471 3871 1662 3943 qualis
1678 3871 1935 3943 profecto
1957 3874 2014 3927 et

341 3962 445 4017 illa
477 3979 605 4033 quas
626 3979 659 4018 a
693 3965 858 4033 patre
889 3965 1158 4016 servatur
1188 3961 1448 4032 virgo,de
1472 3978 1587 4032 quo
1619 3961 1841 4016 dictum
1872 3966 1962 4016 est
1994 3977 2007 4015 :

343 4053 450 4120 Qui
476 4056 659 4108 autem
714 4051 984 4122 iudicavit
1016 4052 1073 4105 in
1122 4049 1281 4106 corde
1327 4066 1430 4107 suo
1472 4066 1690 4108 servare
1737 4051 2010 4120 virginem

340 4141 660 4209 suam,bene
687 4143 855 4212 faciet
887 4140 953 4195 ’9.
978 4141 1047 4195 Et
1075 4147 1210 4196 sunt
1237 4141 1503 4208 eunuchi,
1536 4141 1632 4212 qui
1657 4143 1863 4212 seipsos
1890 4157 2009 4196 cas-

335 4233 628 4289 traverunt
672 4233 896 4302 propter
924 4246 1158 4299 regnum
1208 4228 1474 4286 caelorum
1504 4229 1550 4264 ⁸ο
1581 4246 1594 4285 :
1630 4229 1729 4300 qui
1772 4229 2010 4301 quidem

342 4319 476 4376 aliis
507 4320 947 4392 prtestantiores
973 4324 1136 4384 sunt,
1169 4319 1310 4390 quia
1341 4335 1473 4374 cum
1517 4335 1709 4390 neque
1739 4336 1770 4374 a
1800 4323 2012 4374 natura

336 4410 407 4464 ad
433 4408 764 4464 castitatem
799 4409 1146 4479 adjumenta
1169 4408 1646 4480 habeant,ncque
1667 4408 1740 4464 ab
1758 4408 2011 4463 homini-

346 4498 457 4552 bus
487 4497 926 4567 custodiantur,
957 4497 1073 4569 ipsi
1107 4498 1458 4568 semetipsos
1495 4500 1734 4570 propter
1761 4513 2005 4566 regnum

341 4585 620 4641 cmlorum
655 4586 726 4640 ad
749 4585 1145 4656 virginitatem
1168 4587 1916 4657 exercent,matrimonium
1942 4603 2008 4642 ac

2106 2010 2308 2070 νεσθαι,
2367 1998 2396 2052 ’ὀ
2455 1994 2599 2060 θέλει
2655 1996 2926 2050 ποιείτωο
2980 1995 3092 2070 οὐχ
3167 1989 3506 2068 ἁμαρτάνει’
3566 1989 3767 2066 γαμεί-

2106 2106 2321 2144 τωσαν·
2353 2087 2668 2161 γινωσκέτω
2712 2085 2897 2157 μέντοι
2953 2083 3028 2147 ὡς
3084 2081 3239 2159 ἀνδρὶ
3300 2086 3483 2154 θνητῷ
3547 2077 3764 2154 μᾶλλον

2109 2177 2199 2234 καὶ
2250 2177 2446 2250 κόσμῳ
2503 2178 2616 2248 (21)
2648 2175 2682 2243 ἢ
2736 2175 2800 2229 τὸ
2847 2179 2929 2246 τῷ
2982 2172 3169 2249 Κυρίῳ
3207 2171 3432 2248 ἀρέσκον
3469 2168 3538 2226 δι’
3569 2166 3776 2240 ἡδονῆς

2113 2265 2414 2323 ἀπόλαυσιν
2473 2263 2784 2334 ἐπελέξατο.
2841 2264 2938 2326 Ὃς
2999 2260 3056 2317 δὲ
3108 2259 3336 2333 ἕστηκεν
3419 2259 3470 2315 ἐν
3525 2263 3595 2334 τῇ
3653 2278 3780 2333 καρ-

2114 2355 2203 2430 δίᾳ
2263 2357 2428 2411 αὐτοῦ
2503 2352 2758 2430 ἑδραῖος,
2815 2352 2890 2426 μὴ
2967 2347 3114 2428 ἔχων
3190 2351 3472 2426 ἀνάγκην,
3535 2347 3779 2420 ἐξουσίαν

2115 2446 2173 2503 δὲ
2228 2440 2344 2524 ἔχει
2402 2445 2524 2521 περὶ
2581 2449 2679 2499 τοῦ
2732 2440 2873 2497 ἷδίου
2922 2442 3258 2515 θελήματος,
3310 2440 3401 2495 καὶ
3468 2441 3632 2495 τοῦτο
3679 2439 3776 2493 κέ·-

2113 2556 2294 2613 κρικεν
2353 2535 2406 2590 έν
2461 2538 2530 2609 τῇ
2587 2530 2785 2610 καρδίᾳ
2833 2531 2998 2588 αὐτοῦ
3045 2535 3144 2587 τοῦ
3190 2533 3375 2607 τηρεῖν
3423 2530 3523 2599 τήν
3581 2529 3777 2584 ἑαυτοῦ

2115 2626 2422 2702 παρθένον,
2477 2622 2660 2685 καλῶς
2747 2624 2990 2693 ποιήσει.
3041 2624 3203 2676 ⁹Ὠστε
3271 2619 3362 2676 καὶ
3435 2620 3463 2674 ὁ
3529 2617 3774 2694 γαμίζων

2113 2715 2214 2782 τὴν
2299 2714 2491 2767 ἑαυτοῦ
2563 2712 2868 2784 παρθένον,
2929 2709 3117 2772 καλῶς
3206 2711 3426 2779 ποιήσει
3459 2727 3472 2741 ·
3525 2713 3773 2781 κρεῖσσον

2116 2801 2216 2879 γὰρ
2271 2807 2517 2875 γαμῆσαι
2741 2801 2776 2868 ἢ
2837 2800 3174 2872 πυροῦσθαι’
3228 2795 3318 2850 καὶ
3377 2798 3406 2850 ὁ
3469 2796 3545 2867 μή
3604 2794 3777 2867 γαμί-

2122 2894 2250 2961 ζων,
2321 2893 2570 2961 κρεῖσσον
2649 2888 2909 2956 ποιήσει,
2967 2883 3085 2939 ἀντὶ
3158 2885 3356 2952 θνητοῦ
3421 2879 3636 2955 ἀνδρὸς,
3696 2885 3778 2950 τῷ

2120 2977 2304 3055 Κυρίῳ
2332 2977 2533 3047 ταύτην
2567 2974 2880 3053 νυμφεύων.

2191 3071 2281 3124 57.
2317 3069 2373 3120 Ὁ
2400 3063 2457 3121 δὲ
2488 3063 2684 3140 Κύριος
2715 3063 2853 3140 πρὸς
2882 3061 3009 3124 τοὺς
3040 3061 3136 3124 τὰς
3187 3059 3246 3116 ἐκ
3287 3063 3396 3115 τῶν
3440 3058 3632 3135 γάμων
3677 3057 3778 3125 ἀη-

2125 3155 2242 3221 δίας
2273 3153 2710 3230 καταμαθόντας,
2741 3153 2833 3208 καὶ
2874 3152 3012 3229 πρὸς
3061 3152 3123 3206 τὸ
3173 3147 3436 3205 δύσλυτον
3492 3150 3588 3201 τοῦ
3643 3145 3780 3220 πρὸς

2122 3252 2352 3323 γυναῖκα
2399 3243 2603 3317 δεσμοῦ
2669 3239 3123 3317 σχετλιάσαντας,
3172 3236 3263 3293 καὶ
3307 3237 3392 3306 τὸ,
3442 3234 3518 3292 Οὐ
3576 3230 3783 3308 συμφέ-

2124 3320 2205 3412 ρει
2257 3340 2527 3412 γαμῆσαι,
2562 3329 2960 3406 εἰπόντας,οὐ
3011 3329 3202 3390 πάντες
3250 3323 3632 3412 χωροῦσιῗτύν
3683 3320 3782 3412 λόη

2121 3409 2217 3500 γον
2273 3409 2504 3493 τοῦτον,
2567 3419 2771 3499 φησὶν,
2832 3416 2959 3474 ἀλλ’
3018 3418 3099 3478 οἷς
3175 3412 3410 3470 δέδοται.
3470 3411 3590 3469 Εἲσὶ
3669 3409 3777 3483 γὰρ

2121 3513 2396 3587 εὐνοῦχοι,
2458 3508 2650 3572 οἵτινες
2722 3509 2782 3563 ἐκ
2855 3504 3071 3568 κοιλίας
3135 3505 3343 3579 μητρὸς
3411 3500 3776 3576 ἐγεννήθησαν

2121 3600 2316 3664 οὕτως·
2351 3603 2472 3656 ὅσοι
2504 3600 2714 3677 φύσεως
2746 3595 3187 3669 πλεονεκτήματι
3217 3594 3282 3649 τὸ
3320 3591 3456 3667 πρὸς
3505 3590 3599 3652 τὰς
3652 3607 3778 3642 συν-

2121 3689 2304 3752 ουσίας
2335 3673 2570 3765 έρεθίζδν
2622 3685 3044 3760 ἐκτετμημένοι,
3073 3685 3473 3759 καταφρονοῦσι
3523 3683 3630 3733 τῶν
3682 3673 3782 3750 γά-

2124 3802 2279 3854 μων.
2339 3778 2438 3834 Καὶ
2515 3777 2646 3833 εἰσιν
2717 3775 3010 3851 εὐνοῦχοι,
3075 3771 3269 3836 ο²ίτινες
3344 3767 3774 3844 εὐνουχίσθησαν

2121 3870 2224 3925 ὑπὸ
2260 3872 2370 3924 τῶν
2417 3869 2742 3944 ἀνθρώπων,
2779 3862 3105 3934 διδασκαλίᾳ
3150 3861 3240 3916 καὶ
3286 3861 3518 3936 τηρήσει
3566 3857 3768 3931 παρθε-

2118 3958 2288 4014 νεύειν
2341 3956 2674 4021 πεισθέντεςο
2705 3954 2888 4030 ὥσπερ
2951 3951 3043 4008 οὖν
3097 3951 3187 4007 καὶ
3240 3953 3275 4021 ἠ
3334 3949 3479 4024 παρά
3523 3951 3622 4001 τοῦ
3667 3964 3773 3998 πα-

2117 4049 2244 4125 τρὸς
2293 4049 2609 4125 τηρουμένη
2661 4043 2950 4122 παρθένος,
2999 4044 3125 4118 περὶ
3175 4041 3236 4096 οὗ
3295 4037 3538 4116 εἷ’ρηται·
3571 4037 3670 4098 Ὀς
3716 4032 3777 4088 δὲ

2118 4137 2359 4213 κέκρικεν
2421 4137 2471 4192 ἐν
2525 4140 2593 4211 τῇ
2673 4133 2869 4212 καρδίᾳ
2933 4134 3102 4188 αὐτοῦ
3179 4134 3364 4206 τηρεῖν
3423 4129 3524 4197 τὴν
3583 4126 3778 4180 ἑαυτοῦ

2119 4229 2419 4303 παρθένον,
2477 4225 2664 4289 καλῶς
2729 4225 2973 4294 ποιήσει.
3059 4219 3159 4276 Καὶ
3246 4217 3380 4274 εἰσιν
3469 4215 3778 4290 εὐνοῦχοι,

2120 4302 2312 4379 οτίτινες
2400 4315 2720 4391 εὐνούχισαν
2811 4310 3036 4373 ἑαυτοὺς
3139 4306 3230 4364 διὰ
3309 4308 3408 4377 τήν
3501 4302 3780 4381 βασιλείαν

2116 4409 2225 4461 τῶν
2251 4405 2517 4480 οὐρανῶνο
2552 4405 2605 4458 o't
2634 4401 2725 4458 καί
2772 4398 3064 4464 καλλίονες
3089 4403 3198 4455 τῶν
3260 4394 3448 4453 ἄλλων
3506 4394 3782 4468 ὑπάρχον-

2116 4516 2226 4564 τες,
2262 4479 2401 4549 διότι
2432 4491 2553 4548 οῧτε
2585 4492 2644 4548 έκ
2671 4499 2769 4562 τῆς
2823 4490 3033 4568 φύσεως
3088 4488 3224 4562 πρὸς
3272 4482 3629 4564 σωφροσύνην
3681 4479 3777 4559 ἐφ-

2117 4582 2266 4639 όδιον
2327 4581 2568 4659 ἔχοντες,
2627 4578 2751 4637 οὔτε
2806 4580 2951 4655 παρὰ
3009 4578 3308 4652 ἂνθρώπων
3391 4572 3777 4648 κρατούμενοι,

338 4674 622 4731 εωουιυω
658 4677 897 4746 propter
926 4674 1035 4730 hoc
1058 4691 1305 4747 regnum
1330 4679 1870 4748 contemnentes,ac
1898 4677 2003 4731 toti

2119 4675 2270 4730 αὐτοὶ
2303 4658 2524 4735 ἑαυτοὺς
2572 4669 2660 4727 διὰ
2704 4671 2804 4738 τήν
2861 4665 3138 4744 βασιλείαν
3188 4669 3295 4720 τῶν
3348 4662 3590 4738 οὐρανῶν
3641 4658 3783 4734 πρὸς

341 4766 412 4821 ad
439 4762 823 4837 cupiditatem
857 4763 1019 4834 regni
1054 4780 1169 4818 non
1203 4763 1330 4818 sine
1361 4763 1638 4820 athletico
1667 4765 1884 4820 sudore
1911 4764 2004 4819 in-

333 4855 700 4914 cumbentes.
721 4857 867 4907 Nam
886 4853 986 4924 qui
1017 4868 1084 4907 ex
1104 4857 1292 4908 matre
1314 4853 1534 4908 ventris
1567 4854 1873 4910 eunuchus
1895 4858 2002 4922 est,

335 4961 468 5000 cum
491 4948 693 5001 natera
710 4941 1270 5013 sitcastus,nullum
1294 4943 1598 5014 proprium
1623 4960 1771 5014 opus
1802 4944 1861 4998 in
1899 4944 2006 4998 vir-

334 5034 604 5105 ginitatis
653 5032 866 5089 decore
899 5031 1210 5088 ostendere
1259 5034 1491 5103 potest;
1523 5036 1587 5087 ut
1623 5032 1723 5104 qui
1757 5037 2003 5105 naturas,

335 5128 403 5180 ut
431 5123 572 5196 dixi,
604 5121 1041 5188 beneﬁcio,non
1076 5135 1274 5178 amore
1301 5120 1664 5194 virginitatis
1695 5123 2005 5179 matrimo-

2114 4765 2215 4833 τὴν
2247 4762 2541 4838 παρθενίαν
2573 4762 2820 4827 ἀσκοῦσι,
2854 4757 3034 4834 γάμου
3087 4755 3180 4830 μὶν
3210 4753 3299 4809 καὶ
3353 4753 3477 4828 βίου
3518 4747 3605 4804 διὰ
3646 4748 3778 4802 ταύ-

2112 4875 2212 4923 την
2414 4853 2899 4928 καταφρονοῦντες,
2942 4847 3004 4901 τὸ
3043 4843 3089 4900 δ’
3137 4843 3268 4900 ὅλον
3334 4848 3434 4912 τῆς
3500 4837 3781 4928 βασιλείας

2121 4943 2258 5015 μετὰ
2315 4939 2616 5006 ἀθλητικοῦ
2676 4936 2909 5014 ἱδρῶτος
2965 4932 3247 5013 έχὸμενοι.
3301 4933 3362 4989 Ὀ
3416 4931 3512 5003 μὶν
3555 4930 3660 5004 γὰρ
3719 4927 3782 4982 ix

2114 5031 2330 5095 κοιλίας
2391 5030 2599 5106 μητρὸς
2660 5028 2947 5105 εὐνοῦχος,
2980 5025 3134 5105 φύσει
3194 5023 3426 5098 σώφρων
3484 5019 3775 5094 ὑπάρχων,

2119 5119 2271 5177 οὐδὲν
2313 5117 2451 5176 ῗ¹διον
2487 5114 2646 5196 ἔργον
2671 5118 2724 5174 ὲν
2775 5123 2858 5190 τῷ
2906 5124 3008 5188 τῆς
3054 5109 3348 5188 παρθενίας
3398 5107 3594 5165 κάλλει
3653 5106 3778 5162 ἐπι-

408 5241 453 5274 “
482 5240 688 5296 Matth.
720 5257 835 5311 χιι,
862 5241 951 5309 10,
984 5238 1070 5294 il.
1150 5238 1194 5272 ²⁸
1224 5237 1367 5293 ibid.
1402 5238 1488 5293 11.
1567 5238 1614 5273 ²⁹
1644 5239 1666 5295 1
1697 5238 1824 5295 Cor.
1858 5255 1956 5311 vn,
1986 5240 2003 5295 Ξ

2153 5239 2198 5275 ³ο
2233 5237 2436 5296 Matth.
2470 5255 2587 5308 xxx,
2619 5237 2708 5294 42.

549 5355 766 5437 ’ᾼρέσῃ
795 5355 899 5411 Hic
929 5358 986 5412 et
1031 5354 1185 5410 infra
1216 5353 1384 5410 multi
1418 5355 1648 5411 codices
1683 5364 1737 5412 et
1766 5356 1990 5412 Veneta

335 5427 540 5500 editio,
574 5427 772 5500 ἀρέσει.

407 5499 515 5573 (2p)
546 5498 945 5573 ᾙγαμήσασα.
987 5498 1119 5554 Haec
1151 5499 1565 5573 percommode
1601 5499 1682 5573 in
1749 5515 1886 5573 uno“
1924 5515 1994 5555 ex

332 5569 526 5642 Regiis
573 5569 808 5627 desunt.
843 5575 914 5626 At
944 5587 1182 5641 prorsus
1213 5569 1418 5642 vitiose
1465 5587 1568 5642 pro
1600 5571 1695 5625 his
1745 5572 1990 5627 vocibus

333 5639 556 5714 haheat
583 5641 853 5714 nonnulli
885 5639 1115 5714 codices
1148 5642 1182 5709 ἠ
1214 5639 1442 5714 ᾃγαμος.

407 5713 516 5784 (21)
547 5710 774 5767 Μᾶλλον
823 5712 911 5765 καὶ
961 5711 1176 5784 κόσμῳ,
1211 5710 1340 5766 Hinc
1397 5714 1613 5768 desunt
1644 5714 1702 5768 in
1733 5715 1989 5771 editione

333 5782 667 5839 Parisiensi.
702 5785 1003 5853 Leguntur
1033 5783 1092 5835 in
1124 5782 1345 5838 Veneta
1373 5789 1431 5839 et
1459 5786 1636 5856 Regio
1667 5787 1794 5842 cod.
1821 5787 1985 5854 2879,

2103 5359 2160 5411 et
2189 5353 2489 5410 Ambrosii
2525 5350 3040 5426 interpretatione.

2177 5426 2288 5498 (22)
2321 5429 2593 5497 Γαμῆσαι.
2629 5419 2716 5482 Ite.
2763 5427 3020 5496 quatuor
3070 5437 3214 5477 mss.
3265 5421 3442 5492 Editi,
3490 5419 3770 5494 γαμίζειν.

2101 5499 2291 5554 Melius
2319 5503 2468 5570 enim
2489 5501 2753 5570 jungere,
2787 5513 2954 5570 quam
2983 5505 3045 5551 ut
3074 5501 3338 5570 urantur.

2173 5570 2286 5641 (23)
2317 5561 2543 5638 Ταύτην.
2579 5561 2699 5642 ὀρθ
2741 5561 3252 5642 'uhiusiexﬁegiis
3277 5561 3768 5642 emendaviAvpl-

2099 5635 2296 5733 gatam
2329 5635 2685 5714 scripturam
2717 5640 3129 5697 roﬁroinabet
3146 5635 3368 5712 Regius
3399 5637 3577 5693 codex
3596 5635 3765 5702 2879,

2101 5733 2332 5770 τουτων.
