4124 6352
355 297 475 359 785

1497 300 1509 314 '
1586 294 1815 355 LIBER
1858 294 1960 355 DE
1990 293 2538 358 .VIRGINITATE.

3654 291 3772 353 786

358 425 628 500 δείξασθαι
658 424 794 502 ἔχει’
826 425 1058 503 φύσεως,
1089 423 1222 502 ὅπερ
1254 423 1388 504 ἔφην
1417 428 1529 499 (24)
1587 425 2004 500 πλεονεκτήμα-

2138 428 2280 484 iium
2312 429 2517 500 fugiat.
2540 428 3047 494 Quemadmodum
3067 427 3244 485 etiam
3269 430 3325 483 et
3350 424 3452 498 qui
3481 425 3552 481 ab
3579 425 3770 482 homi-

355 539 431 587 τι,
490 517 580 572 καὶ
629 516 760 592 οὐχὶ
788 518 858 590 τῇ
914 516 1052 589 πρὸς
1079 516 1176 584 τήν
1209 514 1498 590 παρθενίαν
1536 513 1767 580 διαθέσει
1797 515 1889 570 τὸν
1920 514 2011 590 γά·

365 628 465 681 μον
500 605 885 683 ἀποστραφείς.
943 607 1145 678 "oens?
1206 602 1296 660 οῦν
1327 605 1418 660 καὶ
1472 606 1500 659 ὁ
1559 607 1684 680 παρ’
1709 605 2006 680 ἀνθρώπων

363 695 731 772 εὐνουχισθεὶς
759 696 987 769 τηρήσει
1017 695 1116 763 τήν
1163 694 1452 770 παρθενίαν
1514 694 1691 752 ἀσκεῖν
1751 695 2013 770 βιαζόμε-

361 807 470 854 νος,
528 786 632 841 οὐκ
661 782 800 840 ἴδιον
850 784 1182 859 κατόρθωμα
1234 785 1334 853 τήν
1395 783 1656 862 ἀφθορίαν
1683 786 1785 852 τῆς
1810 785 2011 856 παρθεο

359 876 501 945 νίας,
533 873 679 931 ἀλλὰ
728 874 835 930 τῶν
866 872 1176 950 τηρούντων
1224 871 1472 928 δεικνύει·
1529 874 1556 928 ὁ
1617 870 1674 928 δὲ
1705 873 1889 928 ἑαυτὸν
1923 871 2009 928 εὐ-

363 964 624 1040 νουχίσας
682 962 950 1038 ἐξαίρετον
1009 959 1162 1039 ἔργον
1196 959 1286 1017 διὰ
1313 969 1414 1032 τῆς
1443 962 1752 1038 ἐγκρατείας
1806 984 1863 1017 τε
1920 963 2009 1018 καὶ

360 1054 501 1130 πρὸς
571 1051 740 1108 πάντα
804 1053 1081 1123 ἀσκήσεως
1159 1052 1220 1107 τὸ
1292 1059 1392 1121 τῆς
1456 1052 1748 1128 παρθενίας
1806 1050 2014 1114 κάλλος

361 1141 717 1215 ποιούμενος,
750 1138 910 1204 ἰδίοις
939 1140 1030 1196 καὶ
1081 1141 1185 1196 οὐκ
1233 1138 1551 1216 ἀλλοτρίοις
1594 1140 2012 1216 κατορθώμασιν

361 1230 413 1288 ἐν
443 1235 512 1306 τῇ
565 1229 814 1308 βασιλείᾳ
869 1231 1207 1304 σεμνύνεται.
1242 1230 1644 1304 Ἐπισημαίνου
1677 1233 1809 1305 (25),
1845 1229 1903 1286 δὲ
1930 1229 2013 1286 ὅτι

357 1320 446 1377 τὸν
499 1319 553 1376 ἐν
605 1324 686 1393 τῷ
734 1318 926 1391 Ἡσαΐᾳ
974 1319 1113 1395 πρὸς
1163 1318 1292 1384 τοὺς
1349 1319 1650 1396 εὐνούχους
1683 1318 1844 1395 λόγον
1887 1320 2015 1375 ἀνα-

361 1405 683 1482 λαμὸάνων,
740 1411 840 1479 τὴν
879 1405 1144 1486 διαφορὰν
1203 1406 1543 1484 παραδίδωσι
1573 1416 1673 1479 τῆς
1702 1407 2012 1484 εὐνουχίας,

361 1497 636 1572 ἐπιμένων
690 1505 790 1569 τῆς
849 1495 1200 1561 διδασκαλίας
1255 1502 1332 1570 τῷ
1385 1497 1591 1574 τρόπῳ.
1640 1499 1728 1560 Ὠς
1774 1499 1873 1574 γὰρ
1927 1494 2015 1552 διὰ

362 1589 641 1650 Μωῦσέως
675 1589 768 1662 μὲν
803 1587 865 1642 τὸ
899 1589 974 1660 μή
1005 1591 1296 1662 μοιχεῦσαι
1327 1586 1540 1656 ἀπλῶς,
1574 1585 1648 1643 δι’
1674 1585 2013 1664 Εὐαγγελίου

363 1677 421 1734 δὲ
451 1680 512 1734 τὸ
544 1682 662 1740 πῶς
715 1679 790 1752 μή
849 1682 1162 1754 μοιχεῦσαι⁴
1211 1676 1301 1734 καὶ
1331 1679 1423 1734 τὸν
1470 1679 1676 1755 τρόπον
1706 1679 2012 1750 ἀνέπτυξεν·

360 1767 503 1824 οὕτω
532 1769 622 1823 καὶ
653 1765 743 1822 διὰ
768 1765 991 1824 Ἠσαίου
1049 1767 1142 1840 μὲν
1194 1768 1256 1822 τὸ
1315 1768 1714 1843 εὐνουχεῖσθαι,
1749 1769 1802 1825 ἐν
1838 1769 2010 1844 Εὐαγ-
2045 1807 2094 1872 Β

420 1855 1325 1872 .....-....
1591 1855 1988 1872 «η...

355 1855 514 1933 γελίῃ
573 1855 631 1912 δὲ
678 1857 742 1912 τὸ
797 1861 936 1928 πῶς,
995 1857 1084 1912 καὶ
1145 1855 1227 1910 ὅτι
1270 1855 1332 1911 οὐ
1395 1855 1685 1930 μονοειδὴς
1740 1861 1775 1928 ἡ
1838 1859 2017 1915 εὐνού⁴

357 1944 477 2021 χία,
531 1945 679 2002 ἀλλὰ
739 1946 924 2020 τρίτον
1001 1944 1204 2016 ταύτης
1259 1943 1400 2008 εἶδος
1458 1952 1663 2003 νοεῖται
1723 1945 2014 2020 ὑπέδειξενο

359 2033 498 2090 ὥστε
529 2034 640 2090 ἐκεῖ
672 2035 766 2108 μὲν
794 2038 1023 2112 γενικῶς
1054 2035 1145 2090 τὸν
1188 2033 1472 2112 εὐνοῦχον,
1532 2036 1758 2103 ἐνταῦθα
1815 2036 1872 2094 δὲ
1927 2039 2016 2094 καὶ

359 2121 550 2187 ῗδικῶς
607 2125 744 2197 ἡμῖν
804 2127 914 2195 (26)
974 2123 1499 2200 χαρακτηρίζεσθαι.
1550 2126 1653 2183 Καὶ
1686 2126 1747 2182 οὐ
1782 2127 2017 2204 μάχεται

357 2219 476 2278 τοῖς
554 2212 824 2289 ἀνώτερον
903 2212 1162 2268 ἰκτεθεῖσι
1237 2213 1305 2268 τὰ
1388 2213 1670 2290 εἰρημένα.
1751 2216 1827 2276 Οὐ
1913 2219 2016 2295 γὰρ

361 2301 646 2379 εὐνουχίαν
699 2306 990 2377 νομοθετεῖ
1041 2304 1077 2374 ἢ
1138 2301 1406 2360 ἐπιτάττει
1467 2304 1518 2359 ἐν
1549 2309 1630 2378 τῷ
1670 2306 1879 2380 Ἠσαίᾳ,
1913 2305 2016 2364 ἀλ-

364 2392 437 2450 λὰ
483 2391 644 2449 τίνων
704 2390 846 2463 ἄξιοι
898 2395 1078 2469 γερῶν
1131 2390 1261 2448 εἶσιν
1295 2393 1347 2449 οἱ
1404 2394 1600 2467 ἀγαθοὶ
1630 2395 1880 2472 εὐνοῦχοι
1912 2411 2018 2466 κη-

367 2481 568 2559 ρύττει.

436 2575 528 2630 58.
580 2570 772 2632 Καλῶς
833 2567 891 2626 δὲ
941 2566 1057 2646 ἔχει
1115 2570 1250 2626 αὐτὰ
1301 2572 1370 2626 τὰ
1422 2571 1563 2648 ῥητὰ
1588 2575 1698 2648 (27)
1729 2574 2019 2650 ἐπισκεψα-

368 2662 512 2716 σθῖοι.
574 2656 714 2715 Τάδε
773 2657 922 2734 λέγει
981 2660 1178 2744 Κύριος
1235 2666 1350 2723 τοῖς
1407 2661 1715 2739 εὐνούχοις,
1773 2671 1892 2730 τοῖς
1922 2687 2021 2744 φυ-

367 2746 728 2823 λασσομένοις
798 2747 866 2803 τὰ
911 2743 1168 2804 Σάϐϐατά
1238 2771 1365 2823 μου,
1418 2751 1508 2806 καί
1553 2743 1942 2828 ἐκλεγομένοις
1988 2753 2023 2811 ἃ

368 2837 479 2914 ἐγὼ
538 2839 709 2906 θὲλω,
778 2838 869 2893 καὶ
945 2837 1338 2913 ἀντεχομένοις
1405 2847 1508 2910 τῆς
1563 2839 1833 2915 διαθήκης
1893 2865 2018 2919 μουο

367 2927 538 2982 Δώσω
593 2925 780 2989 αὐτοῖς
838 2924 889 2982 ἐν
934 2931 1013 3000 τῷ
1068 2925 1204 3002 θ’ίκῳ
1238 2949 1344 3002 μου
1402 2930 1491 2984 καὶ
1523 2929 1574 2986 ἐν
1607 2936 1688 3005 τῷ
1711 2933 1882 3009 τείχει
1917 2955 2022 3009 μου

364 3016 536 3073 τόπον
620 3014 944 3089 ὀνομαστὸν,
1021 3016 1252 3091 κρείττω
1328 3020 1460 3073 υἱῶν
1534 3020 1623 3075 καὶ
1695 3023 2022 3098 θυγατέρων.

368 3109 584 3180 ’Όνομα
655 3104 879 3161 αἰώνιον
955 3103 1113 3161 δώσω
1189 3105 1398 3180 αὐτοῖς,
1460 3109 1550 3163 καὶ
1609 3109 1708 3164 οὐκ
1760 3110 2020 3187 ἐκλείψει.

2121 519 2294 574 nibus
2327 518 2514 575 factus
2544 523 2633 575 est
2662 519 2986 588 eunuchus,
3021 535 3156 574 cum
3189 517 3455 574 custodia
3474 515 3770 588 virginita-

2119 612 2238 664 tem
2270 607 2458 664 colere
2508 613 2770 681 cogatur,
2802 608 3198 681 integritatem
3250 606 3600 678 virginitatis
3650 622 3766 661 non

2119 699 2417 770 propriam
2436 714 2604 752 suam
2628 696 2860 754 laudem
2882 715 3011 754 esse
3033 699 3417 766 demonstrat,
3441 697 3543 752 sed
3563 711 3767 753 eorum

2121 787 2220 860 qui
2242 785 2410 842 illum
2428 786 2787 842 custodiunt.
2803 788 2910 854 Qui
2925 791 3122 843 autem
3142 785 3524 858 semetipsum
3547 787 3770 840 castra-

2121 877 2220 948 vil,
2252 875 2349 932 hic
2377 893 2514 932 cum
2547 876 2846 948 egregium
2872 893 3020 949 opus
3049 893 3177 933 esse
3207 875 3560 949 virginitatis
3591 875 3770 930 decus

2121 968 2179 1022 et
2209 965 2568 1022 continentia
2588 969 2646 1021 et
2675 965 3024 1021 accuratain
3047 965 3321 1022 omnibus
3351 965 3524 1021 rebus
3552 963 3772 1020 exerci-

2123 1055 2342 1112 tatione
2372 1056 2598 1128 probet,
2633 1053 2884 1126 propriis
2915 1070 2980 1109 ac
3011 1071 3127 1110 non
3159 1053 3368 1111 alienis
3390 1053 3664 1126 praeclare
3685 1052 3769 1109 fa-

2124 1145 2234 1202 ctis
2264 1145 2323 1200 in
2356 1160 2533 1217 regno
2565 1147 2828 1200 ornatur.
2863 1143 3010 1200 Nota
3039 1147 3234 1199 autem
3283 1143 3579 1200 Christum
3611 1143 3772 1200 Isaia:

2123 1235 2196 1291 ad
2229 1234 2531 1291 eunuchos
2551 1234 2726 1290 verba
2745 1234 2787 1269 ³¹
2818 1237 3234 1306 resumentem,
3259 1233 3644 1290 differentiam
3667 1249 3772 1289 eu-

2125 1323 2458 1381 nuchorum
2490 1325 2817 1392 ostendere,
2869 1324 2952 1380 ita
2981 1327 3044 1379 ut
3091 1323 3150 1378 in
3181 1340 3287 1380 suo
3319 1323 3565 1379 docendi
3616 1338 3772 1379 more

2124 1417 2484 1487 permaneat.
2511 1414 3018 1480 Quemadmodum
3043 1412 3200 1469 enim
3225 1429 3325 1485 per
3347 1413 3607 1485 Moysem
3629 1412 3772 1468 sim-

2122 1502 2353 1576 pliciter
2376 1502 2789 1560 moechandum
2812 1519 2924 1559 non
2947 1519 3077 1559 esse
3110 1519 3122 1558 :
3157 1503 3217 1558 in
3249 1502 3555 1574 Evangelia
3577 1506 3771 1557 autem

2125 1593 2418 1664 quomodo
2449 1609 2563 1648 non
2586 1593 3002 1649 mmchandum
3022 1595 3080 1648 et
3102 1593 3340 1648 modum
3362 1591 3641 1664 explicuit
3662 1591 3772 1646 Do-

2125 1681 2326 1738 minus
2358 1697 2372 1737 :
2405 1682 2488 1738 ita
2518 1685 2574 1738 et
2602 1697 2706 1754 per
2753 1681 2967 1738 Isaiam
3017 1681 3322 1740 eunuchos
3352 1680 3591 1754 quidem
3623 1697 3772 1751 esse,

2124 1770 2184 1826 in
2215 1771 2528 1842 Evangelio
2558 1775 2758 1828 autem
2807 1773 3123 1844 quomodo,
3157 1787 3224 1829 ac
3263 1787 3378 1828 non
3411 1787 3589 1827 unam
3622 1787 3772 1840 esse,

2127 1859 2230 1916 sed
2263 1859 2548 1932 triplicem
2580 1859 2986 1917 eunuchorum
3031 1861 3286 1934 speciem
3315 1859 3772 1931 demonstravit;

2125 1948 2212 2005 ita
2241 1953 2303 2005 ut
2333 1949 2452 2006 illic
2481 1949 2716 2021 quidem
2739 1950 3065 2022 generatim
3097 1950 3428 2018 eunuchus,
3453 1950 3547 2006 hic
3576 1953 3774 2006 autem

2126 2037 2381 2111 propriis
2412 2038 2567 2096 notis
2618 2038 2787 2094 nobis
2834 2039 3191 2113 designetur.
3243 2039 3444 2112 Neque
3476 2040 3594 2094 haec
3625 2038 3782 2095 dicta

2127 2144 2263 2183 cum
2295 2129 2368 2184 iis
2400 2145 2527 2199 qua
2558 2145 2735 2200 supra
2757 2129 3136 2200 exposuimus
3160 2133 3445 2201 pugnant.
3474 2129 3598 2185 Non
3621 2128 3778 2184 enim

2126 2216 2543 2273 castrationem
2575 2217 2702 2290 lege
2732 2219 2923 2274 sancit
2952 2222 3056 2274 aut
3084 2217 3350 2290 praecipit
3379 2219 3439 2273 in
3477 2217 3644 2288 Isaia,
3677 2217 3776 2274 sed

2127 2305 2346 2379 quibus
2379 2305 2542 2378 digni
2571 2306 2694 2363 sint
2735 2307 2988 2380 praemiis
3033 2307 3170 2366 boni
3214 2306 3472 2366 eunuchi
3503 2305 3780 2364 declarat.

2199 2575 2289 2630 58.
2322 2574 2674 2631 Praeclarum
2706 2581 2902 2632 autem
2924 2577 3101 2632 fuerit
3130 2576 3261 2650 ipsa
3279 2575 3778 2649 verbainspicere.

2129 2665 2258 2721 Haec
2305 2664 2450 2721 dicit
2491 2667 2758 2722 Dominus
2807 2666 3096 2738 eunuchis,
3140 2668 3236 2739 qui
3281 2667 3593 2724 custodiunt
3641 2666 3782 2723 Sab-

2132 2752 2260 2810 bata
2288 2771 2434 2826 mea,
2463 2760 2517 2811 et
2544 2756 2754 2828 eligunt
2783 2771 2908 2829 quae
2935 2773 3030 2828 ego
3059 2757 3204 2828 volo,
3235 2764 3288 2814 et
3316 2757 3598 2815 adherant
3617 2764 3781 2813 testa-

2129 2853 2312 2900 mento
2343 2860 2462 2901 meo
2491 2861 2512 2903 ,ο
2547 2848 2700 2902 Dabo
2729 2847 2847 2902 illis
2896 2847 2957 2902 in
2985 2846 3140 2903 domo
3171 2863 3293 2904 mea
3321 2851 3372 2903 et
3401 2848 3554 2903 intra
3601 2860 3790 2901 muros

2130 2949 2278 2989 meos
2309 2935 2488 2990 locum
2535 2936 2907 3003 nominatum,
2959 2936 3239 2992 meliorem
3277 2935 3414 3007 ﬁlii:
3461 2939 3514 2992 et
3541 2935 3785 3007 ﬁliabus.

2132 3023 2341 3078 Nomen
2369 3033 2646 3082 wiernum
2675 3024 2813 3081 dabo
2860 3024 2996 3090 illis,
3030 3030 3085 3080 σε
3127 3041 3238 3080 non
3263 3025 3478 3096 deﬁciet
3494 3026 3562 3081 ³2.
3608 3024 3794 3098 Igitur

2140 3130 2256 3169 non
2289 3114 2362 3169 iis
2392 3114 2494 3185 qui
2525 3130 2668 3171 casu
2698 3131 2764 3170 ao
2794 3113 3142 3187 simpliciter
3178 3116 3433 3172 eunuchi
3463 3119 3605 3171 sunt
3635 3115 3792 3185 ejus-

371 3195 582 3253 Οὐκοῦν
634 3192 761 3269 οὐχὶ
806 3198 924 3254 τοῖς
954 3194 1091 3250 κατᾶ
1117 3194 1426 3270 περίστασιν
1477 3197 1568 3252 καὶ
1615 3197 1806 3262 ἁπλῶς
1836 3199 2026 3255 εὐνού-

2145 3203 2305 3258 modi
2336 3179 2489 3260 bona
2521 3205 2833 3275 promittit,
2867 3179 2962 3259 6.1
2973 3207 3015 3260 I
3054 3207 3151 3261 sed
3185 3206 3260 3261 iis
3309 3207 3408 3278 qui
3452 3179 3791 3275 custodiunt,

372 3305 500 3361 χοις
533 3284 602 3339 τὰ
650 3281 912 3360 εἰρημένα
961 3283 1135 3360 ἀγαθὰ
1192 3284 1556 3368 ὑπισχνεῖται,
1607 3286 1752 3342 ἀλλὰ
1779 3294 1896 3354 τοῖς
1927 3311 2030 3368 φυ-

376 3371 770 3448 λασσομένοις,
826 3371 982 3450 φησὶ,
1038 3373 1106 3428 τὰ
1163 3367 1420 3428 Σάϐϐατᾶ
1479 3395 1605 3448 μου,
1663 3377 1749 3432 καὶ
1810 3367 2032 3453 ἆκλεγο-

378 3461 565 3537 μένοις
625 3459 658 3517 ἃ
711 3461 822 3539 ἐγὼ
884 3460 1051 3519 θὲλω.
1103 3457 1384 3518 Σάϐϐατον
1410 3461 1468 3519 δὲ
1498 3465 1600 3520 οὐκ
1629 3464 1680 3520 ἐν
1713 3460 1872 3544 ἔργῳ,
1904 3467 2032 3524 ἀλλ’

377 3551 429 3609 ἐν
479 3551 732 3628 πράξεως
792 3550 953 3628 ἀργίᾳ
1005 3557 1226 3610 νοεῖται.
1285 3547 1639 3624 Σαϐϐατίζειν
1683 3555 1784 3632 γὰρ
1839 3556 2034 3633 βούλε-

375 3663 465 3698 ται
512 3643 612 3710 τὴν
664 3639 956 3715 παρθὲνον,
998 3642 1102 3698 οὐκ
1131 3640 1182 3696 ἐν
1214 3646 1293 3714 τῷ
1323 3639 1554 3719 ἐνεργεῖν
1611 3645 1711 3714 τήν
1743 3647 2033 3719 παρθενίαν

380 3729 755 3808 φυλάττουσαν
785 3772 798 3798 ,
859 3727 986 3784 ἀλλ’
1049 3728 1100 3785 ἦν
1150 3734 1230 3802 τῶ
1271 3730 1524 3803 ἀκίνητον
1575 3735 1711 3807 πρὸς
1770 3734 2034 3814 ἐνέργειαν

386 3823 568 3892 μεῖναι
615 3817 716 3885 τήν
762 3815 1020 3892 ἀφθορίαν
1072 3823 1384 3893 τηροῦσαν.
1432 3822 1563 3878 Οἴον
1609 3820 1830 3899 ἄγαλμα
1881 3827 2038 3902 φησὶ,

385 3909 520 3962 Θεοῦ
571 3904 632 3960 ἐκ
699 3908 886 3981 ψυχῆς
949 3905 1038 3960 καὶ
1105 3907 1360 3980 σώματος
1409 3911 1444 3978 ἡ
1497 3910 1752 3987 παρθένος
1798 3913 1886 3968 ἐπὶ
1933 3921 2038 3990 γῆς

371 3992 654 4075 ⁵ἐπλιιίσθη.
684 3999 975 4058 Μυστικῶς
1005 3993 1140 4066 αὕτη
1174 3991 1564 4070 σαϐϐατιζέτω,
1615 4002 1690 4074 μὴ
1723 4007 1905 4079 χεῖρα,
1959 4005 2036 4077 μὴ

383 4082 547 4153 πόδα,
586 4085 660 4154 μή
698 4083 1004 4162 ὀφθαλμὸν,
1058 4087 1186 4159 μήτ’
1231 4083 1372 4142 ἄλλο
1423 4109 1474 4142 τι
1517 4093 1624 4144 τῶν
1661 4089 1866 4164 μελῶν,
1894 4091 2041 4151 ἀλλὰ

391 4171 534 4248 μηδὲ
581 4177 707 4229 νοῦν
748 4175 1078 4252 φθοροποιὸν
1123 4180 1220 4231 τοῦ
1270 4181 1499 4254 φυσικοῦ
1525 4176 1767 4243 κάλλους
1798 4187 2039 4241 κινοῦσα·

386 4262 516 4319 ἀλλ’
546 4262 824 4334 ὲστηκὲτω
852 4266 966 4339 (28)
997 4265 1072 4328 ὡς
1102 4265 1299 4342 ἀγαθὸν
1329 4266 1562 4345 γλύμμα
1609 4274 1743 4325 Θεοῦ
1785 4271 2042 4345 ἀκίνητον

385 4353 526 4428 πρὸς
584 4357 756 4408 πᾶσαν
807 4353 1098 4432 φαντασίαν
1145 4376 1206 4411 τε
1242 4356 1332 4410 καί
1381 4355 1616 4434 ἐπαφὴν,
1662 4358 1733 4415 δι’
1763 4359 1898 4417 ὅλου
1953 4363 2040 4419 ἐπὶ

387 4449 488 4514 τῆς
515 4443 715 4518 πέτρας
747 4443 974 4499 ἑστῶσα·
1015 4445 1092 4517 μή
1124 4465 1206 4508 τις
1236 4442 1306 4500 δι’
1332 4445 1633 4525 ὀφθαλμῶν
1663 4450 1698 4520 ἧ
1732 4448 1802 4507 δι’
1849 4452 2040 4525 ἀκοῆς,

2141 3293 2355 3365 inquit.
2388 3293 2637 3350 Sabbata
2665 3310 2805 3364 mea,
2851 3299 2907 3350 et
2936 3296 3152 3365 eligunt
3181 3310 3308 3368 quae
3335 3311 3432 3368 ego
3463 3295 3600 3353 volo.
3648 3293 3792 3349 Sab-

2141 3382 2344 3438 batum
2378 3387 2576 3439 autem
2610 3400 2726 3439 non
2744 3383 2803 3438 in
2825 3385 3135 3456 opere,sed
3163 3386 3223 3441 in
3249 3385 3440 3457 operis
3466 3384 3795 3442 cessatione

2141 3471 2510 3545 intelligitur.
2543 3473 2871 3529 Sabbatum
2919 3473 3076 3530 enim
3107 3475 3231 3531 vult
3279 3491 3447 3547 agere
3484 3474 3792 3547 virginem,

2145 3580 2262 3619 non
2294 3562 2373 3618 ita
2399 3564 2463 3618 ut
2489 3562 2783 3634 operando
2812 3562 3206 3636 virginitatem
3236 3566 3443 3636 servet,
3473 3565 3571 3620 sed
3596 3567 3663 3619 ut
3683 3563 3795 3619 im-

2147 3651 2386 3709 mobilis
2415 3651 2488 3707 ad
2537 3651 2938 3724 cperationem
2987 3668 3362 3726 permanens,
3396 3652 3792 3727 integritatem

2146 3740 2460 3799 custodiat.
2496 3740 2661 3797 Velut
2688 3741 3096 3812 simulacrum,
3123 3743 3336 3815 inquit,
3361 3743 3484 3810 Dei,
3513 3759 3581 3799 ex
3602 3742 3801 3798 anima

2148 3836 2430 3888 constans
2458 3834 2516 3888 et
2536 3847 2798 3904 corpore,
2817 3831 2978 3905 virgo
3009 3833 3070 3890 in
3087 3835 3244 3889 terra
3272 3832 3524 3890 formata
3544 3835 3653 3889 est.
3677 3832 3800 3905 My-

2149 3921 2293 3977 stice
2321 3921 2450 3992 ipsa
2477 3920 2799 3978 Sabbatum
2820 3924 2976 3994 agat,
3002 3939 3118 3979 non
3151 3939 3416 3990 manum,
3436 3939 3549 3979 non
3574 3922 3800 3995 pedem,

2150 4026 2265 4065 non
2297 4009 2559 4079 oculum,
2588 4026 2777 4082 neque
2806 4009 2965 4066 aliud
2987 4012 3292 4084 quidpiam
3315 4012 3666 4079 membrum,
3699 4009 3802 4066 sed

2151 4114 2258 4154 nec
2283 4102 2540 4154 mentem
2570 4098 2857 4156 naturalis
2885 4099 3348 4171 pulchritudinis
3379 4100 3803 4172 corruptricem

2151 4202 2391 4244 movens
2416 4205 2429 4257 ;
2465 4187 2566 4243 sed
2585 4191 2700 4244 stet
2720 4191 2784 4243 ut
2803 4189 3083 4260 praeclara
3102 4190 3196 4246 Dei
3217 4190 3440 4263 efﬁgies
3467 4191 3710 4246 immota
3730 4190 3802 4244 ad

2151 4293 2385 4336 omnem
2420 4276 2902 4349 imaginationem
2937 4282 2995 4334 et
3023 4282 3269 4349 tactum,
3301 4285 3581 4352 perpetuo
3611 4277 3671 4333 in
3702 4293 3804 4350 pe-

2152 4372 2244 4425 tra
2265 4365 2630 4424 consistens:
2664 4383 2737 4423 ne
2759 4367 2893 4440 quis
2912 4385 3016 4441 per
3039 4367 3271 4425 oculum
3289 4372 3390 4426 aut
3407 4386 3509 4442 per
3529 4367 3800 4426 auditum

2154 4462 2256 4516 aut
2287 4474 2389 4530 per
2404 4456 2586 4514 alium
2611 4457 2865 4530 aliquem
2889 4475 3132 4515 sensum
3153 4458 3695 4530 latenterinﬂuens,
3714 4459 3802 4514 di-

388 4533 426 4603 ἢ
480 4529 559 4622 δι’.
602 4529 782 4599 ἄλλης
831 4532 979 4595 τινὸς
1030 4538 1158 4606 μιᾶς
1216 4532 1519 4606 αἰσθήσεως
1572 4536 1848 4616 λαθραίως
1895 4563 2026 4619 παρ-

2147 4551 2378 4604 moveat
2393 4546 2715 4619 impressas
2732 4547 2793 4603 in
2811 4546 3008 4604 anima
3023 4549 3350 4605 secundum
3364 4549 3466 4607 Dei
3482 4548 3803 4622 imaginem

390 4620 641 4712 εκρυεὶς,Δ
669 4621 706 4692 ἢ
755 4622 1100 4698 παρακινήσῃ
1163 4625 1273 4697 (29)
1330 4623 1460 4689 τοὺς
1515 4627 1632 4682 κατ’
1679 4627 1858 4686 εῗκόνα
1903 4637 2026 4687 Θεοί

2147 4638 2393 4708 formas,
2410 4639 2511 4694 aut
2541 4635 2838 4708 primariis
2860 4637 3065 4710 ﬁguris
3090 4638 3352 4696 confusis
3375 4655 3514 4696 suas
3540 4620 3805 4712 proprias

390 4707 443 4764 ἐν
487 4709 642 4785 ψυχῇ
702 4717 1078 4787 χαρακτῆρας,
1126 4713 1162 4784 ἢ
1209 4713 1300 4768 καὶ
1350 4713 1584 4790 συγχέας
1629 4717 1757 4782 τοὺς
1806 4720 2040 4796 ἀρχετύ-

388 4819 525 4862 πους
585 4797 761 4863 ῗδίους
821 4821 930 4855 που
986 4804 1167 4865 κακῶς
1222 4800 1511 4880 ἰγχαράξῃ·
1557 4804 1648 4861 καὶ
1695 4807 1758 4863 τὸ
1794 4809 1888 4884 μὲν
1941 4819 2042 4882 τῆς

391 4891 577 4966 ψυχῆς
623 4886 833 4954 κάλλος
880 4887 1024 4945 οὕτω
1071 4887 1407 4966 λυμήνηται,
1457 4894 1519 4950 τὸ
1553 4892 1610 4951 δὶ
1640 4900 1802 4971 σῶμα
1852 4897 2042 4957 ὑλικὸν

394 4978 641 5056 ὑπάρχον
675 4979 960 5058 φθοραίοις
987 4981 1127 5037 τισὶν
1175 4980 1406 5062 ἐπαφαῖς
1433 4983 1680 5056 κηλίδων
1711 4989 1802 5044 καὶ
1833 4991 2046 5065 μώμων

392 5067 710 5147 ἁπανταχοῦ
739 5068 1047 5146 ἀναπλήσῃ.
1096 5073 1400 5145 Ἐστηκὲτω
1448 5075 1540 5132 οὗν
1595 5075 1815 5155 πάγιον,
1872 5081 2040 5159 φημὶ,

464 5177 511 5214 ³¹
534 5176 652 5233 Isa.
682 5193 795 5248 va,
824 5179 880 5250 4,
907 5181 965 5238 5.
1039 5180 1088 5218 ³³
1118 5181 1264 5241 ibid.

439 5282 577 5366 .(24)
608 5285 806 5360 Ἕφην.
838 5288 948 5366 Pro
971 5288 1089 5366 _ha_c
1118 5303 1279 5366 voce,
1303 5307 1722 5366 quamomnes
1753 5299 1938 5356 nostri
1961 5317 2053 5360 co-

396 5353 557 5492 gitetis
584 5353 936 5498 3aqgwililoscunt,
971 5361 1150 5420 habet
1175 5353 1353 5422 editio
1384 5353 1765 5440 Parisiensis,
1787 5353 2049 5447 iiii—Ve.-

401 5446 1032 5624 ne([;égsgl1ttcnpaivou.
1083 5506 1180 5566 Sic
1207 5524 1356 5569 mss.
1379 5509 1674 5585 quinque.
1723 5514 1900 5587 Editi,
1933 5515 2052 5573 ἐπι-

401 5588 469 5640 ση
481 5589 554 5640 μα
579 5589 754 5629 νουσι.

491 5643 584 5716 26)
613 5643 802 5719 Ἡμῖν.
847 5645 1012 5706 Hanc
1057 5666 1261 5710 vocem
1309 5653 1650 5715 addidimus
1680 5671 1750 5716 ex
1791 5659 2057 5733 quinque

2151 4742 2329 4800 prave
2357 4724 2687 4798 insculpat;
2744 4725 2945 4799 sicque
2976 4730 3034 4784 et
3061 4727 3271 4784 animos
3302 4727 3805 4802 pulchritudinem

2153 4819 2512 4888 corrumpat,
2543 4819 2602 4872 et
2631 4831 2866 4889 corpus,
2900 4818 3055 4889 quod
3090 4818 3393 4876 materiale
3424 4822 3533 4886 est,
3557 4834 3662 4891 per
3685 4817 3804 4874 exi-

2152 4905 2324 4962 tiales
2353 4906 2644 4977 quosdam
2677 4909 2868 4963 tactus
2910 4907 3159 4965 maculis
3190 4911 3250 4964 et
3279 4909 3457 4965 nsevis
3488 4912 3675 4966 totum
3709 4924 3805 4964 re-

2154 4995 2329 5068 pleat.
2361 4995 2482 5051 Stet
2511 4995 2692 5068 igitur
2721 4996 3040 5068 immobile,
3065 4997 3330 5070 inquam,
3364 4998 3596 5055 Domini
3619 4998 3804 5055 simu-

2154 5085 2403 5153 lacrum,
2428 5089 2776 5158 perpetuum
2797 5103 2980 5160 agens
3002 5087 3337 5158 sabbatum,
3359 5091 3425 5145 ut
3455 5105 3646 5163 neque
3664 5089 3807 5146 dum

2158 5301 2457 5360 veteribus
2486 5300 2674 5358 libris.

2231 5375 2344 5450 (2?)
2372 5372 2447 5450 ξΓὰ
2477 5369 2635 5450 ginta.
2666 5373 2945 5450 No_nnulli
2975 5374 3227 5450 codices,
3258 5375 3327 5430 τὰ
3357 5372 3594 5450 ῥῇματα.

2234 5443 2347 5516 (28)
2371 5443 2696 5514 Ἑστηκὲτω.
2728 5447 2870 5503 Tres
2903 5447 3155 5517 codices,
3181 5443 3504 5517 ἔνστηκὲτω.

2233 5519 2346 5594 (_2_9)
2398 5519 2770 5594 Hapaxwricm,
2814 5518 2904 5576 Sic
2955 5519 3118 5594 Colb.
3169 5524 3227 5576 et
3276 5537 3429 5578 unus
3477 5537 3546 5577 ex
3594 5519 3811 5593 Regiis,

2165 5590 2375 5648 melius
2405 5590 2586 5662 quam
2618 5590 2784 5664 editi,
2812 5592 3195 5664 παρακινήσει.
