4124 6374
296 288 415 348 787

1238 293 1633 354 APPENDIX
1676 291 2001 354 OPERUM
2047 293 2118 356 S.
2161 293 2445 356 BASILII
2491 295 2762 357 MAGNI.

3607 295 3731 357 788

295 435 401 491 per
420 435 482 476 se
508 422 794 490 movetur,
813 422 1171 479 naturalium
1191 423 1514 478 formarum
1545 423 1772 495 aliquas
1792 439 1950 478 emo-

2074 421 2125 475 τὸ
2153 425 2252 478 τοῦ
2274 421 2504 500 Κυρίου,
2540 421 2781 499 ἄγαλμα,
2815 417 3140 494 σαϐϐατίζον
3173 423 3241 479 δι’
3276 420 3434 496 ὅλου,
3464 425 3557 479 ἳνα
3586 425 3734 497 μήτε

296 512 444 577 veat,
479 513 582 565 aut
623 527 742 578 eas,
778 511 918 568 dum
968 513 1028 567 in
1060 512 1187 584 ipso
1240 519 1400 568 motu
1437 512 1711 584 impingit
1751 511 1811 566 in
1845 511 1948 566 ali-

298 613 465 668 quos,
494 599 819 674 perfringat
842 621 855 668 ;
891 617 1079 672 neque
1104 601 1177 655 ab
1200 605 1438 657 externa
1461 619 1637 658 manu
1668 600 1948 673 agitatum

299 688 558 744 naturali
588 689 1030 761 pulchritudine
1059 691 1364 763 spolietur.

368 956 460 1011 59.
496 958 664 1014 Forte
693 958 867 1014 etiam
901 975 1004 1032 per
1048 959 1480 1016 sabbatismum
1530 959 1677 1015 illud
1709 959 1950 1030 indicat,

299 1046 595 1116 quomodo
620 1045 923 1120 virginitas
946 1049 1296 1105 naturaliter
1325 1049 1504 1105 simul
1534 1053 1592 1105 et
1615 1048 1954 1106 mirabiliter

303 1133 527 1204 acquiri
558 1136 767 1207 possit.
793 1137 1300 1201 Quemadmodum
1319 1139 1473 1194 enim
1509 1139 1720 1194 salutis
1742 1142 1952 1194 nostra:

301 1224 545 1278 modum
593 1241 909 1297 exponens,
961 1229 1042 1282 ait
1076 1245 1088 1283 :
1122 1228 1197 1283 Ne
1245 1229 1456 1284 dixeris
1504 1230 1566 1283 in
1610 1229 1772 1284 corde
1812 1232 1952 1283 tuo:

305 1311 438 1379 Quis
468 1315 720 1371 ascendet
747 1317 806 1370 in
837 1317 1035 1371 cadum
1054 1317 1081 1371 ‘I
1113 1317 1168 1372 id
1213 1327 1310 1386 est,
1363 1318 1639 1374 Christum
1671 1317 1953 1373 deducere.

298 1407 405 1458 Aut
435 1404 558 1474 quis
597 1404 880 1462 descendet
909 1409 969 1461 in
1015 1407 1272 1479 abyssum
1291 1413 1314 1460 .9
1363 1408 1464 1464 hoc
1488 1418 1570 1462 est
1616 1409 1894 1464 Christum
1922 1424 1956 1461 α

300 1495 532 1549 mortuis
579 1509 851 1551 revocare.
901 1497 1010 1552 Sed
1038 1499 1178 1568 quid
1222 1498 1400 1553 dicit?
1441 1499 1615 1570 Prope
1644 1503 1698 1554 te
1734 1498 1954 1554 verbum

301 1587 378 1638 est
408 1584 469 1638 in
498 1599 590 1639 ore
616 1587 710 1640 tuo
738 1593 792 1640 et
832 1585 892 1641 in
921 1587 1078 1642 corde
1124 1593 1222 1642 tuo
1243 1589 1310 1643 ³³.
1342 1587 1540 1659 Neque
1585 1605 1734 1659 opus
1781 1592 1872 1644 est
1903 1592 1958 1641 te

303 1687 430 1742 quas
463 1673 606 1728 adeo
637 1679 746 1730 ate
777 1681 997 1731 remota
1018 1677 1396 1746 sunt,ccelum
1422 1681 1524 1732 aut
1552 1680 1799 1749 abyssos
1825 1692 1957 1746 per-

301 1762 553 1816 scrutari
584 1779 596 1816 :
656 1765 759 1818 sed
789 1767 852 1818 tu
885 1765 1072 1821 vicino
1126 1783 1193 1822 ao
1222 1772 1492 1838 prompto
1523 1771 1685 1822 utere
1715 1763 1952 1820 auxilio.
1990 1796 2037 1861 Β

303 1849 364 1904 Si
390 1851 541 1905 enim
578 1853 898 1922 conﬁtearis
928 1855 984 1908 in
1017 1870 1110 1909 ore
1150 1857 1243 1910 tuo
1271 1856 1456 1912 Iesum
1486 1855 1788 1924 Christum,
1819 1862 1870 1909 et
1899 1856 1960 1908 in

301 1937 460 1994 corde
505 1943 596 1996 tuo
645 1940 963 2012 credideris,
1014 1943 1156 2014 quod
1201 1945 1343 1999 Deus
1395 1945 1559 1999 illum
1606 1944 1896 2000 suscitavil
1926 1958 1959 1996 «ι

306 2031 566 2100 mortuis,
596 2031 781 2086 salvus
809 2033 920 2088 eris
941 2034 1006 2088 3‘.
1041 2034 1126 2090 Ita
1146 2039 1203 2090 et
1228 2035 1298 2090 de
1329 2035 1661 2106 virginitate
1685 2033 1856 2090 dicit:
1878 2032 1961 2088 Ne

306 2116 521 2174 dixeris
554 2137 567 2175 :
600 2120 901 2184 Quomodo
952 2123 1268 2179 ascendam
1318 2123 1378 2178 in
1423 2123 1659 2194 caelum,
1714 2128 1778 2178 ut
1824 2121 1962 2176 inde

305 2206 662 2278 virginitatis
702 2209 1102 2282 integritatem
1155 2212 1488 2268 deducam?
1534 2217 1636 2268 aut
1665 2211 1958 2284 quomodo

308 2297 662 2353 descendam
694 2298 753 2353 in
785 2300 1099 2371 infernum,
1135 2305 1201 2357 ut
1246 2318 1375 2357 eam
1409 2302 1634 2358 dudum
1667 2319 1700 2358 a
1729 2299 1960 2358 diabolo

307 2389 644 2457 corruptam
678 2387 823 2442 mihi
855 2388 984 2460 ipsa
1031 2406 1370 2462 recuperem
1391 2390 1418 2445 ?
1459 2391 1569 2445 Sed
1601 2391 1741 2462 quid
1775 2391 1962 2447 dicit?

307 2490 490 2546 prope
524 2478 577 2530 te
609 2478 719 2543 est,
750 2476 964 2548 inquit,
996 2483 1055 2533 et
1102 2479 1426 2534 secundum
1460 2485 1734 2535 naturam
1767 2485 1960 2536 tecum

307 2564 574 2621 nascitur
603 2565 932 2638 virginitas.
953 2568 1149 2639 Neque
1181 2570 1360 2641 igitur
1391 2570 1576 2626 maria
1605 2573 1676 2628 ad
1706 2588 1835 2627 eam
1865 2590 1964 2628 ac-

308 2652 659 2724 quirendam
673 2672 820 2726 opus
841 2666 926 2712 est
951 2662 1004 2712 te
1017 2659 1583 2732 transfetare,neque
1605 2661 1963 2718 immensum

312 2757 505 2798 aerem
555 2743 874 2815 pervolare,
907 2761 1097 2816 neque
1149 2753 1315 2802 terrae
1366 2749 1647 2805 circuitus
1679 2766 1747 2805 ea
1794 2750 1965 2806 inda-

312 2832 508 2903 ganda
537 2838 595 2889 et
623 2833 966 2905 vestiganda
1008 2836 1262 2906 emetiri,
1303 2843 1405 2893 aut
1434 2855 1464 2894 e
1494 2841 1653 2895 terra
1681 2840 1966 2896 evolando

313 2921 527 2979 cmlum
559 2924 632 2978 ad
664 2939 794 2978 eam
843 2925 1254 2982 inveniendam
1285 2930 1711 2997 conscendere;
1745 2931 1868 2996 sed,
1905 2933 1969 2984 ut

316 3011 456 3082 dixi,
489 3012 770 3069 omittens
801 3021 1028 3071 remota
1056 3017 1250 3088 spatia
1287 3018 1566 3088 scrutari,
1597 3019 1968 3090 temetipsum

315 3101 622 3157 considera
652 3103 844 3174 qualis
875 3103 979 3173 sis,
1013 3110 1070 3160 et
1098 3122 1226 3161 eam
1257 3105 1315 3161 in
1350 3111 1769 3179 te,secundum
1793 3113 1965 3164 natu-

2059 510 2148 589 ἀφ’
2199 511 2390 566 ἑαυτοῦ
2445 513 2766 585 κινούμενον
2800 516 3145 589 παρακινήσῃ
3192 536 3323 582 που,
3370 517 3406 586 ἤ
3453 513 3506 570 ἐν
3546 518 3615 588 τῇ
3647 535 3727 568 κι-

2061 603 2211 671 νήσει
2269 601 2377 656 τισὶ
2440 601 2956 677 προσαραττόμενον
3005 603 3359 680 παραθραύσῃ
3416 603 3565 666 τινὰς
3614 609 3723 658 τῶν

2061 695 2299 767 φυσικῶν
2350 694 2739 767 χαρακτήρων,
2796 695 2935 764 μήτε
2991 693 3141 767 παρὰ
3193 698 3293 760 τῆς
3351 690 3542 764 ἔξωθεν
3595 713 3722 767 χει-

2063 781 2155 852 ρὸς
2213 779 2572 854 σαλευόμενον
2641 781 2970 856 ἀποσυληθῇ
3041 783 3102 837 τὸ
3159 789 3258 852 τῆς
3312 782 3524 860 φύσεως
3580 781 3717 837 κάλ-

2063 869 2179 931 λος.

2132 963 2222 1016 59.
2274 960 2435 1036 Τάχα
2464 957 2522 1015 δὲ
2552 958 2641 1015 διὰ
2669 964 2766 1015 τοῦ
2795 955 3172 1035 σαϐϐατισμοῦ
3201 961 3292 1016 καὶ
3321 962 3385 1016 τὸ
3434 966 3553 1023 πῶς
3608 959 3721 1016 ἔστι

2062 1050 2354 1118 κτήσασθαι
2396 1062 2686 1126 παρθενιαν
2738 1055 2977 1120 φυσικῶς
3023 1071 3082 1106 τε
3121 1051 3235 1124 ἅμα
3263 1051 3355 1105 καὶ
3401 1048 3725 1127 παραδόξως

2064 1137 2373 1194 αἰνίττεται.
2423 1141 2511 1202 Ὠς
2554 1141 2658 1215 γὰρ
2705 1140 2796 1195 τὸν
2830 1141 2956 1216 ὅρον
2988 1147 3089 1210 τῆς
3121 1140 3394 1215 σωτηρίας
3426 1143 3589 1213 ἡμῶν
3626 1140 3720 1195 ἐκ-

2062 1227 2364 1301 τιθέμενος,
2400 1228 2553 1302 φησί’
2608 1231 2696 1299 Μὴ
2753 1229 2909 1305 εἷ’πῃς
2969 1229 3021 1285 ἐν
3077 1234 3148 1304 τῇ
3205 1227 3404 1305 καρδίᾳ
3457 1250 3574 1284 σου·
3628 1230 3728 1293 Τίς

2065 1313 2389 1388 ἀναϐήσεται
2469 1317 2544 1381 εἰς
2616 1320 2709 1374 τὸν
2787 1315 3078 1395 οὐρανόν;
3163 1319 3407 1375 τουτέστι
3484 1320 3714 1391 Χριστὸν

2066 1413 2411 1483 καταγαγεῖν.
2470 1410 2536 1462 "ll
2595 1410 2681 1470 τίς
2739 1403 3104 1479 καταϐήσεται
3159 1407 3238 1471 εἷς
3296 1410 3396 1476 τήν
3448 1402 3716 1477 ἄϐυσσονς

2066 1501 2306 1552 τουτέστι
2366 1497 2597 1571 Χριστὸν
2658 1495 2718 1551 ἐκ
2774 1502 2975 1571 νεκρῶν
3039 1499 3319 1573 ἀναγαγεῖν
3357 1543 3371 1557 .
3434 1496 3609 1554 Ἀλλὰ
3670 1496 3724 1551 τί

2068 1585 2248 1660 λέγει,
2330 1585 2520 1661 Ἐγγύς
2584 1606 2681 1640 σου
2751 1586 2816 1640 τὸ
2875 1585 3028 1661 ῥῆμά
3082 1587 3191 1640 ἐστι
3254 1584 3306 1640 ἐν
3360 1590 3440 1658 τῷ
3496 1584 3728 1658 στόματί

2068 1695 2190 1744 σου,
2249 1673 2340 1728 καὶ
2401 1672 2451 1728 ἐν
2508 1678 2578 1748 τῇ
2633 1671 2829 1747 καρδίᾳ
2859 1696 2978 1732 σου.
3036 1676 3141 1732 Καὶ
3173 1675 3234 1730 ού
3261 1674 3451 1751 χρείαν
3483 1668 3630 1750 ἔχεις
3660 1674 3730 1729 τὰ

2068 1763 2212 1818 οὕτω
2256 1784 2352 1816 σου
2407 1764 2634 1838 μακρὰν,
2669 1763 2896 1837 οὐρανὸν
2951 1765 2986 1835 ἢ
3045 1759 3311 1826 ἀϐύσσους
3369 1765 3729 1839 περιεργάζε-

2069 1855 2210 1907 σθαι·
2261 1849 2409 1907 ἀλλᾶ
2435 1856 2516 1924 τῷ
2549 1850 2707 1928 ἐγγὺς
2736 1856 2829 1908 καί
2861 1853 2924 1908 σὺ
2951 1861 3158 1929 χρῆσαι
3192 1852 3351 1926 δεξιῷ
3387 1855 3724 1928 βοηθήματι⁶

2071 1943 2194 1999 Ἐὰν
2280 1941 2381 2017 γὰρ
2460 1940 2822 2019 ὁμολογήσῃς
2899 1942 2951 1997 ἐν
3018 1948 3098 2015 τῷ
3163 1942 3394 2017 στόματί
3465 1963 3562 1998 σου
3618 1943 3729 2012 Ἰη-

2071 2035 2195 2086 σοῦν
2264 2032 2492 2107 Χριστὸν
2563 2033 2698 2105 (30),
2773 2033 2863 2087 καὶ
2940 2032 3226 2108 πιστεύσῃς
3297 2033 3349 2088 ἐν
3405 2037 3474 2107 τῇ
3531 2029 3733 2107 καρδίᾳ

2072 2142 2189 2194 σου,
2246 2119 2330 2175 ὅτι
2387 2121 2414 2174 ὁ
2469 2121 2597 2183 Θεὸς
2652 2120 2811 2176 αὐτὸν
2866 2119 3083 2198 ἤγειρεν
3140 2121 3200 2177 ἐκ
3255 2127 3486 2198 νεκρῶν,
3544 2123 3732 2192 σωθή-

2071 2229 2162 2286 σῃ.
2217 2208 2374 2268 Οὕτω
2421 2210 2512 2265 καὶ
2565 2211 2650 2267 ἐπὶ
2699 2218 2800 2281 τῆς
2849 2212 3137 2287 παρθενίας
3185 2210 3340 2287 φησί.
3403 2213 3495 2281 Μὴ
3547 2209 3726 2285 εἷ’πῃς·

2073 2305 2197 2363 Πῶς
2227 2295 2412 2355 ἁναϐῶ
2457 2299 2535 2365 εἰς
2581 2302 2672 2356 τὸν
2730 2301 2976 2374 οὐρανὸν,
3012 2299 3210 2365 ἐκεῖθεν
3242 2303 3345 2370 τὴν
3386 2307 3486 2370 τῆς
3532 2303 3732 2376 παρθε-

2073 2389 2188 2452 νίας
2241 2412 2345 2462 μου
2394 2391 2652 2467 ἀφθορίαν
2700 2393 3062 2467 καταγαγεῖο;
3113 2389 3148 2460 ἢ
3198 2395 3314 2452 πῶς
3345 2385 3732 2463 καταϐήσομαι

2074 2480 2150 2543 εἷς
2201 2480 2300 2548 τὴν
2361 2475 2614 2548 ἄϐυσσον,
2671 2477 2764 2534 ’ίνα
2808 2481 3010 2550 ταύτην
3070 2479 3242 2535 πάλαι
3273 2479 3419 2555 παρὰ
3467 2474 3733 2534 διαϐόλου

2076 2575 2364 2647 φθαρεῖσαν
2433 2567 2641 2643 ἐμαυτῇ
2708 2568 3140 2644 ἀνακτήσωμαι;
3211 2568 3390 2626 Ἀλλὰ
3439 2568 3492 2624 τί
3540 2568 3730 2644 λέγεις

2077 2658 2264 2734 Ἐγγύς
2295 2680 2390 2713 σου
2422 2656 2553 2712 ἐστὶ·
2616 2659 2771 2734 φησὶ,
2827 2659 2918 2714 καὶ
2947 2660 3084 2714 κατὰ
3138 2658 3294 2738 φύσιν
3324 2680 3408 2713 σοι
3444 2661 3734 2732 συγγεννᾶ-

2074 2770 2160 2804 ται
2206 2751 2241 2818 ἡ
2290 2748 2566 2822 παρθενία.
2621 2748 2760 2806 Οὑτε
2789 2750 2879 2802 οὗν
2934 2747 3149 2823 πελάγη
3183 2748 3260 2810 είς
3286 2749 3387 2815 τήν
3415 2754 3605 2815 κτῆσιν
3635 2745 3737 2800 αύ-

2075 2846 2175 2908 τῆς
2226 2837 2416 2912 χρείαν
2474 2834 2622 2911 ἔχεις
2680 2842 2930 2910 περᾶσαι,
2992 2833 3105 2890 οὔτ’
3161 2836 3292 2910 ἀέρα
3347 2855 3454 2888 που
3510 2831 3734 2906 ἄπειρον

2079 2927 2390 2997 διαπτῆναι,
2451 2922 2574 2980 οὔτε
2629 2932 2734 3000 γῆς
2781 2922 3070 2999 περιόδους
3103 2923 3477 2998 ίχνηλατοῦσα
3524 2920 3726 2990 ταύτην

2077 3015 2579 3092 ἀναμετρήσασθαι·
2640 3016 2676 3084 ἢ
2728 3014 2956 3089 οὐρανὸν
3015 3011 3077 3068 ἐκ
3130 3018 3231 3086 γῆς
3293 3012 3590 3081 ἀναπτᾶσα,
3649 3009 3729 3071 εἲς

2078 3105 2282 3180 εὕρεσιν
2316 3104 2484 3173 αὑτῆς
2532 3098 2877 3176 ἐμϐατεῦσαι·
2931 3100 3078 3176 ἀλλ’,
3130 3100 3261 3175 ὅπερ
3294 3097 3509 3174 εἴρηκα,
3541 3099 3735 3177 ἀφεῖσα

314 3207 462 3260 ram,
493 3191 756 3248 invenies
806 3192 1107 3249 latentem.
1157 3201 1238 3250 Ac
1282 3197 1332 3252 si
1380 3197 1468 3253 vis
1511 3197 1670 3253 illam
1714 3197 1868 3267 apud
1912 3201 1963 3251 te

2077 3167 2149 3250 τδί
2197 3196 2349 3267 μήκη
2405 3167 2521 3266 (81)
2562 3167 3037 3267 περιεργάζεσθαι,
3062 3167 3294 3259 ’σαυτὴν
3442 3167 3737 3263 ἔχεις-ἐπί-

312 3279 708 3337 inviolabilem
733 3298 1096 3355 permanere,
1123 3301 1224 3357 per
1244 3291 1430 3341 totam
1452 3286 1628 3342 vitam
1643 3285 1962 3340 Sabbatum

311 3367 565 3440 age,hoc
580 3375 876 3441 est,mane
909 3373 1063 3444 quod
1089 3380 1227 3429 nata
1257 3392 1339 3430 es.
1365 3375 1446 3430 Ne
1470 3390 1698 3429 moveas
1720 3390 1963 3429 manum

308 3458 382 3513 ad
414 3461 636 3514 tactum
657 3459 780 3527 viri,
805 3478 990 3533 neque
1019 3463 1292 3535 implices
1310 3481 1438 3535 quae
1467 3480 1580 3518 non
1609 3467 1749 3518 sunt
1771 3462 1966 3535 impli-

311 3552 464 3613 cata,
497 3565 602 3603 nec
633 3549 825 3604 soluta
845 3550 1104 3622 colliges,
1131 3569 1320 3624 neque
1341 3553 1682 3623 incorrupta
1700 3553 1968 3608 membra

313 3636 526 3692 diversi
557 3638 710 3695 672
739 3641 972 3710 generis
1005 3641 1288 3696 membris
1310 3639 1670 3711 implicando
1702 3657 1966 3696 corrum-

312 3742 456 3797 pas;
491 3729 591 3782 sed
625 3744 798 3785 mane
831 3729 888 3785 in
921 3729 1100 3786 cubili
1133 3730 1188 3786 id
1223 3731 1378 3800 quod
1420 3746 1503 3796 es,
1534 3730 1680 3786 nihil
1711 3729 1970 3802 amplius

313 3815 565 3886 require.
623 3817 941 3874 Sabbatum
1003 3835 1110 3890 age
1159 3819 1316 3890 apud
1369 3819 1766 3891 temetipsam,
1820 3818 1969 3875 nihil

316 3903 539 3961 faciens
571 3907 722 3977 quod
757 3907 1040 3963 dissolvat
1061 3907 1116 3962 id
1153 3908 1306 3978 quod
1340 3909 1666 3964 secundum
1699 3915 1972 3966 naturam

315 3995 426 4048 est.
459 3992 706 4051 Necesse
729 4012 844 4052 non
875 3994 1058 4051 habes
1082 4012 1282 4052 muros
1302 4001 1358 4052 et
1375 4001 1540 4069 septa
1569 3997 1886 4069 transilire,
1909 4001 1972 4053 ut

316 4081 712 4153 virginitatem
738 4085 985 4140 veneris.
1018 4087 1167 4152 Quin
1199 4087 1401 4158 etiam,
1434 4087 1485 4142 si
1518 4087 1638 4142 hinc
1669 4104 1830 4160 agas,
1856 4088 1968 4143 for-

312 4173 472 4227 tasse
502 4175 737 4231 amittes
769 4175 1184 4248 virginitatem.
1210 4176 1321 4232 Sed
1345 4175 1405 4231 in
1437 4176 1614 4232 cubili
1647 4177 1970 4233 Sabbatum

313 4277 514 4334 agens,
548 4282 758 4336 puram
799 4266 1169 4338 temetipsam
1215 4267 1534 4334 custodias,
1570 4267 1770 4338 sicque
1803 4266 1972 4322 facile

311 4351 1227 4426 virginitatem,pretiosissimam
1249 4355 1684 4427 possessionem
1699 4356 1968 4412 habebis.

312 4441 441 4497 Non
471 4441 630 4497 enim
676 4443 1026 4500 inveniendo
1079 4449 1181 4500 aut
1227 4444 1492 4500 faciendo
1543 4444 1765 4516 aliquid
1812 4445 1967 4516 novi,

2073 3287 2286 3359 σκεψαι,
2319 3283 2406 3338 καὶ
2454 3281 2504 3337 ἐν
2557 3285 2725 3356 σαυτῇ
2773 3282 2910 3336 κατὰ
2957 3279 3114 3356 φύσιν
3167 3278 3368 3349 ταύτην
3417 3274 3731 3350 κρυπτομέ-

2071 3397 2170 3444 νην
2204 3374 2477 3448 εὑρήσεις.
2510 3373 2610 3426 Καὶ
2638 3371 2683 3426 εἰ
2733 3369 2920 3447 βούλει
2966 3369 3168 3440 ταύτην
3219 3369 3367 3443 παρά
3395 3365 3482 3422 σοὶ
3533 3363 3732 3420 ἄσυλον

2077 3464 2270 3538 μένειν,
2305 3460 2394 3516 διὰ
2422 3461 2542 3538 βίου
2569 3456 2881 3530 σαῦϐἀτιζε·
2913 3460 3183 3528 τουτέστι,
3247 3458 3371 3530 μένε
3423 3457 3452 3512 ’ὁ
3512 3455 3732 3531 ἐγεννή-

2076 3566 2198 3622 θης.
2233 3553 2325 3621 Μὴ
2359 3554 2588 3626 κινήσῃς
2620 3557 2783 3627 χεῖρα
2814 3551 2952 3626 πρὸς
2980 3550 3120 3628 ἀφήν
3153 3545 3370 3623 ἀνδρὸς,
3407 3547 3548 3620 μήτε
3593 3541 3733 3599 πλέ-

2076 3644 2166 3717 ξῃς
2196 3641 2264 3696 τὰ
2297 3639 2562 3712 ἄπλεκτα,
2614 3637 2755 3714 μηδὲ
2795 3641 2863 3693 τὰ
2906 3637 3182 3712 λελυμένα
3239 3633 3535 3710 συνδήσῃς,
3593 3631 3738 3707 μηδὲ

2078 3733 2287 3808 ἄφθορα
2343 3729 2484 3804 μέλη
2536 3728 2859 3806 ὶτερογενέσι
2912 3726 3301 3802 συμπλέκουσα
3351 3723 3538 3798 μέλεσι
3588 3723 3738 3802 φθεί-

2079 3843 2174 3896 ρῃς
2203 3821 2348 3877 ἀλλὰ
2381 3821 2504 3894 μένε
2552 3819 2639 3874 ἐπὶ
2685 3826 2787 3888 τῆς
2837 3820 3030 3888 κοίτης
3062 3819 3090 3873 ’ὀ
3123 3819 3187 3890 εἶ,
3224 3813 3393 3891 μηδὶν
3425 3813 3594 3870 πλέον
3639 3835 3734 3870 πε-

2081 3912 2390 3987 ριεργάζου·
2441 3904 2748 3978 Σαϐϐἀτιζε
2795 3910 2913 3972 καθ’
2970 3909 3189 3979 ἑαυτήν,
3226 3903 3394 3980 μηδὲν
3444 3903 3739 3980 ἐνεργοῦσα

2077 4001 2140 4056 τὸ
2192 3999 2475 4074 παραλύον
2532 3999 2595 4053 τὸ
2642 3998 2778 4054 κατὰ
2829 3997 3009 4076 φύσιν.
3071 3996 3183 4052 Οὐκ
3212 3994 3359 4071 ἔχεις
3386 3993 3614 4070 τοίχους
3645 3992 3736 4048 καὶ

2079 4085 2412 4162 περιϐόλους
2473 4086 2894 4161 ὑπεράλλεσθαι,
2947 4085 3041 4141 ’ίνα
3069 4088 3169 4154 τὴν
3225 4085 3514 4157 παρθενίαν
3569 4082 3740 4157 θηρά-

2081 4200 2194 4253 σῃς.
2271 4175 2447 4235 Ἀλλὰ
2518 4181 2686 4232 ταῦτα
2768 4178 2861 4250 μὲν
2910 4176 3243 4251 πράττουσα,
3301 4173 3392 4228 καὶ
3449 4170 3739 4234 ἀπολίσεις

2083 4266 2213 4332 ἴσως
2240 4269 2340 4336 τὴν
2374 4265 2686 4341 παρθενίαν.
2721 4266 2844 4323 Ἐπὶ
2893 4272 2992 4336 τῆς
3021 4263 3214 4335 κοίτης
3275 4261 3334 4317 δὲ
3391 4255 3742 4330 σαϐϐατίζου-

2082 4379 2166 4427 σα,
2216 4359 2449 4429 καθαρὰν
2506 4356 2674 4424 αὐτὴν
2708 4354 2985 4433 φυλάξεις,
3041 4354 3132 4410 καὶ
3164 4352 3309 4408 οὕτω
3345 4354 3438 4425 μὶν
3472 4347 3742 4418 εὐκόλως,

2079 4446 2234 4522 φησὶ,
2293 4447 2392 4515 τὴν
2454 4445 2741 4519 παρθενίαν
2809 4451 2996 4518 κτῆμα
3050 4444 3388 4516 τιμιώτατον
3447 4437 3602 4511 ἕξεις.
3662 4438 3740 4495 Οὐ

315 4546 445 4586 eam
493 4530 602 4586 tibi
650 4530 980 4588 vindicabis
1013 4549 1026 4586 :
1057 4535 1158 4589 sed
1207 4550 1453 4589 manens
1501 4532 1875 4601 intaminata,
1916 4534 1963 4589 id

2081 4535 2184 4610 γὰρ
2235 4533 2507 4612 ἐκφύσασά
2562 4556 2614 4589 τι
2670 4535 2706 4604 ἢ
2767 4533 3110 4610 ἐργασαμένη
3163 4554 3216 4586 τι
3273 4531 3483 4601 καινὸν,
3538 4529 3741 4599 ταύτην

317 4619 475 4692 quod
506 4635 574 4674 ex
607 4622 768 4674 utero
800 4624 937 4676 nata
966 4637 1027 4676 es
1060 4622 1220 4695 virgo
1253 4624 1404 4678 bona
1429 4638 1662 4694 semper
1689 4623 1964 4680 omnibus

315 4707 628 4766 videberis.
662 4708 774 4765 Sed
809 4710 859 4766 si
891 4710 1129 4766 amittas
1161 4712 1311 4766 hanc
1351 4712 1704 4784 virginitatis
1734 4729 1972 4785 posses-

317 4798 565 4871 sionem,
599 4799 834 4856 etiamsi
867 4799 966 4856 illa
997 4801 1196 4856 omnia
1225 4801 1407 4857 facias
1439 4818 1566 4873 qua:
1599 4802 1972 4868 dixi,ccelum

317 4894 373 4945 et
403 4894 641 4961 terram,
677 4907 839 4947 mare
866 4896 923 4947 et
955 4891 1260 4962 abyssum,
1293 4907 1359 4946 ac
1392 4895 1580 4946 "totum
1613 4906 1804 4946 aerem
1839 4909 1972 4964 per-

311 4979 561 5051 vageris,
594 4979 757 5036 nullo
797 4978 963 5036 illam
999 4979 1173 5035 modo
1207 4995 1553 5050 recuperare
1571 4979 1697 5051 jam
1727 4981 1968 5051 poteris.

314 5069 613 5135 Quomodo
645 5069 803 5126 enim
837 5068 992 5141 quod
1024 5072 1368 5141 corruptum
1417 5072 1526 5135 est,
1551 5069 1678 5140 jam
1706 5069 1970 5126 incorru-

309 5161 480 5230 ptum
507 5159 606 5216 ﬁet
626 5159 653 5214 ?
683 5161 979 5232 quomodo
1011 5175 1139 5232 quae
1165 5159 1356 5214 virum
1380 5158 1671 5230 cognovit,
1693 5162 1972 5233 tanquam

383 5292 429 5328 ³⁸
457 5296 625 5350 Rom.
654 5311 714 5365 χ,
746 5296 866 5350 6-8.
945 5296 992 5332 ³⁴
1020 5295 1164 5351 ibid.
1199 5295 1252 5350 9.

378 5429 498 5514 $30)
545 5429 755 5497 Ἰησοῦν
813 5429 1066 5503 Χριστόν.
1113 5431 1253 5488 Tres
1303 5429 1555 5499 codices,
1607 5427 1803 5505 Κύριον
1858 5428 1968 5499 Ἰη-

311 5518 497 5645 cogi)
527 5568 608 5627 Τᾶ
637 5572 811 5645 μήκηε
842 5575 962 5645 βθά
994 5574 1172 5631 editio
1220 5574 1442 5631 veneta
1469 5576 1528 5630 et
1557 5572 1787 5630 COdices
1818 5589 1964 5632 mss.

311 5643 667 5704 Parisiensis
715 5643 912 5712 editio,
959 5645 1026 5699 τὰ
1058 5646 1215 5718 μάνη,
1266 5662 1402 5704 cum
1451 5645 1698 5704 asterieo
1742 5663 1967 5704 naevum

2073 4626 2455 4700 περιποιήσεις
2513 4627 2702 4699 σαυτῇ·
2766 4621 2912 4680 ἀλλὰ
2970 4622 3194 4696 μείνασα
3251 4617 3545 4696 ἄχραντος,
3593 4618 3624 4672 ὅ
3679 4615 3740 4671 ἐκ

2080 4713 2311 4789 γαστρὸς
2358 4713 2649 4789 ἐγεννήθης
2703 4712 2992 4786 παρθένος,
3053 4708 3134 4765 ἀεὶ
3193 4710 3365 4784 ἀγαθὴ
3395 4713 3514 4770 τοῖς
3575 4711 3738 4761 πᾶσιν

2083 4801 2314 4880 ὁφθήσῃ.
2379 4801 2723 4858 Ἀπολέσασα
2759 4797 2819 4856 δὶ
2845 4804 3006 4856 τοῦτο
3037 4805 3138 4869 τῆς
3181 4795 3472 4872 παρθενίας
3520 4799 3634 4869 (32)
3680 4793 3743 4848 τὸ

2081 4898 2288 4964 κτῆμα,
2339 4894 2436 4947 κᾶν
2484 4891 2662 4946 ἐκεῖνα
2692 4891 2866 4945 πάντα
2918 4887 3212 4961 ποιήσῃςᾶ
3269 4885 3484 4962 εἷ’ρηκα,
3516 4881 3741 4959 οὐρανόν

2079 4979 2138 5036 τέ
2166 4981 2255 5036 καὶ
2309 4988 2436 5057 γῆν,
2488 4979 2758 5045 θάλασσάν
2811 4999 2870 5034 τε
2912 4977 3003 5033 καὶ
3053 4971 3304 5049 ἄϐυσσον,
3331 4975 3420 5030 καὶ
3451 4973 3584 5050 ἀέρα
3608 4971 3742 5029 ὅλον

2083 5068 2406 5146 διαπεράσῃς
2437 5117 2452 5143 ,
2503 5068 2682 5125 οὐδενὶ
2743 5067 2935 5145 τρόπῳ
2983 5069 3144 5121 τοῦτο
3207 5066 3604 5136 ἀνακτήσασθαι
3663 5058 3743 5118 ἔτι

2083 5157 2310 5233 δυνήσῃ.
2368 5162 2494 5222 Πῶς
2538 5159 2640 5234 γὰρ
2670 5158 2732 5214 τὸ
2764 5156 2961 5234 φθαρὶν
2995 5150 3074 5211 ἔτι
3125 5149 3362 5232 ἄφθορον
3411 5154 3742 5230 γενήσεταις

2080 5433 2410 5579 inﬁgi!
2437 5501 2754 5579 παρθενίας.
2801 5500 2929 5560 Duo
2960 5499 3212 5568 codices,
3264 5497 3364 5567 τῆς
3409 5489 3733 5575 ἀφθαρσίας,

2079 5573 2205 5634 Duo
2237 5573 2491 5648 ἁιὶὶ,τῆς
2518 5573 2805 5653 ἀφθορίας.
