4124 6352
339 341 373 395 ‘7
382 335 461 396 89

1575 311 1809 373 LIBER
1853 310 1955 370 DE
2000 308 2542 372 VIRGINITATE.

3653 315 3772 374 790

341 470 458 526 πῶς
503 460 561 518 δὲ
588 460 651 514 τὸ
679 461 876 533 γνῶσιν
929 447 1121 526 ἀνδρὸς
1155 445 1382 522 εἰληφὸς
1432 444 1508 504 ὡς
1651 438 1878 533 εἰληφὸς
1907 437 2007 494 λο-

2130 458 2239 533 non
2270 444 2623 515 cognoverit,
2647 445 3013 517 reputabitur
3037 446 3064 501 ?
3096 446 3388 517 quomodo
3411 445 3565 516 quod
3589 462 3748 502 seme

343 555 660 631 γισθήσεται
738 548 856 606 πῶς
908 539 966 597 δὲ
1012 535 1252 631 καθαίπαξ
1298 534 1360 588 τὸ
1404 532 1605 631 τρωθὲν
1655 528 2002 631 επιθυμίᾳτε

345 621 434 700 καὶ
465 621 640 712 ἡδονῇ
689 635 778 691 καὶ
828 633 986 695 πάθει
1019 629 1092 690 ὡς
1137 622 1378 699 ἄτρωτον
1430 621 1506 676 ἔτι
1546 622 1850 695 γενήσεται,
1891 622 1998 672 τῶν

347 733 670 805 σημάντρων
710 727 806 793 τῆς
851 723 1054 800 φθορᾶς
1101 716 1151 770 ἐν
1202 713 1269 788 τῇ
1321 710 1474 787 ψυχῇ
1521 710 1610 764 καὶ
1788 706 1999 781 σώματι

347 799 582 878 διῗὸλονᾷ
619 799 889 889 μενόντων
929 830 944 880 ;
976 807 1245 864 Μετάνοια
1293 804 1386 874 μὶν
1431 802 1530 877 γὰρ
1572 799 1794 877 ἀφίησιν
1828 799 2002 872 ἁμαρ-

345 912 483 967 τίαν·
515 888 626 978 τὴν
664 904 723 960 δὲ
772 897 1114 980 ἐφθαρμένην
1164 895 1238 957 ὡς
1295 893 1369 966 μὴ
1405 888 1743 980 ἐφθαρμένην
1776 894 2003 980 ποιῆσαι

346 999 513 1055 πάλιν
548 974 920 1061 ἀδυνατοῦσα,
947 985 1037 1042 διὰ
1083 983 1204 1060 βίου
1256 980 1529 1057 ὀδύρεται.
1563 979 1655 1033 Διὸ
1686 974 1873 1044 ἐπειδὴ
1911 976 2004 1050 μὲ-

348 1109 532 1166 γιστον
563 1089 724 1141 τοῦτο
753 1082 816 1136 τὸ
865 1084 1073 1150 κτῆμα,
1126 1072 1216 1128 καὶ
1260 1071 1322 1126 τὸ
1372 1065 1608 1134 ἔπαθλον
1660 1073 1778 1128 τοῖς
1808 1085 2006 1140 κατορ-

351 1154 534 1234 θοῦσιν
583 1173 714 1230 αὖτό
766 1166 1133 1238 ἐνδοξότατον,
1178 1165 1247 1236 τῇ
1298 1157 1624 1228 διδασκαλίᾳ
1669 1161 1766 1211 τοῦ
1809 1154 2006 1226 Κυρίου

351 1264 649 1330 πεισθέντες
692 1253 1108 1327 σαϐϐατίσωμεν
1156 1250 1351 1322 οὕτως,
1402 1249 1475 1310 ὡς
1506 1249 1532 1302 ὸ
1577 1246 1742 1321 λόγος
1796 1245 1884 1298 ἀπ’
1917 1244 2012 1319 ἀρ-

350 1362 460 1432 χῆς
487 1351 592 1415 ἕως
633 1349 827 1410 τέλους
881 1339 1170 1401 ὑπέϐαλεν⁹
1206 1338 1474 1415 ἅχραντὸν
1511 1358 1570 1391 τε
1599 1335 1688 1390 καὶ
1739 1335 2009 1410 ἀνέπαφον

348 1422 526 1514 πάσης
557 1437 792 1512 κηλῖδος
823 1436 886 1491 τὸ
937 1432 1160 1513 φυσικὸν
1206 1428 1414 1489 κάλλος
1443 1430 1541 1514 τοδ
1573 1422 2007 1514 θείουράγάλ-μα-

348 1556 444 1596 τος
479 1507 547 1587 δι’
597 1507 732 1585 δλου
779 1507 1093 1599 τηροῦντες.
1152 1520 1247 1586 Μὴ
1304 1517 1468 1591 μόνον
1507 1513 1566 1569 δὲ
1615 1507 2008 1599 σαϐϐατιζέτω,

351 1622 537 1702 φησὶν,
571 1622 606 1689 ἡ
640 1597 920 1693 παρθένος,
972 1610 1138 1702 mat
1164 1606 1254 1702 mi
1304 1605 1603 1702 ἐκλεγέσθω
1629 1601 1797 1702 ἃηέγὼ
1841 1597 2006 1702 θὶέλωὶ

350 1690 499 1767 fiat
551 1707 693 1765 ἄλλο
807 1700 1069 1778 ἀφθορίαν
1119 1700 1147 1753 ὁ
1179 1696 1381 1770 Κύριος
1428 1693 1572 1758 θέλει
1607 1715 1621 1764 ;
1653 1693 1715 1760 ἣν
1754 1690 1888 1764 μετὰ
1914 1693 2010 1745 τοῦ

351 1795 693 1866 σαϐϐατίζειν
754 1793 814 1848 ἐκ
883 1787 1216 1864 συγκρίσεως
1268 1791 1367 1853 τῆς
1424 1783 1475 1837 ἐν
1534 1785 1613 1854 τῷ
1669 1780 1829 1854 γάμῳ
1887 1789 2013 1856 φθο-

355 1890 450 1964 ρὰς
509 1887 561 1942 έν
735 1878 995 1957 παρθενίᾳ
1026 1873 1385 1964 ἐκλεξαμένη,
1443 1871 1533 1926 καὶ
1585 1875 1683 1938 τῆς
1739 1865 2009 1964 πρὸςπδν

354 1953 554 2053 Κύριον
585 1953 673 2029 ἐπὶ
721 1953 840 2032 ταῖς
888 1965 1134 2026 ἐντολαῖς
1181 1961 1466 2053 διαθήκης-
1495 1958 1862 2053 ἀντεχομένη,
1891 1953 2012 2053 λήῖ

349 2044 505 2140 tua.
559 2063 686 2137 παρ’
732 2061 898 2115 αὐτοῦ
927 2056 979 2112 ἐν
1030 2058 1112 2127 τῷ
1142 2050 1281 2124 οἷ’κῳ
1310 2050 1401 2106 καὶ
1451 2049 1504 2104 έν
1532 2053 1612 2122 τῷ
1641 2047 1814 2122 τείχει
1847 2044 2012 2100 αὐτοῦ

349 2135 518 2211 τόπον
549 2135 875 2224 ὀνομαστὸν,
928 2147 1018 2201 τὸν
1066 2141 1350 2219 κρείττονα
1401 2139 1534 2194 υἱῶν
1560 2136 1650 2193 καὶ
1681 2135 2008 2210 θυγατέρων.

351 2245 428 2304 Οὐ
460 2244 562 2320 γὰρ
599 2222 762 2315 μδνον
787 2241 906 2299 τοῖς
937 2233 1272 2311 φυλάσσουσι
1301 2230 1368 2285 τὰ
1396 2222 1650 2282 Σάϐϐατά
1700 2247 1803 2300 μου
1831 2222 2014 2278 εὐνού-

354 2313 486 2410 χοις
531 2313 623 2387 καί
677 2324 1067 2402 έκλεγομένοις
1114 2320 1146 2376 ἂ
1175 2318 1308 2410 ἐγὼ-
1341 2316 1530 2410 σέλω,
1562 2314 1707 2410 ἀλλὰ
1751 2315 1842 2410 καὶ
1894 2313 2014 2410 αντ-

350 2403 641 2498 εχομένοις
669 2425 770 2488 τῆς
814 2413 1078 2484 διαθήκης
1117 2431 1245 2484 μου,
1290 2406 1449 2463 δώσω
1478 2403 2014 2498 τδιεῖρη-μὲνακθίε-

355 2491 595 2585 μνησθαι
646 2507 736 2562 οὗν
778 2510 878 2574 τῆς
934 2499 1204 2570 διαθήκης
1251 2501 1347 2552 τοῦ
1390 2495 1647 2585 νυμφίου,
1678 2495 1713 2562 ἡ
1745 2491 2015 2585 παρθένος

355 2581 565 2673 νύκτωρ
624 2595 714 2651 καὶ
777 2593 892 2667 μεθ’
945 2589 1155 2665 ἡμέραν
1211 2585 1441 2661 ὀφείλει,
1491 2581 1759 2673 διαθήκης
1804 2583 1864 2650 ἦν

363 2689 496 2764 ὑπὲρ
538 2666 720 2752 ἀὐτῆς
777 2666 1131 2750 ἀποθνήσκων
1191 2675 1324 2749 ὑπὲρ
1381 2671 1643 2764 ἁφθορίας
1699 2669 1899 2764 αιξτ-ἧς⁸
1928 2666 2015 2764 ἐγ-

356 2758 580 2853 γράίρως
626 2771 852 2837 διέθετο.
887 2768 989 2827 Καὶ
1024 2765 1350 2842 μεμνημένη
1398 2766 1498 2853 τῆς
1531 2761 1582 2816 ἐν
1610 2765 1688 2853 τῷ
1733 2758 1804 2853 διῖ
1843 2758 2012 2853 αθτην

360 2849 576 2937 θανάτῳ
615 2862 783 2918 αὐτοῦ
834 2857 1122 2929 διαθήκης,
1173 2854 1258 2910 ὅτι
1300 2849 1608 2930 παρέδωκεν
1659 2850 1844 2906 ἑαυτὸν
1879 2849 2013 2925 ὑπὲρ

357 2955 526 3024 αὐτῆς
552 2950 648 3007 θίνα
704 2949 874 3018 αὐτὴν
931 2945 1157 3022 ἁγιάσῃ,
1192 2944 1336 3020 παρὰ
1365 2942 1540 2997 πάντα
1567 2941 1659 2996 τὸν
1718 2937 1836 3015 βίον
1890 2937 2015 2993 ἀντ-

361 3043 572 3120 εχέσθω
622 3047 724 3111 τῆς
771 3036 1037 3108 διαθήκης
1093 3035 1290 3088 αὑτοῦ*
1327 3031 1594 3100 τοττέσνι,
1652 3026 2015 3120 μή-ἆθετείτω

358 3115 458 3202 τήν
489 3129 579 3187 έπῖ
605 3131 685 3202 τῷ
729 3127 943 3198 θανάτῳ
987 3123 1152 3179 αὐτοῦ
1202 3122 1335 3197 ὑπὲρ
1381 3123 1482 3189 τῆς
1530 3117 1801 3193 σωτηρίας
1845 3115 2016 3184 αὐτῆς

2112 531 2481 588 vulneratum
2541 537 2629 588 est
2672 535 2994 605 cupiditate
3048 539 3107 591 et
3156 536 3452 606 voluptate
3501 538 3557 590 et
3605 535 3765 605 vitio,

2114 621 2284 693 quasi
2315 621 2610 694 integrum
2637 640 2843 679 rursus
2878 625 2995 694 ﬁet,
3021 642 3153 680 cum
3187 624 3350 694 signa
3372 624 3766 695 corruptionis

2112 709 2169 765 in
2203 710 2400 767 anima
2434 716 2488 767 et
2515 729 2752 784 corpore
2776 715 3000 786 jugiter
3022 713 3448 786 permaneant?
3476 713 3766 768 Pmniten-

2115 803 2193 859 tia
2224 803 2381 858 enim
2413 803 2656 859 dimittit
2679 811 2980 877 peccatum
3005 832 3021 876 ;
3055 809 3155 863 sed
3179 824 3247 863 ex
3276 810 3550 877 corrupta
3571 805 3767 859 incor-

2114 897 2350 965 ruptam
2381 893 2594 948 iterum
2626 893 2812 949 faeere
2845 913 2960 950 non
2991 895 3212 964 valens,
3244 913 3345 968 per
3374 899 3555 951 totam
3586 892 3767 948 vitam

2115 981 2492 1038 lamentatur.
2555 982 2743 1046 Quare
2802 1000 2936 1039 cum
2988 985 3478 1056 prmstantissima
3521 983 3600 1039 sit
3650 983 3769 1038 haec

2117 1071 2433 1144 possessio,
2458 1089 2524 1127 ac
2556 1071 2864 1143 praemium
2887 1072 3004 1139 his,
3029 1074 3130 1144 qui
3153 1089 3281 1129 eam
3303 1075 3769 1146 consequuntur,

2117 1161 2287 1234 longe
2346 1160 2868 1233 gloriosissimum,
2928 1162 3204 1218 doctrinae
3256 1153 3486 1218 Βοσπῃὶ
3545 1176 3771 1217 morem

2115 1255 2411 1323 gerentes,
2445 1251 2526 1306 ita
2557 1251 2872 1307 sabbatum
2913 1267 3182 1322 agamus,
3217 1251 3299 1306 uti
3330 1250 3449 1306 haec
3482 1250 3666 1306 oratio
3698 1249 3772 1305 ab

2118 1341 2284 1396 initio
2308 1341 2592 1396 hactenus
2611 1339 3391 1409 submonuit,intaminatam
3415 1345 3471 1395 et
3495 1339 3773 1395 intactam

2077 1453 2082 1459 ·
2119 1430 2190 1486 ab
2220 1429 2380 1486 omni
2409 1429 2640 1486 macula
2679 1429 3005 1486 naturalem
3054 1428 3553 1501 pulchritudinem
3587 1427 3773 1483 divini

2119 1520 2421 1576 simulacri
2454 1525 2735 1591 perpetuo
2767 1525 3085 1575 servantes.
3108 1519 3222 1575 Nec
3251 1519 3563 1574 sabbatum
3595 1517 3770 1572 modo

2121 1613 2274 1682 agat,
2309 1609 2521 1681 inquit,
2555 1609 2740 1680 virgo,
2771 1609 2872 1664 sed
2904 1608 3082 1665 etiam
3116 1608 3294 1681 eligat
3325 1625 3452 1679 quae
3483 1623 3587 1679 ego
3616 1605 3770 1661 volo.

2119 1699 2269 1763 Quid
2299 1703 2495 1754 autem
2528 1697 2689 1754 aliud
2722 1697 2834 1754 nisi
2864 1698 3261 1770 integritatem
3294 1696 3417 1752 vult
3442 1695 3728 1752 Dominus
3749 1694 3776 1749 Ρ

2123 1805 2298 1860 quam
2319 1788 2556 1860 quidem
2584 1787 2760 1843 simul
2791 1804 2922 1842 cum
2947 1786 3331 1855 sabbatismo,
3355 1786 3412 1842 in
3443 1784 3777 1858 virginitate

2121 1877 2370 1950 eligens,
2400 1894 2516 1949 pres
2573 1877 2833 1948 conjugii
2885 1876 3282 1948 corruptione,
3329 1893 3395 1932 ac
3448 1874 3597 1930 inito
3641 1889 3779 1930 cum

2121 1967 2366 2023 Domino
2397 1965 2596 2021 fcederi
2619 1969 2675 2021 in
2709 1966 3001 2022 mandatis
3024 1965 3406 2021 observandis
3441 1963 3780 2032 adhaerens,

2122 2055 2370 2128 accipiet
2399 2056 2472 2110 ab
2503 2071 2570 2110 eo
2602 2055 2661 2110 in
2702 2055 2876 2110 domo
2900 2059 2958 2109 et
2987 2070 3156 2110 muro
3187 2053 3316 2125 ejus
3346 2053 3542 2110 locum
3588 2052 3778 2108 nomi-

2122 2151 2349 2217 natum,
2383 2143 2846 2217 praestantiorem
2876 2143 3014 2199 ﬁliis
3063 2149 3121 2200 et
3150 2143 3406 2199 ﬁliabus.
3439 2143 3564 2198 Non
3605 2142 3764 2196 enim

2122 2234 2494 2291 servantibus
2526 2233 2717 2290 solum
2741 2233 2987 2289 sabbata
3005 2249 3134 2289 mea
3156 2231 3446 2288 eunuchis
3478 2236 3535 2287 et
3559 2229 3781 2301 eligen-

2123 2324 2280 2380 tibus
2312 2341 2436 2395 quae
2454 2341 2560 2397 ego
2592 2322 2858 2390 volo,sed
2889 2326 2948 2378 et
2965 2322 3398 2378 adhaerentibus
3422 2322 3780 2376 testamento

2121 2430 2252 2471 meo
2282 2413 2433 2470 dabo
2479 2429 2604 2486 quae
2660 2413 2816 2469 dicta
2847 2416 2986 2468 sunt
3005 2412 3071 2467 ³⁵.
3122 2411 3260 2482 Ejus
3307 2409 3491 2484 igitur
3519 2408 3779 2475 fcederis,

2122 2503 2278 2576 quod
2310 2519 2444 2558 cum
2495 2518 2710 2574 sponso
2757 2501 2940 2558 ictum
2987 2505 3095 2567 est,
3130 2504 3304 2556 noctu
3355 2499 3576 2572 diuque
3622 2497 3784 2568 virgo

2123 2591 2465 2648 meminisse
2495 2591 2688 2662 debet,
2721 2591 2974 2658 fcederis,
3007 2590 3273 2662 inquam,
3316 2589 3472 2661 quod
3512 2605 3617 2661 pro
3649 2587 3781 2658 ipsa

2125 2681 2383 2739 moriens
2438 2669 2512 2736 ad
2562 2680 2936 2736 tribuendam
2984 2679 3037 2736 ei
3088 2678 3489 2751 integritatem
3540 2676 3779 2749 scriptis

2123 2769 2392 2827 sancivit.
2442 2770 2706 2842 Denique
2753 2786 2980 2826 memor
3022 2768 3257 2826 foederis
3309 2765 3642 2826 conﬁrmati
3683 2777 3791 2838 per

2127 2865 2374 2917 mortem
2406 2877 2585 2931 quam
2612 2875 2716 2932 pro
2747 2874 2815 2915 ea
2834 2857 3076 2931 pertulit
3104 2858 3194 2930 (ut
3221 2857 3378 2914 enim
3411 2856 3463 2913 ei
3493 2855 3790 2912 conferret

2124 2950 2520 3020 sanctitatem,
2553 2965 2657 3020 pro
2702 2965 2772 3004 ea
2811 2948 3078 3020 seipsum
3128 2945 3413 3018 tradidit),
3445 2962 3549 3017 per
3600 2948 3787 3000 totam

2123 3041 2304 3099 vitam
2336 3038 2525 3094 foedus
2553 3036 2714 3093 illius
2744 3040 2951 3103 servet,
2985 3037 3093 3092 hoc
3122 3040 3232 3105 est,
3252 3053 3324 3092 ne
3354 3035 3580 3090 irritam
3606 3032 3783 3089 faciat

2125 3125 2628 3200 dispensationem
2658 3127 2718 3182 in
2743 3126 2934 3198 ipsius
2958 3129 3141 3183 morte
3164 3142 3268 3198 pro
3293 3141 3402 3180 sua
3425 3123 3614 3179 salute
3644 3131 3790 3177 eone

359 3189 700 3277 τελεσθεῖσαν
746 3189 1082 3288 οἷκονδμίαν.
1140 3189 1316 3268 ἈλλἸ
1354 3207 1542 3278 ἐπειδὴ
1595 3189 2010 3281 ἀπεμπωλήσα-

2130 3219 2505 3274 summatem.
2566 3217 2685 3271 Imo
2731 3231 2868 3271 vero
2919 3214 3200 3287 quoniam
3232 3230 3403 3270 suam
3451 3211 3786 3268 libertatem

364 3332 456 3366 σαν
487 3310 589 3378 τὴν
622 3310 818 3376 ἑαυτῆς
851 3307 963 3380 (34)
1015 3300 1346 3377 ἐλευθερίαν,
1396 3298 1561 3368 αὐτὴν
1593 3296 1673 3370 τῷ
1703 3297 1896 3352 ἑαυτοῦ
1927 3293 2019 3350 αἶ’-

367 3421 493 3474 ματι
548 3396 862 3474 ἐξηγόρασε,
905 3393 997 3449 καὶ
1048 3389 1374 3466 ἐξαγοράσης
1430 3388 1529 3444 οὐκ
1581 3386 1861 3474 ἐλευθερίᾳ
1917 3384 2017 3460 μό-

361 3472 450 3546 νον
480 3472 793 3561 τετίμηκεν,
844 3482 991 3540 ἀλλὰ
1019 3483 1112 3537 καὶ
1142 3479 1356 3558 νύμφην
1407 3479 1581 3551 ἑαυτῷ
1629 3472 1875 3554 ἁρμόσας
1927 3476 2018 3552 βα-

365 3576 551 3636 σιλίδα
577 3582 807 3646 ποιῆσαι
851 3567 1275 3648 ὑπερϐαλλούσῃ
1325 3567 1511 3646 χάριτι
1549 3567 1874 3639 κατηξίωσε.
1924 3565 2022 3621 Διὰ

363 3672 527 3723 τοῦτο
554 3663 860 3741 ἁντεχέσθω
905 3668 1006 3731 τῆς
1055 3658 1318 3730 διαθήκης
1367 3657 1552 3713 αὐτοῦ·
1586 3659 1885 3726 τουτέστιν,
1929 3653 2024 3712 ’ίνα

367 3753 675 3828 κοινότερον
705 3749 1054 3820 εἳπω,ὥσπερ
1081 3748 1230 3810 τινὸς
1258 3747 1538 3822 προικῲου
1567 3750 1666 3812 τῆς
1695 3747 1832 3822 πρὸς
1852 3747 2020 3816 αὐτὴν

373 3840 642 3912 διαθήκης
670 3840 860 3907 αὐτοῦ,
889 3836 1177 3914 ἐγγράφως
1207 3835 1299 3890 καὶ
1327 3835 1581 3908 νομίμως
1605 3837 1894 3898 συστάντος
1924 3839 2025 3890 τοῦ

371 3929 572 4006 γάμου,
605 3928 686 3984 ἀεὶ
720 3927 1028 4002 ἀντεχὲσθω
1066 3925 1204 4000 πρὸς
1254 3924 1322 3977 τὰ
1352 3921 1749 3998 ἐπερωτήματα
1793 3924 1882 3978 καὶ
1929 3923 2025 3987 τὰς

374 4021 640 4090 συνθήκας
670 4017 773 4086 τῆς
819 4009 1201 4090 συμϐιώσεως,
1256 4012 1451 4082 ἑαυτὴν
1503 4011 1652 4084 αὐτῷ
1703 4011 1938 4086 ἄμωμον
1972 4012 2026 4068 έν

373 4114 511 4163 πᾶσε
537 4105 877 4183 παρέχουσα,
911 4104 985 4166 ὡς
1015 4100 1076 4158 ἂν
1109 4101 1271 4173 ἀξίως
1292 4101 1456 4157 αὐτοῦ
1486 4100 1712 4166 ἐνταῦθα
1732 4104 2027 4174 συζήσασα,

373 4197 466 4252 καὶ
495 4201 604 4251 τῶν
635 4195 748 4250 ἐκεῖ
775 4199 898 4270 παρ’
929 4191 1094 4248 αὐτοῦ
1126 4193 1339 4267 ἀγαθῶν
1368 4189 1716 4248 ἅπολαύσειε.

443 4289 536 4345 60.
569 4290 694 4347 Τοῖς
741 4285 842 4360 γὰρ
898 4281 1336 4360 φυλασσομένοις
1378 4282 1446 4336 τὰ
1483 4275 1738 4336 Σάϐϐατά
1769 4302 1873 4354 μου
1903 4281 2032 4354 (πί-

375 4374 461 4431 λιν
519 4374 646 4448 έρῶ,
708 4374 866 4451 φησὶ,
925 4372 1015 4428 καὶ
1069 4376 1188 4434 τοῖς
1249 4370 1831 4447 έκλεγομένοιςᾶἐγὼ
1863 4371 2031 4443 θέλω,

374 4467 466 4521 καὶ
498 4465 885 4540 ἀντεχομένοις
913 4469 1013 4533 τῆς
1056 4460 1324 4533 διαθήκης
1360 4482 1487 4534 μου,
1517 4460 1677 4517 δώσω
1727 4461 1779 4517 έν
1832 4466 1912 4536 τῷ
1959 4459 2038 4518 οἷ’·

2123 3303 2682 3376 vendiderat,ipsam
2697 3321 2802 3360 suo
2815 3303 3103 3376 sanguine
3121 3302 3788 3374 redemit,redemptam-

2126 3411 2237 3470 que
2282 3413 2399 3451 non
2432 3393 2699 3450 libertate
2741 3392 2934 3449 solum
2982 3392 3313 3462 honoravit,
3356 3393 3456 3448 sed
3504 3405 3784 3464 sponsam

2128 3487 2306 3543 etiam
2345 3483 2577 3556 sibiipsi
2609 3487 2890 3555 aptatam,
2925 3483 3192 3554 reginam
3223 3481 3582 3539 constituere
3614 3479 3788 3535 bene-

2129 3575 2262 3632 ﬁcio
2278 3575 2448 3648 longe
2467 3572 2955 3646 praestantissimo
2972 3572 3250 3645 dignatus
3262 3575 3372 3627 est.
3388 3573 3576 3637 Quare
3589 3571 3787 3624 custo-

2133 3666 2255 3721 diat
2270 3665 2399 3736 ejus
2418 3664 2637 3720 fcedus:
2663 3663 2773 3718 hoc
2791 3665 2900 3729 est,
2925 3666 2990 3718 ut
3012 3679 3119 3718 usu
3141 3658 3795 3730 communioreloquar,

2134 3753 2415 3827 quoniam
2439 3751 2628 3826 ipsius
2647 3751 2800 3808 673
2823 3751 3164 3824 conjugium
3188 3749 3345 3807 velut
3368 3750 3474 3805 dos
3497 3746 3793 3821 quaedam,

2134 3861 2262 3916 qua
2287 3859 2388 3916 pro
2409 3843 2766 3898 faederecum
2793 3859 2861 3897 ea
2881 3841 3029 3897 inito
3047 3841 3183 3896 data
3196 3835 3794 3911 sit,seriptisetm0do

2133 3933 2387 4006 legitimo
2398 3930 2874 4000 eonstat;idcireo
2888 3930 3304 4004 stipulationes
3320 3927 3688 3985 etconvictus
3703 3941 3802 3997 pa-

2139 4027 2232 4077 cta
2254 4025 2533 4093 perpetuo
2548 4025 2944 4104 servet,seque
2959 4020 3080 4077 eiin
3103 4019 3382 4076 omnibus
3396 4016 3665 4074 exhibeat
3680 4029 3804 4069 ma-

2140 4110 2283 4167 culas
2305 4108 2499 4165 omnis
2521 4101 2913 4182 expertemzut
2935 4125 3070 4165 cum
3092 4109 3272 4165 vitam
3296 4107 3426 4179 ipso
3447 4105 3688 4177 dignam
3704 4101 3801 4157 hic

2141 4199 2344 4273 egerit,
2370 4197 2490 4254 illic
2503 4199 2680 4254 etiam
2703 4197 2873 4254 bonis
2897 4199 2968 4254 ab
2990 4215 3056 4254 eo
3084 4197 3423 4270 praeparatis
3445 4195 3805 4268 perfruatur.

2211 4290 2302 4344 60.
2353 4288 2498 4344 Nam
2563 4287 3039 4344 custodientibns
3088 4287 3343 4344 Sabbata
3390 4300 3523 4340 mea
3572 4282 3809 4355 (rursus

2144 4379 2430 4452 repetam)
2461 4395 2526 4434 ac
2575 4376 2952 4449 eligentibus,
3003 4376 3218 4448 inquit,
3253 4392 3380 4448 quae
3425 4390 3530 4447 ego
3561 4369 3714 4441 volo,
3749 4373 3809 4426 et

2147 4467 2582 4526 adhaerentibus
2613 4471 2965 4523 testamento
3006 4483 3158 4535 meo,
3191 4466 3342 4521 dabo
3376 4464 3436 4520 in
3467 4463 3641 4520 domo
3677 4475 3811 4516 mea

375 4575 461 4628 κῳ
515 4575 619 4628 μου
675 4553 767 4608 καὶ
821 4551 874 4608 ἐν
934 4555 1016 4624 τῷ
1087 4550 1263 4627 τείχει
1325 4571 1429 4624 μου
1484 4552 1652 4606 τόπον
1712 4547 2014 4626 ὅνομαστὸν

2150 4563 2207 4615 et
2234 4557 2295 4612 in
2329 4573 2498 4613 muro
2532 4572 2661 4613 meo
2694 4556 2889 4613 locum
2920 4556 3314 4624 nominatum,
3336 4549 3808 4627 praestantiorem

375 4642 660 4716 κρείττονα
717 4643 854 4698 υἱῶν
911 4642 1000 4697 καὶ
1062 4639 1388 4716 θυγατέρων.
1434 4641 1521 4702 Ὦς
1577 4642 1677 4717 γὸρ
1737 4640 1799 4696 ἃν
1835 4641 1911 4715 μὴ
1945 4640 2037 4698 δο-

377 4737 524 4789 κοῖεν
554 4732 629 4796 ὡς
661 4730 935 4806 ἄσπερμοί
990 4751 1050 4786 τε
1094 4729 1184 4785 καὶ
1235 4729 1426 4806 ἄγονοι
1477 4727 1830 4786 έπονείδιστοι
1880 4733 2037 4803 εἶναι,

380 4822 524 4878 οὕτω
567 4823 687 4896 μὶν,
750 4822 938 4900 φησὶν,
985 4819 1184 4876 οἰκεῖοί
1220 4839 1280 4875 τε
1326 4819 1418 4875 καὶ
1471 4818 1623 4898 φίλοι
1681 4842 1785 4895 μτυ
1829 4815 2041 4878 ἔσονται

379 4912 454 4975 ὡς
486 4911 540 4968 έν
568 4916 652 4986 τῷ
677 4910 815 4984 οἳκῳ
843 4909 934 4966 καὶ
979 4908 1130 4974 ἐντὸς
1168 4914 1268 4966 τοῖ’)
1296 4909 1515 4986 τείχους
1547 4913 1662 4986 (35)
1696 4932 1801 4985 μου
1837 4910 2035 4986 μένειν.

377 5001 654 5073 Τοσαύτης
731 4998 790 5057 δὲ
861 4999 1033 5075 τιμῆς
1096 5001 1226 5076 παρ’
1286 4999 1411 5074 έμοὶ
1468 5002 1820 5074 κριθήσονται
1878 4999 2040 5076 ἄξιοι,

381 5087 456 5155 ὠς
506 5096 680 5147 πᾶσαν
737 5089 1004 5167 εὐγένειαν
1063 5087 1276 5146 παίδων
1329 5091 1406 5164 μὴ
1462 5086 1716 5156 δύνασθαι
1760 5095 1841 5165 τῷ
1887 5091 2043 5166 τόπῳ

376 5183 484 5236 τῶν
537 5178 862 5256 ἀξιωμάτων
909 5181 1090 5238 αὐτῶν
1147 5177 1520 5256 ἁμιλλᾶσθαι.
1579 5181 1748 5238 Δώσω
1796 5183 1898 5260 γὰρ
1949 5182 2045 5239 αὖ·

461 5281 508 5317 “
538 5283 651 5339 Isa.
685 5299 796 5355 ενι,
830 5283 884 5353 4,
915 5283 971 5340 5.

457 5379 571 5524 ξ33)
600 5379 725 5435 Ἢν.
757 5379 1038 5437 Nonnulli
1070 5382 1323 5455 codices,
1350 5381 1438 5452 ἧς.

483 5452 576 5523 34)
635 5449 1152 5524 ’ᾼπεμπωλήσασαν
1212 5453 1313 5522 τὴν
1380 5453 1438 5508 tu

416 5523 428 5536 .
461 5449 576 5524 (34⁷)
635 5449 1152 5536 ᾋπεμπωλήσασαν
1212 5449 1320 5536 τῂν
1371 5449 1628 5536 ﬁcturae.“
1670 5455 1791 5536 Sio__
1821 5455 2056 5536 Colber-

387 5523 763 5598 tin'us_e_odex
793 5539 931 5598 cum
982 5525 1216 5598 duobus
1248 5527 1468 5597 Regiis.
1519 5523 1628 5582 Alii
1665 5527 1919 5598 codices,
1949 5527 2056 5582 ἀπ-

391 5591 928 5669 tpﬁw}1)_0‘¢0’d_‘t’f)_v
989 5597 1206 5667 ἑαυτῆς.
1264 5591 1456 5655 Ed'itio
1515 5591 2056 5669 Parisiensis,'&1t-

394 5665 736 5742 ημπολήσας
761 5666 863 5737 τὴν
884 5665 1101 5731 ἑαυτοῦ.
1124 5665 1288 5730 Unde
1307 5672 1698 5730 Combefisius
1731 5672 1803 5729 de
1823 5665 2056 5731 Christo

2148 4647 2287 4704 ﬁliis
2315 4651 2373 4703 et
2402 4645 2661 4702 ﬁliabus.
2693 4646 2840 4702 Nam
2875 4662 2947 4702 ne
2975 4645 3288 4703 videantur
3323 4647 3388 4698 ut
3419 4638 3720 4698 infecundi
3754 4643 3814 4693 et

2149 4735 2401 4805 steriles,
2427 4737 2486 4794 in
2539 4735 2853 4809 opprobrio
2896 4751 3048 4807 esse,
3081 4734 3184 4802 ita,
3234 4730 3450 4804 inquit,
3487 4727 3812 4786 familiares

2149 4832 2207 4884 et
2264 4825 2437 4882 amici
2508 4825 2625 4882 mei
2685 4829 2876 4897 erunt,
2936 4828 3000 4880 ut
3055 4823 3115 4880 in
3185 4823 3358 4879 domo
3434 4836 3565 4876 mea
3637 4821 3693 4874 et
3749 4816 3811 4872 in

2152 4933 2321 4973 muro
2376 4932 2505 4972 meo
2556 4919 2856 4972 maneant.
2905 4916 3093 4972 Tanto
3147 4916 3345 4970 autem
3391 4909 3612 4966 honore
3660 4905 3818 4979 apud

2152 5022 2247 5062 me
2277 5005 2441 5078 digni
2475 5005 2869 5076 habebuntur,
2907 5008 2972 5060 ut
2999 5002 3162 5060 nulla
3191 5016 3510 5075 puerorum
3542 4997 3821 5056 nobilitas

2152 5112 2290 5152 eum
2325 5111 2526 5152 eorum
2559 5094 2864 5167 dignitatis
2894 5094 3020 5152 loco
3053 5090 3386 5165 comparari
3417 5087 3624 5164 possit.
3657 5085 3818 5143 Dabo

2154 5184 2316 5243 enim
2359 5183 2482 5242 illis
2508 5183 2730 5253 locum,
2761 5183 2980 5258 inquit,
3014 5199 3132 5240 non
3183 5177 3570 5238 habitationis
3600 5176 3820 5246 solum,

2163 5386 2387 5443 dictum
2439 5387 2654 5456 putans
2707 5383 2991 5440 reddebat
3037 5398 3050 5437 :
3100 5381 3213 5436 Sua
3259 5381 3374 5456 ipse
3421 5377 3702 5456 diqendita
3749 5379 3828 5456 li-

2166 5460 2394 5546 tertqte.
2439 5448 2644 5513 'Habet
2700 5456 2881 5513 editio
2950 5458 3194 5520 Veneta,
3253 5448 3668 5524 ἀπεμπωλήσας
3729 5451 3828 5520 τὴν

2165 5529 2596 5730 Ἐντὸς
2655 5601 2753 5654 τοῦ
2819 5600 3071 5674 τείχους.
3139 5593 3420 5652 Nonnulli
3474 5595 3718 5665 codices,
3777 5589 3829 5646 έν

2167 5691 2246 5728 τω
2270 5691 2329 5728 τε
2351 5691 2454 5728 κει.

2167 5691 2246 5728 τω
2270 5691 2454 5728 τεικει.
