4124 6366
332 287 446 351 ’191

1273 291 1672 355 APPENDIX
1718 289 2042 355 OPERUM
2087 291 2155 353 S.
2201 290 2484 354 BASILII
2527 290 2803 354 MAGNI.

3639 295 3761 357 793

333 420 436 476 sed
482 425 538 477 et
582 436 926 492 progressus
973 439 1039 478 ac
1087 421 1413 494 dignitatis,
1459 423 1540 478 ita
1587 427 1653 478 ut
1701 423 1980 479 omnibus

2102 425 2211 482 τοῖς
2263 440 2456 489 τοπον,
2520 420 2704 498 φησὶν,
2763 419 2861 476 οὐκ
2908 420 3180 492 οἰκήσεως
3241 419 3431 495 μόνον,
3483 421 3630 478 ἀλλὰ
3667 428 3759 482 καὶ

334 510 691 582 conspicuus
711 510 844 567 illos
875 511 1086 583 magis,
1113 528 1288 584 quam
1315 511 1635 568 liberorum
1666 513 1983 583 successio,

333 599 640 671 dignitatis
695 600 1009 671 splendore
1056 601 1345 656 nobilitet.
1400 603 1468 657 Et
1517 603 1656 674 quid
1709 602 1984 674 amplius,

333 689 548 761 inquit,
564 691 635 746 de
659 691 919 763 mysticis
937 690 1227 747 eunuchis
1250 692 1432 748 habeo
1455 692 1807 748 dicendum?
1829 693 1986 748 Dabo

333 777 453 833 illis
485 795 696 834 nomen
716 783 1020 851 aeternum,
1044 782 1200 851 quod
1234 779 1378 850 ipsis
1403 779 1556 836 ultra
1577 781 1832 836 ﬁliorum
1851 797 1986 836 suc-

333 867 660 925 cessionem
691 869 971 937 manebit,
1005 886 1109 925 nec
1141 869 1389 925 deﬁciet.
1413 870 1518 925 Hic
1546 871 1702 926 enim
1725 870 1988 944 corporei

333 956 440 1012 ﬁlii
498 961 733 1030 patrum
788 959 1114 1015 subeuntes
1186 975 1422 1030 nomen,
1489 961 1988 1032 quemadmodum

333 1046 680 1103 exstinctam
736 1063 942 1104 eorum
983 1051 1279 1104 senectute
1327 1048 1625 1120 excipiunt
1668 1049 1872 1117 vitam,
1906 1049 1991 1105 ita

331 1134 622 1191 deﬁcienti
653 1144 886 1209 [utrum
918 1137 1294 1194 morientium
1328 1138 1555 1194 nomini
1586 1139 1988 1210 succedentes,

333 1222 478 1279 illud
498 1225 556 1280 in
570 1225 783 1298 seipsis
805 1227 1185 1282 exsuscitant.
1210 1227 1426 1283 Deinde
1446 1227 1645 1293 iidem,
1670 1232 1987 1300 postquam

333 1312 493 1369 brevi
524 1318 786 1386 tempore
808 1316 986 1370 vitam
1008 1331 1360 1387 proavorum
1381 1319 1438 1373 et
1469 1333 1682 1373 nomen
1706 1318 1988 1390 quodam-

333 1403 508 1458 modo
542 1403 962 1475 reparaverint,
983 1408 1180 1462 tamen
1209 1405 1324 1478 ipsi
1354 1423 1587 1478 quoque
1617 1407 1692 1463 ob
1714 1412 1984 1464 naturam

335 1491 644 1548 mortalem
677 1506 920 1565 prorsus
941 1494 1178 1566 sublati,
1203 1512 1516 1568 progressu
1538 1497 1822 1569 temporis
1845 1497 1988 1552 deﬁ-

336 1579 511 1652 cient,
545 1597 730 1653 genus
752 1581 881 1637 sine
903 1582 1139 1639 nomine
1159 1583 1581 1657 relinquentes.
1605 1586 1767 1652 Quod
1791 1591 1987 1641 autem

336 1686 371 1725 a
401 1687 495 1728 me
518 1687 652 1726 cum
675 1671 996 1744 primorum
1021 1671 1282 1729 locorum
1300 1674 1586 1748 dignitate
1606 1675 1780 1732 datur
1797 1691 1986 1730 eunu-

2098 517 2386 584 προκοπῆς
2436 509 2526 564 καὶ
2581 509 2727 582 ἀξίας
2760 551 2776 578 ,
2839 509 2912 572 ὡς
2965 515 3095 566 πᾶσι
3154 506 3524 587 περίϐλεπτον
3586 509 3755 583 ὅντα,

2095 599 2229 674 ὐπὶρ
2303 600 2401 667 τὴν
2477 603 2580 653 τῶν
2659 596 2872 654 παίδων
2942 597 3212 676 διαδοχὴν
3277 600 3474 665 αὐτοὺς
3531 605 3600 677 τῇ
3659 607 3756 658 τοῦ

2096 686 2402 760 ἀξιώματος
2455 685 2696 760 εὐγενείᾳ
2748 685 3045 760 σεμνύνειν.
3112 686 3211 741 Καὶ
3265 686 3319 742 τί
3368 687 3562 758 πλέον,
3595 690 3754 764 φησὶ,

2095 776 2219 851 περὶ
2271 781 2378 830 τῶν
2435 780 2708 849 μυστικῶν
2758 775 3032 852 εὐνούχων
3085 775 3202 851 ἔχω
3256 775 3482 852 λέγειν;
3538 780 3755 852 ’Όνομα

2098 865 2320 920 αἰῶνιον
2353 863 2512 921 δώσω
2561 864 2768 934 αὐτοῖς,
2818 865 2849 920 ὅ
2909 867 3040 941 ὑπὲρ
3099 868 3201 935 τὴν
3260 865 3542 943 διαδοχήν“
3565 868 3752 942 αὐτοῖς

2095 959 2203 1010 τῶν
2251 953 2482 1032 ἐκγόνων
2543 955 2793 1028 ἀρκέσει,
2860 953 2951 1010 καὶ
3009 955 3117 1010 οὐκ
3174 955 3434 1031 ἐκλείψει.
3496 958 3756 1024 Ἐνταῦθα

2101 1045 2196 1118 μὶν
2249 1045 2348 1119 γὰρ
2411 1046 2464 1100 οἱ
2515 1048 2626 1100 τῶν
2683 1045 2951 1118 σωμάτων
2990 1041 3200 1118 παῖδες,
3258 1046 3322 1101 τὸ
3362 1051 3472 1102 τῶν
3503 1045 3752 1123 πατέρων

2099 1129 2464 1207 ὑποδυόμενοι
2531 1130 2745 1208 ὄνομα,
2823 1134 3004 1209 ὥσπερ
3055 1129 3421 1208 σϐεννυμένην
3471 1135 3552 1209 τῷ
3609 1139 3758 1211 γήρᾳ

2094 1227 2302 1280 τούτων
2327 1221 2675 1299 διαδέχονται
2697 1225 2798 1294 τήν
2825 1224 2992 1295 ζωὴν,
3026 1223 3169 1280 οὕτω
3193 1224 3285 1280 καὶ
3313 1225 3376 1280 τὸ
3422 1221 3599 1299 ὄνομα
3643 1231 3757 1283 τῶν

2095 1314 2234 1390 πρὸς
2292 1312 2516 1369 Θάνατον
2567 1314 2881 1391 φερομένων
2911 1313 3160 1387 πατέρων
3193 1312 3446 1370 ἐκλεῖπον
3477 1315 3752 1370 ὓπεισιόν-

2094 1424 2182 1466 τες
2214 1402 2264 1458 ἐν
2298 1402 2482 1465 αὐτοῖς
2516 1390 2912 1478 ζωοπυροῦσιν.
2953 1403 3066 1458 Εἶτ’
3116 1402 3198 1458 ἐπ’
3230 1403 3421 1479 ὀλίγον
3455 1402 3606 1459 οῦτοι
3650 1405 3746 1475 τήν

2094 1513 2154 1548 τε
2187 1493 2331 1562 ζωὴν
2377 1497 2473 1548 τοῦ
2519 1497 2628 1548 τῶν
2679 1491 3042 1569 προπατόρων
3093 1493 3281 1569 γένους
3341 1494 3431 1548 καὶ
3474 1494 3537 1548 τὸ
3578 1489 3753 1566 ὄνομά

2097 1585 2210 1656 (36)
2240 1587 2321 1655 τῷ
2350 1581 2539 1657 τρόπῳ
2581 1581 3089 1658 παραμυθούμενοι,
3141 1581 3297 1655 ὅμως
3328 1581 3430 1638 ὑπό
3477 1590 3577 1653 τῆς
3625 1595 3753 1652 θνη-

2095 1679 2197 1742 τῆς
2248 1671 2457 1750 φύσεως
2507 1669 2954 1751 διαφορούμενοι,
3005 1670 3096 1726 καὶ
3145 1671 3299 1728 αὐτοὶ
3340 1672 3418 1735 εἷς
3448 1673 3509 1728 τὸ
3557 1693 3753 1728 παντε-

335 1757 464 1814 chis
496 1776 709 1816 nomen
741 1776 845 1832 pro
877 1760 1038 1817 omni
1068 1764 1301 1834 generis
1333 1767 1730 1833 successione,
1768 1764 1982 1820 iterum

2102 1759 2214 1831 λὶς,
2270 1761 2558 1838 προϊόντος
2612 1765 2708 1816 τοῦ
2765 1760 2992 1838 χρόνου,
3050 1759 3422 1836 ἐκλείψουσιν,
3469 1761 3754 1835 ἀνώνυμον

332 1847 484 1919 dico,
525 1848 752 1922 jugiter
800 1851 1191 1921 permanebit,
1223 1853 1306 1908 ita
1353 1856 1419 1908 ut
1447 1857 1504 1908 et
1527 1853 1642 1925 ipsi
1688 1857 1746 1910 et
1774 1870 1980 1910 omnes

331 1937 432 2010 qui
489 1954 588 1995 eos
641 1939 943 2012 videbunt,
1001 1956 1071 1997 ex
1110 1946 1320 1998 eventu
1363 1942 1711 2014 dijudicent,
1758 1949 1978 2016 quanto

326 2027 704 2099 praestantius
753 2028 831 2085 sit
873 2028 983 2085 hoc
1033 2046 1247 2087 nomen
1295 2031 1435 2087 ﬁliis
1484 2037 1541 2088 et
1586 2032 1844 2100 ﬁliabus,
1878 2033 1979 2105 qui

324 2132 480 2189 saepe
509 2133 697 2190 genus
741 2135 919 2174 suum
959 2125 1019 2176 et
1064 2120 1454 2192 turpitudinis
1502 2121 1630 2178 loco
1674 2128 1731 2178 et
1759 2122 1982 2196 peccati

324 2207 563 2263 nomine
593 2207 946 2279 probrosum
988 2210 1264 2267 reddunt.
1299 2211 1522 2268 Nomen
1553 2212 1733 2280 enim,
1765 2211 1979 2284 inquit,

323 2311 428 2368 pro
456 2295 741 2369 humano,
786 2296 1215 2354 immortalium
1263 2299 1609 2374 angelorum
1661 2302 1812 2357 dabo
1842 2301 1981 2371 illis,

322 2400 430 2440 nec
461 2385 720 2455 deﬁciet;
769 2387 852 2442 ita
881 2391 947 2443 ut
977 2387 1188 2444 coelum
1234 2392 1291 2445 et
1343 2389 1469 2445 εαξιί
1517 2389 1983 2463 pulcherrimum

323 2471 520 2529 locum
549 2473 802 2532 habeant
845 2478 917 2533 ad
950 2476 1364 2535 habitandum.
1419 2481 1482 2536 In
1529 2478 1980 2552 praclarissimo

325 2566 523 2618 autem
556 2562 685 2618 coeli
715 2563 862 2636 loco,
903 2566 962 2621 id
994 2571 1106 2633 est,
1150 2567 1210 2622 in
1243 2569 1415 2624 domo
1448 2585 1597 2640 mea,
1631 2569 1788 2625 intra
1815 2575 1984 2641 septa

325 2665 456 2708 mea
477 2651 833 2725 habitantes,
850 2672 964 2711 non
978 2656 1104 2728 jam
1129 2655 1321 2712 solum
1340 2657 1680 2730 angelorum
1704 2665 1978 2716 naturam

326 2744 384 2798 et
430 2742 779 2816 dignitatem
839 2745 1229 2805 immortalem
1279 2748 1536 2805 habeant
1578 2749 1836 2822 (semper
1865 2750 1980 2822 ipsi

325 2830 438 2887 sibi
468 2831 589 2889 vice
623 2850 1036 2892 successorum
1077 2837 1134 2892 in
1167 2838 1525 2910 sempiterna
1573 2838 1691 2895 vita
1719 2839 1778 2895 in
1810 2844 1976 2897 mter-

319 2937 463 2977 num
514 2923 921 2994 sufﬁcientes),
962 2927 1064 2982 sed
1112 2931 1170 2982 et
1214 2926 1410 2982 locum
1456 2928 1780 2985 sortiantur
1823 2929 1979 2985 inter

321 3011 563 3083 angelos
592 3012 764 3071 valde
795 3014 1115 3088 insignem,
1149 3019 1206 3072 et
1234 3033 1451 3074 nomen
1482 3023 1723 3091 propter
1752 3018 1975 3075 eximia:

319 3099 554 3158 virtutis
584 3104 958 3174 splendorem
991 3103 1325 3162 indelebile.
1371 3106 1624 3163 Caveant
1655 3112 1875 3177 autem,
1903 3125 1976 3163 ne

324 3191 822 3261 quemadmodum
855 3210 924 3251 ex
974 3193 1315 3250 hominibus
1346 3200 1401 3251 et
1431 3213 1465 3252 a
1497 3202 1650 3253 terra
1677 3197 1736 3252 in
1769 3195 1979 3254 cmlum

331 3282 388 3334 et
420 3278 765 3352 angelorum
815 3283 1164 3354 dignitatem
1217 3286 1629 3358 ascenderunt,
1675 3303 1884 3343 rursus
1915 3285 1990 3342 ab

330 3367 560 3440 angelis
604 3373 662 3426 et
690 3369 834 3427 ccelo
865 3371 925 3427 in
955 3377 1172 3430 terram
1217 3390 1358 3430 casu
1408 3376 1666 3431 maximo
1696 3375 1989 3432 decidant.

327 3455 463 3512 Vidi
516 3458 696 3530 enim,
745 3458 963 3532 inquit,
1024 3478 1159 3518 eum
1207 3463 1306 3536 qui
1355 3463 1673 3536 aliquando
1722 3464 1781 3519 in
1831 3464 1992 3520 caelis

332 3547 707 3620 coruscabat,
742 3553 807 3605 ut
833 3549 1054 3623 fulgur,
1085 3552 1157 3609 de
1206 3552 1349 3609 caelo
1402 3554 1709 3610 cadentem
1732 3553 1796 3608 ³⁸.
1829 3553 1995 3618 Quod

333 3653 468 3692 cum
502 3639 772 3709 audiunt,
824 3641 983 3696 omni
1035 3642 1263 3699 ratione
1293 3647 1497 3700 cautos
1544 3659 1673 3699 esse
1705 3642 1995 3698 convenit.

330 3729 434 3788 His
457 3731 639 3804 igitur
668 3733 837 3807 digni
863 3735 1118 3806 praemiis
1145 3736 1513 3792 invenientur
1532 3737 1591 3790 in
1615 3752 1793 3808 regno
1813 3736 1997 3791 divini

334 3822 666 3879 secundum
689 3828 948 3880 mentem
972 3825 1245 3881 eunuchi.
1266 3825 1468 3898 Neque
1488 3824 1698 3880 iisdem
1722 3826 2005 3882 carebunt

331 3911 430 3983 qui
459 3913 773 3985 tyrannica
795 3931 978 3970 manu
1001 3915 1060 3970 in
1083 3918 1289 3970 tenera
1314 3920 1482 3970 aetate
1512 3914 1797 3972 violenter
1817 3933 2002 3973 eunu-

331 3999 426 4056 chi
475 4001 612 4058 i'acti
661 4008 821 4060 sunt.
876 4003 990 4060 Sed
1020 4004 1082 4058 in
1132 4003 1238 4059 illa
1292 4021 1571 4077 corporea
1621 4007 2000 4065 castratione,

321 4107 462 4164 equis
485 4095 697 4164 praeter
719 4109 922 4151 eorum
942 4093 1310 4149 voluntatem
1336 4093 1484 4166 ipsis
1506 4095 1770 4168 conligit,
1795 4097 2004 4154 volun'

331 4180 484 4238 taria
557 4184 890 4240 secundum
945 4183 1213 4240 animum
1258 4184 1612 4240 castratione
1659 4186 2011 4274 semetipsos

335 4272 741 4344 castraverint,
774 4273 858 4330 ita
901 4278 966 4330 ut
995 4273 1314 4331 sabbatum
1345 4275 1501 4331 674
1533 4278 1714 4346 agant
1743 4275 1815 4332 ab
1846 4272 2006 4332 omni

335 4362 620 4433 nequitia,
653 4363 877 4434 eligant
927 4381 995 4419 ea
1025 4381 1152 4436 quae
1202 4362 1330 4419 vult
1359 4363 1672 4434 Dominus,
1719 4370 1777 4419 et
1807 4366 2001 4422 adhaz-

336 4457 501 4506 reanl
531 4454 884 4509 testamento
907 4455 1327 4510 mandatorum
1353 4453 1503 4524 ejus,
1529 4452 1745 4509 virtute
1778 4471 2007 4527 nequa-

2095 1851 2486 1914 καταλιπόντες
2531 1851 2594 1906 τὸ
2641 1851 2816 1926 γένος.
2868 1852 2945 1909 Τὸ
2978 1850 3049 1906 ’δὲ
3079 1853 3206 1928 παρ’
3236 1850 3372 1924 ἐμοῦ
3406 1852 3543 1925 μετὰ
3571 1850 3667 1907 τοῦ
3698 1850 3751 1907 ἐν

2095 1942 2394 2017 πρωτείοις
2438 1941 2632 2004 τόποις
2686 1945 2802 2002 τοῖς
2869 1939 3155 2016 εὐνούχοις
3212 1937 3498 2016 διδόμενον
3555 1936 3750 2015 ὄνομα,

2096 2038 2209 2094 ἀντὶ
2240 2040 2420 2110 πάσης
2452 2040 2645 2114 γένους
2679 2036 2968 2114 διαδοχῆς,
3000 2037 3167 2094 πάλιν
3202 2037 3309 2116 ἐρῶ
3354 2037 3546 2096 διόλου
3593 2039 3751 2117 ἀρκέ-

2097 2149 2198 2201 σει,
2245 2127 2383 2184 ὥστε
2429 2127 2625 2190 αὐτούς
2670 2129 2843 2183 τεκαὶ
2873 2129 3074 2190 πάντας
3104 2128 3231 2190 τοὺς
3263 2131 3506 2202 ὁρῶντας
3555 2128 3751 2192 αὐτοὺς

2095 2215 2154 2272 ἐκ
2203 2220 2304 2287 τῆς
2358 2212 2629 2280 ἐκϐάσεως
2682 2218 2782 2287 τήν
2846 2212 3158 2293 ὑπερϐολὴν
3215 2219 3615 2296 ἀποφήνασθαι,
3677 2219 3752 2281 ὡς

2092 2312 2336 2380 κρεῖττον
2397 2303 2568 2369 ὅντως
2599 2305 2746 2362 ἔσται
2790 2307 2921 2361 υἱῶν
2980 2307 3072 2362 καὶ
3126 2307 3430 2385 Θυγατέρων
3485 2313 3594 2363 τῶν
3622 2306 3758 2364 πολ-

2095 2395 2252 2458 λάκις
2310 2396 2398 2451 καὶ
2431 2394 2694 2471 ἐπίψογον
2726 2395 2788 2450 τὸ
2846 2395 3002 2471 γένος
3035 2396 3122 2451 καὶ
3162 2395 3318 2470 τόπῳ
3347 2395 3617 2474 αίσχύνης
3662 2396 3756 2452 καὶ

2095 2484 2323 2558 ὀνόματι
2382 2483 2651 2560 ἁμαρτίας
2718 2484 3048 2543 ποιούντων.
3101 2488 3321 2560 ’Όνομα
3378 2486 3501 2564 γὰρ,
3558 2487 3749 2564 φησὶν,

2094 2575 2212 2630 ἀντὶ
2269 2579 2367 2630 τοῦ
2425 2573 2808 2652 ἀνθρωπείου,
2865 2577 2928 2630 τὸ
2983 2579 3091 2631 τῶν
3164 2574 3434 2631 ἀθανάτου
3503 2573 3752 2651 ἀγγέλων

2093 2662 2255 2720 δώσω
2311 2665 2522 2733 αὐτοῖς,
2581 2664 2671 2719 καὶ
2725 2664 2826 2719 οὐκ
2851 2663 3117 2740 ἐκλείψει⁹
3181 2665 3319 2722 ὥστε
3367 2664 3591 2742 οὐρανὸν
3651 2665 3746 2738 μὲν

2089 2755 2180 2809 καὶ
2229 2758 2323 2808 τοῦ
2368 2752 2600 2827 οὐρανοῦ
2644 2752 2708 2806 τὸ
2757 2749 3052 2809 κάλλιστον
3097 2748 3246 2828 ἔχειν
3303 2753 3500 2817 αὐτοὺς
3541 2751 3746 2808 ἐνδιαί-

2086 2864 2258 2916 τημαθ
2320 2841 2408 2898 Ἐν
2467 2838 2524 2894 δὲ
2573 2845 2654 2908 τῷ
2711 2838 2994 2913 καλλίστῳ
3036 2845 3133 2895 τοῦ
3182 2841 3434 2915 οὐρανοῦ,
3467 2839 3739 2894 τουτέστιν

2087 2931 2140 2987 ἐν
2170 2936 2248 3002 τῷ
2275 2929 2411 3002 οἷ’κφ
2441 2933 2519 3001 τῷ
2568 2927 2709 3001 ἐμῷ,
2755 2927 2902 2992 ἐντὸς
2942 2923 3256 3004 περιϐόλων
3288 2929 3568 2991 οἰκοῦντας
3599 2931 3734 3002 (37),

2086 3021 2183 3077 οὐκ
2209 3017 2458 3096 ἀγγέλων
2495 3016 2655 3093 μόνον
2703 3016 2859 3094 φύσιν
2911 3015 3105 3073 λοιπὸν
3147 3017 3237 3072 καὶ
3270 3018 3484 3092 ἀξίωμα
3535 3017 3739 3071 ἀθάνα-

2089 3131 2180 3166 τον
2215 3107 2386 3185 ἔχειν,
2442 3108 2518 3171 ὡς
2579 3105 2720 3181 μηδὲ
2757 3106 2944 3183 χρείαν
3003 3103 3148 3183 ἔχειν
3193 3103 3462 3181 διαδοχῆς
3511 3105 3614 3180 (ἀεὶ
3652 3104 3748 3160 αὐ-

2095 3201 2221 3261 τοὺς
2271 3197 2322 3254 ἐν
2383 3198 2594 3259 ἑαυτοῖς
2651 3196 2702 3252 έν
2763 3197 2975 3268 άειζώῳ
3032 3197 3138 3271 βίῳ
3180 3195 3296 3250 ἀντὶ
3350 3192 3624 3270 διαδόχων
3682 3191 3751 3249 δι’

2099 3289 2296 3350 αἰῶνος
2329 3288 2669 3360 ἀρκοῦντας),
2727 3283 2874 3342 ἀλλὰ
2902 3285 2991 3340 καὶ
3021 3286 3189 3340 τόπον
3221 3279 3369 3360 ἔχειν
3401 3283 3453 3339 ἐν
3491 3289 3610 3346 τοῖς
3660 3282 3755 3358 ἆγ-

2098 3377 2281 3454 γέλοις
2338 3375 2761 3450 ἐπισημότατον,
2812 3373 2904 3430 καί
2952 3371 3129 3448 ὄνομα
3189 3371 3278 3430 διὰ
3304 3376 3403 3444 τὴν
3435 3378 3532 3429 τοῦ
3560 3393 3760 3449 κατορ-

2104 3469 2358 3538 θώματος
2414 3463 2760 3542 περιφάνειαν
2819 3462 3198 3535 ἀνεξάλειπτον
3235 3506 3250 3522 .
3307 3459 3754 3541 Ἀσφαλιζέσθω-

2105 3577 2199 3611 σαν
2248 3553 2306 3610 δὶ
2355 3555 2432 3628 μὴ
2487 3553 2563 3618 ὡς
2610 3552 2660 3624 ἐξ
2693 3555 2994 3630 ἀνθρώπων
3017 3553 3106 3609 καὶ
3137 3557 3242 3628 γῇς
3271 3553 3352 3615 εἷς
3383 3553 3608 3628 οὐρανὸν
3667 3550 3758 3607 καὶ

2104 3642 2354 3722 ἀγγέλων
2406 3642 2553 3714 ἀξίαν
2594 3637 2882 3717 ἀνέϐησαν,
2930 3643 3108 3706 οὕτως
3141 3643 3245 3698 ἀπὸ
3277 3641 3516 3717 ἀγγέλων
3545 3641 3635 3697 καὶ
3668 3640 3761 3696 οὐ-

2110 3739 2273 3814 ρανοῦ
2333 3734 2410 3796 εἷς
2457 3735 2558 3802 τὴν
2599 3740 2702 3807 γῆν
2745 3733 2809 3789 τὸ
2866 3733 3115 3809 μέγιστον
3164 3732 3506 3789 καταπέσωσι
3536 3735 3760 3804 πτῶμα.

2107 3822 2266 3881 Εἶδον
2298 3824 2425 3898 γὰρ,
2457 3821 2612 3900 φησὶ,
2641 3822 2732 3877 τὸν
2763 3820 2814 3876 ἐν
2851 3821 3103 3898 οὐρανοῖς
3149 3842 3282 3877 ποτε
3312 3819 3764 3896 διαστράπτοντα,

2111 3914 2185 3975 ὡς
2215 3911 2491 3984 ἀστραπὴν
2541 3909 2774 3966 πεσόντα
2803 3909 2862 3965 ἐκ
2888 3915 2986 3965 τοῦ
3017 3913 3266 3984 οὐρανοῦ.
3329 3911 3500 3986 Ὅπερ
3533 3909 3764 3964 ἀκούον-

2111 4022 2207 4062 τας
2240 3997 2626 4076 ἀσφαλίζεσθαι
2666 3997 2860 4064 αὐτοὺς
2905 3998 3178 4064 παντοίως
3232 4000 3522 4073 προσήκει.
3564 3995 3768 4055 Τοιούο

2112 4096 2220 4148 τῶν
2259 4091 2352 4164 μὲν
2388 4089 2479 4144 οῦν
2510 4087 2651 4158 ἄξιοι
2701 4110 2874 4165 γερων
2908 4091 3296 4165 εὐρεθήσονται
3321 4087 3374 4143 ἐν
3400 4093 3469 4162 τῇ
3519 4086 3771 4164 βασιλείᾳ

2116 4181 2169 4236 οὶ
2190 4179 2328 4235 κατᾶ
2353 4182 2482 4233 νοῦν
2516 4183 2654 4242 θεῖοι
2701 4177 2978 4253 εὐνούχοι.
3013 4178 3127 4236 Οὐκ
3155 4177 3542 4248 ἁποτεύξονται
3574 4173 3632 4230 δὲ
3659 4179 3772 4230 τῶν

2118 4268 2325 4343 ὁμοίων
2377 4264 2500 4323 οὕτε
2555 4268 2611 4322 οἱ
2661 4271 2956 4342 τυραννικῇ
3016 4266 3165 4343 χειρὶ
3206 4266 3257 4323 ἐν
3316 4263 3546 4340 παιδικῇ
3577 4262 3774 4336 ἡλικίᾳ

2122 4356 2314 4432 βιαίως
2362 4355 2820 4430 εὐνουχισθέντες.
2878 4354 3038 4413 Ἀλλ’
3070 4372 3115 4412 ει
3146 4356 3197 4412 ἐν
3225 4361 3306 4430 τῷ
3362 4358 3475 4429 (38)
3532 4355 3776 4426 ἀκουσίῳ

2117 4454 2218 4517 τῆς
2246 4445 2383 4501 κατᾶ
2413 4451 2573 4518 σῶμα
2601 4441 2885 4520 συμϐάσης
2907 4445 3094 4509 αὐτοῖς
3121 4445 3408 4520 εὐνουχίας
3463 4445 3554 4500 τὸν
3616 4442 3776 4499 ἐκούο

339 4555 517 4610 quam
541 4540 600 4596 in
618 4541 815 4598 animo
842 4541 1166 4614 infecundi,
1186 4543 1382 4598 locum
1413 4541 1718 4598 habebunt
1741 4542 1800 4597 in
1824 4544 1990 4601 domc

2108 4556 2222 4591 σιον
2295 4536 2433 4590 κατά
2501 4539 2624 4594 νοῦν
2699 4535 3066 4611 εὐνουχισμὸν
3148 4533 3372 4597 ἑαυτοὺς
3433 4533 3776 4608 εὐνουχίσω-

337 4630 574 4688 Domini
633 4631 937 4689 meliorem
987 4633 1126 4690 ﬁliis
1177 4638 1236 4690 et
1283 4633 1554 4702 ﬁliabus;
1606 4651 1711 4690 nec
1752 4636 1878 4706 jam
1930 4640 1996 4690 ut

335 4718 564 4793 lignum
595 4721 830 4778 aridum
862 4720 934 4778 ob
965 4723 1162 4780 carnis
1183 4723 1666 4780 infecunditatem
1686 4724 1995 4781 habebun-

337 4817 472 4882 tur;
497 4811 598 4870 sed
617 4815 683 4870 ut
705 4811 959 4870 virentes
980 4811 1472 4884 plantae,justiti:-s
1495 4812 1768 4886 plurimis
1795 4814 1996 4871 fructi-

340 4901 451 4960 bus
484 4904 746 4976 undiquc
775 4902 986 4960 ornati.
1019 4903 1273 4958 Piantaii
1301 4905 1470 4970 enim,
1506 4903 1712 4975 inquit,
1744 4907 1807 4960 in
1834 4906 1998 4963 domo

339 4993 564 5050 Domini
589 4994 947 5061 videbuntur,
982 4994 1044 5048 in
1071 4993 1236 5048 atriis
1266 4992 1462 5050 domu:
1493 4996 1606 5050 Dci
1633 4997 1811 5052 nostri
1836 4997 1998 5067 ﬂore-

345 5081 480 5137 bunt
517 5082 582 5138 '7.
630 5082 757 5138 Non
813 5082 1018 5155 igitur,
1080 5081 1272 5138 dicam
1322 5081 1558 5154 iterum,
1602 5083 1998 5157 virginitatem

343 5168 534 5229 instar
577 5171 726 5245 legis
774 5172 1154 5245 prescripsit,
1197 5172 1299 5228 sed
1351 5171 1533 5229 libero
1582 5189 1713 5230 eam
1759 5173 2001 5232 arbitrio

417 5272 464 5308 ³⁸
494 5271 634 5328 Luc.
665 5289 723 5342 κ,
757 5272 843 5337 18.
922 5272 966 5306 ³⁷
996 5270 1152 5327 Psal.
1186 5287 1299 5341 XCI,
1334 5271 1420 5327 12.

417 5372 530 5445 (36)
563 5370 659 5445 Τῳ
685 5366 896 5445 τρόπῳ.
933 5371 1266 5445 heggndum
1296 5370 1530 5445 videtur
1554 5367 1901 5445 τινὶ-τρόπῳ.

424 5440 880 5516 (37)Q‘zpco§v1:9t<.
915 5440 1037 5498 δῆθ’
1056 5443 1276 5516 Regius
1303 5444 1466 5511 2879,
1499 5447 1556 5516 et
1584 5440 1860 5516 Golb'ert.
1892 5441 2004 5497 Alii

349 5513 484 5576 cum
503 5514 757 5585 editione
770 5514 1008 5583 Veneta,
1029 5513 1325 5577 οἰκοῦντες.
1349 5514 1714 5585 Parisiensis,
1738 5513 1999 5572 οἰκοῦσιν.

421 5587 536 5663 (38)
567 5584 632 5642 Εἰ
659 5583 711 5640 tv
736 5588 837 5658 τῷ.
872 5586 1064 5644 Prima
1093 5587 1334 5663 voculaL
1368 5605 1494 5663 quae
1525 5583 1776 5663 deest’in
1805 5589 2002 5663 editis,

352 5660 672 5734 desumpta
700 5663 789 5715 est
817 5675 887 5714 ex
913 5674 1033 5714 uno
1083 5661 1282 5718 codice
1308 5660 1505 5736 Regio,
1556 5660 1649 5718 cui
1697 5661 1851 5722 favet
1878 5660 2004 5720 haec

2106 4647 2187 4681 σιν
2243 4626 2378 4699 (39),
2435 4625 2510 4686 ὡς
2562 4619 2905 4694 σαϐϐατίζειν
2988 4625 3082 4698 μέν
3136 4624 3273 4698 πρὸς
3321 4628 3494 4678 πᾶσαν
3553 4622 3772 4695 κακίαν,

2108 4723 2418 4801 ἐκλέγεσθαι
2479 4720 2537 4778 δὲ
2596 4722 2630 4777 ἃ
2679 4721 2824 4787 θέλει
2851 4722 3129 4800 ὁΚύριος,
3173 4721 3264 4778 καὶ
3321 4721 3638 4797 ἀντέχεσθαι
3667 4723 3772 4790 τῆς

2109 4811 2377 4886 διαθήκης
2409 4818 2516 4869 τῶν
2549 4811 2782 4868 ἐντολῶν
2826 4813 3017 4885 αὐτοῦ,
3076 4811 3174 4868 οὐκ
3203 4813 3314 4886 (40)
3356 4808 3543 4887 ἄγονοι
3573 4813 3776 4887 ἀρετῆς

2106 4903 2243 4961 κατά
2293 4904 2477 4978 ψυχὴν
2533 4901 2865 4978 εὐρεθέντες,
2919 4903 3087 4958 τόπον
3136 4898 3343 4972 ἕξουσιν
3390 4899 3442 4956 ἐν
3501 4905 3582 4973 τῷ
3635 4897 3776 4973 οἴκῳ

2105 4998 2204 5051 τοῦ
2261 4993 2462 5070 Κυρίου
2517 4991 2802 5069 κρείττονα
2862 4991 2994 5046 υἱῶν
3051 4991 3144 5046 καὶ
3202 4989 3538 5067 θυγατέρων·
3590 4988 3775 5046 οὐκέτι

2115 5086 2208 5158 μὶν
2259 5083 2334 5147 ὡς
2376 5081 2536 5154 ξύλον
2593 5083 2784 5157 ζηρὸν,
2845 5079 2936 5138 διὰ
2980 5082 3082 5149 τὴν
3108 5080 3245 5136 κατά
3268 5081 3440 5153 σάρκα
3499 5075 3777 5151 ἀπαιδίαν,

2111 5173 2425 5248 ὁρώμενοι,
2485 5173 2563 5236 ὡς
2621 5168 2680 5228 δὲ
2736 5169 2942 5242 εὐθαλῆ
3015 5169 3156 5249 φυτὰ
3210 5167 3448 5233 πολλοῖς
3502 5173 3622 5232 τοῖς
3674 5174 3782 5239 τῆς

2113 5372 2363 5447 aliorum
2397 5373 2712 5447 scriptura,
2745 5372 2834 5428 ἐὰν
2859 5375 2963 5447 τῷ.

2187 5446 2297 5536 (3Q)
2355 5441 2786 5520 Ecvou'xtcwew.
2842 5441 3116 5516 Quinque
3169 5461 3312 5502 mss.
3374 5445 3627 5516 codices,
3680 5441 3781 5500 εὐ-

2111 5537 2207 5572 νου
2259 5537 2476 5576 ισουσιν.

2114 5661 2118 5662 ί
2183 5536 2296 5662 (ἔο)
2325 5591 2461 5648 Οὐκ.

2240 5584 2296 5661 ὒ)
2325 5591 2461 5648 Οὐκ.
2510 5589 2701 5646 Editio
2741 5589 3094 5647 Parisiensis
3141 5589 3472 5662 praemittit,
3502 5584 3614 5660 καί,
3663 5588 3777 5646 sed

2111 5661 2231 5722 haec
2261 5663 2600 5737 conjunctio
2630 5663 2797 5721 deest
2824 5662 2885 5720 in
2917 5661 3230 5722 Vsnetaiet
3257 5679 3406 5720 mss.
