4124 6410
349 349 469 410 793

1574 351 1808 415 ΙῙΒΕΒ.
1847 353 1950 414 DE
1993 351 2535 417 VIRGINITATE.

3658 353 3779 414 ’⁵194

351 476 697 550 δικαιοσύνης
725 483 957 554 καρποῖς
1005 478 1346 554 πανταχόθεν
1394 480 1787 554 κοσμούμενοι.
1821 487 1994 560 Πεφυ-

2117 482 2478 554 relinquens,
2503 498 2618 554 quo
2639 482 2802 555 digni
2827 483 2949 539 sint
2979 480 3215 554 praemio
3239 480 3341 552 qui
3371 484 3644 539 naturam
3676 501 3777 540 su-

349 567 601 641 τευμένοι
660 569 787 644 γὰρ,
825 568 1012 646 φησὶν,
1072 567 1124 623 ἐν
1170 573 1250 642 τῷ
1307 567 1441 642 ο⁹ίκῳ
1500 569 1703 646 Κυρίου
1762 570 2003 649 ὀφθήσον

2114 571 2468 644 peraverint,
2483 571 2740 644 mysticae
2758 572 3131 628 castrationis
3154 569 3418 642 exemplo
3435 571 3775 628 declaravit.

349 678 462 726 ται,
493 656 545 712 ἐν
577 663 698 721 ταῖς
727 655 921 720 αὐλαῖς
960 662 1056 713 τοῦ
1111 663 1244 713 Θεοῦ
1289 660 1450 732 ἡμῶν
1502 658 1904 732 ἐξανθήσουσιν.
1935 661 2170 719 Οὐκοῦν.
2203 659 2369 715 πάλιν
2431 659 2559 734 ἐρῶ,
2593 659 2691 714 οὐκ
2741 658 3104 734 ἐνομοθέτησε
3160 659 3470 735 παρθενίαν,
3506 657 3652 716 ἀλλὰ
3706 664 3776 734 τῇ

354 747 566 822 ἐξουσίᾳ
597 749 773 827 ἀφεὶς,
797 750 943 813 τίνος
973 748 1111 821 ἄξιοί
1142 750 1272 806 εἰσιν
1309 753 1360 805 οἱ
1391 752 1901 825 ὑπερακοντίσαντες
1930 755 2032 822 τὴν
2063 753 2244 830 φύσιν,
2271 756 2350 822 τῷ
2380 751 2569 825 τρόπῳ
2596 758 2696 820 τῆς
2729 759 2992 824 μυστικῆς
3026 750 3310 825 εὐνουχίας
3343 747 3635 822 ὑπέδειξεν.

423 842 513 897 61.
547 837 730 908 Οἳκδὲ
785 844 861 914 μή
917 843 1206 912 νοήσαντες
1261 842 1346 911 τὸ,
1403 842 1499 897 Καὶ
1558 843 1690 898 εἶσιν
1747 843 1999 918 εὐνοῦχοι

355 924 552 992 οτίτινες
634 928 857 991 ἑαυτοὺς
957 929 1274 1006 εὐνούχισαν
1361 928 1452 985 διὰ
1533 933 1634 1001 τὴν
1721 930 1998 1008 βασιλείαν

351 1023 461 1072 τῶν
523 1017 786 1094 οὐρανῶν,
828 1018 1052 1082 ἑαυτοὺς
1101 1015 1318 1082 ἀτόπως
1369 1019 1814 1096 ἠκρωτηρίασαν,
1866 1021 2012 1094 αὐτῷ

353 1111 433 1178 τῷ
458 1105 600 1183 ἔργῳ
631 1106 924 1163 ἀκολασίαν
975 1109 1177 1164 ἑαυτῶν
1239 1110 1502 1186 μακρόθεν
1553 1115 2011 1187 κατηγοροῦντες.

357 1197 424 1255 Οἱ
451 1197 552 1274 γὰρ
581 1197 644 1252 τὸ
675 1195 847 1253 ὅπλον
875 1203 974 1253 τοῦ
1007 1203 1265 1272 σαρκικοῦ
1322 1198 1524 1276 ἔρωτος
1573 1198 1668 1256 ’ίνα
1710 1202 1785 1274 μὴ
1836 1201 2008 1276 παρὸν

354 1285 542 1362 ἐνεργῇ
587 1286 1004 1363 ἀπορρίψαντες,
1063 1286 1230 1359 δῆλοί
1279 1289 1436 1362 εἰσιν,
1482 1288 1565 1346 ὅτι
1630 1291 1844 1366 ὁρμῶσι
1915 1291 2006 1363 μὲν

352 1376 489 1448 πρὸς
517 1377 617 1446 τήν
655 1376 823 1449 μίξιν,
855 1375 1254 1456 ἀφοπλίσαντες
1307 1377 1365 1434 δὲ
1413 1379 1657 1450 ἑαυτοὺς,
1691 1380 1756 1434 οὐ
1802 1384 1882 1452 τῷ
1931 1381 2008 1453 μή

357 1463 672 1540 βούλεσθαι,
719 1465 866 1522 ἀλλά
911 1472 991 1540 τῷ
1045 1470 1121 1542 μή
1167 1466 1422 1523 δύνασθαι
1455 1467 1522 1539 δὴ
1571 1468 2010 1545 παρθενεύουσιν.

351 1555 410 1608 Ὀ
459 1551 518 1610 δὲ
565 1557 708 1618 θεῖος
748 1556 921 1630 νόμος
961 1556 1022 1612 οὐ
1071 1560 1170 1627 τὴν
1212 1559 1429 1633 πρᾶξιν,
1461 1556 1610 1614 ἁλλά
1651 1561 1749 1628 τὴν
1805 1557 2006 1614 ἔννοιαν

351 1643 542 1718 κρίνειο
574 1642 658 1698 ὅτι
707 1648 834 1712 πᾶς,
889 1643 996 1720 οὐχ
1053 1646 1080 1700 6
1141 1646 1443 1721 μοιχεύσας
1491 1651 1571 1719 τῷ
1629 1643 1792 1722 ἔργῳ,
1823 1647 1952 1703 ἀλλ’
1981 1650 2009 1702 ὁ

357 1730 490 1787 ἰδὼν
537 1733 676 1808 πρὸς
734 1737 797 1788 τὸ
855 1732 1214 1810 ἐπιθυμῆσαι,
1269 1732 1378 1807 ἤδη
1440 1735 1783 1812 ἐμοίχευσεν.
1840 1738 1904 1794 Ἥ
1954 1735 2011 1792 δὲ

355 1822 610 1890 ἀποκοπή
669 1827 778 1878 τῶν
834 1823 1042 1899 μορίων
1100 1824 1331 1880 πλείονα
1385 1829 1487 1890 τῆς
1536 1826 1588 1880 ἰν
1626 1830 1706 1898 τῷ
1737 1825 2011 1904 ὀφθαλμῷ

355 1909 646 1984 έπιθυμίας
693 1913 793 1981 τὴν
850 1913 1101 1988 μοιχείαν
1141 1918 1237 1968 τοῦ
1285 1914 1730 1988 ἀποτεμνομένου
1773 1937 2008 1992 κατηγο-

2181 844 2271 898 61.
2305 842 2413 907 Qui
2445 848 2643 898 autem
2693 860 2808 898 non
2857 842 3274 898 intellexerunt
3307 842 3451 897 illud
3489 859 3501 898 :
3537 845 3612 898 Et
3648 856 3780 908 sunt

2118 931 2358 987 eunuchi
2386 933 2486 1004 qui
2512 933 2717 1002 seipse:
2745 934 3123 988 castraverunt
3149 939 3380 1003 propter
3407 948 3650 1005 regnum
3676 947 3783 987 cae-

2121 1023 2303 1077 lorum
2317 1022 2381 1093 37,
2403 1021 3030 1093 sometipsosoabsurde
3051 1022 3504 1087 mutilaverunt,
3523 1022 3634 1078 hoc
3653 1021 3783 1094 ipso

2120 1109 2376 1166 facinore
2426 1109 2723 1166 lasciviam
2755 1127 2924 1165 suam
2957 1110 3190 1166 eminus
3238 1110 3600 1167 incusantes.
3634 1109 3781 1166 Nam

2120 1200 2224 1271 qui
2270 1199 2730 1256 instrumentum
2763 1199 2983 1255 amoris
3015 1199 3269 1255 carnalis
3323 1199 3660 1271 projiciunt,
3687 1215 3780 1264 ne,

2120 1289 2170 1344 si
2212 1289 2387 1358 adsit,
2418 1293 2715 1362 Operetur,
2748 1305 2846 1344 eos
2896 1289 3276 1345 manifestum
3324 1293 3415 1345 est
3460 1289 3783 1361 cupiditate

2121 1378 2359 1450 quidem
2392 1380 2463 1434 ad
2508 1379 2888 1434 concubitum
2922 1377 3081 1447 ferri,
3113 1377 3390 1434 detractis
3440 1386 3636 1434 autem
3669 1377 3782 1434 sibi

2121 1469 2325 1536 armis,
2373 1484 2490 1522 non
2538 1469 2694 1539 quod
2747 1467 2961 1535 nolint,
3005 1467 3108 1522 sed
3159 1467 3315 1537 quod
3366 1483 3483 1523 non
3530 1466 3782 1539 possint,

2119 1557 2518 1629 virginitatem
2544 1557 2751 1614 colere.
2778 1556 2978 1612 Divina
2996 1560 3194 1611 autem
3216 1555 3308 1610 lex
3331 1573 3446 1611 non
3470 1556 3784 1625 actionem,

2121 1648 2223 1703 sed
2256 1646 2669 1720 cogitationem
2695 1647 2956 1718 judicat;
2991 1645 3132 1717 quia
3161 1645 3435 1716 quisquis
3476 1661 3591 1700 non
3631 1645 3782 1700 facto

2121 1735 2440 1793 mcechatus
2480 1741 2590 1803 est,
2624 1738 2726 1792 sed
2755 1735 2902 1790 vidit
2945 1736 3017 1791 ad
3063 1735 3626 1806 concupiscendum,
3651 1733 3780 1805 jam

2120 1824 2449 1881 moechatus
2507 1825 2677 1881 est”.
2712 1825 3110 1880 Membrorum
3171 1829 3370 1880 autem
3429 1823 3779 1895 genitalium

2119 1915 2394 1980 exsectio,
2417 1914 2704 1987 gravioris
2729 1913 3028 1978 adulterii,
3050 1929 3226 1984 quam
3260 1913 3415 1985 quod
3448 1929 3552 1984 per
3581 1912 3774 1968 oculo-

356 2005 460 2074 ρεῖ.
507 2002 631 2058 ’Ὀτι
684 2001 924 2056 ἀπιστῶν
975 2003 1170 2074 ἑαυτῷ,
1221 2003 1267 2058 εἰ
1310 2009 1412 2073 τῆς
1467 2003 1758 2066 ἀκολασίας
1808 2007 2004 2080 κρατή-

2120 2021 2253 2060 rum
2285 2003 2828 2076 concupiscentiam
2859 2002 3529 2073 admittitur,exsectum
3562 2002 3778 2074 arguit.

354 2109 456 2158 σει,
516 2087 750 2163 ἀπέτεμε
802 2095 963 2145 τοῦτο
1025 2090 1069 2164 ᾦ
1126 2093 1226 2160 τὴν
1291 2099 1392 2162 τῆς
1469 2093 1756 2166 ἐπιθυμίας
1814 2096 2006 2169 πρᾶξιν

353 2177 652 2254 ἐργάσεται.
688 2177 919 2236 Μᾶλλον
955 2177 1012 2235 δὲ
1059 2181 1438 2255 πεπεισμένος,
1473 2181 1555 2260 ὅτι
1597 2183 1865 2257 παρόντος
1895 2186 2007 2257 (41)

353 2267 601 2342 ἀκρατῶς
631 2266 931 2344 ἐνεργήσει,
963 2269 1250 2347 ἀφώπλισε
1283 2271 1378 2343 μὲν
1424 2271 1493 2346 τῇ
1533 2272 1681 2347 τομῇ
1726 2279 1829 2343 τῆς
1877 2274 2005 2328 ἀκο-

353 2352 543 2420 λασίας
590 2357 652 2411 τὸ
707 2352 956 2434 ὄργανον,
999 2357 1090 2414 τίνα
1144 2361 1220 2434 μή
1284 2358 1418 2426 δοκῇ
1465 2361 1870 2418 ἀκολασταίνειν
1918 2361 2008 2418 διά

348 2449 446 2500 τοῦ
504 2447 782 2520 σώματος,
833 2447 1216 2505 ἀκολασταίνει
1277 2448 1334 2506 δὲ
1392 2449 1546 2524 ὅμως
1603 2455 1671 2525 τῇ
1721 2449 2000 2524 ἐπιθυμίᾳ,

349 2533 438 2589 καὶ
471 2535 721 2610 ἀκρατῶς
752 2541 924 2592 πᾶσαν
976 2538 1248 2613 μοιχεύει.
1282 2544 1390 2610 Βοᾷ
1435 2540 1536 2616 γὰρ
1587 2540 1678 2596 καὶ
1727 2542 1864 2596 κατά
1901 2548 2006 2610 τῆς

347 2621 607 2696 ἀκρασίας
656 2624 824 2678 αὐτοῦ
907 2625 1189 2701 πόρῥωθεν
1238 2627 1301 2682 τὸ
1355 2626 1684 2704 ἐγχείρημα.
1727 2630 1821 2684 Διὸ
1872 2629 2008 2703 μετὰ

349 2711 450 2778 τήν
481 2712 661 2784 τομὴν
694 2710 1162 2791 ἀκολαστοτέρους
1192 2713 1251 2770 ἄν
1283 2738 1368 2780 τις
1415 2715 1562 2772 εἷ’ποι
1593 2717 1831 2792 γίνεσθαι
1877 2718 2005 2773 τού-

348 2818 498 2861 τους.
529 2801 607 2858 Οὐ
640 2797 928 2876 δυνάμενοι
975 2804 1078 2880 γάρ
1123 2810 1337 2878 κρατεῖν
1387 2807 1610 2874 ἑαυτῶν,
1645 2807 1758 2863 εἶτα
1811 2804 2005 2884 φοϐού-

354 2908 509 2960 μενοι
561 2892 880 2966 φωραθῆναι
937 2891 1026 2947 ἐπὶ
1081 2898 1162 2966 τῷ
1219 2892 1386 2970 ἔργῳ,
1407 2893 1496 2950 τίνιπι
1547 2895 1638 2970 ἐξῇ
1689 2897 1875 2962 αὐτοῖς
1931 2899 2004 2961 ὡς

353 2974 645 3051 βούλονται
692 2983 761 3054 τῇ
807 2977 1073 3056 ἐπιθυμίᾳ
1118 2991 1444 3059 κεχρῆσθαι,
1476 2982 1666 3042 δοῦλοι
1717 2983 1864 3049 ὄντες
1903 2994 2004 3058 τῆς

350 3063 580 3139 ἡδονῆς,
633 3068 695 3122 οὐ
747 3068 997 3133 θέλοντες
1067 3069 1124 3127 δὲ
1165 3071 1402 3146 κώλυμα
1455 3081 1557 3144 τῆς
1606 3074 1683 3137 εἷς
1733 3076 1856 3146 ἑξῆς
1911 3077 2003 3131 καὶ

351 3154 432 3210 ἀεὶ
466 3153 825 3221 ἀπολαύσεως
856 3159 1040 3222 αὐτοῖς
1068 3161 1130 3215 τὸ
1181 3159 1528 3236 ἀποτέλεσμα
1571 3167 1668 3218 τοῦ
1717 3162 1874 3240 ἔργνυ
1918 3185 2005 3240 γε-

351 3244 556 3314 νέσθαι,
589 3245 967 3321 ἀποκόψαντες
993 3249 1086 3304 τὸν
1121 3247 1350 3325 ἔλεγχον
1384 3258 1483 3320 τῆς
1533 3249 1822 3326 ἐνεργείας,
1856 3251 2005 3308 ἐλευ-
2035 3252 2046 3266 ﬁ

351 3333 689 3409 θεριάζουσιν
732 3337 978 3409 ἀκρατῶς
1009 3338 1146 3413 πρὸς
1188 3339 1285 3401 τάς
1335 3339 1531 3411 μίξεις.
1566 3345 1628 3395 Et
1678 3338 1734 3395 δὲ
1783 3342 1810 3395 6
1851 3340 2003 3420 ξίφος

349 3421 655 3499 ἐπενεγκὼν
723 3430 1180 3503 τεθωρακισμένῳ
1251 3428 1381 3502 τινὶ,
1434 3429 1530 3484 κᾶν
1580 3431 1608 3485 ὁ
1657 3430 1832 3504 θώραξ
1889 3452 2000 3486 κω-

351 3510 490 3587 λύσῃ
517 3516 617 3585 τήν
651 3535 708 3570 τε
741 3514 967 3592 πληγὴν
1000 3517 1091 3572 καὶ
1136 3517 1230 3573 τὸν
1275 3517 1434 3596 φόνον
1474 3518 1738 3594 γενέσθαι,
1772 3520 1847 3584 ὠς
1894 3542 2000 3600 φο-

347 3603 469 3664 νεὺς
524 3603 677 3677 ὅμως
735 3606 833 3675 τήν
894 3603 1049 3678 δίκην
1100 3607 1422 3685 ὑφίσταταιο
1473 3607 1564 3663 καί
1620 3610 1647 3664 6
1697 3615 1892 3686 γυμνῷ
1943 3607 2000 3666 δὲ

348 3691 652 3767 ἐπενεγκεῖν
711 3691 886 3756 θέλων
929 3696 994 3750 τὸ
1033 3695 1206 3773 ξίφος,
1255 3697 1370 3752 εἶτα
1427 3694 1516 3752 διὰ
1579 3700 1890 3775 περίστασιν
1936 3701 1999 3756 τὸ

348 3780 502 3858 ξίφος
547 3788 649 3848 τῆς
700 3783 888 3856 χειρὸς
942 3779 1215 3855 ἐκϐαλὼν,
1265 3786 1338 3848 ὡς
1376 3786 1569 3866 φονεὺς
1615 3788 1752 3844 κατά
1795 3789 1858 3845 τὸ
1923 3787 2002 3845 δί-

346 3868 502 3923 καίον
549 3867 812 3942 κρίνεται,
844 3869 926 3925 ὅτι
969 3873 1034 3927 οὐ
1081 3873 1146 3927 τὸ
1193 3871 1348 3948 ἔργον
1401 3875 1547 3931 ἀλλά
1591 3877 1692 3946 τὴν
1736 3878 2000 3954 βούλήσιν

347 3957 517 4034 κρίνει
550 3959 578 4013 ὁ
606 3957 798 4032 νόμος·
830 3961 919 4015 καὶ
972 3961 1000 4016 6
1039 3961 1391 4034 ὡπλισμένος
1429 3962 1532 4038 ἄρα
1581 3970 1660 4037 τῷ
1687 3964 1998 4042 παιδογόνῳ

353 4046 551 4122 μορίῳ,
585 4046 681 4102 κᾶν
719 4049 794 4121 μή
830 4047 1034 4125 δυνηθῇ
1068 4053 1178 4124 (42)
1217 4050 1546 4128 ἐγχειρήσας
1592 4056 1691 4124 τήν
1722 4059 1791 4130 τῇ
1821 4056 1998 4112 πίστει

346 4135 824 4223 τεθωρακισμένην
883 4138 958 4201 ὡς
1015 4138 1269 4214 βούλεται
1334 4147 1572 4220 φθεῖραι,
1631 4143 1705 4206 ὡς
1778 4143 1998 4223 φθείρας

348 4221 630 4287 κολάσεως
688 4222 834 4298 ἄξιος
865 4244 877 4260 ·
925 4225 1107 4302 ὥσπερ
1167 4227 1258 4283 οὗν
1317 4231 1406 4286 καὶ
1477 4232 1506 4286 ὁ
1569 4221 1800 4307 γυμνήν-
1830 4234 2002 4309 εὑρὼν

347 4314 488 4390 πρὸς
513 4315 735 4392 φθορὰν,
770 4316 882 4371 εἶτα
910 4317 1160 4392 ὁρμήσας
1216 4319 1311 4391 μὶν
1343 4320 1482 4396 πρὸς
1509 4322 1572 4376 τὸ
1621 4317 1806 4398 ἔργον,
1837 4317 2000 4379 ἐκϐα-

351 4401 464 4459 λὼν
495 4401 552 4459 δὲ
580 4407 650 4479 τῇ
677 4409 826 4480 τομῇ
856 4406 920 4461 τὸ
960 4404 1159 4478 ὅπλον,
1189 4409 1280 4464 καὶ
1317 4411 1393 4483 μὴ
1424 4412 1726 4486 γενομένης
1755 4414 1872 4488 (43)
1900 4417 2000 4480 τῆς

351 4494 576 4570 φθορᾶς,
609 4493 685 4556 ὡς
728 4495 828 4564 τὴν
877 4495 1078 4573 φθορὰν
1114 4493 1480 4575 ἐργασάμενος
1522 4500 1658 4557 κατά
1700 4502 1762 4558 τὸ
1794 4499 1999 4559 δίκαιον

349 4581 608 4657 κρίνεται.
644 4584 732 4640 Ἐν
765 4583 811 4656 ᾧ
843 4581 1041 4641 λοιπὸν
1069 4587 1290 4660 κάκείνη
1321 4589 1503 4663 τούτῳ
1545 4589 1634 4646 ἐπὶ
1681 4595 1750 4666 τῇ
1796 4591 2004 4648 ἀκολα-

347 4670 438 4744 σίᾳ
485 4671 585 4728 οὐκ
632 4671 852 4750 ἀλόγως
897 4678 1458 4754 συγκατηγορουμένη
1501 4680 1829 4756 εὑρίσκεται.
1880 4686 2004 4745 Πῶς

2115 2093 2262 2148 Nam
2295 2093 2526 2166 sibiipsi
2546 2093 2846 2163 diffidens,
2875 2110 2947 2148 an
2980 2092 3170 2162 possit
3198 2091 3498 2147 lasciviam
3523 2091 3777 2159 vincere,

2117 2182 2173 2236 id
2198 2182 2600 2254 abscidit,quo
2623 2181 3002 2254 cupiditatem
3029 2181 3100 2237 ad
3125 2185 3323 2236 actum
3347 2183 3505 2236 esset
3525 2181 3779 2251 perduc-

2115 2275 2308 2328 turus.
2341 2271 2441 2327 Vel
2497 2272 2693 2343 potius
2743 2288 2878 2326 cum
2929 2286 3280 2342 persuasum
3333 2269 3576 2324 haberet
3607 2284 3670 2324 se
3709 2285 3776 2324 eo

2112 2366 2400 2432 praesente
2429 2360 2726 2433 impudice
2756 2359 2979 2431 aliquid
3002 2360 3318 2425 facturum,
3342 2357 3588 2414 sustulit
3610 2373 3774 2413 exse-

2114 2450 2307 2507 ctione
2326 2451 2790 2506 instrumentum
2823 2448 3093 2516 lasciviae,
3115 2464 3188 2503 ne
3203 2448 3500 2504 videretur
3520 2462 3624 2518 per
3644 2463 3771 2503 cor-

2113 2556 2228 2612 pus
2265 2540 2550 2608 lascivire,
2575 2541 2675 2595 sed
2725 2544 2922 2594 tamen
2970 2537 3304 2594 luxuriatur
3332 2535 3656 2607 cupiditate
3701 2553 3769 2592 ac

2113 2629 2468 2701 impotenter
2515 2645 2648 2684 cum
2690 2627 2952 2699 qualibet
3001 2626 3344 2682 mmchatur.
3376 2625 3523 2680 Nam
3567 2625 3765 2697 ipsum

2115 2718 2344 2774 facinus
2373 2717 2608 2774 eminus
2637 2716 2853 2773 clamat
2901 2716 3183 2772 adversus
3213 2716 3339 2786 ejus
3367 2714 3767 2786 intemperan-

2112 2807 2277 2864 tiam.
2329 2809 2518 2874 Quare
2567 2811 2701 2878 post
2747 2805 3196 2872 abscissionem,
3245 2803 3770 2860 incontinentiores

2113 2896 2247 2952 illos
2280 2897 2488 2952 merito
2511 2895 2645 2968 quis
2667 2895 2897 2951 dixerit.
2915 2894 3062 2951 Nam
3083 2910 3214 2948 cum
3242 2910 3303 2948 se
3326 2892 3627 2948 continere
3652 2908 3766 2946 non

2112 2986 2364 3058 possint,
2387 3001 2452 3042 ac
2476 2989 2752 3057 praeterea
2775 2986 3052 3039 metuant'
3070 2999 3140 3038 ne
3171 2981 3686 3053 deprehendantur
3707 2978 3768 3033 in

2112 3074 2358 3146 ﬂagitio,
2380 3078 2444 3129 ut
2471 3072 2768 3130 licentiam
2799 3071 3053 3127 habeant
3079 3070 3324 3126 libidine
3349 3070 3420 3126 ad
3453 3069 3765 3124 arbitrium

2113 3163 2347 3231 utendi;
2381 3165 2535 3218 servi
2564 3161 2800 3233 quidem
2831 3159 3169 3232 voluptatis,
3200 3160 3302 3216 sed
3343 3157 3608 3214 nolentes
3639 3173 3766 3230 per-

2113 3251 2422 3308 fectionem
2454 3250 2649 3324 operis
2696 3249 3188 3321 impedimentum
3219 3248 3334 3304 sibi
3377 3264 3506 3304 esse
3555 3247 3769 3303 futurae

2113 3341 2391 3412 deinceps
2417 3358 2485 3397 ac
2527 3345 2820 3412 perpetuae
2851 3338 3193 3410 voluptatis,
3211 3338 3476 3394 abscisso
3522 3336 3770 3392 actionis

2115 3429 2746 3503 argumento,licenter
2767 3427 3079 3484 insaniunt
3108 3428 3180 3483 ad
3212 3427 3581 3483 concubitus.
3605 3426 3768 3492 Quod

2112 3520 2161 3575 si
2215 3520 2316 3592 qui
2376 3519 2571 3592 gladio
2630 3518 2776 3591 petit
2830 3516 3090 3589 aliquem
3147 3517 3386 3572 thorace
3443 3515 3766 3581 munitum,

2109 3609 2342 3665 etiamsi
2372 3609 2582 3664 thorax
2618 3606 2900 3678 impediat
2945 3606 3126 3662 ictum
3160 3622 3226 3662 ac
3256 3605 3494 3676 caedem,
3525 3603 3766 3661 homici-

2109 3700 2195 3755 dae
2225 3703 2424 3756 tamen
2472 3699 2694 3754 crimen
2727 3696 2982 3753 sustinet
3013 3713 3026 3752 :
3059 3701 3117 3752 et
3145 3696 3244 3766 qui
3295 3695 3454 3750 nudo
3505 3693 3766 3766 gladium

2106 3789 2231 3846 vult
2262 3789 2523 3860 infigere,
2546 3787 2758 3842 deinde
2789 3802 2927 3842 casu
2957 3784 3219 3858 gladium
3254 3800 3283 3840 e
3315 3800 3498 3841 manu
3527 3783 3768 3851 excutit,

2107 3883 2175 3935 ut
2205 3878 2502 3934 homicida
2544 3875 2752 3933 merito
2795 3874 3123 3946 judicatur,
3145 3873 3284 3946 quia
3317 3891 3433 3930 non
3466 3889 3636 3945 opus,
3667 3871 3769 3928 sed

2105 3967 2468 4024 voluntatem
2499 3965 2592 4021 lex
2611 3966 2881 4038 judicat:
2914 3965 2999 4021 sic
3029 3963 3204 4020 etiam
3241 3963 3524 4035 profecto,
3547 3961 3649 4034 qui
3681 3977 3772 4016 ar-

2107 4061 2304 4111 matus
2333 4054 2574 4128 genitali
2604 4054 2890 4123 membro,
2909 4053 3136 4109 etiamsi
3163 4054 3410 4109 adortus
3431 4051 3567 4108 ﬁdei
3594 4050 3774 4107 lorica

2107 4149 2814 4216 armatam,corrumpere
2843 4142 3007 4198 illam
3041 4144 3112 4199 ad
3142 4142 3453 4198 arbitrium
3487 4158 3603 4196 non
3635 4156 3771 4213 pos-

2110 4234 2212 4303 sit,
2235 4239 2300 4289 ut
2328 4238 2636 4304 corruptor
2673 4233 2882 4289 merito
2914 4232 3186 4304 punitur;
3221 4237 3279 4287 ct
3309 4231 3409 4302 qui
3443 4231 3664 4286 nudam
3696 4230 3776 4286 ad-

2111 4328 2381 4395 stuprum
2402 4320 2645 4390 invenit,
2668 4339 2734 4378 ac
2762 4321 2974 4378 deinde
2995 4323 3068 4377 ad
3101 4337 3250 4392 opus
3281 4319 3644 4391 aggreditur,
3664 4317 3769 4374 sed

2112 4429 2278 4470 arma
2306 4410 2636 4468 abcissione
2667 4411 2900 4482 abjecit,
2923 4411 3100 4466 etiam
3127 4413 3331 4480 stupro
3363 4425 3481 4464 non
3513 4410 3770 4480 peracto,

2111 4502 2303 4575 stupri
2335 4506 2540 4558 auctor
2565 4501 2773 4558 merito
2794 4499 3122 4571 judicatur.
3152 4499 3435 4554 Caeterum
3466 4496 3595 4569 ipsa
3624 4512 3770 4568 quo-

2113 4609 2226 4664 que
2248 4593 2352 4648 hac
2379 4591 2441 4647 in
2463 4607 2525 4647 re
2546 4590 2769 4647 crimen
2799 4588 3186 4661 impudicitiae
3210 4604 3345 4644 cum
3368 4586 3470 4643 illo
3492 4585 3769 4643 sustinet.

2113 4681 2415 4748 Quomodo
2455 4679 2614 4736 enim
2645 4678 2698 4735 ei
2728 4679 3032 4735 credemus
3062 4679 3212 4736 675
3271 4676 3573 4749 repulsam
3603 4675 3678 4731 ab
3707 4691 3776 4730 ea

347 4763 452 4838 γὰρ
482 4762 846 4836 πιστεύσομεν
879 4765 1043 4839 αὐτῇ,
1076 4765 1160 4822 ὅτι
1192 4768 1448 4824 ἀπώσατο
1480 4768 1538 4824 ἂν
1579 4772 1680 4840 τὴν
1725 4778 1827 4841 τῆς
1875 4774 2004 4850 φθο-

2117 4770 2298 4827 fuisse
2327 4769 2518 4842 stupri
2549 4769 2807 4842 plagam,
2825 4785 3001 4839 quam
3032 4768 3211 4824 infert
3238 4766 3608 4840 impudicus,
3637 4781 3771 4819 cum

346 4855 443 4926 ρᾶς
487 4851 635 4925 παρὰ
679 4857 776 4909 τοῦ
826 4853 1134 4911 ἀκολάστου
1183 4854 1589 4935 ἐπιφερομένην
1642 4858 1886 4936 πληγὴν,
1923 4864 1999 4936 μή

345 4937 618 5015 παρόντος
665 4945 763 4996 τοῦ
809 4940 1026 5013 Sulci»;
1081 4946 1273 5001 Ἔνθα.
1301 4947 1398 5020 μὲν
1465 4947 1567 5023 γὰρ
1616 4950 1756 5026 πρὸς
1795 4950 1889 5006 τὸν
1942 4950 2002 5008 ἐκ

349 5027 557 5104 φύσεως
613 5029 964 5104 ὡπλισμένον
1035 5033 1166 5109 ὑπὲρ
1229 5043 1331 5106 τῆς
1397 5037 1660 5116 ἀφθορίας
1727 5044 2001 5116 καρτερῶς

352 5115 734 5207 ἀπομάχεται,
779 5120 1007 5200 φανερὸν
1081 5123 1146 5178 τὸ
1225 5123 1390 5182 ἆθλον
1446 5115 1557 5197 τῆς
1617 5115 1996 5207 σωφροσύνης.

346 5203 516 5271 Ἔνθα
567 5206 626 5262 δὶ
675 5211 790 5283 (44)
847 5209 1057 5277 ἄοπλος
1107 5211 1202 5286 μὶν
1255 5215 1283 5269 ὁ
1334 5216 1495 5292 ἀνὴρ,
1528 5203 1824 5297 ἀδιάφορος
1853 5215 1912 5275 δὲ
1958 5221 1994 5291 ἡ

421 5305 466 5340 ³⁸
496 5307 703 5363 Matth.
734 5326 854 5382 XIX,
885 5313 972 5368 12.
1047 5312 1095 5349 3°
1124 5313 1334 5372 Matth.
1365 5333 1424 5388 ν,
1453 5317 1546 5374 28.

419 5405 533 5492 (fit)
575 5405 868 5492 ηαρᾲντος.
915 5409 1050 5492 haec
1098 5417 1352 5492 quatuor
1397 5416 1664 5474 codicum
1713 5417 2009 5492 scriptura

352 5480 546 5555 potior
574 5480 804 5555 videtur
832 5482 1090 5555 vulgata,
1117 5480 1358 5549 πάντως.

569 5553 809 5624 Amne?"
857 5549 967 5610 δίο.
1005 5549 1271 5630 Ριδτίίῐιιθ
1319 5559 1572 5620 codices.
1623 5560 1802 5633 Editi,
1849 5557 2009 5631 δυνη.

427 5694 542 5768 (43)
570 5693 662 5764 Μὴ
693 5691 1012 5769 γενομένης.
1041 5697 1136 5756 Sic
1176 5699 1378 5773 plures
1409 5719 1556 5764 mss.
1588 5705 1801 5764 melius
1829 5720 2009 5779 quam

2112 4876 2280 4918 arma
2305 4875 2422 4915 non
2452 4858 2689 4915 adsint?
2719 4857 2828 4914 Ubi
2876 4857 3034 4913 enim
3086 4857 3368 4912 adversus
3416 4870 3573 4922 eum,
3607 4851 3708 4925 qui
3741 4868 3776 4907 a

2112 4954 2328 5006 natura
2354 4953 2622 5005 armatus
2640 4952 2753 5016 est,
2775 4947 3005 5004 fortiter
3034 4962 3138 5018 pro
3171 4944 3508 5016 integritate
3527 4940 3772 4998 dimica-

2111 5043 2229 5110 tur,
2253 5038 2633 5095 manifestum
2661 5041 2753 5093 est
2785 5035 3075 5093 castitatis
3101 5039 3415 5091 certamen.
3438 5031 3545 5089 Ubi
3576 5037 3774 5088 antem

2134 5127 2354 5186 nermis
2382 5129 2469 5183 vir
2498 5131 2693 5196 est,ac
2727 5125 3068 5182 indifferens
3099 5141 3234 5180 cum
3274 5140 3341 5180 eo
3385 5121 3661 5178 omnibus
3688 5115 3779 5176 vel

2111 5219 2307 5293 potius
2337 5235 2407 5276 ex
2437 5233 2634 5276 amore
2667 5215 2984 5289 voluptatis
3025 5219 3319 5288 proﬂuens
3364 5211 3728 5269 consuetudo
3761 5227 3776 5282 ;

2119 5417 2282 5488 editi,
2313 5415 2637 5488 vtvopév'qc.
2664 5414 2791 5470 Non
2821 5412 3008 5488 multo
3056 5417 3188 5484 post
3235 5411 3398 5477 editi,
3430 5426 3772 5484 κατηγορου-

2124 5436 2282 5488 θαιῐι,
2358 5436 2632 5488 ινομενης.
2665 5436 2791 5470 non
2821 5436 3008 5469 mum)
3057 5436 3162 5484 p03

2124 5436 2508 5564 pivmlxlurss
2529 5487 2769 5564 codices
2798 5491 2864 5564 ut
2891 5485 2952 5564 in
2981 5490 3164 5564 textu:

2190 5549 2303 5648 (4'4)
2336 5559 2420 5646 dt.
2452 5560 2587 5619 Sola
2631 5556 2980 5616 Parisiensis
3027 5557 3224 5624 editio,
3257 5574 3322 5630 γε
3369 5558 3426 5612 et
3473 5549 3768 5628 ἀδιάφορος

2119 5635 2256 5707 πρὸς
2284 5635 2474 5688 τοῦτον
2486 5675 2500 5689 .
