4124 6408
347 345 462 403 ’795

1284 343 1684 404 APPENDIX
1729 340 2058 402 OPERUM
2105 339 2171 400 S.
2219 337 2501 399 BASILII
2547 337 2814 398 MAGNI.

3653 335 3773 395 796

350 477 572 532 incerta
594 481 651 531 et
681 475 861 532 dubia
889 475 1052 531 illius
1074 475 1332 544 castitas,
1350 493 1416 531 ac
1447 475 1704 548 plurima
1724 476 2003 531 adversus

2125 471 2255 547 πρὸς
2304 474 2518 540 τοῦτον,
2573 468 2784 545 μᾶλλον
2847 464 2904 522 δὲ
2962 467 3022 522 ὲκ
3065 473 3166 537 τῆς
3207 465 3574 544 προσπαθείας
3631 467 3772 542 πρὸς

347 582 478 621 eam
501 565 781 637 suffragia
797 565 869 620 ab
893 565 1168 619 omnibus
1187 564 1559 635 impudicitia
1577 565 1806 635 accipit.
1823 567 2005 635 Atque

348 654 471 709 haec
501 655 740 725 quidem
773 656 842 708 de
885 654 955 708 iis
989 653 1088 724 qui
1141 654 1368 726 integra
1399 672 1517 709 una
1571 671 1704 708 cum
1754 654 2005 708 testibus

349 742 626 815 genitalia
655 747 1052 798 resecuerunt.
1075 743 1208 798 Jam
1241 744 1340 814 qui
1373 743 1530 798 solos
1562 749 1741 798 testes
1772 741 2003 796 abscin-

349 833 517 900 dunt,
551 849 687 887 cum
732 849 934 888 eorum
994 831 1273 903 genitalia
1331 833 1597 888 membra
1652 833 1723 888 ad
1781 836 2004 886 statum

347 921 574 976 virilem
605 929 662 976 et
691 923 763 977 ad
794 920 1041 977 coeundi
1089 921 1429 976 facultatem
1483 938 1813 992 pervenere,
1846 922 2006 992 ipsos

349 1011 516 1066 aiunt
545 1010 738 1067 acrius
771 1027 837 1066 ac
869 1011 1260 1082 impotentius
1292 1012 1362 1066 ad
1397 1011 1775 1067 concubitum
1807 1009 2006 1066 conci-

348 1100 485 1166 tari,
515 1115 620 1155 nec
665 1099 800 1155 illos
832 1100 1122 1155 concitari
1157 1101 1352 1170 modo,
1382 1117 1584 1155 verum
1633 1100 1812 1156 etiam
1861 1099 2008 1154 citra

349 1189 698 1261 perieulum,
755 1195 818 1244 ut
873 1189 1020 1260 ipsis
1077 1189 1324 1259 videtur,
1367 1190 1566 1245 obvias
1624 1203 2008 1260 quascunque

347 1293 743 1349 corrumpere.
780 1278 991 1333 Dicunt
1038 1278 1197 1333 enim
1250 1295 1441 1349 poros,
1476 1279 1714 1334 resectis
1762 1277 2008 1334 inferius

346 1367 636 1423 testiculis
670 1367 770 1439 qui
804 1384 836 1422 a
867 1367 1087 1422 lumbis
1119 1383 1184 1422 ac
1218 1368 1458 1423 renibus
1501 1367 1725 1438 reliquo
1763 1366 2008 1439 genitali

349 1457 610 1512 membro
638 1473 838 1511 semen
866 1456 1309 1522 administrant,
1338 1461 1469 1528 post
1496 1456 1881 1512 resectionem
1905 1473 2007 1511 su-

348 1545 546 1618 perius
597 1545 869 1617 oppilari,
905 1547 1159 1600 fervente
1191 1562 1324 1601 vero
1362 1546 1418 1600 in
1455 1547 1693 1601 renibus
1742 1545 2007 1613 libidine,

349 1640 523 1706 atque
547 1635 630 1689 ita
650 1652 849 1691 semen
875 1635 932 1689 in
959 1636 1196 1690 modum
1219 1652 1442 1705 spumas
1464 1635 2009 1708 exagitante,virum

348 1725 418 1780 ad
449 1723 794 1794 ejiciendam
817 1723 1150 1795 genituram
1175 1724 1433 1792 incitari,
1455 1725 2009 1796 eumdemque,eum

2113 560 2317 632 ἡδονὴν
2371 560 2566 636 ῥέουσα
2611 564 2727 621 τοῖς
2773 564 2932 613 πᾶσιν
2984 559 3018 626 ἡ
3060 555 3279 629 ὁμιλία,
3309 553 3516 627 ἄδηλος
3577 556 3672 629 μὲν
3732 559 3768 626 ἡ

2114 650 2470 729 σωφροσύνη,
2532 649 2792 710 πλείστας
2852 645 2910 702 δὲ
2963 647 3055 708 τὰς
3136 647 3352 723 ψήφους
3409 649 3444 716 ἡ
3507 644 3774 701 ἀκολασία

2113 742 2259 816 παρὰ
2288 741 2500 795 πάντων
2533 740 2649 794 κατ’
2679 739 2848 806 αὐτῆς
2881 736 3229 814 ἀποφέρεται.
3260 733 3440 792 Ἀλλᾶ
3471 739 3639 790 ταῦτα
3674 736 3772 809 μὲν

2114 831 2202 887 ἐπὶ
2233 838 2339 886 τῶν
2375 829 2477 885 ὅλα
2509 831 2648 902 ὁμοῦ
2702 827 2836 901 μετὰ
2863 831 2971 882 τῶν
3033 823 3276 899 διδύμων
3335 825 3770 898 ἀποκοψαμὲνων

2112 922 2180 975 τὰ
2216 922 2400 996 μόρια.
2433 919 2566 981 Τοὺς
2598 917 2700 993 γὰρ
2759 918 2893 992 μετὰ
2939 917 3001 971 τὸ
3056 913 3400 990 ἀνδρωθῆναι
3451 915 3590 991 πρὸς
3646 937 3773 970 συν-

2116 1009 2296 1064 ουσίαν
2342 1009 2408 1064 τά
2462 1005 2764 1081 παιδογόνα
2825 1005 2990 1082 μόρια
3063 1006 3264 1078 μόνους
3317 1004 3445 1068 τοὺς
3504 1001 3774 1078 διδύμους

2117 1099 2488 1172 ἀποτεμόντας
2535 1097 2662 1175 φασὶ
2713 1093 3033 1172 δριμύτερόν
3084 1115 3143 1150 τε
3197 1094 3289 1149 καὶ
3348 1092 3576 1170 ἄσχετον
3635 1094 3779 1170 πρὸς

2115 1191 2213 1252 τὰς
2263 1186 2544 1250 συνουσίας
2599 1186 2926 1261 οἶστρεῖσοαι
2979 1187 3114 1255 (45),
3147 1183 3237 1238 καὶ
3287 1185 3390 1239 οὐκ
3443 1184 3792 1260 οἴστρεῖσθαι,

2121 1279 2311 1354 μόνον,
2343 1275 2490 1333 ἀλλὰ
2544 1275 2656 1346 καὶ,
2691 1276 2765 1338 ὡς
2825 1274 3010 1336 αὐτοῖς
3052 1271 3226 1342 δοκεῖ,
3274 1270 3574 1336 ἀκινδύνως
3627 1274 3777 1352 φθεί-

2119 1390 2228 1445 ρειν
2283 1369 2379 1431 τὰς
2429 1363 2867 1441 προστυχούσας.
2897 1363 3036 1418 Φασὶ
3080 1364 3182 1439 γὰρ
3233 1361 3338 1432 ὅτι,
3387 1361 3770 1417 ἀποκοπέντων

2117 1461 2356 1522 κάτωθεν
2389 1461 2496 1511 τῶν
2530 1453 2800 1528 διδύμων,
2831 1456 2882 1508 οἳ
2914 1461 3014 1524 τῆς
3059 1459 3232 1529 γονῆς
3284 1453 3390 1508 ἀπὸ
3444 1451 3642 1530 ὀσφύος
3678 1451 3768 1506 καὶ

2119 1552 2324 1626 νεφρῶν
2385 1545 2472 1600 ἐπὶ
2531 1545 2592 1599 τὸ
2653 1543 2846 1599 λοιπὸν
2927 1543 3119 1619 μόριον
3199 1539 3440 1597 διάκονοι
3512 1540 3776 1616 γίνονται,

2124 1637 2318 1710 μύουσι
2381 1636 2474 1708 μὲν
2530 1633 2664 1706 μετᾶ
2706 1633 2802 1700 τὴν
2850 1634 3028 1704 τομήν
3082 1631 3190 1686 ἄνω
3241 1632 3293 1685 οἱ
3323 1629 3510 1706 πόροι,
3551 1629 3779 1700 ζεούσης

2121 1724 2178 1781 δὲ
2223 1725 2272 1780 ἐν
2321 1730 2438 1786 τοῖς
2482 1729 2696 1801 νεφροῖς
2745 1724 2845 1790 τῆς
2894 1721 3188 1795 ἐπιθυμίας
3224 1719 3315 1775 καὶ
3344 1720 3442 1789 τὴν
3475 1719 3644 1795 γονὴν
3684 1716 3782 1772 οὕ-

348 1827 548 1868 semen
597 1810 888 1866 ebulliens
919 1811 1218 1866 etfuudere
1273 1827 1387 1866 non
1421 1817 1618 1883 queat,
1642 1828 1708 1866 eo
1739 1811 1893 1882 quod
1938 1811 2007 1866 ad

2125 1836 2226 1877 τως
2288 1813 2676 1889 ἐξαφριζούσης
2735 1813 2872 1885 (46),
2924 1810 3236 1884 οἷστρεῖται,
3273 1810 3368 1882 μὶν
3423 1809 3560 1881 πρὸς
3607 1829 3776 1862 κατα-

2125 1901 2152 1918 ο
2193 1904 2255 1918 κ.
2385 1909 2411 1918 ..
2599 1908 2626 1918 ..
2717 1901 2729 1918 .
2797 1900 2810 1918 .
2867 1902 2879 1918 η
3062 1898 3076 1918 κ
3167 1901 3179 1916 .
3251 1900 3279 1918 η
3433 1895 3452 1915 .ρ
3689 1899 3751 1918 μ

346 1900 537 1958 coitus
561 1904 754 1954 actum
783 1899 896 1954 sibi
923 1900 1196 1969 servavit,
1216 1901 1456 1956 armari.
1480 1900 1586 1956 Ubi
1611 1906 1807 1956 autem
1831 1899 2012 1956 semel

2125 1901 2295 1972 ϐολήν
2347 1909 2444 1965 τῆς
2493 1908 2661 1978 γονῆς
2710 1901 2738 1955 ὁ
2787 1900 2949 1973 ἀνὴρ,
2988 1898 3078 1954 καὶ
3128 1901 3189 1954 τὸ
3251 1895 3616 1976 βρασσόμενον
3678 1899 3780 1951 ἀπ-

344 1990 584 2045 testium
613 1989 1026 2044 castrationem
1052 1987 1387 2044 illecebram
1418 1989 1489 2044 ad
1523 1988 1840 2044 fallendum
1873 2007 2009 2044 mu-

344 2078 545 2135 lierem
559 2082 752 2134 astute
770 2078 979 2147 effecit,
995 2077 1490 2150 intemperantius
1504 2079 1556 2134 ei
1569 2079 2005 2135 commiscetur.

346 2168 442 2224 Vir
473 2167 712 2238 quidem
744 2167 843 2238 qui
879 2171 1105 2222 naturas
1134 2172 1222 2222 est
1253 2167 1496 2238 integer,
1521 2166 1810 2224 testiculis
1841 2186 1874 2224 a
1905 2185 2009 2223 su—

347 2272 528 2330 perna
558 2261 722 2328 parte
752 2259 1082 2328 genituram
1115 2257 1563 2329 cxcipientibus,
1595 2255 1848 2328 indeque
1878 2273 2008 2313 eam

346 2346 785 2418 spargentibus,
812 2363 945 2402 mox
976 2345 1201 2402 semine
1233 2345 1454 2417 elapso,
1474 2345 1848 2419 resolutaque
1870 2364 2010 2402 con-

345 2435 733 2506 cupiscentia,
761 2435 1202 2506 interquiescit:
1231 2436 1332 2490 sed
1365 2433 1465 2508 qui
1501 2453 1616 2491 non
1648 2435 1826 2492 habet
1857 2437 2012 2491 unde

345 2524 406 2579 id
466 2524 620 2595 quod
677 2523 898 2593 titillat,
949 2529 1211 2590 evacuet,
1243 2525 1338 2579 vix
1395 2526 1682 2596 impetum
1742 2526 2011 2592 remittit,

348 2615 567 2684 quoad,
601 2618 666 2668 ut
697 2612 910 2679 ferunt,
945 2611 1193 2683 hujusce
1235 2614 1458 2669 rabiem
1503 2615 1772 2684 fatigatio
1803 2614 2010 2671 solvat.

349 2703 549 2773 Neque
579 2702 636 2757 id
660 2701 854 2757 solum
880 2705 1104 2757 natura:
1135 2703 1303 2774 ratio,
1329 2704 1432 2760 sed
1454 2705 1632 2760 etiam
1656 2703 2014 2775 experientia

353 2792 566 2849 saeculo
598 2795 798 2848 nostro
829 2795 1041 2848 testata
1071 2799 1160 2849 est
1187 2810 1201 2850 :
1226 2795 1727 2865 quemadmodum
1761 2793 1905 2848 mihi
1929 2793 2014 2848 vir

357 2881 600 2953 quidam
632 2881 1006 2952 venerabilis,
1039 2885 1097 2939 et
1144 2883 1374 2939 canitis:
1423 2900 1489 2938 ac
1539 2883 1798 2938 moribus
1837 2898 2013 2937 senex

346 2974 416 3027 de
449 2971 859 3042 muliere,quas
891 2970 1345 3044 exomologesim
1383 2971 1538 3043 apud
1589 2986 1723 3026 eum
1777 2971 2010 3042 fecerat,

352 3061 662 3116 enarravit.
679 3061 886 3115 Aiebat
906 3061 1064 3116 enim
1088 3060 1392 3115 mulierem
1421 3059 1532 3115 sibi
1556 3058 1798 3128 dixisse,
1820 3075 2014 3117 eunu-

358 3150 556 3216 chum,
590 3148 684 3205 cui
717 3167 750 3204 a
777 3150 901 3205 viro
946 3149 1067 3207 sive
1098 3168 1131 3204 a
1161 3149 1400 3204 domino
1439 3149 1774 3206 concredita
1805 3150 1997 3206 fuerat

2119 1996 2399 2068 οχετεῦσαι
2433 1998 2648 2063 σπέρμα
2679 1988 2776 2043 οὐκ
2832 1982 2998 2063 ἔχων,
3034 1986 3314 2057 ὁπλίζεται
3367 1989 3460 2060 μὲν
3509 1984 3691 2057 τούτῳ
3741 1985 3772 2039 ’ὀ

2118 2083 2293 2154 ἑαυτῷ
2323 2083 2459 2157 πρὸς
2507 2079 2602 2140 τὰς
2653 2077 2935 2139 συνουσίας
2994 2075 3224 2154 ἐφύλαξε
3279 2077 3417 2149 πρὸς
3471 2075 3572 2144 τὴν
3629 2078 3775 2147 πρᾶ-

2119 2171 2220 2243 ξιν.
2254 2169 2456 2245 Δὲλεαρ
2490 2166 2548 2223 δὲ
2577 2169 2674 2237 τήν
2701 2172 2809 2222 τῶν
2840 2164 3084 2240 διδύμων
3119 2164 3404 2240 εὖνουχίαν
3447 2162 3517 2238 τῇ
3559 2161 3773 2239 γυναικὶ

2119 2261 2195 2324 εἷς
2254 2259 2462 2329 ἀπάτην
2525 2255 2714 2320 δεινῶς
2755 2257 3149 2329 ποιησάμενος,
3205 2252 3632 2329 ἀκολαστότερον
3686 2250 3779 2324 μί-

2118 2372 2323 2428 γνυται.
2356 2351 2418 2406 Ὁ
2478 2348 2572 2422 μὲν
2633 2348 2734 2424 γὰρ
2783 2347 2920 2400 κατὰ
2969 2345 3124 2423 φύσιν
3154 2343 3298 2421 ἔχων
3335 2344 3492 2418 ἀνὴρ,
3526 2339 3776 2412 διαδεξα-

2125 2440 2299 2514 μένων
2352 2443 2461 2494 τῶν
2524 2435 2767 2510 διδύμων
2829 2433 3031 2499 ἄνωθεν
3084 2436 3184 2503 τήν
3242 2434 3428 2510 γονὴν,
3487 2431 3577 2486 καὶ
3635 2431 3774 2505 πρὸς

2123 2531 2326 2605 σπορὰν
2388 2529 2627 2591 ἐντεῦθεν
2706 2525 3209 2601 παραπεμψάντων,
3260 2524 3383 2596 ἑξῆς
3460 2521 3784 2582 ἐκπεσόντος

2119 2624 2218 2673 τοῦ
2277 2617 2482 2693 σπόρου
2524 2615 2899 2692 διαφορηθείς,
2927 2615 3026 2684 τὴν
3089 2612 3377 2687 ἐπιθυμίαν
3435 2609 3778 2692 καταμαραί-

2120 2727 2288 2762 νεται·
2325 2709 2353 2761 ὁ
2413 2704 2471 2760 δὲ
2519 2705 2620 2760 οὐκ
2674 2704 2819 2779 ἔχων
2879 2703 2998 2766 ὅθεν
3056 2705 3118 2758 τὸ
3148 2700 3478 2779 γαργαλίζον
3537 2700 3774 2773 κενώσῃ,

2127 2795 2287 2870 μόγις
2311 2799 2407 2848 τοῦ
2452 2795 2622 2848 πόνου
2677 2793 2918 2870 ὑφίησιν,
2953 2791 3116 2865 ἄχρις
3164 2791 3223 2844 ἂν
3266 2792 3512 2862 κάματος
3557 2792 3772 2858 τοῦτον,

2121 2883 2272 2963 φασὶ,
2303 2881 2587 2937 λυσσῶντα
2643 2879 2870 2955 ἐκλύσῃ.
2931 2883 3110 2934 Ταῦτα
3165 2877 3274 2953 οὐχ
3330 2879 3358 2931 ὁ
3403 2883 3505 2945 τῆς
3565 2873 3775 2953 φύσεως

2123 2962 2286 3050 λόγος
2348 2971 2536 3046 μόνον,
2569 2969 2717 3027 ἀλλὰ
2771 2968 2861 3024 καὶ
2901 2970 2935 3038 ἡ
2978 2973 3141 3041 πεῖρα
3200 2963 3258 3021 δὲ
3311 2965 3446 3038 πρὸς
3498 2965 3589 3019 τὸν
3649 2962 3766 3039 βίον

2123 3066 2283 3136 ἡμῶν
2318 3059 2676 3136 ἐμαρτύρατο.
2710 3059 2786 3120 ὡς
2834 3057 2970 3130 πρὸς
3032 3055 3129 3129 ἐμέ
3185 3076 3268 3117 τις
3313 3058 3420 3109 τῶν
3478 3050 3773 3123 αἱδεσίμων

2127 3149 2419 3220 καὶπολίᾷ
2445 3151 2536 3204 καὶ
2586 3150 2691 3222 βίῳ
2740 3146 2976 3208 παλαιὸς
3029 3146 3186 3216 ἀνὴρ,
3219 3140 3777 3218 ἐξομολογησαμένης

354 3239 648 3312 impudice
680 3253 880 3294 secum
912 3238 1278 3295 commisceri
1311 3237 1572 3294 solitum.
1597 3244 1677 3294 Ac
1709 3239 2004 3310 audacior,

2125 3241 2255 3318 πρὸς
2324 3239 2482 3295 αὐτὸν
2559 3238 2835 3313 γυναικὸς,
2916 3233 3301 3313 ἀπεφθέγξατο.
3359 3233 3603 3310 ’Έφασκε
3675 3229 3782 3303 γᾶρ

349 3329 563 3397 aiebat,
588 3329 660 3384 ad
693 3327 981 3400 ﬂagitium
1025 3330 1169 3396 erat,
1188 3329 1340 3397 quod
1392 3331 1651 3399 partum,
1675 3332 1876 3400 utpote
1905 3345 2008 3384 eu-

351 3417 606 3485 nuchus,
639 3434 753 3472 non
799 3417 1051 3473 timeret.
1086 3417 1285 3488 Neque
1314 3417 1365 3473 is
1395 3416 1610 3487 solum,
1636 3419 1736 3474 sed
1769 3424 1826 3474 et
1855 3417 2020 3483 alius

352 3505 595 3578 quidam
628 3520 695 3561 ex
726 3505 936 3578 iis,qui
969 3507 1173 3562 eadem
1207 3522 1273 3562 ac
1313 3522 1420 3562 nos
1448 3506 1733 3576 sentiunt,
1750 3507 1840 3562 vir
1869 3525 2010 3563 sane

347 3596 448 3668 qui
480 3613 594 3651 non
627 3596 741 3650 cito
773 3596 1140 3664 mentiretur,
1174 3595 1435 3651 narravit
1463 3595 1749 3667 virginem
1799 3613 2011 3667 quam-

349 3687 486 3741 dam
517 3683 787 3740 Ecclesiaa
812 3686 1158 3741 canonicam
1187 3685 1340 3756 apud
1365 3701 1427 3740 se
1457 3683 1836 3740 lamentatam
1860 3701 2010 3753 esse,

348 3774 504 3846 quod
546 3773 857 3829 eunuchus
889 3774 1129 3845 quidam
1162 3775 1292 3846 ejus
1323 3774 1517 3830 cubile
1559 3776 1904 3845 ascendens,
1939 3773 2014 3828 li-

347 3862 619 3920 bidinose
650 3878 781 3918 eam
814 3861 1118 3934 amplexus
1149 3867 1326 3929 esset,
1358 3869 1638 3934 totusque
1681 3861 1790 3918 toti
1829 3863 2012 3918 inhae-

350 3969 508 4022 rens,
544 3969 681 4008 cum
714 3969 828 4008 non
863 3957 1060 4024 posset
1101 3952 1408 4024 cupiditati
1441 3952 1798 4021 satisfacere,
1822 3953 2018 4008 denti-

350 4043 463 4097 bus
495 4058 640 4097 usus
670 4045 844 4110 esset,
879 4042 1194 4096 ferventem
1239 4042 1299 4096 in
1339 4057 1515 4098 carne
1543 4041 1891 4098 concubitus
1922 4060 2014 4098 ra-

349 4131 508 4187 biem
541 4131 804 4186 furenter
835 4130 1132 4186 morsibus
1172 4131 1464 4187 indicans.
1497 4131 1763 4188 Addebat
1793 4137 2018 4189 castra-

348 4220 529 4278 tionis
571 4220 849 4276 illecebra
878 4220 1190 4293 virginem,
1216 4222 1288 4276 ob
1329 4221 1793 4292 simplicitatem,
1827 4228 2021 4278 tenta-

354 4311 510 4367 tione
558 4309 920 4382 implicatam
971 4310 1185 4379 fuisse;
1247 4311 1349 4366 sed
1407 4313 1540 4381 post
1597 4311 2018 4382 experientiam

357 4402 686 4456 aversatam
729 4416 882 4467 esse,
915 4415 1021 4455 nec
1073 4416 1268 4455 coram
1319 4415 1381 4455 se
1431 4397 1648 4469 solum,
1681 4401 1783 4456 sed
1841 4401 2020 4457 etiam

355 4503 552 4542 coram
588 4486 861 4558 pluribus
894 4485 1062 4543 illata
1101 4487 1216 4542 sibi
1264 4486 1424 4544 illius
1473 4487 1795 4560 cupiditate
1825 4488 2020 4560 inqui-

360 4579 639 4632 namenta
669 4575 993 4632 deﬂevisse.
1029 4577 1240 4633 Verum
1272 4581 1362 4632 est
1399 4581 1596 4632 autem
1629 4577 1882 4634 duorum
1915 4579 2015 4634 ho-

355 4665 587 4721 minum
633 4663 1135 4736 testimonium“;
1169 4670 1336 4722 utne
1367 4667 1567 4739 plures
1618 4667 1764 4725 alios
1813 4685 2013 4725 recen-

351 4759 572 4826 sentes,
607 4759 820 4827 praster
854 4753 1036 4810 animi
1078 4755 1264 4812 nostri
1293 4759 1640 4814 sententiam
1676 4759 2020 4831 prolixiores

353 4861 567 4902 BlmIJB.

2050 4623 2098 4689 D

2119 3333 2218 3400 τὴν
2278 3332 2507 3404 γυναῖκα
2561 3327 2698 3402 πρὸς
2759 3325 2920 3380 αὐτὸν
2965 3323 3264 3399 εἰρηκέναι,
3294 3319 3377 3376 ὅτι
3429 3320 3457 3374 ὁ
3487 3337 3777 3374 πεπιστευ-

2127 3421 2284 3494 μένος
2307 3417 2476 3485 αὐτὴν
2507 3415 2654 3490 παρὰ
2680 3419 2778 3470 τοῦ
2808 3412 3002 3490 ἀνδρὸς
3040 3411 3147 3467 εἴτε
3197 3408 3461 3466 δεσπότου
3509 3407 3778 3482 εὐνοῦχος

2124 3509 2199 3571 ὡς
2230 3508 2366 3583 ἀνὴρ
2398 3506 2535 3571 αὐτῇ
2595 3502 2914 3565 ἀκολάστως
2972 3502 3246 3576 ἐμίγνυτο.
3280 3500 3387 3556 Καὶ
3443 3493 3777 3569 κατετόλμα,

2124 3599 2278 3676 φησὶ,
2310 3595 2480 3652 πλέον
2537 3602 2637 3666 τῆς
2695 3594 2964 3668 πράξεως,
2996 3589 3087 3646 διὰ
3138 3591 3200 3646 τὸ
3255 3591 3451 3665 ἄγονον
3485 3587 3651 3642 αὐτοῦ
3703 3583 3784 3656 τῷ

2123 3675 2328 3761 ἆτοκίῳ
2373 3690 2582 3761 θαρσῶν
2618 3688 2751 3759 (47).
2785 3685 2912 3760 Οὐχ
2962 3683 3118 3746 οὗτος
3169 3679 3226 3738 δὲ
3269 3680 3458 3755 μόνον,
3490 3678 3637 3735 ἀλλὰ
3691 3675 3782 3732 καὶ

2122 3776 2304 3853 ἕτερός
2338 3799 2420 3839 τις
2451 3780 2559 3831 τῶν
2607 3773 2917 3849 ὁμοψύχων
2948 3776 3106 3846 ἡμῖν,
3139 3771 3238 3827 οὐκ
3287 3771 3348 3826 ἂν
3395 3770 3611 3845 ταχέως
3653 3771 3784 3842 ψευο

2126 3874 2380 3942 σάμενος,
2437 3864 2670 3938 ε’ίρηκενσ
2706 3863 2788 3919 ὅτι
2848 3863 3115 3938 παρθένος
3169 3883 3256 3924 τις
3311 3866 3412 3930 τῆς
3445 3857 3780 3928 Ἑκκλησίας

2123 3958 2376 4026 κανονικὴ
2409 3955 2547 4030 πρὸς
2601 3953 2761 4009 αότὸν
2818 3949 3159 4027 ἀπωδύρετο,
3219 3949 3302 4005 δτι
3361 3951 3472 4023 (48)
3537 3946 3624 4002 ἐπὶ
3678 3953 3784 4015 τῆς

2124 4047 2315 4116 κοίτης
2373 4045 2541 4115 αὒτῆς
2598 4039 2890 4120 γενόμενός
2956 4061 3039 4103 τις
3113 4040 3400 4115 εὐνοῦχος,
3458 4033 3786 4112 περιεπτύσ-

2128 4157 2250 4192 σετο
2302 4136 2394 4207 μὲν
2439 4135 2610 4202 αὐτὴν
2655 4131 2935 4206 ἐμπαθῶς,
2965 4132 3054 4186 καὶ
3104 4128 3280 4207 ἐμφὺς
3329 4126 3462 4190 ὅλος
3511 4124 3642 4202 ὅλῃ,
3669 4123 3785 4180 ἐπεὶ

2133 4227 2208 4297 μὴ
2265 4224 2408 4299 εἶχεν
2463 4222 2614 4285 ὅπως
2671 4222 2738 4276 τὰ
2788 4228 2892 4290 τῆς
2949 4219 3240 4293 ἐπιθυμίας
3297 4217 3614 4294 ἐργάσηται,
3671 4216 3789 4274 τοῖς

2129 4311 2343 4368 ὀδοῦσιν
2388 4311 2678 4388 ἐκέχρητο,
2717 4311 2937 4380 ζέουσαν
2991 4308 3044 4366 ἐν
3093 4312 3163 4383 τῇ
3223 4306 3378 4384 σαρκὶ
3436 4311 3540 4375 τῆς
3591 4303 3786 4377 μίξεως

2127 4403 2225 4472 τὴν
2276 4401 2475 4458 λύσσαν
2521 4406 2638 4466 τοῖς
2686 4398 2962 4476 δήγμασιν
3010 4398 3209 4476 ἀγρίως
3247 4395 3540 4475 ἐμφαίνων·
3575 4393 3650 4457 ὡς
3696 4390 3788 4447 δε-

2131 4491 2284 4549 λέατι
2340 4495 2452 4566 (49)
2501 4493 2599 4560 τῆς
2659 4487 2972 4566 εὐνουχίας,
3010 4486 3100 4544 διὰ
3138 4489 3201 4543 τὸ
3252 4483 3634 4560 ἁπειρόκακον,
3683 4480 3786 4554 ἐμ-

2129 4580 2426 4637 πλακεῖσαν
2488 4582 2588 4650 τήν
2644 4579 2909 4655 παρθένον
2969 4582 3050 4650 τῷ
3125 4579 3436 4651 πειρασμῷ,
3488 4573 3623 4647 μετὰ
3688 4571 3789 4639 τήν

2128 4676 2321 4748 πεῖραν
2371 4669 2784 4746 ἀποστραφῆναι
2830 4688 2889 4722 τε
2933 4668 3025 4722 τὸν
3064 4663 3370 4742 ἄνθρωπον,
3400 4662 3491 4718 καὶ
3541 4661 3603 4717 οὔ
3651 4661 3790 4738 πρὸς

2128 4765 2318 4818 τοῦτον
2357 4761 2540 4835 μόνον,
2573 4757 2718 4815 ἀλλὰ
2743 4757 3002 4831 καὶπρὸς
3039 4753 3298 4816 πλείονας
3341 4755 3411 4809 τὰ
3460 4751 3790 4828 μολύσματα

2126 4859 2226 4923 τῆς
2260 4849 2467 4907 ἐκείνου
2494 4849 2613 4904 κατ’
2642 4847 2809 4917 αὐτῆς
2862 4845 3152 4921 ἐπιθυμίας
3195 4842 3500 4921 ὀδύρεσθαι.
3541 4841 3644 4899 Καὶ
3688 4838 3788 4895 δύο

355 4930 412 4989 δῖε
442 4933 743 5010 ἀνθρώπων
772 4934 806 5003 ἡ
861 4930 1131 5009 μαρτυρία
1175 4932 1392 5006 ἀληθής
1440 4935 1604 5009 ἔστιν,
1631 4936 1723 4995 Ἱνα
1775 4943 1852 5016 μὴ
1898 4945 1987 5000 καὶ
2036 4945 2288 5020 ἐττέρους
2332 4939 2587 5002 πλείονας
2626 4936 3044 5015 καταλέγοντες,
3076 4934 3222 5014 παρὰ
3259 4935 3324 4991 τὸ
3376 4931 3603 5012 ἀρέσκον
3649 4933 3787 5005 ἡμῖν

364 5023 718 5098 μηκύνωμεν.

432 5164 478 5200 ⁴⁰
506 5165 716 5224 Matth.
748 5184 910 5243 xvm,
944 5170 1031 5226 16.

430 5307 545 5379 (45)
601 5310 987 5394 Ὀξστρεῖσοαι.
1046 5316 1584 5394 ΒίομῄφβεημΕάὶίί,
1655 5319 2025 5394 οἷπροῦσθαι.

359 5379 522 5464 Idem
554 5383 728 5464 paulo
758 5379 895 5464 post
924 5389 1183 5448 occurrit
1220 5389 1314 5446 bis
1345 5379 1666 5449 discrimen
1699 5379 1853 5452 inter
1881 5379 2023 5452 mss.

357 5453 594 5509 codices
625 5460 682 5510 et
712 5453 919 5516 editos.

435 5523 1056 5620 “Quligacppcgoecnc.
1116 5533 1211 5590 Sic
1281 5550 1428 5591 mss.
1491 5539 1769 5608 quatuor.
1849 5537 2025 5606 Editi,

363 5593 817 5670 ἐξαφανιζούσής.

435 5669 553 5744 (47)
587 5669 831 5748 Θαρσων.
882 5675 978 5733 Sic
1025 5692 1168 5734 mss.
1221 5682 1282 5736 et
1337 5677 1518 5737 editio
1562 5677 1804 5738 Veneta.
1864 5679 2028 5738 Pari-

2139 5320 2376 5396 δίθηθίθρ
2388 5323 2698 5396 ,θαρσὲῦσῖαξ

2209 5377 2324 5465 (48)
2353 5377 2497 5450 ίῡτιῖ
2545 5377 2697 5450 Editi
2743 5390 2983 5465 habent,
3018 5377 3278 5465 fait-cz,
3307 5385 3409 5442 sed
3458 5385 3799 5458 conjunctis

2140 5457 2256 5523 non
2288 5457 2578 5537 reperitur
2603 5468 2665 5522 in
2694 5461 2990 5537 veteribus
3018 5457 3208 5516 libris.

2207 5538 2320 5609 (49)
2353 5529 2598 5609 mtuet.
2629 5539 2724 5595 Sic
2762 5532 2995 5592 codices
3035 5547 3182 5589 mss.
3216 5529 3562 5588 Parisiensis
3590 5529 3798 5600 editio,

2141 5605 2432 5684 δελεάματι
2465 5607 2542 5667 δέ.
