4124 6432
325 347 444 406 797

1559 351 1794 413 LIBER
1839 351 1938 412 DE
1982 348 2517 411 VIRGINITATE.

3641 346 3758 406 798

403 480 496 536 62.
545 480 890 555 Συγγνώμης
952 477 1041 534 οῦν
1096 478 1256 553 ἄξιοι,
1311 481 1384 544 ὣς
1440 483 1616 556 οἶμαι,
1655 485 1856 556 ἡμεῖς·
1889 481 1983 536 οὐκ

2171 484 2260 538 6?.
2295 481 2410 537 Nos
2456 480 2635 553 igitur
2688 484 2753 535 ut
2802 495 2950 548 reor,
2983 496 3192 537 sumus
3222 479 3389 536 venia
3432 478 3619 550 digni,
3653 480 3754 549 qui

330 566 410 630 εἲς
466 569 529 623 τὸ
587 564 854 644 ἄχραντον
911 572 1012 634 τῆς
1070 569 1337 643 παρθένου
1399 573 1560 645 μόνον
1623 572 1986 648 προφυλακῆς

330 657 493 734 χάριν
551 656 823 731 ἐκθέμενοι
881 663 1069 732 ταῦτα,
1105 657 1248 714 ἀλλὰ
1304 662 1393 716 καὶ
1451 662 1527 726 εἷς
1577 663 1636 716 τὸ
1680 659 1985 716 ἀναστεῖλαι

331 745 580 810 πολλοὺς
605 746 714 818 ἤδη
760 747 1042 812 τοιούτους
1091 747 1526 813 ἐπιπολάσαντας
1575 755 1642 824 τῇ
1694 749 1990 820 Ἐκκλησία

333 837 630 913 εὐνούχους
681 835 1092 900 σπουδάσαντες.
1128 841 1368 914 Φανερὸν
1415 841 1541 916 γὰρ,
1589 842 1672 894 ὅσι
1728 837 1989 912 δαίμονος

337 924 590 1000 μεθοδεία
627 928 690 983 τὸ
740 926 916 1004 ἔργον·
956 925 1098 982 διότι
1131 929 1158 983 6
1212 930 1307 1002 μὲν
1360 928 1525 984 πάλιν
1707 929 1821 1005 βίος
1863 929 1991 1002 παρ’

331 1015 575 1087 ’Έλλησι
624 1016 872 1086 τούτους,
930 1016 1040 1071 νυνὶ
1095 1015 1152 1073 δὶ
1209 1020 1336 1092 παρ’
1397 1022 1531 1092 ἡμῖν
1604 1018 1819 1080 ἀτόπως
1889 1018 1989 1072 ὑπ-

332 1103 499 1176 έδειξε
549 1107 684 1180 (51),
733 1106 823 1160 καὶ
884 1107 1241 1185 σωφροσύνης
1311 1109 1404 1181 μὶν
1463 1105 1639 1182 ὄνομα
1687 1108 1843 1163 κάκεῖ
1885 1107 1987 1176 τὴν

328 1197 531 1268 τομήν,
562 1195 830 1251 κάνταῦθα
886 1196 949 1250 τὸ
1009 1197 1140 1252 αὐτὸ
1199 1197 1334 1253 κατᾶ
1390 1205 1490 1268 τῆς
1524 1197 1733 1273 φύσεως
1766 1197 1988 1252 ἐνεωτὲ-

333 1305 466 1360 ρισε.
498 1285 682 1347 Δεινὸς
712 1284 814 1362 γάρ
847 1284 991 1342 ἐστιν
1026 1289 1054 1342 ὁ
1092 1285 1398 1360 μεθοδεύων
1428 1291 1588 1361 ἡμῶν
1619 1290 1718 1358 τήν
1772 1287 1850 1350 εἷς
1893 1287 1986 1342 τὸν

331 1373 527 1448 Κύριον
585 1374 767 1429 πίστιν
819 1373 908 1430 διὰ
959 1380 1056 1430 τοῦ
1113 1377 1488 1442 πιστευθέντος
1569 1376 1742 1433 καλοῦ
1796 1377 1986 1432 κακίαν

331 1459 675 1537 ἐργάσασθαι·
709 1464 771 1518 τὸ
831 1463 962 1519 αὐτὸ
1012 1461 1069 1519 δὲ
1120 1463 1233 1520 ἔστι
1290 1471 1482 1538 μαθεῖν
1532 1466 1590 1521 ἰκ
1635 1470 1743 1521 τῶν
1782 1464 1987 1542 παρελ-

331 1552 558 1607 θόντων.
593 1553 682 1613 Ὠς
737 1552 838 1630 γὰρ
889 1550 958 1607 δι’
995 1552 1068 1608 ὧν
1129 1549 1238 1610 ἔδει
1296 1557 1409 1628 (52)
1466 1556 1593 1611 Θεὸν
1641 1560 1863 1630 γνῶναι,
1899 1553 1990 1609 διὰ

329 1640 541 1695 τούτων
604 1641 863 1717 ἀγνοῆσαι
920 1641 1051 1704 τοὺς
1110 1645 1237 1717 παρ’
1291 1642 1532 1715 ’Ἑλλησι
1593 1644 1984 1720 παρεσκεύασεν

329 1730 386 1802 (ὁ
441 1730 535 1802 μὲν
583 1729 684 1806 γὰρ
733 1730 941 1803 κόσμος
972 1735 1069 1786 τοῦ
1099 1735 1482 1806 κοσμήσαντος
1538 1733 1819 1810 πρόκειται
1879 1735 1987 1807 μή·

331 1834 493 1888 νυμα·
530 1816 582 1870 οἱ
640 1814 697 1872 δὲ
757 1819 863 1873 ἀπὸ
919 1823 1016 1873 τοῦ
1067 1817 1310 1882 κάλλους
1353 1825 1463 1876 τῶν
1513 1822 1806 1898 ὁρωμένων
1856 1822 1983 1897 οὐχὶ

331 1903 617 1981 ἀναλόγως
664 1907 727 1961 τὸ
771 1905 982 1970 κάλλος
1029 1913 1128 1963 τοῦ
1158 1915 1392 1979 ποιητοῦ
1422 1909 1627 1966 τούτων
1661 1912 1773 1985 (53)
1800 1908 1983 1981 ἐδόξα-

328 2014 448 2065 σαν,
501 1992 628 2049 ἀλλ’
683 1990 1044 2066 ἐσεϐάσθησαν
1123 1999 1214 2052 καὶ
1297 1996 1620 2073 ἐλάτρευσαν
1692 2004 1760 2074 τῇ
1817 1999 1983 2055 κτίσει

328 2082 475 2156 παρά
527 2082 619 2136 τὸν
673 2083 972 2154 κτίσαντα)·
1001 2083 1093 2139 καὶ
1143 2087 1218 2149 ὡς
1266 2084 1335 2141 δι’
1361 2085 1434 2141 ὧν
1468 2084 1576 2142 ἔδει
1631 2093 1825 2164 γνῶναι
1853 2091 1983 2163 Χρι-

331 2171 476 2238 στὸν,
537 2168 606 2226 δι’
654 2170 872 2227 ἐκείνων
936 2173 1198 2249 ἀγνοῆσαι
1258 2176 1668 2252 παρασκευάζει,
1731 2177 1822 2233 διὰ
1875 2183 1980 2234 τῶν

327 2265 744 2335 κηρυσσουσῶν,
780 2262 945 2340 φημὶ,
987 2269 1212 2342 Γραφῶν
1259 2265 1353 2320 τὸν
1405 2268 1634 2341 Χριστὸν
1685 2269 1984 2344 αἱρετικαῖς

329 2347 560 2412 ἐννοίαις
614 2350 714 2418 τὴν
777 2347 996 2425 ἄγνοιαν
1049 2351 1246 2408 τούτου
1304 2352 1493 2418 δεινῶς
1557 2359 1980 2432 μηχανώμενος·

329 2434 420 2491 καὶ
487 2437 561 2499 ὡς
633 2443 714 2510 τῷ
787 2443 1198 2516 πεπιστευμένῳ
1275 2444 1501 2517 ὀνόματι
1583 2450 1679 2500 τοῦ
1751 2451 1984 2520 Χριστοῦ

331 2527 580 2582 ἀπιστίαν
612 2549 672 2583 τε
700 2529 788 2583 καὶ
830 2528 1052 2604 ἄρνησιν
1099 2529 1196 2586 τοῦ
1244 2533 1479 2607 Χριστοῦ
1527 2534 1848 2610 πανούργως
1901 2536 1984 2591 ἐν·

333 2616 564 2692 σπείρει,
592 2616 736 2671 οὕτω
761 2617 849 2672 καὶ
883 2615 972 2672 διὰ
999 2624 1096 2674 τοῦ
1131 2619 1397 2693 ὀνόματος
1438 2623 1539 2692 τῆς
1589 2631 1850 2696 μυστικῆς
1897 2625 1984 2680 εύ-

331 2705 580 2779 νουχίας,
630 2703 859 2780 ὀνόματι
922 2709 1280 2787 σωφροσύνης
1339 2711 1655 2776 ἆποκόπους
1703 2714 1795 2769 καὶ
1852 2716 1984 2769 ἁκο-

333 2791 563 2856 λάστους
612 2794 911 2871 ἐργάζεται.
962 2798 1172 2855 Οὐκοῦν
1233 2797 1359 2855 οὐδὲ
1404 2801 1618 2864 τούτοις
1675 2801 1986 2881 ἀδιαφόρως

329 2881 776 2958 συναγελάζεσθαι
833 2887 934 2954 τῆν
987 2887 1249 2964 παρθένον
1300 2893 1592 2966 προσήκει.
1630 2892 1693 2947 Εἴ
1731 2894 1833 2968 γὰρ
1885 2895 1984 2964 θή-

329 2977 475 3027 Αειαι
509 2971 762 3044 θηλείαις
805 2974 891 3030 ἐπὶ
940 2978 1041 3046 τῆς
1092 2977 1260 3049 αὐτῆς
1318 2981 1510 3051 κοίτης
1545 2979 1859 3044 ἰνδιαθὲτως
1889 3005 1982 3038 πε-

330 3060 746 3138 ριπλεκόμεναι,
804 3064 1030 3137 ζεούσης
1085 3066 1260 3122 αὐτῶν
1323 3064 1534 3133 ἔνδοθεν
1603 3078 1703 3140 τῆς
1777 3072 1980 3144 ἀκμῆς,

332 3148 605 3213 πολλάκις
664 3151 723 3206 ἐκ
766 3160 868 3222 τῆς
918 3155 1052 3229 πρὸς
1103 3153 1329 3226 ἄλληλα
1372 3161 1483 3212 τῶν
1514 3161 1783 3232 σωμάτων
1817 3159 1982 3235 ἁφῆς,

2016 1867 2064 1932 Β

2098 571 2221 626 haec
2251 570 2717 640 eXposuerimus,
2754 587 2867 625 non
2909 570 3360 641 praemuniendae
3394 569 3548 623 676
3582 567 3754 622 modo

2096 659 2366 733 virgineae
2401 658 2754 730 integritatis
2787 659 2996 730 gratia,
3028 659 3128 713 sed
3161 658 3334 714 etiam
3373 661 3437 712 ut
3467 655 3755 727 plurimos

2098 750 2386 820 ejusmodi
2405 747 2835 819 eunuchos,qui
2852 749 2976 819 jam
2997 748 3056 802 in
3078 747 3334 802 Ecclesia
3357 745 3751 811 invaluerunt,

2098 854 2361 895 coercere
2378 854 2742 894 conaremur.
2760 837 3142 909 Perspicuum
3162 841 3251 892 est
3267 835 3422 890 enim
3440 851 3589 906 opus
3605 833 3752 888 illud

2099 928 2381 983 daemonis
2411 945 2539 984 esse
2570 928 2879 998 astutiam;
2915 924 3392 998 quandoquidem
3429 923 3584 995 prior
3613 926 3753 978 aetas

2097 1017 2400 1072 eunuchos
2433 1017 2584 1089 apud
2635 1016 2903 1090 gentiles,
2936 1033 3001 1072 ac
3033 1015 3207 1071 etiam
3251 1030 3408 1069 nunc
3456 1013 3611 1085 apud
3647 1029 3752 1068 nos

2099 1106 2353 1162 absurde
2379 1106 2725 1176 introduxit,
2748 1105 3154 1178 castitatisque
3175 1119 3412 1171 nomen,
3435 1103 3589 1172 quod
3615 1107 3753 1155 tunc

2099 1194 2987 1266 bujusmodiexsectionidatum
3008 1191 3384 1263 fuerat,idem
3400 1191 3575 1246 etiam
3595 1207 3752 1244 nunc

2100 1291 2302 1340 contra
2329 1289 2598 1340 naturam
2633 1284 2948 1340 innovavit.
2990 1285 3093 1338 Est
3138 1282 3295 1339 enim
3329 1279 3513 1337 solers
3545 1279 3618 1347 is,
3651 1280 3751 1350 qui

2099 1379 2311 1430 nostrae
2351 1374 2410 1429 in
2459 1373 2773 1430 Dominum
2803 1373 2938 1428 fidei
2969 1371 3303 1438 insidiatur,
3338 1386 3441 1441 per
3487 1368 3545 1423 id
3595 1368 3751 1439 quod

2095 1464 2278 1520 virtus
2301 1480 2430 1520 esse
2456 1462 2972 1527 creditur,malum
2995 1461 3244 1534 operari,
3268 1461 3423 1532 quod
3456 1458 3653 1529 ipsum
3685 1475 3754 1513 ex

2099 1554 2409 1627 praeteritis
2437 1553 2901 1608 animadvertere
2934 1551 2990 1606 in
3023 1554 3299 1623 promptu
3329 1555 3436 1605 est.
3462 1549 3751 1613 Quemad-

2097 1644 2341 1700 modum
2373 1643 2528 1699 enim
2562 1659 2630 1698 ex
2663 1642 2878 1714 quibus
2909 1641 3093 1696 Deum
3121 1639 3393 1712 cognosci
3423 1638 3748 1711 oportebat,

2099 1750 2200 1805 per
2231 1749 2296 1788 ea
2328 1732 2523 1802 efficit,
2545 1738 2609 1788 ut
2633 1738 2811 1786 Deum
2834 1728 3082 1802 gentiles
3106 1729 3444 1801 ignorarent
3465 1727 3749 1799 (mundus

2097 1823 2254 1878 enim
2286 1822 2574 1878 Creatoris
2614 1821 2978 1893 propositum
3013 1822 3102 1874 est
3133 1823 3615 1887 monumentum;
3647 1816 3747 1871 isti

2095 1917 2292 1967 autem
2315 1927 2380 1966 ex
2405 1911 2845 1983 pulchritudine
2866 1925 3065 1966 eorum
3092 1924 3221 1979 quae
3237 1907 3748 1978 videnlur,nequa-

2093 2017 2292 2073 quam,
2319 2006 2385 2056 ut
2415 2018 2516 2072 per
2547 2005 2691 2070 erat,
2724 1998 3224 2072 pulchritudinem
3257 1995 3487 2052 illorum
3521 1995 3748 2068 opificis

2093 2090 2586 2163 glorificaverunt,
2601 2090 2702 2145 sed
2725 2088 3034 2146 coluerunt
3053 2092 3110 2143 et
3125 2085 3452 2142 servierunt
3467 2089 3746 2140 creaturae

2093 2179 2292 2252 potius
2322 2197 2498 2251 quam
2523 2179 2878 2250 creatori“);
2898 2182 2955 2234 et
2974 2176 3466 2249 quemadmodum
3495 2191 3597 2245 per
3617 2191 3746 2245 qua:

2091 2270 2398 2340 oportebat
2417 2269 2712 2324 Christum
2735 2284 3106 2341 cognoscere,
3128 2283 3226 2337 per
3245 2283 3312 2321 ea
3333 2265 3468 2320 fecit
3494 2268 3558 2319 ut
3579 2264 3748 2336 igno-

2093 2363 2344 2427 raretur,
2394 2375 2493 2430 per
2522 2358 2878 2430 Scripturas,
2899 2374 3027 2429 quas
3058 2355 3353 2411 Christum
3401 2353 3746 2425 praedicant,

2092 2446 2252 2503 illius
2282 2448 2712 2520 ignorationem
2743 2447 3032 2503 haereticis
3062 2445 3371 2501 sententiis
3401 2446 3592 2499 astute
3623 2461 3746 2498 ma-

2093 2535 2368 2594 chinatus
2399 2553 2412 2590 :
2445 2541 2502 2592 et
2533 2535 3031 2609 quemadmodum
3061 2533 3279 2590 credito
3310 2531 3522 2588 Christi
3557 2531 3745 2587 nomi-

2095 2627 2176 2695 ni,
2211 2623 2680 2682 increduiitatem
2712 2631 2770 2682 et
2801 2625 3170 2697 negationem
3192 2622 3406 2678 Christi
3437 2621 3748 2677 vaferrimc

2093 2715 2333 2783 insevit;
2368 2716 2453 2771 ita
2482 2719 2539 2771 et
2568 2733 2671 2788 per
2692 2732 2904 2771 nomen
2938 2713 3194 2787 mysticis
3225 2711 3746 2778 castrationis,sub

2092 2805 2287 2877 specie
2317 2806 2737 2878 temperantiae,
2769 2805 3060 2876 spadones
3090 2808 3148 2859 et
3189 2802 3519 2874 impudicos
3549 2801 3747 2856 eflicit.

2095 2895 2279 2966 Igitur
2309 2912 2379 2951 ne
2410 2912 2544 2950 cum
2576 2894 2668 2951 his
2700 2895 2940 2966 quidem
2979 2891 3380 2949 indifferenter
3407 2889 3746 2961 congregari

2092 2984 2380 3057 virginem
2402 2988 2691 3042 convenit.
2709 2985 2856 3041 Nam
2875 2985 2924 3040 si
2947 3000 3080 3040 cum
3107 2982 3338 3039 feminae
3355 2997 3489 3037 cum
3513 2979 3749 3035 feminis

2092 3073 2153 3128 in
2177 3075 2382 3130 eodem
2401 3073 2548 3130 lecto
2571 3079 2838 3130 amanter
2853 3075 3317 3144 conjunguntur,
3337 3071 3748 3126 effervescente

2093 3161 2257 3219 intus
2286 3163 2520 3218 illarum
2551 3163 2894 3235 cupiditate,
2914 3177 3068 3234 saepe
3099 3177 3169 3218 ex
3199 3164 3404 3216 mutuo
3436 3174 3745 3231 corporum

328 3238 469 3324 πρὸς
502 3238 536 3294 ἃ
563 3237 905 3324 ἐπλάσθησαν
934 3239 1081 3317 ἔχειν
1116 3245 1343 3318 σώματα
1374 3249 1582 3321 σχίσιν,
1613 3250 1711 3317 τήν
1757 3251 1980 3323 μνήμην

2098 3256 2256 3308 tactu
2288 3269 2490 3308 earum
2523 3252 2867 3324 imaginatio
2901 3253 2970 3308 ad
3003 3267 3070 3307 ea
3099 3267 3363 3323 corpora,
3397 3249 3750 3321 quibuscum

334 3323 722 3403 διερεθίζονται
756 3331 960 3401 (ἱκανὸς
988 3333 1090 3408 γάρ
1143 3332 1283 3389 ἐστιν
1331 3335 1359 3390 6
1408 3339 1721 3410 νομοθετῶν
1767 3337 1817 3392 ἐν
1871 3345 1990 3402 τοῖς

336 3414 553 3488 μέλεσιν
593 3420 756 3492 ἡμῶν
785 3421 884 3488 τὴν
932 3420 1222 3498 ἁμαρτίαν,
1259 3424 1420 3496 μέσος
1474 3431 1580 3481 τῶν
1633 3432 1843 3501 σαρκῶν
1898 3427 1993 3485 λα-

333 3505 534 3580 θραίως
564 3511 826 3584 χωρήσας
873 3508 932 3565 ἐκ
977 3518 1078 3581 τῆς
1130 3511 1357 3590 φιλικῆς
1414 3515 1551 3588 πρὸς
1602 3513 1828 3587 ἄλληλα
1881 3522 1990 3574 τῶν

331 3594 547 3665 θηλέων
580 3599 689 3670 (54)
729 3597 820 3652 καὶ
870 3597 1204 3678 φιλόφρονος
1253 3600 1478 3673 ἡδονῆς,
1531 3603 1835 3681 ὑποκλέψαι
1891 3609 1984 3680 μὶν

325 3686 427 3774 τῆν
463 3684 790 3774 φιλόφρονα,
821 3690 920 3756 τῆν
955 3686 1014 3745 δὲ
1058 3695 1168 3745 τῶν
1201 3697 1412 3766 σαρκῶν
1446 3693 1642 3770 ἄῤῥενα
1670 3696 1987 3774 πανούργως

329 3767 652 3859 ἐνσπεῖραι)⁹
687 3772 842 3845 πόσῳ
874 3777 987 3848 (55)
1027 3775 1195 3832 πλέον
1244 3776 1326 3834 δεῖ
1375 3781 1441 3835 τὰ
1484 3767 1685 3858 άῤῥενα
1735 3767 1982 3859 σώματα,

325 3858 421 3912 κᾶν
476 3857 743 3934 εὐνούχαν
796 3864 856 3932 ᾗ,
912 3865 1012 3932 τὴν
1085 3865 1346 3941 παρθένον
1417 3868 1776 3948 φυλάττεσθαι
1803 3857 1828 3946 ;Ἵ
1877 3874 1981 3931 Κᾶν

328 3946 592 4024 εὐνοῦχος
620 3950 724 4025 γὰρ
754 3951 812 4022 ᾗ,
845 3946 974 4006 ἀλλ’
1004 3953 1136 4029 ἁνήρ
1168 3953 1278 4011 ἐστι
1307 3959 1407 4028 τὴν
1431 3946 1624 4036 φύσιν.

397 4127 488 4183 63.
520 4127 609 4191 Ὡς
662 4126 764 4204 γὰρ
810 4129 838 4183 6
892 4130 1022 4205 βοῦς
1071 4133 1098 4186 ὁ
1147 4137 1468 4208 κερατιστής
1519 4136 1860 4212 ἀποτμηθεὶς
1917 4143 1984 4198 τὰ

324 4213 804 4307 κέραταλούχὶτῇ
872 4219 1148 4297 ἀφαιρέσει
1206 4229 1312 4279 τῶν
1363 4227 1602 4302 κεράτων
1646 4226 1818 4293 ἵππος
1864 4229 1982 4307 ὲγέ-

323 4323 468 4396 νετο,
514 4303 663 4396 ἀλλ’,
695 4300 772 4396 ἔτι
833 4307 963 4383 βοῦς
1021 4309 1131 4367 ἐστι
1188 4310 1284 4368 κᾶν
1351 4300 1433 4388 μή*
1483 4310 1588 4393 ἔχῃ
1639 4318 1705 4374 τὰ
1757 4300 1976 4396 κέρατα·

325 4393 468 4448 οὕτω
513 4393 613 4484 καὶ
646 4395 674 4450 6
706 4393 875 4471 ἄρσην
1057 4402 1474 4479 ἀποκοψάμενος
1522 4409 1695 4464 πάντα
1749 4393 1832 4464 τὰ.
1875 4409 1979 4484 μόο

324 4502 436 4573 ρια,
470 4483 532 4573 ού
588 4487 657 4558 τῇ
715 4485 991 4564 ἀφαιρέσει
1041 4490 1246 4548 τούτων
1305 4497 1441 4572 γυνή
1503 4495 1712 4573 ἐγένετο
1772 4483 1926 4564 οὗτος
1959 4518 1974 4535 ⁶

2100 3342 2508 3398 habitudinem
2529 3359 2562 3398 a
2579 3347 2789 3398 natura
2801 3339 3648 3412 accepere,irritatur(idoneus
3666 3343 3757 3392 cst

2099 3431 2256 3486 enim
2276 3432 2377 3503 qui
2393 3431 2582 3504 legem
2601 3432 2824 3504 peccati
2846 3431 2904 3486 in
2929 3430 3212 3486 membris
3235 3427 3454 3484 nostris
3476 3431 3669 3484 movet
3685 3428 3751 3494 ‘9,

2099 3525 2164 3576 ut
2194 3521 2424 3577 medius
2454 3522 2606 3577 inter
2629 3537 2834 3576 carnes
2866 3521 3113 3576 latenter
3142 3521 3450 3590 obrepens,
3469 3534 3539 3572 ex
3562 3517 3754 3573 amica

2096 3615 2155 3667 et
2175 3611 2327 3668 comi
2351 3610 2702 3666 feminarum
2726 3611 2878 3666 inter
2897 3626 2960 3666 se
2975 3607 3752 3675 delectatione,subtrahens

2095 3707 2282 3756 ortam
2313 3717 2382 3756 ex
2420 3699 2824 3756 benevolentia
2852 3698 3230 3771 voluptatem,
3268 3696 3593 3753 masculam
3625 3714 3750 3752 car-

2094 3790 2262 3845 nium
2296 3789 2699 3846 fraudulenter
2725 3788 2987 3859 inserat),
3017 3791 3236 3859 quanto
3263 3787 3454 3858 magis
3485 3802 3517 3841 a
3545 3802 3748 3856 corpo-

2094 3879 2262 3935 ribus
2301 3878 2605 3948 masculis,
2636 3877 2865 3935 etiamsi
2915 3876 3321 3934 cunuchorum
3367 3875 3506 3942 sint,
3537 3873 3748 3946 virgini

2093 3967 2463 4024 cavendum?
2487 3968 2634 4024 Nam
2677 3967 2786 4024 etsi
2829 3965 3139 4023 eunuchus
3171 3969 3280 4036 est,
3312 3966 3400 4020 vir
3430 3968 3626 4020 tamen
3658 3966 3750 4019 est

2091 4060 2324 4112 natura.

2161 4146 2244 4199 63.
2275 4146 2782 4210 Quemadmodum
2805 4145 2962 4201 enim
2986 4145 3114 4215 bos,
3137 4145 3238 4217 qui
3261 4162 3443 4201 cornu
3471 4144 3625 4213 ferit,
3647 4144 3744 4199 ab-

2090 4233 2296 4292 scissis
2319 4235 2615 4306 cornibus,
2635 4249 3007 4306 nequaquam
3035 4234 3146 4290 hac
3185 4251 3470 4290 cornuum
3519 4234 3742 4289 abscis-

2089 4325 2256 4380 sione
2284 4325 2474 4380 factus
2507 4327 2597 4380 est
2622 4340 2840 4396 equus;
2873 4323 2975 4379 sed
2997 4322 3188 4379 adhuc
3210 4324 3314 4378 bos
3341 4329 3449 4390 est,
3471 4325 3741 4394 quamvis

2088 4431 2204 4471 non
2237 4413 2494 4485 amplius
2538 4413 2753 4470 habeat
2789 4429 3012 4469 cornua
3045 4429 3058 4469 :
3091 4413 3173 4469 ita
3215 4417 3274 4468 et
3317 4412 3616 4470 masculus
3647 4413 3738 4468 cui

2087 4507 2319 4560 exsecta
2335 4505 2478 4559 sunt
2498 4501 2776 4576 genitalia
2790 4501 3007 4572 omnia,
3025 4519 3400 4574 nequaquam
3422 4502 3532 4558 hac
3549 4519 3741 4558 exsec-

323 4571 566 4677 αλλ’ἕτι
608 4573 779 4677 άρσην
828 4575 939 4632 ἐστὶ
983 4581 1082 4650 τὴν
1131 4571 1437 4658 φύσιν,νκᾶν
1487 4571 1563 4660 μῆ
1614 4587 1718 4664 ἔχῃ
1775 4589 1842 4644 τὰ
1874 4591 1976 4664 μό-

2097 4596 2246 4651 tione
2272 4595 2463 4650 factus
2495 4571 2584 4650 est
2615 4593 2851 4664 femina,
2885 4594 2984 4648 sed
3027 4571 3260 4665 semper
3289 4593 3591 4650 masculus
3630 4599 3738 4663 est,

324 4662 433 4720 ὸια.
467 4663 569 4720 Καὶ
601 4664 677 4728 ὡς
702 4666 750 4754 76
789 4671 1112 4743 κερατιστὴς
1157 4672 1606 4750 ἀποκεκομμένος
1758 4662 1976 4754 κέρατα,

324 4755 646 4844 κερατιστὴς
679 4753 832 4828 ὅμως
877 4753 990 4812 ἐστὶ
1031 4760 1122 4815 τὸν
1173 4763 1343 4836 θυμὸν
1394 4766 1796 4842 (παρεκκλίνων
1826 4753 1978 4844 γοῦν

317 4841 410 4897 τὸν
450 4841 674 4918 αύχὲνα,
706 4845 797 4899 καὶ
843 4847 942 4916 τῆν
984 4850 1229 4929 κεφαλὴν
1279 4853 1416 4929 πρὸς
1462 4841 1562 4924 τήν
1614 4857 1793 4932 ὁρμὴν
1835 4841 1977 4934 σχη-

322 4933 587 5004 ματίζων,
645 4933 748 5002 τὴν
806 4934 1038 5007 ἀπειλὴν
1098 4939 1344 5015 ἀσμένως
1404 4941 1769 5002 ἐνδείκνυταιο
1829 4933 1979 5004 ἀλλὰ

392 5090 435 5128 ⁴¹
470 5091 638 5150 Rom.
671 5111 712 5168 ι,
741 5096 833 5152 25.
911 5095 957 5132 ⁸³
987 5095 1155 5156 Rom.
1187 5115 1291 5172 vn,
1319 5099 1411 5158 23.

391 5251 498 5323 (50)
530 5250 1088 5338 Ud1ivLLegendum
1119 5260 1372 5332 videtur,
1400 5259 1594 5334 πάλαι,
1617 5268 1685 5323 ut
1714 5269 1772 5324 et
1801 5266 1979 5328 inter-

317 5338 452 5395 pres
480 5328 676 5382 vertit.
707 5328 867 5386 Enrr.

344 5465 356 5477 .
388 5395 502 5464 (51)
531 5395 815 5477 Ὑτρδειξε.
829 5401 940 5477 _Sie
966 5404 1249 5477 nonnulli
1280 5406 1509 5466 codices
1558 5425 1704 5468 mss.
1734 5411 1969 5470 Colber-

315 5466 499 5550 tinus,
531 5466 801 5550 ᾀίιέεδειξεἶ
829 5473 1000 5550 Editi,
1038 5473 1294 5550 ἰπὲδειξε.

385 5539 498 5630 (5‘2)
531 5539 702 5630 Ἓδρι.
732 5539 840 5630 ἐἰς
897 5539 1017 5630 tres
1072 5539 1443 5630 m_ss.f_atg_u.e
1499 5553 1623 5612 haec
1679 5556 1972 5630 scriptura

312 5611 494 5691 paulo
518 5619 652 5691 post
681 5615 1085 5691 confirmatur.
1118 5622 1294 5691 Editi,
1325 5611 1524 5682 ἐδόκει.

386 5685 500 5760 (53)
524 5685 770 5744 Τούτων.
801 5687 894 5746 Sic
941 5691 1141 5764 plures
1170 5685 1316 5755 mss.
1346 5702 1570 5759 Veneta
1609 5699 1809 5771 editio,
1840 5703 1970 5756 τοῦ·

2089 4683 2358 4755 quamvis
2391 4700 2506 4739 non
2537 4681 2752 4740 habeat
2791 4681 3088 4755 genitalia.
3120 4683 3190 4738 Et
3237 4684 3738 4755 quemadmodum

2087 4773 2195 4830 bos
2224 4790 2405 4829 cornu
2439 4773 2675 4836 feriens,
2705 4771 2988 4829 abscissis
3018 4771 3317 4842 cornibus,
3345 4773 3433 4829 ira
3459 4779 3654 4829 tamen
3687 4777 3745 4829 et

2087 4861 2283 4918 furore
2313 4878 2490 4918 cornu
2541 4861 2724 4934 petit;
2772 4859 3065 4932 siquidem
3114 4861 3404 4918 inclinans
3433 4865 3737 4928 cervicem,

2086 4957 2144 5008 et
2171 4956 2351 5025 caput
2405 4950 2734 5009 feriendum
2783 4967 3164 5024 componens,
3204 4952 3398 5008 minas
3446 4968 3562 5009 non
3611 4951 3740 5008 sine

2085 5289 2201 5327 τον.
2235 5271 2606 5339 Parisiensis,
2633 5273 2850 5332 τούτου.

2322 5347 2442 5402 Τῶν
2510 5343 2745 5416 θηλέων.
2811 5345 3086 5406 Nonnulli
3149 5346 3414 5416 codices,
3465 5348 3574 5402 τῶν
3635 5357 3740 5418 θη-

2151 5490 2265 5561 (55)
2327 5488 2507 5561 Πόσῳ.
2574 5491 2668 5547 Sic
2732 5491 2963 5548 codices
3030 5491 3321 5548 nonnulli.
3389 5491 3568 5563 Editi,
3632 5492 3735 5546 πό-

2081 5579 2195 5615 σον.

2151 5634 2264 5705 (56)
2295 5633 2663 5709 :‘Apcmv._S_ic_
2694 5633 2915 5709 habent
2953 5635 3062 5693 hoc
3104 5637 3229 5694 loco
3279 5640 3336 5692 ct
3377 5635 3553 5709 paulo
3603 5639 3736 5707 post

2079 5703 2224 5763 mss.
2247 5703 2475 5778 plures.
2509 5705 2689 5778 Editi,
2719 5703 2909 5783 ἅρσης.
