4124 6404
335 336 456 396 799

1294 337 1692 399 APPENDlX
1734 336 2062 398 OPEhUM
2107 338 2174 398 S.
2219 337 2502 400 BASILII
2543 339 2821 402 MAGNI.

3639 337 3762 399 800

335 465 555 539 gaudio
589 465 859 536 intentat,
887 469 1061 537 atque
1091 465 1269 522 etiam
1301 484 1453 538 saepe
1483 467 1636 534 ferit,
1669 466 1902 522 irruens
1933 483 2000 523 ea

2127 467 2198 521 ιαὶ
2233 462 2434 538 ἔπληξε
2461 466 2736 533 πολλάκις
2767 467 3013 534 ἰπελθὼν
3041 472 3124 542 τῷ
3148 467 3296 545 μέρει
3348 474 3450 538 τῆς
3493 465 3764 544 κεφαλῆς,

337 560 504 628 parte
535 555 745 628 capitis
786 555 846 610 in
880 573 995 626 qua
1037 572 1217 611 cornu
1251 562 1516 612 armatus
1566 557 1775 626 fuerat,
1810 573 1876 612 ac
1906 558 1996 612 fu-

338 646 458 702 rori
490 644 782 700 satisfecit
812 645 920 700 hac
944 645 1188 700 feriendi
1214 645 1435 716 specie;
1460 645 1542 701 sic
1564 646 1719 702 enim
1748 646 2003 702 afficitur

337 735 562 806 impetu
602 735 903 806 abpertus,
937 752 1050 789 non
1084 736 1254 806 quasi
1295 736 1646 807 simpliciter
1678 736 1864 802 feriat,
1899 737 2001 792 sed

339 823 509 895 quasi
541 840 745 893 cornu,
778 827 842 878 ut
878 828 1070 890 antea,
1104 824 1381 880 dilacerat
1413 841 1426 880 :
1464 825 1545 879 ita
1576 829 1633 880 et
1674 825 1999 892 masculus,

342 913 437 970 cui
468 914 730 968 abscissa
771 913 1067 984 genitalia,
1097 914 1402 970 masculus
1445 919 1643 970 tamen
1676 919 1766 970 est
1794 915 2005 970 vitiosa

340 1003 610 1059 libidine.
652 1002 873 1058 Idcirco
906 1003 1056 1059 677
1089 1008 1146 1058 et
1173 1002 1300 1074 ipse
1339 1004 1520 1060 simili
1567 1005 1738 1060 modo
1771 1021 1900 1060 sese
1930 1005 2002 1060 ad

339 1092 634 1148 actionem
665 1108 1050 1164 componens,
1082 1109 1342 1148 amorem
1375 1093 1564 1165 spirat
1591 1098 1649 1149 et
1677 1095 2005 1150 absurdum

343 1181 621 1237 furorem.
637 1181 787 1244 Quin
812 1180 988 1236 etiam
1012 1182 1244 1237 irruens
1261 1183 1334 1237 ad
1360 1182 2005 1254 complexum,etiamsi

344 1286 464 1325 non
513 1275 854 1342 corrumpat
910 1270 1020 1326 hac
1071 1274 1234 1342 parte
1263 1270 1581 1344 virginem,
1610 1276 1807 1328 tamen
1840 1272 2006 1344 quasi

347 1364 707 1431 corrumpat,
738 1359 821 1414 ita
851 1360 1168 1431 cupiditate
1209 1377 1311 1433 per
1362 1361 1846 1432 imaginationem
1879 1364 2005 1417 affi-

294 1491 299 1495 .
348 1448 519 1503 citur.
547 1448 714 1503 Illam
751 1454 946 1504 autem
978 1450 1051 1504 ad
1083 1454 1389 1521 peccatum
1422 1451 1828 1520 vehememius
1857 1452 2008 1507 inci-

348 1540 503 1603 tans,
538 1537 862 1608 corrumpit
909 1543 1088 1594 totam
1136 1546 1416 1607 mentem,
1450 1557 1516 1596 ac
1547 1542 1744 1613 ipsum
1795 1557 2008 1614 corpus

349 1627 423 1682 ad
455 1627 644 1699 stupri
677 1627 964 1683 actionem
997 1632 1168 1684 (nstro
1201 1630 1486 1701 percellit.

2108 558 2226 611 καθ’
2258 557 2286 611 ’ὁ
2316 563 2396 629 τῷ
2423 557 2606 634 κέρατι
2639 557 2906 629 ὥπλιστο,
2939 558 3309 637 πληροφορῶν
3340 557 3432 612 τὸν
3471 557 3642 630 θυμὸν
3693 556 3768 626 τῇ

2113 647 2374 724 φαντασίᾳ
2429 656 2528 718 τῆς
2585 647 2848 726 ἐνεργείας
2881 667 2894 682 ⁸
2953 648 3097 703 οὕτω
3150 649 3252 725 γὰρ
3315 644 3606 710 διατίθεται
3661 645 3767 699 ὑπὸ

2110 743 2211 805 τῆς
2245 741 2426 812 ὁρμῆς
2458 740 2955 815 συναρπαζόμενος,
2989 738 3098 812 οὐχ
3127 739 3200 800 ὡς
3250 735 3515 807 πλήσσων
3547 733 3764 803 ἁπλῶς,

2112 824 2260 882 ἀλλὰ
2314 828 2403 882 καὶ
2464 831 2576 901 (57)
2610 829 2684 891 ὡς
2742 829 2803 884 τὸ
2834 829 2960 905 πρὶν
3000 832 3080 901 τῷ
3109 827 3290 901 κέρατι
3322 824 3590 900 διαιρῶν)·
3617 823 3767 879 οὕτω

2112 917 2204 970 καὶ
2237 917 2264 970 ὁ
2298 918 2464 992 ἅρσην
2504 917 2952 992 άποκεκομμένος
3004 916 3074 972 τά
3133 917 3318 990 μόρια,
3377 916 3548 988 ἄρσην
3608 911 3767 986 ὅμως

2115 1004 2225 1059 ἐστὶ
2255 1009 2323 1080 τῇ
2359 1005 2621 1080 ἐπιθυμίᾳ
2647 1012 2747 1063 τοῦ
2777 1005 3004 1071 πάθους.
3037 1006 3131 1061 Διὸ
3167 1005 3258 1059 καὶ
3297 1003 3458 1066 αὐτὸς
3509 1002 3647 1058 κατὰ
3701 1002 3768 1057 τὸ

2116 1093 2310 1168 ὅμοιον
2369 1095 2856 1171 σχηματισάμενος
2916 1095 3056 1170 πρὸς
3118 1096 3218 1164 τήν
3291 1094 3504 1170 πρᾶξιν,
3565 1088 3773 1166 ἔρωτος

2115 1183 2265 1239 πνέει
2321 1185 2412 1239 καὶ
2472 1183 2703 1241 έκτόπου
2757 1183 2972 1258 μανίας.
3006 1182 3186 1240 Ἀλλὰ
3238 1183 3329 1237 καὶ
3385 1183 3571 1256 ὁρμῶν
3631 1181 3768 1255 πρὸς

2113 1273 2215 1341 τήν
2276 1274 2629 1347 συμπλοκὴν,
2688 1273 2782 1330 κᾶν
2847 1274 2924 1347 μὴ
2979 1272 3170 1352 φθείρῃ
3226 1275 3307 1344 τῷ
3368 1273 3518 1346 μέρει
3576 1267 3770 1342 ἐκείνῳ

2119 1360 2371 1438 ἐνοχλῶν
2396 1367 2465 1438 τῇ
2499 1362 2716 1436 θηλείᾳ,
2748 1363 2901 1436 ὅμως
2931 1362 3089 1425 αὐτὸς
3124 1362 3217 1436 μὲν
3278 1361 3353 1423 ὡς
3398 1358 3635 1438 φθείρας,
3663 1359 3768 1426 τὴν

2119 1449 2410 1525 ἐπιθυμίαν
2462 1453 2634 1516 οὕτως
2683 1453 2786 1508 ὑπὸ
2814 1459 2916 1523 τῆς
2975 1450 3264 1530 φαντασίας
3323 1447 3605 1504 διάκειται.
3650 1448 3768 1516 Τὴν

2119 1539 2176 1596 δὲ
2205 1542 2341 1616 πρὸς
2387 1544 2488 1610 τὴν
2548 1543 2815 1616 ἁμαρτίαν
2874 1541 3195 1617 πικρότερον
3256 1537 3532 1615 ἐρεθίζων,
3565 1535 3772 1614 φθείρει

2122 1631 2216 1704 μὲν
2252 1629 2381 1686 ὅλον
2405 1631 2494 1685 τὸν
2527 1634 2677 1699 νοῦν,
2709 1631 2799 1686 καὶ
2829 1631 2892 1686 τὸ
2923 1634 3084 1705 σῶμα
3113 1626 3171 1684 δὲ
3200 1627 3336 1703 πρὸς
3365 1627 3465 1696 τήν
3498 1627 3596 1695 τῆς
3638 1635 3775 1700 φθο-

2118 1724 2214 1795 ρᾶς
2243 1723 2431 1795 πρᾶξιν
2465 1720 2687 1796 οἷστρεῖ.
2771 1719 2773 1721 ’

415 1804 506 1858 64.
540 1806 728 1871 Quare
754 1804 803 1859 si
837 1804 1206 1877 propositum
1245 1811 1336 1862 est
1364 1806 1582 1879 virgini
1611 1807 2006 1879 incorruptam

2188 1812 2278 1866 64.
2321 1810 2414 1864 Διὸ
2473 1807 2621 1884 εἴπερ
2679 1808 2882 1873 σκοπός
2936 1807 3048 1864 ἐστι
3226 1805 3490 1899 παρθένῳΛ
3530 1803 3771 1899 άφθορον

345 1909 516 1949 suam
538 1892 873 1950 interiorem
897 1895 1294 1966 virginitatem
1324 1901 1753 1963 servare,caute
1774 1912 2008 1968 semper

345 1998 408 2037 se
438 1986 602 2053 gerat
639 1982 816 2038 etiam
862 1983 922 2038 in
975 1983 1286 2055 colloquiis
1333 2001 1468 2041 cum
1506 1985 1596 2041 his
1645 1985 2008 2041 hominibus.

344 2071 493 2126 Nam
527 2070 576 2126 si
609 2072 1074 2128 admonitionem
1096 2072 1346 2145 Sirachi,
1367 2091 1491 2145 quae
1513 2075 1584 2130 ad
1616 2073 2010 2145 integritatem

343 2161 589 2233 virginis
612 2162 889 2218 conducit
911 2163 1249 2235 recipimus,
1279 2165 1446 2232 Quasi
1464 2165 1770 2232 eunuchus,
1794 2164 2011 2236 inquit,

345 2252 702 2323 complectens
760 2253 1038 2321 virginem
1088 2261 1140 2308 et
1187 2255 1550 2325 ingemiscens
1573 2254 1619 2289 ⁴³
1664 2272 1678 2310 :
1725 2254 2012 2309 nimirum

353 2340 492 2414 quia
513 2341 670 2412 quod
704 2340 826 2396 vult
852 2342 1039 2398 facere
1071 2359 1186 2398 non
1214 2346 1425 2415 potest.
1459 2343 1600 2399 Item
1628 2359 1641 2398 :
1665 2344 2014 2400 Desiderium

349 2429 596 2487 eunuchi
645 2438 724 2485 est
770 2430 1121 2503 devirginare
1148 2432 1483 2504 puellam“.
1516 2434 1635 2489 Etsi
1683 2433 1839 2489 enim
1888 2451 2011 2488 ma-

353 2524 527 2590 trem,
552 2519 769 2590 inquit,
807 2521 882 2576 ob
911 2520 1397 2578 infecunditatem
1431 2523 1618 2579 facere
1648 2540 1763 2579 non
1796 2525 2011 2595 potest,

353 2613 413 2665 at
454 2608 856 2680 virginitatem
905 2610 956 2666 ei
1003 2614 1131 2666 vult
1175 2612 1418 2682 eripere.
1454 2613 1704 2668 Laudari
1751 2629 1888 2683 ergo
1939 2613 2013 2668 ob

353 2699 686 2755 castitatem
719 2716 834 2755 non
861 2700 1076 2756 debent
1104 2700 1167 2769 ii,
1187 2701 1403 2772 quibus
1424 2701 1692 2757 abscissa
1713 2701 2012 2773 genitalia.

354 2788 557 2860 Neque
585 2788 743 2844 enim
774 2805 980 2859 equos,
1012 2790 1168 2861 quod
1201 2806 1384 2846 cornu
1417 2808 1532 2846 non
1569 2790 1782 2845 feriant
1810 2789 2015 2846 lauda-

354 2894 514 2946 mus;
535 2879 636 2934 sed
655 2895 755 2934 eos
779 2878 1041 2951 quidem,
1057 2879 1106 2934 si
1125 2896 1241 2935 non
1265 2879 1590 2947 calcitrent,
1606 2879 2011 2936 laudabimus:

358 2967 417 3022 in
445 2967 635 3024 bobus
665 2972 885 3035 autem,
919 2968 969 3024 si
993 2985 1176 3024 cornu
1210 2985 1326 3024 non
1357 2968 1588 3040 feriant,
1613 2969 2018 3025 mansuetudi-

358 3073 494 3113 nem
527 3057 738 3113 merito
772 3058 1110 3130 probamus.
1142 3062 1268 3113 Non
1300 3059 1457 3114 enim
1498 3059 1557 3113 in
1589 3076 1704 3131 quo
1736 3059 1869 3132 quis
1900 3076 2017 3115 non

359 3147 694 3220 potest,sed
729 3147 788 3202 in
809 3164 1086 3220 quo,cum
1109 3149 1316 3220 possit,
1334 3149 1405 3204 ad
1427 3148 1704 3220 injuriam
1731 3153 2019 3221 potestate

361 3253 477 3293 non
503 3239 710 3304 utitur,
727 3237 1176 3294 admirationem
1199 3238 1394 3293 habet.
1415 3240 1578 3306 Quod
1602 3238 1652 3294 si
1680 3239 2018 3296 existimant

362 3325 792 3382 abscissionem
822 3325 1168 3398 genitalium
1192 3328 1263 3383 ad
1287 3329 1704 3384 removendum
1727 3329 1799 3384 ab
1823 3330 2024 3385 anima

363 3419 669 3488 peccatum
687 3417 1041 3484 conducere;
1064 3421 1274 3472 eruant
1289 3417 1464 3474 etiam
1482 3417 1813 3490 oculos,qui
1835 3420 2023 3474 multa

365 3508 570 3560 contra
589 3505 874 3562 rationem
903 3505 1238 3574 intuentur;
1263 3507 1585 3578 praecidant
1606 3524 1820 3563 manus
1841 3506 2020 3563 simul

364 3599 424 3651 et
454 3595 668 3667 pedes:
696 3595 1006 3651 obstruant
1026 3595 1203 3652 etiam
1226 3613 1419 3664 aures,
1445 3601 1509 3651 ut
1531 3595 1680 3652 nihil
1703 3599 1914 3651 horum
1936 3595 2023 3650 in-

365 3689 764 3741 strumentum
787 3685 889 3740 flat
910 3684 1152 3757 peccati.
1178 3684 1275 3740 Vel
1298 3684 1347 3740 si
1367 3685 1530 3742 istud
1553 3685 1793 3756 quidem
1817 3685 2019 3739 absur-

368 3775 510 3830 dum
540 3777 630 3830 est
659 3772 836 3829 simul
869 3779 924 3830 et
954 3773 1266 3846 furiosum,
1299 3775 1435 3831 totis
1475 3773 1757 3830 membris
1789 3772 2020 3828 undeli-

369 3864 468 3919 bet
489 3861 789 3926 abscissis.
809 3863 1101 3934 reliquum
1124 3881 1336 3935 corpus
1368 3863 1578 3920 inutile
1598 3862 1787 3918 instar
1805 3861 2018 3930 trunci,

371 3957 438 4008 ut
458 3951 691 4019 dicitur,
712 3950 951 4008 omnino
974 3952 1257 4024 projicere
1277 3970 1412 4008 cum
1436 3953 1564 4024 ipsa
1588 3950 1712 4007 vitii
1735 3968 1932 4022 causa,
1957 3968 2023 4007 ac

372 4044 570 4096 tamen
601 4042 673 4096 ob
705 4041 995 4113 imagines
1023 4059 1128 4113 per
1169 4044 1434 4098 membra
1464 4041 1626 4114 prius
1655 4041 2026 4099 introductae

375 4129 572 4187 animo
602 4145 872 4202 peccare;
905 4131 1094 4188 satius
1125 4137 1216 4188 est
1235 4131 1466 4200 relicto;
1501 4131 1583 4187 ita
1612 4136 1677 4188 ut
1706 4133 2025 4188 formatum

375 4223 486 4287 est,
506 4235 768 4292 corpore,
789 4223 970 4286 casta,
1007 4223 1071 4276 ut
1102 4237 1282 4291 supra
1311 4220 1535 4276 dictum
1567 4224 1676 4288 est,
1709 4239 1777 4277 ac
1808 4237 2029 4293 tempe-

376 4310 529 4366 ranti
561 4312 787 4366 ratione
817 4311 1084 4367 membra
1112 4311 1313 4366 omnia
1350 4326 1570 4383 regere,
1592 4311 1873 4366 virtutem
1911 4327 2030 4367 non

376 4399 748 4456 necessitatis
765 4400 864 4455 sed
887 4399 1205 4456 voluntatis
1231 4404 1442 4455 nostris
1465 4397 1779 4470 pasclarum
1811 4415 2031 4455 munus

377 4487 717 4544 efficientes.
732 4489 932 4561 Neque
951 4505 1083 4546 vero
1104 4489 1175 4545 de
1197 4488 1469 4545 omnibus
1487 4488 1727 4543 omnino
1743 4488 2032 4544 eunuchis

2119 1898 2315 1969 ἑαυτῆς
2341 1900 2440 1968 τὴν
2495 1895 2644 1954 ἔνδον
2705 1898 2990 1972 παρθενίαν
3046 1895 3298 1976 φυλάξαι,
3330 1888 3639 1971 άκριϐούτω
3677 1891 3773 1946 καὶ

2117 1989 2215 2050 τὰς
2247 1989 2384 2065 πρὸς
2433 1988 2658 2050 τούτους
2705 1987 2785 2042 ἀεὶ
2841 1985 3087 2061 ὁμιλίας.
3121 1985 3186 2042 Εἴ
3239 1985 3341 2061 γὰρ
3391 1984 3479 2039 καὶ
3511 1983 3611 2052 τὴν
3645 1985 3775 2036 ςτοῦ

2121 2078 2303 2155 Σιρὰχ
2347 2078 2656 2154 παραίνεσιν
2718 2071 3185 2151 συμϐαλλομένην
3247 2073 3324 2137 εἷς
3382 2075 3445 2128 τὸ
3503 2069 3782 2148 ἄχραντον

2118 2174 2221 2238 τῆς
2277 2166 2546 2244 παρθένου
2777 2164 3076 2242 δεχόμεθα,
3132 2166 3221 2227 Ὦς
3279 2162 3563 2238 εὐνοῦχος,
3616 2160 3777 2240 φησὶ,

2121 2251 2546 2334 περιλαμϐάνων
2635 2255 2920 2331 παρθένον,
2975 2255 3066 2309 καὶ
3141 2254 3427 2323 στενάζων·
3478 2251 3694 2312 πάντως
3726 2246 3786 2305 δὲ

2123 2345 2205 2401 ὅτι
2239 2347 2307 2400 οὐ
2338 2343 2557 2400 δύναται
2586 2345 2614 2400 ’ὁ
2650 2345 2904 2421 βούλιτθι
2935 2346 3153 2416 πρᾶξαι.
3186 2342 3310 2413 Καὶ,
3345 2340 3643 2414 Ἐπιθυμία
3691 2338 3783 2394 εὖ·

2122 2435 2329 2513 νούχου
2360 2435 2812 2512 άποπαρθενῶσαι
2867 2430 3104 2491 νεάνιδα.
3136 2433 3202 2490 Εἰ
3253 2432 3344 2487 καὶ
3395 2431 3607 2506 μητέρα
3652 2430 3780 2506 γὰρ,

2124 2525 2281 2606 φησὶ,
2316 2523 2406 2581 διὰ
2458 2527 2522 2581 τὸ
2579 2521 2773 2601 ἄγονον
2831 2524 2895 2578 οὐ
2953 2527 3122 2596 ποιεῖ,
3159 2521 3780 2595 ἀλλ’ἀποπαρθενεῦσαι

2123 2615 2291 2686 αὐτὴν
2347 2615 2514 2671 θέλει.
2549 2613 2625 2673 Οὐ
2681 2613 2862 2669 τοίνυν
2924 2612 3009 2667 ἐπὶ
3061 2609 3382 2690 σωφροσύνῃ
3443 2607 3776 2663 ἐπαινεῖσθαι

2123 2707 2390 2782 προσήκει
2419 2703 2551 2768 τοὺς
2607 2703 3094 2776 ἆποκοπτομένους
3150 2701 3216 2756 τὰ
3264 2701 3451 2774 μόρια.
3483 2695 3624 2756 Οὐδὲ
3667 2695 3773 2771 γὰρ

2122 2795 2250 2858 τοὺς
2299 2794 2504 2858 ’ίππους
2551 2794 2625 2855 ὡς
2678 2793 2754 2865 μὴ
2800 2789 3175 2864 κερατίζοντας
3232 2788 3576 2859 ἐπαινοῦμεν,
3629 2783 3777 2839 άλλά

2122 2886 2348 2941 τούτους
2383 2884 2476 2957 μὲν
2508 2881 2555 2936 ei
2606 2881 2681 2954 μὴ
2732 2881 3078 2948 λακτίζουσιν
3129 2875 3500 2948 έπαινέσομεψ
3532 2873 3660 2933 τοὺς
3715 2871 3772 2926 δὲ

2130 2976 2280 3050 βοῦς,
2315 2972 2362 3028 εἴ
2407 2974 2518 3045 (59)
2575 2971 2648 3044 μὴ
2700 2968 3062 3043 κερατίζουσι,
3094 2973 3192 3036 τῆς
3245 2960 3774 3050 ἡμερότητοςῗκατὲ

2127 3049 2290 3138 λόγον
2346 3057 2735 3133 ἀποδεξόμεθα.
2769 3057 2844 3116 Οὐ
2903 3057 3004 3132 γὰρ
3061 3055 3112 3110 έν
3169 3056 3214 3127 ᾧ
3266 3055 3340 3126 μὴ
3392 3049 3614 3106 δύναταί
3670 3069 3777 3138 τις,

2131 3134 2257 3210 ἀλλ’
2288 3152 2340 3207 έν
2375 3152 2420 3224 ᾧ
2453 3147 2746 3223 δυνάμενος
2776 3147 2880 3202 οὐκ
2907 3145 2982 3208 εἲς
3015 3142 3228 3199 ἀδικίαν
3261 3143 3528 3216 κέχρὴτπι
3557 3142 3628 3212 τῇ
3690 3134 3786 3191 δυ-

2130 3243 2312 3316 νάμει,
2369 3240 2718 3313 θαυμάζεται.
2751 3235 2822 3293 Ei’
2873 3233 2931 3291 δὲ
2979 3231 3185 3289 οἷόνταί
3234 3252 3287 3286 τι
3343 3230 3442 3298 τὴν
3499 3225 3786 3292 ἀποκοπὴν

2131 3336 2238 3387 τῶν
2277 3329 2482 3404 μορίων
2517 3327 2594 3390 είς
2624 3328 2724 3396 τὴν
2779 3328 2882 3391 τῆς
2939 3326 3126 3399 ψυχῆς
3185 3317 3594 3394 ἀναμαρτησίαν
3649 3336 3790 3404 συμλο

2132 3401 2454 3487 ϐάλλεσθαι,
2488 3416 2870 3489 ἰκκοψάτωσαν
2912 3413 3002 3467 καὶ
3051 3411 3182 3473 τοὺς
3229 3405 3570 3487 ὀφθαλμοὺς,
3601 3401 3788 3460 πολλὰ

2129 3509 2278 3583 παρὰ
2326 3507 2493 3580 λόγον
2571 3498 2948 3576 ἐμϐλέποντας
3007 3502 3119 3572 (60)
3148 3519 3162 3533 ο
3218 3494 3785 3583 ἀκρωτηριασάτωσαν

2131 3579 2338 3658 δὲ’τὰς
2392 3579 2584 3668 χεῖρας
2645 3591 2787 3661 ὁμιῦ
2844 3589 2932 3644 καὶ
2991 3586 3119 3649 τοὺς
3151 3583 3342 3650 πόδας·
3377 3579 3788 3639 έπιὸυσάτωσαν

2132 3683 2190 3740 δὲ
2217 3683 2306 3738 καὶ
2335 3682 2434 3750 τὴν
2467 3682 2659 3750 ἀκοὴν,
2686 3676 2779 3739 ’ίνα
2813 3675 2982 3752 μηδὲν
3012 3675 3220 3732 τούτων
3283 3677 3508 3753 ὄργανον
3566 3671 3788 3750 γένηται

2131 3770 2420 3848 ἁμαρτίας.
2454 3771 2522 3826 ’Π
2579 3773 2741 3826 τοῦτο
2805 3769 2900 3842 μὲν
2959 3763 3160 3842 ὂίλογον
3222 3765 3336 3839 ἅμα
3371 3763 3461 3819 καὶ
3497 3759 3789 3838 μανιῶδες,

2134 3862 2238 3919 ὅλα
2287 3861 2356 3917 τὰ
2409 3859 2549 3934 μέλη
2608 3857 2949 3932 πανταχόθεν
3009 3855 3430 3930 περικόψαντας,
3460 3853 3524 3908 τὸ
3575 3849 3641 3920 δὴ
3695 3850 3791 3907 λε-

2131 3954 2390 4030 γόμενον,
2447 3951 2661 4021 κορμοῦ
2719 3945 2876 4014 δίκην
2934 3947 2997 4002 τὸ
3054 3943 3250 4000 λοιπὸν
3322 3947 3482 4017 σῶμα
3563 3942 3790 4017 ἀχρεῖον

2135 4039 2330 4103 ἁπλῶς
2360 4037 2661 4115 ἆπορῥῖψαι
2715 4036 2850 4110 μετὰ
2894 4040 2989 4091 τνῦ
3037 4034 3238 4104 αῗτίου,
3280 4031 3432 4106 ὅμως
3478 4037 3596 4093 ταῖς
3654 4050 3795 4107 προ-

2137 4126 2436 4192 λαϐούσαις
2466 4125 2555 4183 διὰ
2605 4131 2716 4182 τῶν
2778 4123 2963 4200 μελῶν
3023 4123 3337 4202 φαντασίαις
3387 4121 3489 4191 τήν
3547 4118 3792 4175 διάνοιαν

2137 4217 2464 4295 ἁμαρτάνειν
2501 4236 2516 4251 ·
2567 4215 2824 4278 ἐάσαντας
2884 4212 2942 4270 δὲ
2998 4215 3132 4288 (61),
3191 4213 3266 4276 ὡς
3334 4209 3600 4280 ἐπλάσθη,
3656 4210 3799 4264 κατὰ

2137 4310 2228 4364 τὸν
2263 4305 2515 4382 ἀνωτέρω
2547 4305 2736 4379 λόγον,
2763 4305 3003 4381 σώφρονι
3035 4301 3289 4377 λογισμῷ
3332 4303 3576 4376 ἡνιοχεῖν
3624 4297 3799 4353 πάντα

2136 4399 2206 4454 τὰ
2258 4395 2424 4470 μέλη,
2459 4396 2558 4450 οὑκ
2607 4392 2868 4471 ἀνάγκης,
2897 4392 3045 4451 ἀλλὰ
3097 4391 3469 4468 προαιρέσεως
3523 4388 3797 4464 ἡμετέρας

2139 4488 2203 4542 τὸ
2255 4485 2589 4561 κατόρθωμα
2619 4483 2682 4538 τὸ
2710 4480 2883 4539 καλὸν
2929 4480 3316 4555 ποιουμένους.
3349 4479 3426 4537 Οὐ
3475 4477 3600 4552 περὶ
3656 4479 3800 4533 πάν-

380 4592 449 4632 ea
479 4576 733 4634 diximus
764 4595 890 4649 quas
939 4579 1226 4635 hactenus
1268 4577 1796 4650 exposuimus,sed
1845 4578 1917 4633 de
1959 4577 2018 4633 iis

2137 4597 2247 4632 των
2281 4572 2339 4629 δὲ
2387 4572 2627 4630 καθόλου
2685 4570 2966 4648 εὐνούχων
3018 4571 3087 4626 τὰ
3141 4567 3530 4644 προεκτεθέντα
3575 4566 3800 4644 εἶρηκα·

381 4666 505 4738 qui,
529 4669 594 4722 ut
624 4667 738 4722 sibi
767 4667 1066 4725 licentiam
1096 4667 1410 4724 concilient
1429 4683 1562 4723 cum
1585 4665 1822 4723 feminis
1843 4667 1915 4723 ad
1940 4683 2030 4722 ar-

379 4755 623 4811 bitrium
655 4756 906 4827 vivendi,
937 4758 1289 4830 semetipsos
1317 4758 1496 4814 stulte
1525 4760 1930 4814 exsecuerunt.
1955 4759 2033 4813 Ac

379 4845 703 4918 generatim
733 4851 803 4903 de
831 4847 925 4916 iis,
960 4847 1060 4918 qui
1090 4847 1404 4904 mulierum
1434 4847 1868 4903 familiaritates
1899 4862 2033 4920 per-

379 4940 732 5008 sequuntur,
768 4937 889 4993 haec
919 4937 1194 4993 diximus.
1222 4937 1502 4994 Novimus
1541 4937 1698 4994 enim
1749 4938 2035 5011 quemad-

381 5028 625 5084 modum
655 5026 763 5083 viri
794 5026 1070 5084 mulieres
1102 5032 1305 5083 sancte
1343 5031 1616 5100 tangunt,
1650 5028 1733 5085 ita
1761 5031 1819 5084 et
1848 5043 2034 5085 eunu-

451 5172 497 5208 ‘3
528 5172 705 5229 Eccli.
735 5190 871 5245 xxx,
902 5173 994 5229 21.
1070 5173 1118 5208 “
1147 5170 1321 5228 Eccli.
1353 5189 1449 5241 xx,
1486 5173 1534 5228 1.

383 5317 567 5443 In(57)
597 5315 778 5374 Ἀλλὰ
832 5317 942 5376 καί.
995 5317 1344 5391 Conjunctio
1403 5317 1606 5376 addita
1652 5336 1723 5376 ex
1768 5317 2040 5390 pluribus

447 5405 528 5443 se.

455 5460 572 5544 (ἓξ)
599 5461 716 5544 Iis
744 5462 1036 5544 περοένευ·
1074 5468 1392 5544 leuamen
1419 5465 1521 5528 τῆς
1547 5456 1860 5544 radimus.-

458 5528 744 5608 (59)_Tobc
785 5528 842 5586 δέ
884 5534 1034 5608 βοῦς,
1068 5533 1134 5590 εἰ.
1166 5533 1259 5608 Sic
1306 5548 1415 5608 ope
1462 5528 1682 5608 codicis
1726 5528 2040 5608 Colbertini

387 5603 833 5674 emendavimus
886 5603 1159 5663 "vitiosam
1207 5603 1526 5674 lectionem,
1565 5603 1886 5674 vulgatam,
1920 5606 2038 5664 τοῖς

388 5669 445 5729 δὶ
479 5675 658 5751 βουσι.
700 5675 924 5734 Ibidem
975 5677 1063 5734 his
1110 5693 1304 5748 voces,
1332 5672 1469 5731 κατὰ
1515 5669 1704 5749 λόγοῆ
1735 5669 1953 5732 desunt
1979 5676 2039 5734 in

2147 4686 2268 4741 μεν,
2300 4662 2448 4720 ἀλλὰ
2504 4662 2630 4739 περὶ
2679 4666 2788 4718 τῶν
2831 4659 2904 4715 ⁸ίν³
2962 4659 3202 4730 ἐξουσίαν
3271 4659 3484 4720 ἑαυτοῖς
3541 4677 3804 4733 πραγμα-

2139 4754 2458 4825 τεύσωνται,
2491 4752 2566 4815 ὡς
2623 4749 2873 4806 θέλουσιν
2932 4747 3152 4822 ὁμιλεῖν
3208 4746 3472 4822 γυναιξὶν,
3519 4747 3804 4820 ἀποκοψα-

2148 4845 2324 4919 μένων
2380 4837 2618 4904 ἀτόπως.
2654 4839 2760 4897 Καὶ
2818 4838 3059 4895 καθόλου
3113 4837 3238 4914 περὶ
3280 4843 3389 4893 τῶν
3420 4836 3514 4900 τὰς
3545 4837 3680 4912 πρὸς
3739 4837 3806 4890 τὸ

2145 4934 2288 5002 θῆλυ
2324 4927 2605 5008 διατριϐὰς
2642 4927 3088 5004 μεταδιωκόντων
3120 4925 3286 4984 ταῦτά
3332 4948 3528 5007 φαμεν.
3562 4921 3809 4999 Ο’ίδαμεν

2147 5026 2275 5103 γὰρ,
2310 5022 2392 5080 δτι
2453 5023 2527 5085 ὡς
2573 5019 2741 5098 ἁγίως
2792 5020 3052 5075 ἅπτονται
3101 5015 3289 5093 ἄνδρες
3336 5020 3628 5092 γυναικῶν,
3660 5013 3811 5071 οὕτω

2151 5315 2602 5396 Nerienem:
2898 5383 2954 5396 η.
3093 5382 3108 5396 .
3407 5380 3445 5396 -ο

2154 5381 2171 5388 ’
2224 5387 2338 5514 ἳὸῡ)
2394 5381 2831 5461 Ἐμὸλέποντας.
2897 5383 2992 5441 Sic
3052 5382 3252 5458 plures
3319 5381 3570 5440 codices.
3640 5381 3816 5452 Editi,

2154 5454 2554 5535 βλίτοντοεςιμ
2867 5528 2915 5535 --
3036 5531 3044 5535 ,
3185 5531 3194 5535 _
3439 5527 3471 5535 _
3549 5523 3617 5535 ..
3740 5524 3753 5535 .

2151 5523 2178 5658 ὲ
2209 5532 2336 5618 _(61)
2366 5532 2453 5588 At.
2497 5531 2594 5590 Sic
2641 5530 2820 5588 editio
2867 5528 3092 5587 Veneta
3144 5531 3203 5585 et
3239 5543 3381 5585 mss.
3434 5523 3816 5595 Parisiensis,

2185 5623 2252 5658 ιι.

2185 5623 2252 5661 ιι.
