4124 6384
319 394 434 454 801

1564 384 1797 447 LIBER
1835 383 1940 444 DE
1980 383 2512 446 VIRGINITATE.

3621 388 3745 448 802

319 520 410 577 καὶ
442 521 493 576 οἱ
524 521 782 595 εὐνοῦχοι
808 522 888 591 τῷ
915 519 967 589 ἐξ
997 515 1265 579 ἀκουσίως
1296 517 1436 590 (61‘)
1467 509 1841 588 συμϐεϐηκότι
1872 512 1971 568 αύ-

2091 514 2247 583 chos,
2281 513 2383 587 qui
2411 517 2545 587 post
2573 514 2836 586 corporis
2880 515 3294 573 castrationem
3347 535 3463 573 non
3492 517 3751 576 libenter

321 615 438 672 τοῖς
467 609 604 664 κατὰ
629 609 692 663 τὸ
719 610 879 679 σῶμα
909 606 1385 679 εὐνουχισμῷ,τὸν
1408 605 1651 660 ἑκούσιον
1670 609 1771 673 τῆς
1794 605 1980 677 ψυχῆς

324 700 688 775 εύνουχισμὸν
719 699 959 776 σώφρονι
994 693 1248 772 λογισμῷ
1294 693 1516 756 ἑαυτοὺς
1551 692 1980 768 εύνουχίσαντες,

325 793 580 866 καθαρῶς
633 787 865 864 γυναιξὶν
926 784 1207 858 ὁμιλοῦσι.
1268 783 1380 841 Τοῦ
1436 781 1494 838 δὲ
1550 778 1810 859 ἀκριϐοῦς
1871 783 1984 854 ἅμα

332 881 422 935 καὶ
482 879 759 954 ἁχράντου
815 873 971 931 ἕνεκα
1029 874 1466 951 μαρθτυρόμεθα,
1526 871 1608 927 ὅτι
1660 874 1734 934 ὡς
1789 869 1981 947 ἄνδρες

330 969 487 1040 ἥδιον
546 959 1102 1043 συναναστρεφόμενοι
1160 963 1388 1040 γυναιξὶ,
1424 962 1647 1024 δικαίως
1705 963 1824 1025 καθ’
1854 963 1981 1015 ἑαυ-

325 1062 434 1114 τῶν
468 1057 701 1133 αἰσχρὰς
735 1054 987 1116 ὑπονοίας
1016 1057 1277 1108 κινοῦσιν·
1313 1052 1455 1107 οὕτω
1485 1051 1576 1106 καὶ
1626 1053 1675 1106 οἰ
1727 1050 1981 1125 εὐνοῦχοι

325 1153 447 1212 ταῖς
501 1151 609 1202 τῶν
663 1149 932 1222 γυναικῶν
994 1137 1297 1220 διατριϐαῖς
1354 1139 1692 1220 έμφωλεύειν
1752 1137 1985 1195 σπουδά-

330 1244 534 1308 ζοντες,
569 1235 630 1291 ού
687 1235 957 1311 καθαροὺς
1015 1232 1237 1295 ἑαυτοὺς
1298 1232 1566 1286 ὑπονοιῶν
1626 1228 1982 1286 ἀπολύουσιν.

327 1328 394 1384 Οἱ
423 1325 524 1402 γὰρ
553 1326 653 1395 τὴν
682 1324 821 1399 πρὸς
871 1321 1013 1394 θῆλυ
1061 1320 1288 1396 ὁμιλίαν
1341 1321 1441 1376 οὑκ
1485 1317 1804 1395 ἀδιάφορον,
1837 1315 1985 1373 ἀλλὰ

325 1411 736 1490 προθυμοτέραν
790 1412 1136 1486 ποιούμενοι,
1169 1410 1268 1464 οὐκ
1314 1407 1530 1471 ἀτόπως
1591 1407 1648 1462 ἂν
1715 1408 1819 1462 ὑπὸ
1877 1410 1981 1460 τῶν

325 1504 770 1580 προεκκειμένων
823 1506 924 1575 τῇς
981 1501 1195 1578 φύσεως
1253 1497 1536 1573 λογισμῶν
1596 1496 1684 1552 ἐπὶ
1747 1496 1812 1551 τὸ
1870 1500 1987 1571 χεῖ-

331 1613 421 1668 ρον
456 1593 571 1666 (62)
604 1587 814 1666 ἀνδρῶν
844 1587 1279 1658 στηλιτεύοιντο.
1310 1588 1430 1645 Ὃτι
1480 1586 1564 1641 ἐπ’
1601 1584 1819 1640 ἐκείνων
1889 1585 1982 1657 μὲν

327 1679 602 1753 ἠὲξουσία
649 1683 746 1735 νοῦ
805 1676 1054 1742 δύνασθαι
1109 1677 1216 1750 πρὸ
1273 1674 1576 1751 ἀφθαλμῶν
1622 1680 1831 1738 τιθεῖσα
1885 1673 1985 1728 αύ-

327 1775 444 1833 τοῖς
501 1770 564 1826 τὸ
623 1766 972 1840 ἀποτέλεσμα
1025 1770 1121 1822 τοῦ
1201 1766 1619 1841 ἁμαρτήματος,
1681 1758 1837 1842 φόϐῳ
1887 1766 1984 1818 τοῦ

330 1861 648 1932 πτώματος,
680 1864 780 1928 τῆς
811 1857 950 1912 κατά
988 1858 1087 1926 τήν
1153 1854 1416 1930 βούλησιν
1471 1853 1670 1915 αὐτοὺς
1719 1852 1982 1925 ἁμαρτίας

333 1945 670 2004 ἀναστέλλει.
706 1947 963 2004 Ἐνταῦοα
994 1941 1053 1999 δὲ
1098 1946 1132 2014 ἡ
1185 1941 1454 2016 ἀδυναμία
1510 1945 1606 1997 τοῦ
1656 1939 1978 1996 ἀποτελέσαι

327 2037 356 2091 '6
394 2035 718 2111 βούλονται,
749 2031 1070 2107 τολμηροὺς
1102 2033 1298 2094 αὐτοὺς
1341 2031 1476 2107 πρὸς
1534 2031 1633 2100 τὴν
1677 2029 1977 2085 ἀπόλαυσιν

323 2133 424 2196 τῆς
449 2124 738 2198 ἐπιθυμίας
767 2127 1021 2192 ποιοῦσα,
1052 2123 1152 2191 τὴν
1186 2120 1244 2176 ἐκ
1282 2127 1380 2190 τῆς
1436 2119 1754 2195 βουλήσεως
1802 2120 1979 2194 ἀμαρ-

322 2215 442 2270 τίαν
474 2214 526 2271 ἐν
558 2213 743 2275 αὐτοῖς
774 2208 853 2268 ἔτι
887 2209 1100 2286 μᾶλλον
1135 2209 1344 2281 ἐξάπτει
1378 2213 1513 2285 (63).

391 2307 481 2360 65.
517 2301 730 2374 Μηδεὶς
762 2299 819 2357 δέ
852 2299 1238 2357 έπισκωπτέτω
1275 2305 1354 2372 τῷ
1385 2299 1556 2376 λόγῳ,
1591 2299 1666 2362 ὡς
1715 2298 1863 2374 παρὰ
1916 2298 1978 2353 τὸ

317 2394 522 2470 πρέπον
555 2396 634 2465 τῷ
655 2393 964 2467 παρθενικῷ
993 2388 1113 2460 ἤθει
1144 2389 1220 2452 εἷς
1272 2390 1372 2458 τὴν
1433 2389 1662 2465 θεωρίαν
1721 2395 1820 2458 τῆς
1875 2387 1977 2466 φύ-

321 2502 455 2544 σεως
481 2485 580 2537 τοῦ
612 2479 831 2558 ἅῤῥενος
880 2475 1260 2553 ἐμϐαθύνοντι.
1304 2481 1530 2554 Ηρῶτον
1588 2478 1707 2551 μὲν,
1739 2475 1824 2532 ὅτι
1882 2479 1976 2532 οὐ-

324 2569 485 2645 δεμία
511 2569 654 2624 οὕτω
683 2568 852 2639 νηπία
894 2567 1004 2622 ἐστὶ
1043 2566 1326 2644 παρθένος,
1357 2562 1548 2637 ἡϐῶσα
1603 2572 1682 2640 τῷ
1741 2565 1976 2640 σώματι,

325 2663 401 2722 ὡς
435 2660 650 2718 ἀγνοεῖν
679 2677 729 2712 τι
759 2661 866 2712 τῶν
897 2656 948 2712 ἒν
980 2660 1048 2731 τῇ
1080 2655 1233 2732 φύσει
1276 2655 1501 2725 ἐκείνου,
1535 2657 1597 2712 οὗ
1653 2662 1752 2726 τῆς
1804 2654 1974 2710 πλευ-

324 2753 419 2825 ρᾶς
477 2745 990 2818 ἀπεσπάσθη.Ἕως
1050 2745 1142 2819 μὶν
1201 2747 1302 2822 γὰρ
1360 2745 1526 2815 ἀτελῆ
1585 2766 1643 2800 τε
1695 2746 1785 2800 γαὶ
1827 2742 1978 2820 ἄωρά

321 2837 433 2892 ἐστι
489 2836 626 2912 πρὸς
682 2836 780 2905 τήν
836 2837 1068 2913 φυσικὴν
1115 2835 1374 2912 ἐνέργειαν
1406 2834 1474 2889 τὰ
1508 2833 1650 2907 μέλη
1712 2839 1808 2888 τοῦ
1869 2855 1974 2888 σω-

323 2946 495 2998 ματος
527 2923 715 2995 αύτῆς,
746 2922 836 2979 καὶ
870 2921 937 2992 δὴ
971 2925 998 2978 ὁ
1027 2923 1198 2996 νόμος
1228 2930 1328 2994 τῆς
1371 2923 1636 2999 ἁμαρτίας
1687 2922 1971 2998 σχολάζει,

323 3015 415 3070 καὶ
447 3012 666 3090 ἄγνοιαν
692 3014 828 3075 ἳσως
860 3010 919 3067 ἄν
949 3033 1033 3075 τις
1087 3011 1229 3068 ε’ίποι
1281 3019 1382 3082 τῆς
1443 3019 1674 3085 φυσικῆς
1730 3012 1976 3086 πράξεως

317 3102 455 3166 τέως
481 3107 764 3177 προσεῖναι
793 3106 910 3162 τοῖς
947 3100 1190 3174 μέλεσιν,
1223 3101 1268 3155 εἰ
1316 3100 1406 3155 καὶ
1455 3099 1540 3155 ὅτι
1585 3099 1823 3173 μάλιστα
1876 3100 1974 3154 αύ-

317 3194 575 3266 τομάτως
607 3193 716 3263 (64)
749 3193 784 3260 ἡ
819 3191 978 3268 φύσις
1009 3189 1146 3266 πρὸς
1177 3191 1240 3244 τὸ
1275 3189 1473 3244 οἰκεῖον
1501 3187 1732 3266 βαδίζει,
1763 3190 1836 3251 ὡς
1885 3188 1972 3243 έπί

2012 1890 2061 1956 Β

2090 607 2450 676 susceptam,
2475 603 2862 659 voluntariam
2897 604 3104 659 animae
3135 606 3556 662 castrationem
3586 612 3750 663 casta

2093 711 2158 749 ac
2173 694 2522 764 temperanti
2540 693 2892 765 cogitatione
2909 693 3293 766 sibimetipsis
3317 697 3679 770 inferunt,pu
3689 714 3750 754 re

2093 799 2226 839 cum
2260 782 2607 838 mulieribus
2640 782 2878 838 versari.
2905 783 3014 837 Sed
3037 783 3328 840 cautionis
3362 786 3540 842 simul
3572 791 3632 843 et
3659 787 3749 842 in-

2093 872 2385 945 tegritatis
2427 888 2608 929 causa
2637 875 3060 943 contestamur,
3089 875 3585 943 quemadmodum
3618 877 3750 945 viri,

2093 964 2194 1033 qui
2225 963 2474 1018 libenter
2503 979 2638 1017 cum
2671 961 3021 1018 mulieribus
3068 967 3395 1032 versantur,
3438 969 3640 1037 turpes
3689 967 3748 1021 in

2093 1051 2444 1124 semetipsos
2493 1051 2862 1124 suspiciones
2911 1056 3146 1107 movent
3182 1069 3194 1106 :
3229 1052 3311 1108 ita
3340 1056 3397 1108 et
3444 1055 3749 1112 eunuchos

2094 1141 2193 1211 qui
2226 1142 2284 1196 in
2319 1141 2632 1197 mulierum
2674 1141 3080 1197 contuberniis
3114 1140 3362 1196 latibula
3393 1158 3502 1197 sua
3530 1143 3754 1198 consti-

2093 1234 2258 1285 tuere
2277 1230 2501 1298 volunt,
2528 1247 2707 1302 puros
2732 1231 3077 1303 semetipsos
3107 1249 3141 1286 a
3172 1230 3607 1302 suspicionibus
3637 1250 3752 1288 non

2093 1322 2540 1390 praestare.Nam
2574 1319 2674 1391 qui
2705 1319 2858 1375 678
2892 1336 3024 1375 cum
3048 1319 3397 1376 mulieribus
3426 1337 3542 1377 non
3575 1321 3752 1377 indif-

2091 1409 2366 1476 ferenter,
2417 1410 2519 1465 sed
2575 1409 2787 1481 cupide
2833 1412 3164 1480 versantur,
3214 1425 3331 1464 non
3382 1411 3638 1466 absurde
3687 1429 3757 1466 ex

2094 1499 2427 1554 manifestis
2487 1502 2710 1554 natura:
2773 1498 3105 1554 rationibus
3163 1500 3332 1570 pejus
3397 1516 3573 1572 quam
3643 1500 3754 1555 viri

2092 1589 2514 1660 vituperentur.
2547 1592 2694 1644 Nam
2741 1589 2800 1642 in
2851 1587 2994 1643 viris
3052 1588 3302 1643 facultas
3357 1605 3476 1662 qua
3529 1589 3758 1662 praditi

2094 1683 2253 1745 sunt,
2286 1678 2428 1733 dum
2461 1678 2545 1733 eis
2576 1681 2711 1733 ante
2741 1677 2943 1733 oculos
2987 1678 3153 1750 ponit
3183 1678 3476 1734 actionem
3507 1679 3758 1751 peccati,

2092 1765 2295 1837 lapsus
2325 1770 2485 1822 metu
2519 1783 2620 1822 eos
2651 1784 2684 1822 a
2718 1773 2980 1839 peccato,
3014 1768 3172 1839 quod
3195 1768 3495 1824 voluntate
3525 1769 3758 1840 perﬁci-

2093 1858 2211 1923 tur,
2260 1855 2526 1912 reﬂectit.
2580 1855 2681 1912 Hic
2751 1859 2951 1912 autem
3009 1856 3359 1927 impotentia
3409 1857 3754 1930 perﬁciendi

2093 1944 2245 2015 quod
2277 1943 2502 2015 volunt,
2536 1945 2791 2001 audaces
2820 1944 2954 2000 illos
2985 1945 3058 2001 ad
3101 1945 3517 2016 perfruendam
3549 1947 3751 2002 libidi—

2091 2048 2225 2088 nem
2278 2033 2560 2101 efﬁciens,
2597 2037 2926 2105 peccatum,
2971 2034 3127 2104 quod
3173 2033 3474 2090 voluntate
3519 2036 3753 2108 perﬁci-

2088 2125 2208 2193 tur,
2241 2123 2433 2179 adhuc
2461 2122 2651 2195 magis
2682 2123 2742 2178 in
2775 2123 2862 2179 eis
2893 2121 3178 2178 accendit.

2158 2302 2248 2356 65.
2280 2301 2463 2357 Nemo
2492 2303 2692 2356 autem
2721 2299 2949 2356 vellicet
2996 2300 3156 2356 hunc
3209 2315 3541 2357 sermonem
3576 2303 3750 2373 quasi

2089 2391 2288 2447 minus
2310 2390 2720 2446 convenienter
2734 2390 3012 2462 virgineis
3031 2389 3296 2446 moribus
3318 2391 3378 2446 in
3403 2391 3754 2464 speculatio-

2088 2499 2221 2538 nem
2274 2486 2498 2538 naturze
2545 2481 2794 2538 masculi
2848 2485 3132 2552 penetret.
3165 2485 3311 2536 Nam
3363 2482 3553 2554 primo
3588 2483 3752 2540 nulla

2088 2572 2232 2627 adeo
2261 2572 2457 2627 infans
2489 2575 2579 2627 est
2608 2571 2793 2642 virgo,
2827 2572 3001 2627 modo
3033 2571 3261 2642 pubens
3291 2570 3370 2626 sit
3399 2587 3664 2643 corpore,
3685 2577 3751 2628 ut

2087 2661 2409 2732 quidquam
2440 2660 2668 2732 ignoret
2698 2661 2772 2715 ad
2805 2663 3078 2715 naturam
3102 2659 3262 2715 illius
3284 2660 3750 2732 attinens,cujus

2086 2767 2118 2806 e
2146 2750 2327 2805 latere
2359 2749 2562 2805 avulsa
2592 2752 2682 2804 est
2709 2749 2774 2804 ‘5.
2807 2749 3100 2814 Quamdiu
3133 2749 3287 2805 enim
3319 2748 3667 2822 imperfecta
3696 2753 3755 2806 et

2084 2839 2406 2895 immatura
2435 2842 2574 2895 sunt
2605 2839 2677 2894 ad
2701 2838 3030 2894 naturalem
3061 2839 3457 2910 operationem
3479 2841 3752 2897 membra

2083 2929 2243 2984 illius
2274 2928 2560 3000 corporis,
2590 2943 2657 2982 ac
2686 2927 2777 2983 lex
2807 2927 3029 2999 peccati
3056 2928 3300 2984 feriatur
3335 2946 3350 2998 ;
3384 2928 3528 2984 forte
3572 2929 3751 2986 etiam

2085 3017 2218 3089 quis
2248 3017 2674 3089 ignorationem
2706 3015 2999 3072 naturalis
3028 3016 3277 3073 actionis
3302 3016 3538 3072 interim
3561 3033 3750 3074 mem-

2083 3106 2205 3161 bris
2236 3106 2431 3161 inesse
2461 3105 2673 3160 dixerit
2706 3123 2718 3161 :
2752 3105 2864 3160 etsi
2897 3120 3075 3177 quam
3109 3105 3366 3161 maxime
3397 3108 3609 3162 natura
3642 3124 3753 3164 sua

2089 3199 2298 3266 sponte
2323 3194 2700 3267 progreditur
2730 3194 2803 3250 ad
2835 3194 2894 3249 id
2929 3195 3083 3265 quod
3114 3194 3227 3250 sibi
3274 3195 3562 3266 convenit,
3597 3200 3661 3251 ut
3689 3196 3750 3252 in

318 3285 428 3336 τῶν
457 3279 678 3355 ἀλόγων
712 3273 852 3334 ἔστιν
888 3275 1046 3351 ἴδεῖν,
1077 3277 1450 3352 αύτοδιδάκτῳ
1482 3283 1548 3353 τῇ
1591 3278 1746 3358 φύσει
1795 3278 1976 3335 εύστο-

2091 3261 2280 3340 ὺ-ιυυὶὶε
2313 3261 2508 3339 νὶάοῖο
2536 3287 2648 3353 est,
2699 3300 2828 3355 quae
2877 3261 3082 3339 edocta
3121 3301 3230 3339 sua
3280 3290 3488 3356 sponte
3537 3261 3753 3342 natura

322 3368 575 3445 χούντων
610 3367 764 3431 εὐθὺς
795 3368 931 3444 πρὸς
961 3369 1056 3430 τὰς
1093 3367 1286 3442 μίξεις.
1320 3367 1425 3424 Καὶ
1483 3367 1674 3423 παιδία
1726 3367 1783 3424 δὲ
1839 3369 1979 3446 ἐφω-

319 3461 459 3536 ράθη
524 3457 579 3514 ἰν
640 3459 710 3530 τῇ
767 3456 940 3532 ἀωρίᾳ
989 3461 1097 3511 τῶν
1162 3457 1344 3530 μελῶν
1403 3459 1502 3526 τὴν
1553 3455 1806 3533 ἀνδρικὴν
1840 3458 1981 3531 μίξιν

323 3545 662 3621 μιμούμενα.
697 3544 944 3600 Ἐπειδὰν
979 3543 1036 3601 δὶ
1086 3541 1272 3622 ἡϐήσῃ
1333 3551 1520 3616 ταῦτα,
1553 3548 1642 3602 καὶ
1701 3545 1982 3619 ἐπιτήδεια

319 3636 460 3712 πρὸς
521 3637 586 3704 ἣν
643 3633 850 3708 πέφυκε
908 3635 1092 3710 σχέσιν
1154 3636 1318 3712 ὀφθῇ,
1353 3635 1508 3700 εὐθὺς
1569 3638 1596 3692 ὁ
1652 3638 1823 3710 νόμος
1880 3644 1979 3708 τῆς

321 3732 594 3806 ἁμαρτίας
626 3730 870 3800 εἰσῆλθε,
900 3734 1213 3803 νομοθετῶν
1250 3733 1343 3804 μὲν
1403 3733 1608 3807 ἑκάστῳ
1668 3733 1821 3808 μέλει
1878 3738 1977 3806 τὴν

320 3819 544 3894 πρᾶξιν,
579 3817 1002 3894 ἁντιστρατεύων
1031 3817 1089 3874 δὲ
1117 3821 1186 3874 τὰ
1220 3819 1361 3892 μέλη
1393 3825 1490 3875 τοῦ
1536 3823 1712 3895 νόμου
1757 3828 1835 3896 τῷ
1880 3829 1979 3897 νῷ,

319 3907 414 3962 καὶ
448 3903 884 3982 αίχμαλωτίζων
918 3912 997 3980 τῷ
1028 3907 1182 3980 νόμῳ
1210 3915 1311 3978 τῆς
1342 3911 1610 3983 ἁμαρτίας
1640 3909 1728 3966 διὰ
1756 3917 1863 3968 τῶν
1900 3936 1986 3986 με.

322 3993 436 4050 λῶν
498 3994 724 4050 ἕκαστον
787 3997 1097 4072 ἄνθρωπον.
1133 3996 1228 4052 Καὶ
1281 3997 1380 4052 οὐκ
1426 3997 1484 4053 ἄν
1530 4020 1582 4053 τι
1622 4004 1729 4054 τῶν
1774 4001 1980 4076 μελῶν,

315 4083 486 4158 νόμον
546 4081 676 4160 ἕχον
737 4087 847 4159 (65)
908 4082 1257 4155 διδάσκαλον,
1283 4093 1384 4156 τῆς
1440 4089 1576 4161 πρὸς
1630 4090 1695 4159 ἢν
1747 4089 1979 4166 πέφυκεν

316 4173 589 4249 ἁμαρτίας
621 4171 843 4248 ἄγνοιαν
899 4175 1318 4252 προφασίσαιτο.
1352 4173 1530 4233 Ἀλλὰ
1582 4177 1650 4232 τά
1697 4198 1757 4232 τε
1813 4179 1978 4254 χείλη

317 4259 458 4317 οἶδεν
521 4260 574 4316 έν
632 4267 751 4325 τοῖς
812 4260 1099 4338 ἐρωτικοῖς
1142 4264 1279 4339 πρὸς
1324 4265 1384 4334 ἣν
1414 4264 1620 4341 πέφυκε
1649 4264 1862 4342 χρείαν,
1889 4286 1980 4339 καὶ

313 4347 542 4406 ’ἑκαστον
575 4352 682 4406 τῶν
719 4350 900 4425 μελῶν
940 4357 1198 4408 τοσοῦτον
1231 4354 1293 4408 τὸ
1345 4360 1442 4409 τοῦ
1492 4356 1833 4431 ἱτερογενοῦς
1885 4357 1978 4431 μέ-

315 4437 415 4503 λος
444 4439 718 4516 γνωρίζει,
744 4441 869 4496 ὅσον
903 4441 1061 4496 ἑαυτὸ
1109 4444 1245 4497 κατᾶ
1295 4443 1448 4522 φύσιν
1496 4443 1796 4502 ἐπισταται.
1829 4445 1980 4503 Ἐπεὶ

315 4530 419 4584 οὐκ
457 4527 518 4585 ἂν
552 4527 676 4585 οὔτε
707 4529 1019 4604 ἐπεθύμησε
1066 4534 1165 4600 τὴν
1211 4537 1310 4588 τοῦ
1359 4533 1562 4606 μέλους
1611 4534 1899 4610 ἐνέργειαν,
1935 4536 1980 4592 εί

2091 3374 2290 3430 statim
2308 3373 2366 3428 in
2386 3373 2735 3429 concubitus
2754 3372 3195 3437 feruntur.Quin
3211 3373 3386 3429 etiam
3401 3374 3753 3446 deprehensi

2091 3467 2233 3520 sunt
2263 3463 2518 3519 infantes
2570 3462 2852 3518 membris
2901 3463 3237 3518 immaturis
3267 3463 3498 3519 virilem
3529 3480 3747 3522 concu-

2090 3553 2282 3609 bitum
2311 3552 2554 3608 imitari.
2589 3553 2734 3608 Cum
2766 3557 2960 3607 autem
2993 3552 3260 3608 membra
3290 3553 3644 3625 pubescunt,
3679 3571 3746 3611 ac

2090 3645 2334 3702 ideonea
2351 3643 2625 3699 videntur
2645 3643 2716 3698 ad
2745 3641 3152 3698 habitudinem
3172 3643 3243 3698 ad
3267 3659 3445 3714 quam
3468 3648 3749 3716 generata

2091 3739 2250 3801 sunt,
2284 3734 2484 3790 statim
2533 3733 2626 3789 lex
2673 3733 2894 3804 peccati
2941 3731 3165 3799 introit,
3197 3733 3581 3804 praescribens
3613 3733 3745 3789 uni-

2091 3824 2297 3895 cuique
2323 3823 2588 3880 membro
2618 3822 2931 3890 actionem,
2953 3822 3220 3877 membra
3249 3822 3530 3878 adversus
3554 3821 3743 3892 legem

2093 3913 2308 3970 mentis
2353 3913 2413 3968 in
2477 3913 2661 3968 aciem
2710 3912 2986 3981 educens,
3040 3927 3142 3984 per
3207 3911 3475 3967 membra
3530 3929 3747 3968 unum-

2093 4017 2388 4074 quemque
2411 4000 2705 4057 hominem
2729 4001 3024 4072 captivum
3047 3998 3159 4072 legi
3193 4001 3414 4072 peccati
3445 4001 3746 4056 addicens.

2091 4091 2206 4146 Nec
2218 4089 2406 4145 ullum
2425 4105 2566 4144 sane
2589 4089 2922 4144 membrum
2939 4088 3279 4160 magistram
3295 4089 3519 4146 habens
3533 4089 3746 4164 legem,

2090 4178 2334 4252 peccati,
2358 4178 2428 4232 ad
2463 4178 2618 4248 quod
2651 4181 2862 4232 natura
2885 4177 3086 4244 fertur,
3135 4177 3564 4249 ignorationem
3601 4196 3749 4250 prae-

2089 4271 2291 4326 textat.
2309 4267 2418 4323 Sed
2442 4266 2600 4322 labia
2619 4265 2816 4323 sciunt
2842 4265 2905 4322 in
2939 4266 3240 4322 amatoriis
3270 4267 3446 4322 rebus
3475 4268 3544 4322 ad
3569 4284 3745 4338 quem

2091 4374 2267 4416 usum
2307 4360 2519 4412 natura
2561 4355 2773 4410 idonea
2822 4354 2962 4421 sint,
2992 4371 3058 4410 ac
3106 4355 3428 4427 unicuique
3479 4357 3746 4413 membro

2089 4452 2320 4505 tantum
2370 4444 2610 4502 alterius
2659 4460 2835 4500 sexus
2891 4443 3225 4499 membrum
3277 4443 3578 4517 cognitum
3637 4449 3747 4511 est,

2089 4540 2377 4611 quantum
2399 4534 2786 4605 semetipsum
2810 4537 3022 4588 natura
3042 4534 3570 4606 cognoscit.Neque
3592 4535 3748 4591 enim

312 4619 500 4694 ἠγνόει
526 4619 627 4688 τήν
663 4619 818 4697 φύσιν
852 4620 1016 4675 αὐτοῦ
1047 4620 1136 4676 καὶ
1167 4622 1266 4690 τήν
1295 4623 1508 4697 χρείαν.
1546 4625 1708 4678 Ὥστε
1747 4626 1848 4680 οὐκ
1892 4625 1976 4680 εὐ-

2091 4625 2333 4686 membri
2366 4629 2565 4680 actum
2587 4623 3052 4694 concupisceret,
3077 4625 3128 4679 si
3153 4624 3449 4696 ignoraret
3471 4628 3747 4680 naturam

316 4708 482 4777 θύνης
533 4705 697 4780 ἄξιοι,
727 4710 789 4764 τὸ
837 4710 1240 4786 γινωσκόμενον
1295 4713 1441 4786 παρὰ
1485 4719 1606 4775 ταῖς
1664 4715 1972 4788 παρθένοις,

311 4796 672 4871 σιωπώμενον
708 4796 765 4852 δὲ
815 4796 903 4854 διὰ
949 4800 1010 4854 τὸ
1058 4799 1372 4877 ἀναγκαῖον,
1406 4801 1457 4856 έν
1506 4807 1680 4878 καιρῷ
1737 4804 1970 4860 ἀναπτύ-

312 4891 511 4962 ξαντες.
551 4891 761 4954 Ἔπειθ’
791 4891 876 4959 ὅτι
933 4889 985 4946 εἷ’
1031 4893 1122 4947 καὶ
1183 4893 1432 4970 ἀγνοοῦσι
1485 4896 1584 4964 τήν
1625 4901 1723 4950 τοῦ
1753 4893 1976 4972 ἄρρενος

311 4977 488 5054 φύσιν,
522 4979 598 5041 ὡς
631 4975 690 5034 ἂν
725 4980 802 5052 μή
839 4977 974 5048 αὕτη
1023 4982 1059 5049 ἡ
1114 4977 1300 5056 ἄγνοια
1352 4980 1544 5058 δέλεαρ
1602 4984 1825 5059 γένηται
1877 4985 1972 5041 αὖ·

390 5125 436 5160 “
457 5129 598 5183 Gen.
634 5143 697 5196 ιι,
727 5127 818 5183 22.

667 5267 956 5344 ἀκουσίως.
994 5273 1161 5330 Forte
1188 5271 1240 5344 ἒξ
1273 5270 1550 5330 ἀκουσίου.
1578 5275 1740 5331 EDIT.

401 5342 493 5426 62)
526 5341 646 5425 Ἐπὶ
675 5343 740 5426 το
767 5347 974 5426 χεῖρον.
1018 5341 1246 5426 Yitiose
1285 5363 1527 5426 prorsus
1575 5349 1740 5426 addit
1778 5347 1968 5426 _e_ditio

309 5413 679 5489 Parisiensis,
716 5413 1166 5489 ἀεῖ-φερομένων.

311 5490 372 5540 ta
401 5503 507 5542 nec
528 5485 599 5558 in
632 5502 778 5558 mss.
811 5485 1110 5558 leguntur.

352 5557 492 5639 _(63)
526 5556 815 5639 meum,
846 5556 1006 5614 Hanc
1061 5561 1413 5639 scripturam
1464 5565 1580 5619 duo
1611 5567 1837 5639 tantum
1871 5580 1965 5619 co-

309 5628 467 5685 dices
498 5633 844 5702 agnoscunt,
867 5647 1120 5701 quorum
1153 5628 1211 5688 in
1243 5634 1425 5691 altero
1453 5637 1712 5692 secunda
1732 5639 1964 5691 tantum

309 5716 487 5757 manu
507 5702 806 5775 leguntur.
847 5702 1073 5760 Habent
1096 5702 1220 5777 alii,
1255 5705 1564 5780 ὲνάγειὸθὰ
1598 5712 1793 5764 tamen
1817 5707 1966 5762 nihil

1202 5419 1334 5475 Haec
1360 5420 1517 5475 enim
1550 5438 1656 5476 nec
1690 5421 1746 5475 in
1778 5421 1968 5478 Vene-

2084 4717 2460 4780 illius.Quare
2481 4712 2646 4784 digni
2670 4712 3124 4784 reprehensione
3141 4729 3255 4767 non
3282 4713 3571 4779 sumus,si
3593 4715 3748 4785 quod

2083 4805 2411 4878 virginibus
2443 4801 2743 4874 cognitum
2775 4805 2885 4870 est,
2912 4803 3014 4858 sed
3047 4804 3120 4858 ob
3153 4803 3567 4859 necessitatem
3599 4808 3752 4858 tace-

2084 4895 2266 4964 tur,id
2291 4894 2348 4948 in
2370 4897 2635 4964 tempore
2666 4890 3079 4962 explicuimus.
3106 4891 3326 4948 Deinde
3356 4907 3490 4947 vero
3515 4891 3746 4948 etiamsi

2084 4986 2424 5060 ignorarent
2440 4978 2688 5037 masculi
2711 4983 3007 5048 naturam,
3032 4997 3105 5037 ne
3130 4980 3254 5037 hac
3281 4981 3575 5053 ignoratio
3597 4981 3749 5054 ipsis

2083 5278 2277 5334 visum
2309 5276 2399 5330 est
2431 5271 2805 5328 mutandum.

2152 5349 2264 5420 (64)
2297 5341 2654 5420 Ᾱὺτομᾴτως.
2687 5341 2964 5420 lﬁonn_ul_l_i
2997 5343 3250 5420 codices,
3283 5339 3589 5420 αύτομὰτῃ.

2152 5350 2242 5420 (64
2297 5349 2654 5416 Ᾱὺτομάτως.
2687 5349 2964 5398 Nonnulli
2997 5349 3250 5412 codices,
3283 5349 3589 5414 αύτομᾱτη.

2151 5349 2432 5492 (65)-Ἔα..
2476 5411 2651 5492 ἔχον.)
2691 5415 3242 5492 Sic_Colb‘ertinus:
3288 5415 3477 5492 Editio
3533 5412 3742 5492 Paris,

2077 5479 2438 5564 tzq‘..."éxmv_._
2476 5479 2696 5564 veneta
2727 5487 2925 5564 habet,
2960 5479 3176 5564 ἔχοντα.
3211 5487 3478 5564 Quinque
3511 5479 3744 5564 codices

2079 5581 2222 5620 mss.
2255 5558 2378 5618 τίῖ..
2412 5558 2630 5634 ἔχοντα.
2661 5559 2836 5615 Paulo
2869 5558 3350 5634 ante'legendum
3381 5560 3634 5624 videtur,
3665 5559 3745 5629 τῷ

2075 5635 2232 5710 νόμὼ
2258 5638 2355 5690 τοῦ
2387 5633 2504 5688 νοῦ.
