4124 6374
415 377 538 439 803

1365 377 1759 438 APPENDIX
1800 378 2130 439 OPERUM
2171 379 2240 440 S.
2284 380 2574 443 BASILII
2618 385 2894 449 MAGNI.

3729 409 3859 469 804

412 509 636 583 peccati
660 507 934 566 illecebra
952 510 1074 579 ﬁat,
1101 525 1217 565 non
1250 509 1502 566 absurde
1530 510 1602 566 ad
1624 527 1825 567 earum
1851 511 2036 567 securi

2150 516 2302 610 sui:
2359 514 2706 610 ἁμαρτίαις,
2742 518 2842 576 οὐκ
2891 519 3109 599 ἀλόγως
3173 525 3250 591 εἷς
3308 530 3603 610 ἀσφάλειαν
3658 539 3858 605 αὑταῖς

411 604 591 656 tatem
625 604 920 670 naturam,
956 603 1020 653 ut
1068 614 1130 654 se
1179 598 1378 667 habet,
1413 599 1956 670 consideravimus;
2012 604 2076 655 ut

411 690 912 761 quemadmodum
945 687 1245 759 simplices
1278 692 1417 743 sunt
1448 689 1602 744 sicut
1651 689 1955 758 columbae,
1993 690 2074 745 ita

405 781 581 836 etiam
601 780 919 851 prudentes
951 778 1104 832 sicut
1126 793 1368 848 serpens
1388 778 1692 845 “,omnem
1715 778 2070 851 integritatis

407 887 524 925 suae
550 867 826 937 injuriam
844 867 1148 938 proposita
1171 866 1438 921 doctrina
1454 867 1781 923 institutum
1805 875 2064 924 caveant.

405 960 491 1013 Ad
525 958 666 1024 haec,
691 974 822 1012 cum
857 956 1188 1012 communis
1221 956 1573 1028 virginitatis
1602 961 2065 1031 expurgatricem

402 1049 770 1104 orationnem
793 1045 1251 1117 susceperimus,
1275 1050 1339 1101 ut
1361 1045 1687 1120 virginibus
1722 1048 2066 1105 benevolen-

399 1137 563 1205 tiam,
598 1138 674 1192 ita
723 1139 781 1192 et
827 1135 1108 1192 masculis
1159 1136 1443 1192 debemus
1476 1154 1489 1192 :
1529 1137 1969 1210 Oportebatque,
2003 1142 2064 1194 ut

397 1226 518 1283 illis
549 1226 687 1299 quid
724 1229 930 1281 noceat
960 1225 1223 1298 quidque
1255 1226 1440 1298 prosit
1473 1226 1867 1296 ostendimus,
1900 1227 1982 1283 ita
2006 1232 2066 1284 et

393 1317 525 1373 istis
555 1317 898 1384 ostendere;
933 1320 997 1370 ut
1019 1331 1390 1388 nequaquam
1428 1316 1804 1373 castrationis
1837 1318 2062 1372 nomini

395 1407 764 1463 attendentes
792 1406 850 1461 in
880 1405 1242 1462 contrarium
1274 1405 1644 1477 delabantur,
1679 1407 1778 1462 sed
1813 1423 2060 1479 cognos-

395 1501 590 1552 centes
623 1495 765 1568 quid
799 1499 995 1567 peccet
1035 1494 1344 1567 illegitima
1377 1495 1626 1551 virilium
1662 1495 1970 1562 abscissio,
2004 1501 2063 1552 et

392 1585 528 1657 quis
559 1585 773 1656 dignus
805 1585 881 1638 sit
910 1583 1142 1639 Domini
1175 1585 1601 1656 approbatione
1623 1585 1956 1654 eunuchus,
1985 1586 2058 1642 ad

388 1690 587 1730 veram
620 1673 858 1744 quidem
882 1672 1298 1729 castrationem
1332 1673 1529 1729 animo
1562 1674 2058 1747 informentur,ab

389 1763 647 1818 absurdo
679 1765 870 1818 autem
919 1761 1175 1817 virilium
1221 1764 1686 1819 exsecandorum
1720 1764 1970 1836 impetu,
2006 1764 2054 1818 si

392 1851 562 1908 multi
609 1851 885 1923 deinceps
936 1850 993 1905 in
1043 1850 1154 1907 hoc
1201 1851 1409 1908 vitium
1456 1854 1737 1923 ferantur,
1786 1869 2056 1910 sermone

388 1941 629 1996 cohibiti
661 1940 980 2012 prudenter
1011 1939 1406 1998 reflectantur.

457 2121 546 2176 66.
581 2119 766 2190 Igitur
795 2136 922 2190 quas
950 2135 1080 2174 vere
1113 2119 1272 2192 virgo
1303 2123 1413 2190 est,
1447 2119 1495 2176 si
1527 2119 1628 2177 tali
1662 2137 1795 2177 cum
1828 2119 2045 2193 dilgen-

381 2209 466 2264 tia
513 2209 693 2264 vitam
736 2209 1029 2276 instituet,
1083 2208 1154 2264 ab
1196 2210 1358 2264 omni
1401 2209 1648 2265 masculi
1693 2211 1846 2265 679
1884 2214 2042 2265 tactu

382 2315 593 2370 puram
623 2315 686 2354 se
713 2314 946 2369 semper
977 2297 1288 2365 custodiet,
1330 2302 1387 2354 et
1434 2315 1568 2355 cum
1619 2298 1855 2356 feminis
1905 2300 2044 2356 dor-

381 2387 594 2456 miens,
626 2387 699 2442 ad
731 2386 953 2458 sipsam
984 2401 1262 2442 conversa
1293 2392 1548 2443 mentem
1593 2389 1650 2444 in
1685 2389 1826 2444 ccnlo
1859 2387 2041 2444 babe-

378 2477 486 2547 bit,
519 2492 764 2546 eamque
794 2480 956 2532 extra
1000 2493 1212 2548 corpus
1247 2481 1431 2532 totam
1475 2478 1716 2533 omnino
1765 2479 2037 2548 evehens,

377 2567 583 2621 eadem
617 2565 770 2622 dicet
799 2581 864 2620 ac
897 2565 994 2620 ille
1042 2565 1144 2637 qui
1197 2566 1342 2621 dixit
1375 2583 1388 2623 :
1423 2567 1563 2623 Novi
1597 2567 2035 2641 memetipsam,

376 2655 500 2711 sive
526 2654 586 2711 in
633 2671 873 2727 corpore
921 2656 1140 2722 nescio,
1173 2654 1292 2712 sive
1339 2659 1500 2712 extra
1558 2673 1770 2730 corpus
1815 2658 2032 2732 nescio,

377 2745 528 2800 Deus
575 2744 705 2814 scit,
737 2746 968 2816 raptam
1014 2759 1144 2800 esse
1196 2746 1257 2799 in
1307 2746 1646 2817 paradisum
1694 2751 1752 2802 et
1795 2747 2032 2803 audisse

372 2850 587 2889 arcana
617 2834 792 2889 verba
813 2835 876 2888 ‘7.
902 2833 1045 2888 Nam
1077 2833 1334 2905 profecto
1365 2835 1414 2890 si
1446 2835 1682 2907 vigilem
1713 2834 1874 2892 illius
1893 2852 2031 2908 erga

370 2939 434 2980 se
463 2939 724 2979 amorem
747 2939 1003 2995 sponsus
1035 2939 1063 2978 e
1096 2922 1238 2978 coelo
1271 2923 1486 2994 videat,
1517 2925 1689 2996 eique
1720 2925 1909 2981 noctis
1940 2929 2025 2980 tc-

369 3014 582 3068 nebras
613 3011 928 3084 perspiciat
958 3028 1073 3066 non
1105 3012 1474 3070 occasionem
1504 3031 1632 3070 esse
1654 3013 1894 3085 peccati,
1924 3014 2024 3069 sed

367 3102 546 3158 divini
590 3102 661 3158 ad
709 3101 1163 3172 colloquendum
1212 3119 1348 3158 cum
1393 3119 1609 3175 sponso
1659 3102 1782 3174 otii,
1835 3101 1915 3158 ita
1963 3108 2026 3160 ut

367 3192 558 3248 noctis
611 3191 850 3263 quidem
904 3191 1161 3246 tenebris
1211 3190 1629 3260 circumdatur,
1663 3207 1776 3262 quo
1829 3192 2024 3249 minus

2183 601 2284 703 1:?”
2345 603 2500 680 φύσιν
2557 607 2630 669 ὡς
2680 603 2794 685 ἔχει
2829 610 3329 689 ἐθεωρήσαμεν,“ίν’
3361 601 3540 699 dim-sp
3598 601 3857 703 ἀκέραιοί

2183 690 2315 746 εἰσιν
2345 692 2472 748 ὡσεὶ
2505 697 2616 769 (66,
2647 702 2980 776 περιστεραὶ,
3018 704 3160 760 οὕτω
3192 709 3282 762 καὶ
3333 709 3407 773 ὡς
3459 713 3486 766 ὁ
3512 690 3656 792 ’ὄφις
3700 690 3853 796 ¹φρό-

2177 801 2330 852 νιμοι
2385 783 2560 852 οὖσαι,
2605 792 2776 842 πᾶσαν
2830 791 2929 860 τήν
2981 793 3118 848 κατὰ
3167 803 3267 866 τῆς
3332 777 3596 878 ἀφθορίας
3663 777 3849 863 αύτῶν

2176 867 2389 926 ἀδικίαν
2422 872 2494 971 ἐκ.
2527 881 2630 971 τῆς
2678 877 2993 971 ἐγκειμένης
3020 867 3398 971 ,διδασκαλίας
3445 867 3852 971 ὑποφωνούμε-

2175 981 2260 1014 ναι
2293 960 2805 1040 προφυλάσσωνται.
2838 970 2982 1041 Πρὸς
3015 969 3072 1028 δὲ
3099 974 3336 1046 τούτοις,
3373 979 3454 1034 ὅτι
3499 960 3601 1052 τῆς
3647 960 3847 1057 κοινῆς

2175 1051 2487 1145 παρθενίας
2526 1057 2892 1132 καθαρτήριον
2966 1060 3056 1117 τὸν
3131 1061 3296 1140 λόγον
3355 1069 3702 1145 ποιούμενοι,
3767 1051 3848 1142 ῶς

2171 1145 2292 1202 ταῖς
2322 1143 2612 1217 παρθένοις
2644 1145 2722 1208 εἷς
2753 1150 2866 1222 (67)
2896 1145 3138 1223 εὔνοιαν,
3179 1155 3322 1211 οὕτω
3375 1159 3464 1214 καὶ
3520 1143 3638 1225 τοῖς
3685 1163 3842 1242 ἆῤῥε-

2175 1249 2254 1318 σιν
2316 1229 2678 1308 ὀφειλόμεθα·
2729 1237 2820 1290 καὶ
2873 1233 2981 1294 ἔδει
3041 1244 3177 1318 (68),
3241 1246 3316 1309 ὡς
3373 1246 3603 1314 ἐκείναις
3662 1229 3841 1313 τόητε

2177 1315 2419 1393 βλάπτον
2453 1322 2542 1377 καί
2574 1322 2825 1402 ὠφελοῦν
2881 1326 3260 1406 ὑπεδείξαμεν,
3297 1335 3440 1393 οὕτω
3490 1340 3582 1396 καὶ
3622 1343 3840 1409 τούτοις

2176 1405 2449 1508 ὑποδεῖξαι
2480 1410 2613 1467 ’ἵνα
2677 1416 2751 1488 μή
2816 1417 3044 1492 ὀνόματι
3099 1405 3388 1500 εύνουχίας
3451 1405 3833 1508 προσέχοντες,

2172 1495 2249 1559 εἷς
2279 1498 2341 1552 τὸ
2372 1497 2609 1556 ἐναντίον
2665 1502 2989 1561 ἐκπίπτωσι·
3025 1508 3151 1566 ἀλλ’
3198 1495 3502 1588 ἐγνωκότες
3543 1521 3605 1574 τὸ
3623 1495 3840 1602 ’ὶὰμάρζ

2166 1606 2319 1684 τῆμα
2346 1586 2405 1684 ἐκ
2451 1597 2550 1684 τῆς
2605 1594 2927 1684 παρανόμου
2980 1586 3267 1667 ἀποκοπῆς
3313 1609 3420 1660 τῶν
3472 1586 3706 1684 μορίων,
3741 1586 3836 1668 κάὶ

2166 1673 2256 1728 τὸν
2335 1675 2624 1755 ἀποδοχῆς
2702 1683 3018 1757 ἀξιούμενον
3098 1690 3245 1766 παρὰ
3317 1699 3415 1749 τοῦ
3473 1673 3831 1773 Κυιρίουνιύ-

2165 1769 2389 1866 νοῦχον3
2421 1767 2750 1866 ὠφεληθῶσι
2783 1861 2793 1866 μ
2817 1773 2911 1847 μὲν
2961 1776 3102 1852 πρὸς
3159 1781 3257 1850 τῆν
3291 1782 3474 1855 ἀληθῆ
3531 1767 3826 1866 εύνουχίαν

2163 1854 2255 1908 τὸν
2289 1860 2413 1910 νοῦν
2471 1862 2573 1923 τῆς
2606 1857 2663 1914 δὲ
2693 1858 2901 1936 ἀλόγου
2942 1867 3078 1942 πρὸς
3111 1870 3207 1938 τὴν
3241 1872 3528 1944 ἀποκοπὴν
3577 1854 3826 1954 τῶν.μο-

2164 1944 2294 2047 ρίων
2360 1947 2540 2047 ορμῆς
2597 1947 2844 2047 πλείονες
2902 1959 2981 2028 τῷ
3030 1954 3215 2034 χρόνῳ
3272 1961 3490 2027 ἀτόπως
3516 1944 3822 2047 γινόμενοι,

2165 2033 2268 2088 ὑπὸ
2297 2040 2394 2090 τοῦ
2427 2035 2596 2112 λόγου
2626 2041 2952 2117 στυφόμενοι
2983 2049 3269 2123 φρονίμως
3313 2033 3710 2115 ἀνασταλῶσιν.

2228 2126 2317 2218 66ὶ
2357 2125 2416 2182 Εἰ
2478 2125 2568 2181 οὖν
2622 2132 2856 2205 τοσαύτῃ
2899 2136 2933 2203 ἡ
2985 2131 3156 2200 ὅντως
3215 2141 3478 2215 παρθένος
3531 2149 3820 2218 συζήσεται

2156 2209 2426 2308 ἀκριβείᾳ,
2457 2218 2671 2288 ἀπάσης
2708 2221 2803 2292 μὶν
2837 2222 3063 2298 ἅῤῥενος
3121 2229 3264 2305 ἁφῆς
3319 2233 3556 2302 καθαράν
3619 2237 3813 2308 ἑαυτὴν

2156 2298 2392 2400 δι’.δλο.υ
2424 2303 2667 2400 φυλάξει,
2699 2309 2790 2363 καὶ
2846 2312 2979 2384 μετὰ
3038 2298 3275 2386 θηλειῶν
3337 2317 3395 2375 δὲ
3450 2298 3814 2400 καθεύδουσα,

2152 2391 2316 2489 ’πρὸςΔ
2355 2394 2548 2464 ἑαυτὴν
2587 2396 2956 2489 -ὲστραμμὲνη
3019 2401 3070 2459 ἐν
3131 2407 3350 2481 οὐρανῷ
3403 2407 3508 2484 ἕξει
3538 2415 3630 2469 τὸν
3658 2391 3803 2489 νοῦν,

2148 2481 2236 2536 καὶ
2267 2479 2372 2554 ’ἐξω
2402 2489 2499 2539 τοῦ
2529 2487 2783 2561 σώματος
2823 2487 2952 2545 ὅλον
2983 2497 3175 2550 τοῦτον
3197 2479 3479 2562 παντελῶς
3511 2479 3806 2580 ποιήσασα,

2145 2570 2212 2626 τὰ
2240 2571 2373 2626 αὐτὰ
2423 2573 2532 2649 ἐρεῖ
2588 2581 2668 2649 τῷ
2719 2577 2948 2634 εἷπόντι·
2983 2580 3121 2638 Οἶδα
3151 2584 3414 2659 ἐμαυτὴν,
3449 2587 3557 2646 sifts
3595 2570 3649 2647 ἐν
3701 2570 3807 2650 σοί)-ἶ

2147 2681 2296 2732 ματι,
2331 2662 2432 2717 οὐκ
2452 2661 2592 2732 οἴδα,
2633 2664 2740 2721 εἷίτε
2791 2667 2946 2732 ἐκτὸς
2995 2676 3094 2726 τυῦ
3143 2675 3416 2748 σώματος,
3449 2678 3549 2734 οὐκ
3597 2679 3734 2738 οἶδα·
3770 2686 3798 2742 ὁ

2143 2749 2273 2843 θεὸς
2328 2747 2503 2843 οἶδ-εν,
2557 2751 2638 2807 ὅτι
2709 2757 2967 2830 ἡρπάγην
3018 2758 3096 2821 εἲς
3156 2747 3248 2816 τὸν
3303 2763 3649 2843 παράδεισον,
3701 2772 3795 2826 καὶ

2138 2835 2350 2926 ἤκουσα
2405 2835 2616 2914 ἄῤῥητα
2673 2840 2912 2917 ῥήματα.
2947 2847 3169 2908 Πάντως
3216 2849 3320 2925 γὰρ
3371 2835 3647 2926 ἀγρυπνονγ
3693 2860 3789 2912 τὸν

2135 2925 2261 3001 περῖ
2316 2926 2476 2982 αὐτὸν
2537 2929 2708 2998 αὐτῆς
2762 2928 2938 3005 ἔρωτα
2999 2935 3201 2991 ἄνωθεν
3233 2938 3282 3009 ἐξ
3316 2925 3558 3016 οὐρανῶν
3589 2944 3616 2997 ὁ
3647 2965 3791 3019 νυμ-

2137 3013 2260 3111 ιρίος
2295 3016 2590 3111 ὁρῶνὲκαὶμ
2615 3017 2698 3072 ὅτι
2732 3019 2792 3111 re
2821 3021 3012 3087 σκότος
3038 3030 3138 3094 τῆς
3168 3013 3391 3092 νυκτὸς.
3420 3029 3519 3086 οὐκ
3569 3013 3790 3111 ἐφόδιον

2137 3105 2424 3194 ᾁμοιρτίας,
2458 3105 2603 3161 ἀλλὰ
2655 3109 2870 3184 σχολῆς
2930 3113 3076 3175 θείας
3110 3117 3222 3190 (69)
3279 3120 3379 3182 τῆς
3437 3120 3574 3194 πρὸς
3610 3105 3793 3176 ἀὐτὸν

2141 3191 2370 3266 ὁμιλίας
2416 3201 2676 3268 ποιεῖται,
2707 3194 3154 3275 περιϐεϐλημένη
3192 3205 3285 3278 μὲν
3337 3211 3414 3279 τῷ
3471 3191 3571 3278 τῆς
3610 3209 3809 3274 νυκτὸς

366 3297 577 3337 sensus
627 3261 1012 3334 exterioribus
1064 3280 1240 3335 rebus
1289 3261 1726 3352 perturbentur,
1761 3281 1862 3336 sed
1907 3286 2029 3338 tota

2150 3283 2451 3356 σκότῳ,εἷς
2507 3284 2570 3339 τὸ
2635 3287 2709 3358 μή
2761 3287 2857 3352 τὰς
2915 3261 3202 3362 αἰσθήσεις.
3237 3261 3397 3370 παρὰΙ
3442 3261 3549 3352 σῶν
3612 3297 3805 3370 ἔξωθεν

367 3373 564 3426 mente
596 3368 927 3424 illustratur
953 3368 1157 3440 sponsi
1187 3367 1337 3437 luce,
1363 3384 1430 3424 ac
1452 3369 1667 3424 mentis
1696 3367 2033 3443 lampadem

364 3475 470 3532 per
501 3463 682 3514 totam
717 3461 946 3514 noctem
976 3458 1237 3514 studiose
1284 3455 1435 3512 clam
1489 3459 1771 3527 adornet;
1826 3459 2034 3515 merito

363 3548 532 3604 illam
567 3545 752 3618 rapiet
775 3564 961 3618 usque
983 3548 1053 3602 ad
1079 3546 1318 3602 tertium
1347 3544 1556 3602 ccelum
1580 3547 1640 3602 in
1664 3548 2029 3619 paradisum,

364 3639 535 3710 eique
582 3636 761 3693 verba
807 3636 1096 3708 ejusmodi
1148 3635 1439 3708 loquetur,
1492 3653 1619 3707 qua:
1676 3637 1736 3692 in
1790 3652 2032 3709 corpore

367 3727 607 3800 quidem
628 3725 821 3781 adhuc
839 3726 1171 3781 viventibus
1190 3743 1306 3781 non
1325 3725 1677 3782 enarrabilia
1695 3741 1823 3782 esse
1847 3725 2031 3782 decla-

362 3820 558 3872 ratum
590 3820 698 3884 est,
727 3815 777 3871 ei
810 3815 1088 3886 autem,si
1120 3819 1316 3871 tantos
1349 3831 1697 3887 progressus
1722 3815 2031 3883 habeat,ut

358 3905 584 3962 nesciat
634 3911 833 3961 utrum
885 3905 944 3959 in
991 3920 1235 3976 corpore
1286 3921 1359 3960 an
1411 3908 1574 3960 extra
1605 3921 1820 3977 corpus
1851 3905 2024 3976 vivat,

357 3994 712 4051 enarrabilia
732 3993 790 4049 in
814 3993 1091 4066 mysterio
1123 3993 1446 4049 erunt.lllic
1468 4010 1703 4050 omnem
1728 3994 2025 4066 virginum

352 4084 598 4141 chorum
657 4082 909 4139 inveniri
941 4081 1146 4138 volens
1178 4086 1234 4137 et
1264 4098 1533 4154 precans,
1569 4083 1639 4137 ad
1671 4099 1739 4138 ea
1769 4084 2028 4140 cavenda

354 4191 482 4246 quae
545 4171 900 4246 virginitatis
959 4171 1462 4243 pulchritudinem
1514 4171 1843 4244 inquinant,
1902 4173 2024 4228 haec

353 4265 668 4329 cdisserui,
701 4280 816 4318 non
849 4265 914 4316 ut
943 4260 1038 4316 his
1070 4259 1516 4316 considerandis
1548 4261 1849 4316 discamus
1875 4278 2022 4334 quo-

352 4355 525 4409 modo
555 4357 820 4424 oporteat
860 4350 933 4406 ad
982 4367 1046 4406 ea
1091 4367 1219 4421 quae
1264 4353 1474 4405 nocent
1525 4349 1738 4420 delabi,
1791 4351 1893 4405 sed
1954 4353 2022 4404 ut

353 4443 561 4498 modos
591 4442 871 4512 lapsuum
903 4439 1112 4507 edocti,
1157 4441 1448 4511 quomodo
1497 4437 1812 4494 resiliendo
1840 4439 2018 4494 decli-

351 4530 532 4586 nandi
567 4530 688 4585 sint
719 4528 1165 4601 perspiciamus.
1209 4528 1410 4599 Neque
1441 4528 1600 4583 enim
1653 4543 1752 4583 eos
1784 4528 1884 4598 qui
1917 4545 2014 4584 ar~

2145 3371 2509 3447 ἐνοχλεῖσθαιο
2543 3377 2927 3453 πεφωτισμένη
2983 3376 3041 3434 δὲ
3097 3385 3176 3454 τῷ
3206 3387 3303 3436 τοῦ
3359 3385 3597 3463 νυμφίου
3643 3387 3805 3463 φωτὶ,

2145 3461 2274 3517 ὅλον
2305 3463 2398 3518 τὸν
2422 3467 2547 3517 νοῦν
2577 3465 2667 3519 καὶ
2696 3466 2795 3535 τῆν
2827 3466 3036 3523 ἐκείνου
3097 3467 3361 3544 λαμπάδα
3411 3461 3491 3528 διί
3533 3461 3672 3547 ὅλης
3715 3461 3805 3532 νυέ

2141 3551 2267 3613 κτὸς
2328 3550 2647 3628 φιλοκάλως
2679 3554 2730 3609 ἐν
2755 3555 3057 3635 ἀποκρύφῳ
3109 3565 3411 3635 κοσμοῦσα,
3446 3565 3672 3638 ἁρπάσει
3712 3568 3801 3624 καὶ

2139 3639 2337 3711 ταύτην
2399 3639 2624 3705 δικαίως
2683 3640 2786 3706 ἕως
2842 3650 2941 3701 τοῦ
2979 3648 3164 3723 τρίτου
3197 3651 3425 3726 ούρανοῦ
3457 3653 3532 3717 εἷς
3561 3658 3676 3729 (70)
3705 3658 3797 3712 τὸν

2139 3727 2492 3805 παράδεισον,
2519 3731 2608 3786 καὶ
2634 3732 2867 3804 λαλήσει
2899 3735 3034 3811 αὐτῇ
3061 3743 3302 3812 τοιαῦτα,
3339 3741 3370 3795 ἃ
3417 3749 3536 3806 τοῖς
3570 3727 3689 3817 pb
3741 3746 3794 3802 ἐν

2141 3819 2385 3892 σώμασιν
2435 3814 2513 3874 ἔτι
2573 3826 2734 3890 ζῶσιν
2798 3824 3008 3900 ἅῤῥητα
3067 3826 3469 3908 ἀποπέφανται·
3504 3814 3680 3909 ἐκείνῃ
3738 3833 3798 3892 δὲ

2135 3913 2395 3965 τοσοῦτον
2448 3910 2795 3987 προκοψάσῃ,
2829 3914 2904 3976 ὡς
2967 3917 3044 3990 μῆ
3102 3915 3293 3973 εἰδέναι
3335 3917 3528 3976 λοιπὸν
3589 3922 3694 3979 ε’ίτε
3737 3924 3794 3982 ἐν

2137 3997 2349 4071 σώματι
2383 3997 2487 4054 ε’ίτε
2515 3997 2667 4063 ἐκτὸς
2697 4001 2895 4058 τούτου
2925 4001 3042 4080 ἔχει
3073 4006 3136 4061 τὸ
3171 4007 3284 4082 ζῇν,
3321 4008 3460 4085 ῥητᾶ
3490 4010 3540 4066 ἐν
3578 4034 3791 4085 μυστη-

2135 4085 2240 4161 ρίῳ
2294 4091 2596 4164 γενήσεται.
2654 4091 2726 4145 Οὗ
2787 4091 2852 4162 δὴ
2910 4095 2997 4148 καὶ
3025 4094 3195 4150 πάντα
3231 4098 3322 4152 τὸν
3371 4104 3480 4155 τῶν
3513 4103 3796 4177 παρθένων

2133 4177 2302 4252 χορὸν
2356 4178 2637 4254 εὑρεθῆναι
2699 4179 3038 4256 βουλόμενός
3093 4205 3151 4239 τε
3203 4187 3293 4240 καὶ
3355 4188 3655 4264 εὐχόμενος
3712 4193 3791 4257 εἷς

2131 4264 2490 4356 προφυλακήν
2539 4274 2648 4322 τῶν
2705 4270 2768 4325 τὸ
2824 4278 2925 4341 τῆς
2982 4275 3270 4349 παρθενίας
3299 4276 3508 4341 κάλλος
3534 4283 3794 4356 χραινόν-

2127 4373 2258 4423 των,
2294 4351 2573 4428 διεξῆλθον
2605 4358 2672 4414 τὰ
2697 4359 2982 4434 είρημένα,
3014 4362 3118 4440 οὐχ
3143 4362 3236 4419 ’ἱνα
3293 4370 3361 4440 τῇ
3414 4351 3620 4424 τούτων
3652 4373 3814 4426 θεωι

2130 4440 2218 4516 ρίᾳ
2277 4443 2534 4518 μάθωμεν
2586 4452 2705 4508 πῶς
2753 4450 2865 4524 χρὴ
2919 4451 3054 4526 πρὸς
3099 4453 3165 4507 τὰ
3198 4451 3509 4530 βλάπτοντα
3540 4456 3790 4523 ὀλισθαί-

2126 4551 2258 4602 νειν,
2290 4530 2421 4589 ἀλλ’
2445 4531 2537 4589 φίνα
2564 4537 2654 4591 τὸν
2687 4539 2890 4614 τρόπον
2921 4545 3028 4594 τῶν
3050 4541 3287 4606 ὀλίσθων
3323 4547 3604 4620 μαθόντες,
3645 4547 3788 4603 ’ίδω-

350 4625 468 4675 tem
518 4618 807 4674 medicam
857 4617 1148 4687 ediscunt,
1182 4616 1468 4689 magistri,
1505 4617 1644 4672 dum
1695 4633 1918 4674 venena
1960 4621 2017 4673 et

2150 4642 2222 4675 ιεν
2277 4627 2392 4685 πῶς
2446 4621 2528 4678 δεῖ
2583 4625 2791 4682 τούτων
2853 4628 3254 4700 ἀποπηδῶντας
3311 4616 3601 4692 ἔκκλίνεινξ
3645 4636 3788 4695 Οὐδέ

349 4709 550 4766 omnia
584 4725 696 4762 uno
742 4708 914 4762 verbo
963 4704 1220 4763 exitialia
1270 4705 1667 4775 considerant,
1696 4707 1768 4761 ad
1802 4706 2012 4764 horum

347 4815 523 4855 usum
555 4797 1038 4864 adhortantur,ut
1061 4796 1366 4853 noxiorum
1400 4796 1728 4868 cognitione
1749 4797 1817 4852 ad
1847 4798 2012 4855 mali—

345 4889 492 4945 tiam
523 4889 721 4944 animo
746 4885 1042 4954 instructi,
1079 4903 1186 4957 pro
1218 4884 1465 4940 medicis
1498 4885 1626 4942 vitae
1647 4891 1844 4958 pestes
1879 4905 2010 4945 eva-

347 4979 486 5034 dant
514 4996 528 5047 ;
562 4977 664 5034 sed
698 4981 763 5032 ut
796 4975 866 5031 de
898 4974 992 5044 iis,
1027 4991 1154 5047 qua
1187 4974 1516 5031 naturalem
1545 4981 1808 5032 nostram
1838 4979 2012 5034 facul-

347 5071 528 5123 tatem
561 5069 852 5131 evertunt,
874 5062 1085 5132 edocti,
1108 5067 1470 5135 praacaveant
1491 5081 1560 5121 ea
1589 5067 1898 5124 contrariis
1923 5070 2008 5125 fa-

349 5155 690 5226 cultatibus,
724 5159 780 5212 et
810 5155 859 5211 si
892 5152 1237 5226 corporibus
1269 5155 1731 5226 supervenerint,
1766 5157 2012 5214 scientia

423 5283 466 5318 ⁴⁶
495 5283 700 5338 Matth.
731 5298 788 5351 x,
825 5282 912 5336 16.
988 5281 1030 5316 ‘7
1062 5281 1111 5337 ll
1141 5279 1271 5336 Cor.
1303 5297 1404 5352 xu,
1437 5281 1491 5336 3.

417 5424 532 5495 ('66)
563 5421 724 5478 Ὠσεί.
757 5422 1035 5495 Nonnulli
1085 5423 1338 5495 codices,
1389 5421 1466 5495 ὡς
1517 5421 1590 5479 αί.
1646 5425 1824 5482 Paulo
1870 5430 2006 5482 ante

343 5493 661 5571 legendum
693 5495 950 5571 videtur,
977 5493 1482 5571 abtatcc‘zpaptiag.

414 5566 528 5641 (67)
559 5566 671 5627 Εἰς.
705 5566 1039 5641 Rraapositio
1071 5566 1270 5641 addita
1300 5566 1367 5641 ex
1398 5567 1669 5641 pluribus
1710 5568 2004 5641 mss.,Ibi-

341 5636 474 5764 32in
491 5636 778 5763 6nonnulli
801 5636 1058 5708 codices,
1092 5636 1235 5694 οὕτω
1265 5639 1355 5694 καὶ
1383 5636 1501 5702 τοῖς
1528 5638 1609 5693 ἀεὶ
1641 5640 1822 5696 παισὶν
1855 5640 2003 5720 ὀφει-

420 5731 484 5764 ιιε
525 5730 574 5764 α.

420 5730 574 5784 μευα.

2123 4711 2224 4788 γὰρ
2281 4718 2398 4775 τοῖς
2457 4715 2553 4784 τήν
2617 4715 2866 4792 ἰατρικὴν
2927 4723 3287 4792 μετιοῦσι,τὰ
3319 4720 3637 4802 δηλητήρια
3692 4729 3784 4783 καὶ

2122 4799 2294 4856 πάντα
2339 4802 2579 4866 συνόλως
2609 4805 2676 4860 τὰ
2704 4808 2971 4862 νοσοποιὰ
3023 4809 3074 4863 οἱ
3134 4807 3451 4868 διδάσκαλοι
3514 4799 3782 4893 θεωροῦν·

2120 4911 2227 4961 τες,
2262 4891 2349 4948 ἐπὶ
2406 4896 2507 4964 τήν
2566 4897 2769 4970 χρῆσιν
2821 4895 3030 4954 τούτων
3074 4899 3261 4964 αὐτοῖς
3291 4904 3782 4979 παρακελεύονται,

2117 4978 2209 5034 ’ίνα
2237 4985 2304 5057 τῇ
2338 4983 2536 5059 γνώσει
2566 4987 2674 5039 τῶν
2731 4983 3083 5061 βλαπτόντων
3130 4991 3268 5065 πρὸς
3324 4993 3508 5048 κακίαν
3570 4993 3785 5074 ἐφοδια-

2123 5071 2334 5136 σθέντες
2364 5073 2456 5127 τὸν
2484 5079 2607 5128 νοῦν
2640 5073 2758 5130 ἀντὶ
2793 5075 2993 5152 ῗατρῶν
3028 5067 3305 5151 λυμεῶνες
3347 5086 3444 5136 τοῦ
3498 5067 3619 5160 βίου
3672 5083 3780 5141 δεί-

2121 5164 2352 5235 χθῶσιν,
2389 5159 2516 5216 ἀλλ’
2541 5160 2632 5217 τίναι
2661 5164 2730 5218 τὰ
2760 5167 3069 5242 φθοροποιὰ
3098 5173 3197 5236 τῆς
3231 5177 3461 5245 φυσικῆς
3494 5159 3653 5246 ἡμῶν
3690 5171 3784 5229 δυ-

2187 5429 2299 5506 (θδ)
2331 5426 2502 5506 Ἔδει,
2534 5432 2626 5488 Sic
2658 5450 2801 5506 mss.
2836 5439 2976 5488 tres.
3012 5434 3187 5506 Editi,
3221 5432 3321 5495 ἔτι.

2192 5500 2589 5590 ςϐθλξτχολῆς
2643 5500 3184 5590 ρ)είειι.ξ.,Νο[ιιὶι]ΙΙῘ⁷
3238 5511 3490 5585 codices,
3559 5513 3776 5590 σχολὴν

2119 5571 2293 5637 asiae.
2315 5571 2499 5644 Alius,
2533 5571 2747 5644 σχολὴν
2779 5574 2943 5640 θείαν.

2187 5647 2299 5720 (70)
2330 5648 2426 5710 Εις
2458 5646 2848 5722 Colbertinus,
2877 5648 2965 5704 καὶ
3000 5646 3095 5714 εἷς.
