  <div class='ocr_page' id='page_1' title='image "/cluster/home/n/w/nwhite01/storage/ocr_20150623/30:no.2/coo.31924054873116/416.png"; bbox 0 0 4124 6354; ppageno 0'>
   <div class='ocr_carea' id='block_1_1' title="bbox 300 363 422 424">
    <p class='ocr_par' dir='ltr' id='par_1_1' title="bbox 300 363 422 424">
     <span class='ocr_line' id='line_1_1' title="bbox 300 363 422 424; baseline -0.033 0"><span class='ocrx_word' id='word_1_1' title='bbox 300 363 422 424; x_wconf 88' lang='grc'>805</span> 
     </span>
    </p>
   </div>
   <div class='ocr_carea' id='block_1_2' title="bbox 1535 349 2496 413">
    <p class='ocr_par' dir='ltr' id='par_1_2' title="bbox 1535 349 2496 413">
     <span class='ocr_line' id='line_1_2' title="bbox 1535 349 2496 413; baseline -0.004 -1"><span class='ocrx_word' id='word_1_2' title='bbox 1535 352 1767 412; x_wconf 78' lang='lat' dir='ltr'>LIBER</span> <span class='ocrx_word' id='word_1_3' title='bbox 1813 351 1918 412; x_wconf 82' lang='lat' dir='ltr'>DE</span> <span class='ocrx_word' id='word_1_4' title='bbox 1958 349 2496 413; x_wconf 81' lang='lat' dir='ltr'>VlRGlNlTATE.</span> 
     </span>
    </p>
   </div>
   <div class='ocr_carea' id='block_1_3' title="bbox 3606 350 3727 413">
    <p class='ocr_par' dir='ltr' id='par_1_3' title="bbox 3606 350 3727 413">
     <span class='ocr_line' id='line_1_3' title="bbox 3606 350 3727 413; baseline 0 0"><span class='ocrx_word' id='word_1_5' title='bbox 3606 350 3727 413; x_wconf 83' lang='lat'>806</span> 
     </span>
    </p>
   </div>
   <div class='ocr_carea' id='block_1_4' title="bbox 296 479 1963 567">
    <p class='ocr_par' dir='ltr' id='par_1_4' title="bbox 296 480 1950 567">
     <span class='ocr_line' id='line_1_4' title="bbox 296 480 1950 567; baseline -0.01 -17"><span class='ocrx_word' id='word_1_6' title='bbox 296 493 513 567; x_wconf 88' lang='grc' dir='ltr'>νάμεως</span> <span class='ocrx_word' id='word_1_7' title='bbox 546 489 828 566; x_wconf 80' lang='grc' dir='ltr'>μαθόντες,</span> <span class='ocrx_word' id='word_1_8' title='bbox 858 483 1346 564; x_wconf 76' lang='grc' dir='ltr'>προφυλάττωνται</span> <span class='ocrx_word' id='word_1_9' title='bbox 1382 484 1475 557; x_wconf 78' lang='grc' dir='ltr'>μὲν</span> <span class='ocrx_word' id='word_1_10' title='bbox 1524 486 1692 538; x_wconf 87' lang='grc' dir='ltr'>ταῦτα</span> <span class='ocrx_word' id='word_1_11' title='bbox 1741 480 1950 536; x_wconf 71' lang='grc' dir='ltr'>ἀντιθέ-</span> 
     </span>
    </p>
   </div>
   <div class='ocr_carea' id='block_1_5' title="bbox 2077 479 3740 567">
    <p class='ocr_par' dir='ltr' id='par_1_5' title="bbox 2077 479 3740 555">
     <span class='ocr_line' id='line_1_5' title="bbox 2077 479 3740 555; baseline 0.003 -17"><span class='ocrx_word' id='word_1_12' title='bbox 2077 484 2125 538; x_wconf 76' lang='lat' dir='ltr'>3t</span> <span class='ocrx_word' id='word_1_13' title='bbox 2155 484 2278 536; x_wconf 92' lang='lat' dir='ltr'>arte</span> <span class='ocrx_word' id='word_1_14' title='bbox 2309 479 2538 537; x_wconf 88' lang='lat' dir='ltr'>tollant.</span> <span class='ocrx_word' id='word_1_15' title='bbox 2574 479 2719 534; x_wconf 89' lang='lat' dir='ltr'>Cum</span> <span class='ocrx_word' id='word_1_16' title='bbox 2749 483 2869 536; x_wconf 85' lang='lat' dir='ltr'>tres</span> <span class='ocrx_word' id='word_1_17' title='bbox 2898 480 3097 552; x_wconf 87' lang='lat' dir='ltr'>igitur,</span> <span class='ocrx_word' id='word_1_18' title='bbox 3131 498 3234 553; x_wconf 88' lang='lat' dir='ltr'>pro</span> <span class='ocrx_word' id='word_1_19' title='bbox 3264 482 3482 555; x_wconf 85' lang='lat' dir='ltr'>triplici</span> <span class='ocrx_word' id='word_1_20' title='bbox 3503 488 3697 540; x_wconf 86' lang='lat' dir='ltr'>castra</span> <span class='ocrx_word' id='word_1_21' title='bbox 3716 532 3740 544; x_wconf 91' lang='lat'>-</span> 
     </span>
    </p>
   </div>
   <div class='ocr_carea' id='block_1_6' title="bbox 292 570 1954 654">
    <p class='ocr_par' dir='ltr' id='par_1_6' title="bbox 292 570 1954 654">
     <span class='ocr_line' id='line_1_6' title="bbox 292 570 1954 654; baseline -0.01 -14"><span class='ocrx_word' id='word_1_22' title='bbox 292 606 412 647; x_wconf 90' lang='grc' dir='ltr'>τοις</span> <span class='ocrx_word' id='word_1_23' title='bbox 441 580 758 654; x_wconf 87' lang='grc' dir='ltr'>δυνάμεσιν,</span> <span class='ocrx_word' id='word_1_24' title='bbox 813 571 1117 648; x_wconf 75' lang='grc' dir='ltr'>ἐπισυμϐἁν</span> <span class='ocrx_word' id='word_1_25' title='bbox 1171 577 1280 647; x_wconf 93' lang='grc'>(71)</span> <span class='ocrx_word' id='word_1_26' title='bbox 1331 571 1387 628; x_wconf 85' lang='grc' dir='ltr'>δέ</span> <span class='ocrx_word' id='word_1_27' title='bbox 1431 594 1536 627; x_wconf 90' lang='grc' dir='ltr'>που</span> <span class='ocrx_word' id='word_1_28' title='bbox 1566 577 1683 634; x_wconf 91' lang='grc' dir='ltr'>τοῖς</span> <span class='ocrx_word' id='word_1_29' title='bbox 1719 570 1954 643; x_wconf 86' lang='grc' dir='ltr'>σώμασι,</span> 
     </span>
    </p>
   </div>
   <div class='ocr_carea' id='block_1_7' title="bbox 295 658 1956 740">
    <p class='ocr_par' dir='ltr' id='par_1_7' title="bbox 295 658 1956 740">
     <span class='ocr_line' id='line_1_7' title="bbox 295 658 1956 740; baseline -0.01 -12"><span class='ocrx_word' id='word_1_30' title='bbox 295 672 386 728; x_wconf 68' lang='grc' dir='ltr'>διὰ</span> <span class='ocrx_word' id='word_1_31' title='bbox 413 675 516 736; x_wconf 78' lang='grc' dir='ltr'>τῆς</span> <span class='ocrx_word' id='word_1_32' title='bbox 546 669 858 740; x_wconf 74' lang='grc' dir='ltr'>ἐπιστήμης</span> <span class='ocrx_word' id='word_1_33' title='bbox 889 666 1145 721; x_wconf 85' lang='grc' dir='ltr'>ἀνέλωσι.</span> <span class='ocrx_word' id='word_1_34' title='bbox 1175 667 1353 738; x_wconf 77' lang='grc' dir='ltr'>Τριῶν</span> <span class='ocrx_word' id='word_1_35' title='bbox 1388 660 1502 731; x_wconf 81' lang='grc' dir='ltr'>οῦν,</span> <span class='ocrx_word' id='word_1_36' title='bbox 1537 661 1673 716; x_wconf 84' lang='grc' dir='ltr'>κατᾶ</span> <span class='ocrx_word' id='word_1_37' title='bbox 1713 661 1804 715; x_wconf 83' lang='grc' dir='ltr'>τὸν</span> <span class='ocrx_word' id='word_1_38' title='bbox 1836 658 1923 732; x_wconf 85' lang='grc' dir='ltr'>τρί</span> <span class='ocrx_word' id='word_1_39' title='bbox 1953 692 1956 694; x_wconf 77' lang='lat'><strong><em>~</em></strong></span> 
     </span>
    </p>
   </div>
   <div class='ocr_carea' id='block_1_8' title="bbox 292 748 1954 832">
    <p class='ocr_par' dir='ltr' id='par_1_8' title="bbox 292 748 1954 832">
     <span class='ocr_line' id='line_1_8' title="bbox 292 748 1954 832; baseline -0.011 -14"><span class='ocrx_word' id='word_1_40' title='bbox 292 783 386 819; x_wconf 91' lang='grc' dir='ltr'>τον</span> <span class='ocrx_word' id='word_1_41' title='bbox 435 767 535 829; x_wconf 81' lang='grc' dir='ltr'>τῆς</span> <span class='ocrx_word' id='word_1_42' title='bbox 586 755 875 832; x_wconf 86' lang='grc' dir='ltr'>εύνουχίας</span> <span class='ocrx_word' id='word_1_43' title='bbox 927 754 1152 830; x_wconf 78' lang='grc' dir='ltr'>τρόπον,</span> <span class='ocrx_word' id='word_1_44' title='bbox 1201 749 1340 806; x_wconf 81' lang='grc' dir='ltr'>ὁδῶν</span> <span class='ocrx_word' id='word_1_45' title='bbox 1391 748 1450 813; x_wconf 74' lang='grc' dir='ltr'>ἃς</span> <span class='ocrx_word' id='word_1_46' title='bbox 1483 751 1510 804; x_wconf 86' lang='grc' dir='ltr'>ὁ</span> <span class='ocrx_word' id='word_1_47' title='bbox 1542 749 1744 825; x_wconf 88' lang='grc' dir='ltr'>Κύριος</span> <span class='ocrx_word' id='word_1_48' title='bbox 1790 750 1954 820; x_wconf 75' lang='grc' dir='ltr'>ἡμῶν</span> 
     </span>
    </p>
   </div>
   <div class='ocr_carea' id='block_1_9' title="bbox 296 836 1959 921">
    <p class='ocr_par' dir='ltr' id='par_1_9' title="bbox 296 836 1959 921">
     <span class='ocr_line' id='line_1_9' title="bbox 296 836 1959 921; baseline -0.011 -13"><span class='ocrx_word' id='word_1_49' title='bbox 296 848 566 920; x_wconf 79' lang='grc' dir='ltr'>ὑπέδειξεν</span> <span class='ocrx_word' id='word_1_50' title='bbox 623 846 710 901; x_wconf 84' lang='grc' dir='ltr'>ἐπὶ</span> <span class='ocrx_word' id='word_1_51' title='bbox 762 843 1050 921; x_wconf 71' lang='grc' dir='ltr'>παρθενίαν</span> <span class='ocrx_word' id='word_1_52' title='bbox 1100 845 1250 914; x_wconf 73' lang='grc' dir='ltr'>ἡμᾶς</span> <span class='ocrx_word' id='word_1_53' title='bbox 1293 840 1569 915; x_wconf 83' lang='grc' dir='ltr'>ἀγουσῶν,</span> <span class='ocrx_word' id='word_1_54' title='bbox 1601 836 1670 893; x_wconf 82' lang='grc' dir='ltr'>δι’</span> <span class='ocrx_word' id='word_1_55' title='bbox 1719 839 1790 906; x_wconf 81' lang='grc' dir='ltr'>ἧς</span> <span class='ocrx_word' id='word_1_56' title='bbox 1835 836 1959 912; x_wconf 86' lang='grc' dir='ltr'>βού-</span> 
     </span>
    </p>
   </div>
   <div class='ocr_carea' id='block_1_10' title="bbox 298 923 1955 1016">
    <p class='ocr_par' dir='ltr' id='par_1_10' title="bbox 298 923 1955 1016">
     <span class='ocr_line' id='line_1_10' title="bbox 298 923 1955 1016; baseline -0.01 -21"><span class='ocrx_word' id='word_1_57' title='bbox 298 939 475 1007; x_wconf 89' lang='grc' dir='ltr'>λεται,</span> <span class='ocrx_word' id='word_1_58' title='bbox 508 937 695 1016; x_wconf 74' lang='grc' dir='ltr'>φησὶν,</span> <span class='ocrx_word' id='word_1_59' title='bbox 725 937 752 990; x_wconf 91' lang='grc' dir='ltr'>ὁ</span> <span class='ocrx_word' id='word_1_60' title='bbox 787 932 1084 1006; x_wconf 86' lang='grc' dir='ltr'>δυνάμενος</span> <span class='ocrx_word' id='word_1_61' title='bbox 1117 935 1320 1006; x_wconf 79' lang='grc' dir='ltr'>χωρεῖν</span> <span class='ocrx_word' id='word_1_62' title='bbox 1346 928 1620 1004; x_wconf 88' lang='grc' dir='ltr'>χωρείτω.</span> <span class='ocrx_word' id='word_1_63' title='bbox 1653 923 1955 995; x_wconf 78' lang='grc' dir='ltr'>Ἀποδεκτή</span> 
     </span>
    </p>
   </div>
   <div class='ocr_carea' id='block_1_11' title="bbox 306 1013 1958 1103">
    <p class='ocr_par' dir='ltr' id='par_1_11' title="bbox 306 1013 1958 1103">
     <span class='ocr_line' id='line_1_11' title="bbox 306 1013 1958 1103; baseline -0.01 -19"><span class='ocrx_word' id='word_1_64' title='bbox 306 1029 401 1103; x_wconf 71' lang='grc' dir='ltr'>μὲν</span> <span class='ocrx_word' id='word_1_65' title='bbox 434 1013 538 1103; x_wconf 81' lang='grc' dir='ltr'>γὰρ</span> <span class='ocrx_word' id='word_1_66' title='bbox 569 1025 658 1080; x_wconf 83' lang='grc' dir='ltr'>καὶ</span> <span class='ocrx_word' id='word_1_67' title='bbox 690 1027 725 1094; x_wconf 80' lang='grc' dir='ltr'>ἡ</span> <span class='ocrx_word' id='word_1_68' title='bbox 761 1021 848 1078; x_wconf 69' lang='grc' dir='ltr'>διὰ</span> <span class='ocrx_word' id='word_1_69' title='bbox 896 1026 1022 1095; x_wconf 80' lang='grc' dir='ltr'>μιᾶς</span> <span class='ocrx_word' id='word_1_70' title='bbox 1050 1023 1157 1074; x_wconf 77' lang='grc' dir='ltr'>τῶν</span> <span class='ocrx_word' id='word_1_71' title='bbox 1205 1017 1300 1074; x_wconf 89' lang='grc' dir='ltr'>δύο</span> <span class='ocrx_word' id='word_1_72' title='bbox 1348 1017 1550 1087; x_wconf 87' lang='grc' dir='ltr'>ταύτην</span> <span class='ocrx_word' id='word_1_73' title='bbox 1592 1019 1705 1090; x_wconf 80' lang='grc'>(72)</span> <span class='ocrx_word' id='word_1_74' title='bbox 1739 1013 1958 1103; x_wconf 67' lang='grc' dir='ltr'>ὁδεύου-</span> 
     </span>
    </p>
   </div>
   <div class='ocr_carea' id='block_1_12' title="bbox 303 1101 1955 1191">
    <p class='ocr_par' dir='ltr' id='par_1_12' title="bbox 303 1101 1955 1191">
     <span class='ocr_line' id='line_1_12' title="bbox 303 1101 1955 1191; baseline -0.008 -18"><span class='ocrx_word' id='word_1_75' title='bbox 303 1101 388 1172; x_wconf 83' lang='grc' dir='ltr'>σα·</span> <span class='ocrx_word' id='word_1_76' title='bbox 429 1101 813 1191; x_wconf 76' lang='grc' dir='ltr'>μακαριωτέρα</span> <span class='ocrx_word' id='word_1_77' title='bbox 862 1109 918 1166; x_wconf 71' lang='grc' dir='ltr'>δὲ</span> <span class='ocrx_word' id='word_1_78' title='bbox 948 1113 984 1180; x_wconf 86' lang='grc' dir='ltr'>ἡ</span> <span class='ocrx_word' id='word_1_79' title='bbox 1039 1108 1126 1164; x_wconf 72' lang='grc' dir='ltr'>διὰ</span> <span class='ocrx_word' id='word_1_80' title='bbox 1166 1115 1265 1178; x_wconf 82' lang='grc' dir='ltr'>τῆς</span> <span class='ocrx_word' id='word_1_81' title='bbox 1307 1108 1618 1184; x_wconf 88' lang='grc' dir='ltr'>κρείττονος</span> <span class='ocrx_word' id='word_1_82' title='bbox 1663 1101 1955 1182; x_wconf 81' lang='grc' dir='ltr'>τρέχουσα.</span> 
     </span>
    </p>
   </div>
   <div class='ocr_carea' id='block_1_13' title="bbox 305 1193 1957 1271">
    <p class='ocr_par' dir='ltr' id='par_1_13' title="bbox 305 1193 1957 1271">
     <span class='ocr_line' id='line_1_13' title="bbox 305 1193 1957 1271; baseline -0.01 -8"><span class='ocrx_word' id='word_1_83' title='bbox 305 1211 476 1265; x_wconf 77' lang='grc' dir='ltr'>Πᾶσαι</span> <span class='ocrx_word' id='word_1_84' title='bbox 511 1203 569 1260; x_wconf 78' lang='grc' dir='ltr'>δὲ</span> <span class='ocrx_word' id='word_1_85' title='bbox 599 1205 654 1258; x_wconf 79' lang='grc' dir='ltr'>αἱ</span> <span class='ocrx_word' id='word_1_86' title='bbox 688 1201 758 1257; x_wconf 87' lang='grc' dir='ltr'>δι’</span> <span class='ocrx_word' id='word_1_87' title='bbox 788 1205 856 1270; x_wconf 77' lang='grc' dir='ltr'>ἧς</span> <span class='ocrx_word' id='word_1_88' title='bbox 897 1199 1105 1271; x_wconf 66' lang='grc' dir='ltr'>δήποτε</span> <span class='ocrx_word' id='word_1_89' title='bbox 1137 1196 1265 1253; x_wconf 85' lang='grc' dir='ltr'>ὁδοῦ</span> <span class='ocrx_word' id='word_1_90' title='bbox 1317 1196 1402 1252; x_wconf 83' lang='grc' dir='ltr'>ἐπὶ</span> <span class='ocrx_word' id='word_1_91' title='bbox 1452 1196 1652 1266; x_wconf 88' lang='grc' dir='ltr'>ταύτην</span> <span class='ocrx_word' id='word_1_92' title='bbox 1703 1193 1957 1248; x_wconf 86' lang='grc' dir='ltr'>ἐλαύνου-</span> 
     </span>
    </p>
   </div>
   <div class='ocr_carea' id='block_1_14' title="bbox 303 1281 1960 1366">
    <p class='ocr_par' dir='ltr' id='par_1_14' title="bbox 303 1281 1960 1366">
     <span class='ocr_line' id='line_1_14' title="bbox 303 1281 1960 1366; baseline -0.008 -15"><span class='ocrx_word' id='word_1_93' title='bbox 303 1316 415 1365; x_wconf 82' lang='grc' dir='ltr'>σαι,</span> <span class='ocrx_word' id='word_1_94' title='bbox 444 1298 543 1350; x_wconf 81' lang='grc' dir='ltr'>τοῦ</span> <span class='ocrx_word' id='word_1_95' title='bbox 577 1293 816 1366; x_wconf 81' lang='grc' dir='ltr'><strong>ἀμώμου</strong></span> <span class='ocrx_word' id='word_1_96' title='bbox 867 1286 1001 1352; x_wconf 60' lang='grc' dir='ltr'>ἴσως</span> <span class='ocrx_word' id='word_1_97' title='bbox 1051 1288 1102 1344; x_wconf 80' lang='grc' dir='ltr'>ἐν</span> <span class='ocrx_word' id='word_1_98' title='bbox 1150 1291 1220 1361; x_wconf 78' lang='grc' dir='ltr'>τῇ</span> <span class='ocrx_word' id='word_1_99' title='bbox 1272 1285 1384 1353; x_wconf 84' lang='grc' dir='ltr'>ὁδῷ</span> <span class='ocrx_word' id='word_1_100' title='bbox 1423 1284 1841 1362; x_wconf 87' lang='grc' dir='ltr'>προνοείτωσαν,</span> <span class='ocrx_word' id='word_1_101' title='bbox 1867 1281 1960 1338; x_wconf 61' lang='grc' dir='ltr'>τίνα</span> 
     </span>
    </p>
   </div>
   <div class='ocr_carea' id='block_1_15' title="bbox 2066 569 3720 647">
    <p class='ocr_par' dir='ltr' id='par_1_15' title="bbox 2066 569 3720 647">
     <span class='ocr_line' id='line_1_15' title="bbox 2066 569 3720 647; baseline 0.001 -20"><span class='ocrx_word' id='word_1_102' title='bbox 2066 569 2244 628; x_wconf 81' lang='lat' dir='ltr'>tionis</span> <span class='ocrx_word' id='word_1_103' title='bbox 2272 571 2469 636; x_wconf 90' lang='lat' dir='ltr'>modo,</span> <span class='ocrx_word' id='word_1_104' title='bbox 2500 569 2602 624; x_wconf 67' lang='lat' dir='ltr'>viai</span> <span class='ocrx_word' id='word_1_105' title='bbox 2635 570 2804 624; x_wconf 89' lang='lat' dir='ltr'>nobis</span> <span class='ocrx_word' id='word_1_106' title='bbox 2829 587 2862 625; x_wconf 89' lang='lat' dir='ltr'>a</span> <span class='ocrx_word' id='word_1_107' title='bbox 2891 569 3135 626; x_wconf 90' lang='lat' dir='ltr'>Domino</span> <span class='ocrx_word' id='word_1_108' title='bbox 3166 576 3413 627; x_wconf 71' lang='lat' dir='ltr'>ostensaa</span> <span class='ocrx_word' id='word_1_109' title='bbox 3447 573 3517 627; x_wconf 89' lang='lat' dir='ltr'>ad</span> <span class='ocrx_word' id='word_1_110' title='bbox 3551 574 3720 647; x_wconf 87' lang='lat' dir='ltr'>virgi.</span> 
     </span>
    </p>
   </div>
   <div class='ocr_carea' id='block_1_16' title="bbox 2068 660 3724 734">
    <p class='ocr_par' dir='ltr' id='par_1_16' title="bbox 2068 660 3724 734">
     <span class='ocr_line' id='line_1_16' title="bbox 2068 660 3724 734; baseline 0.002 -18"><span class='ocrx_word' id='word_1_111' title='bbox 2068 661 2312 716; x_wconf 82' lang='lat' dir='ltr'>nitatem</span> <span class='ocrx_word' id='word_1_112' title='bbox 2343 677 2445 715; x_wconf 89' lang='lat' dir='ltr'>nos</span> <span class='ocrx_word' id='word_1_113' title='bbox 2474 660 2819 731; x_wconf 81' lang='lat' dir='ltr'>perducant,</span> <span class='ocrx_word' id='word_1_114' title='bbox 2848 675 2952 730; x_wconf 90' lang='lat' dir='ltr'>per</span> <span class='ocrx_word' id='word_1_115' title='bbox 2981 675 3159 729; x_wconf 91' lang='lat' dir='ltr'>quam</span> <span class='ocrx_word' id='word_1_116' title='bbox 3190 662 3366 728; x_wconf 89' lang='lat' dir='ltr'>volet,</span> <span class='ocrx_word' id='word_1_117' title='bbox 3399 662 3724 734; x_wconf 89' lang='lat' dir='ltr'>inquit,qui</span> 
     </span>
    </p>
   </div>
   <div class='ocr_carea' id='block_1_17' title="bbox 2070 748 3727 822">
    <p class='ocr_par' dir='ltr' id='par_1_17' title="bbox 2070 748 3727 822">
     <span class='ocr_line' id='line_1_17' title="bbox 2070 748 3727 822; baseline 0.002 -17"><span class='ocrx_word' id='word_1_118' title='bbox 2070 753 2261 822; x_wconf 84' lang='lat' dir='ltr'>potest</span> <span class='ocrx_word' id='word_1_119' title='bbox 2290 748 2602 804; x_wconf 90' lang='lat' dir='ltr'>incendere</span> <span class='ocrx_word' id='word_1_120' title='bbox 2621 748 2874 803; x_wconf 90' lang='lat' dir='ltr'>incedat.</span> <span class='ocrx_word' id='word_1_121' title='bbox 2907 750 2986 802; x_wconf 90' lang='lat' dir='ltr'>Ac</span> <span class='ocrx_word' id='word_1_122' title='bbox 3028 748 3340 805; x_wconf 89' lang='lat' dir='ltr'>laudabilis</span> <span class='ocrx_word' id='word_1_123' title='bbox 3369 751 3604 822; x_wconf 86' lang='lat' dir='ltr'>quidem</span> <span class='ocrx_word' id='word_1_124' title='bbox 3636 757 3727 810; x_wconf 87' lang='lat' dir='ltr'>est</span> 
     </span>
    </p>
   </div>
   <div class='ocr_carea' id='block_1_18' title="bbox 2068 837 3723 912">
    <p class='ocr_par' dir='ltr' id='par_1_18' title="bbox 2068 837 3723 912">
     <span class='ocr_line' id='line_1_18' title="bbox 2068 837 3723 912; baseline 0.004 -21"><span class='ocrx_word' id='word_1_125' title='bbox 2068 855 2194 910; x_wconf 66' lang='lat' dir='ltr'>quae</span> <span class='ocrx_word' id='word_1_126' title='bbox 2218 854 2320 910; x_wconf 90' lang='lat' dir='ltr'>per</span> <span class='ocrx_word' id='word_1_127' title='bbox 2350 837 2591 892; x_wconf 82' lang='lat' dir='ltr'>alteram</span> <span class='ocrx_word' id='word_1_128' title='bbox 2624 854 2688 892; x_wconf 81' lang='lat' dir='ltr'>ex</span> <span class='ocrx_word' id='word_1_129' title='bbox 2721 837 2954 891; x_wconf 89' lang='lat' dir='ltr'>duabus</span> <span class='ocrx_word' id='word_1_130' title='bbox 2987 837 3281 908; x_wconf 81' lang='lat' dir='ltr'>prioribus</span> <span class='ocrx_word' id='word_1_131' title='bbox 3311 840 3382 894; x_wconf 89' lang='lat' dir='ltr'>ad</span> <span class='ocrx_word' id='word_1_132' title='bbox 3415 841 3723 912; x_wconf 89' lang='lat' dir='ltr'>virginita-</span> 
     </span>
    </p>
   </div>
   <div class='ocr_carea' id='block_1_19' title="bbox 2067 926 3720 999">
    <p class='ocr_par' dir='ltr' id='par_1_19' title="bbox 2067 926 3720 999">
     <span class='ocr_line' id='line_1_19' title="bbox 2067 926 3720 999; baseline 0.002 -16"><span class='ocrx_word' id='word_1_133' title='bbox 2067 933 2186 983; x_wconf 85' lang='lat' dir='ltr'>tem</span> <span class='ocrx_word' id='word_1_134' title='bbox 2237 926 2440 999; x_wconf 88' lang='lat' dir='ltr'>sergit,</span> <span class='ocrx_word' id='word_1_135' title='bbox 2492 927 2594 983; x_wconf 88' lang='lat' dir='ltr'>sed</span> <span class='ocrx_word' id='word_1_136' title='bbox 2640 927 2864 982; x_wconf 84' lang='lat' dir='ltr'>beatior</span> <span class='ocrx_word' id='word_1_137' title='bbox 2924 943 3052 998; x_wconf 68' lang='lat' dir='ltr'>quas</span> <span class='ocrx_word' id='word_1_138' title='bbox 3104 942 3208 997; x_wconf 87' lang='lat' dir='ltr'>per</span> <span class='ocrx_word' id='word_1_139' title='bbox 3258 931 3720 999; x_wconf 84' lang='lat' dir='ltr'>praestantiorem</span> 
     </span>
    </p>
   </div>
   <div class='ocr_carea' id='block_1_20' title="bbox 2069 1015 3722 1089">
    <p class='ocr_par' dir='ltr' id='par_1_20' title="bbox 2069 1015 3722 1089">
     <span class='ocr_line' id='line_1_20' title="bbox 2069 1015 3722 1089; baseline 0.001 -16"><span class='ocrx_word' id='word_1_140' title='bbox 2069 1017 2271 1073; x_wconf 81' lang='lat' dir='ltr'>currit.</span> <span class='ocrx_word' id='word_1_141' title='bbox 2317 1016 2534 1072; x_wconf 85' lang='lat' dir='ltr'>Omnes</span> <span class='ocrx_word' id='word_1_142' title='bbox 2565 1021 2758 1071; x_wconf 87' lang='lat' dir='ltr'>autem</span> <span class='ocrx_word' id='word_1_143' title='bbox 2794 1032 3149 1088; x_wconf 89' lang='lat' dir='ltr'>quacunque</span> <span class='ocrx_word' id='word_1_144' title='bbox 3187 1015 3280 1072; x_wconf 88' lang='lat' dir='ltr'>via</span> <span class='ocrx_word' id='word_1_145' title='bbox 3311 1017 3380 1071; x_wconf 88' lang='lat' dir='ltr'>ad</span> <span class='ocrx_word' id='word_1_146' title='bbox 3413 1019 3722 1089; x_wconf 86' lang='lat' dir='ltr'>virginita-</span> 
     </span>
    </p>
   </div>
   <div class='ocr_carea' id='block_1_21' title="bbox 2068 1107 3722 1180">
    <p class='ocr_par' dir='ltr' id='par_1_21' title="bbox 2068 1107 3722 1180">
     <span class='ocr_line' id='line_1_21' title="bbox 2068 1107 3722 1180; baseline 0.001 -18"><span class='ocrx_word' id='word_1_147' title='bbox 2068 1111 2187 1163; x_wconf 89' lang='lat' dir='ltr'>tem</span> <span class='ocrx_word' id='word_1_148' title='bbox 2217 1108 2655 1180; x_wconf 75' lang='lat' dir='ltr'>tendant,s:que</span> <span class='ocrx_word' id='word_1_149' title='bbox 2688 1107 3049 1162; x_wconf 79' lang='lat' dir='ltr'>intaminataa</span> <span class='ocrx_word' id='word_1_150' title='bbox 3069 1107 3127 1162; x_wconf 93' lang='lat' dir='ltr'>in</span> <span class='ocrx_word' id='word_1_151' title='bbox 3158 1107 3251 1162; x_wconf 86' lang='lat' dir='ltr'>via</span> <span class='ocrx_word' id='word_1_152' title='bbox 3273 1123 3401 1163; x_wconf 91' lang='lat' dir='ltr'>esse</span> <span class='ocrx_word' id='word_1_153' title='bbox 3423 1109 3722 1178; x_wconf 85' lang='lat' dir='ltr'>studeant;</span> 
     </span>
    </p>
   </div>
   <div class='ocr_carea' id='block_1_22' title="bbox 2069 1195 3728 1269">
    <p class='ocr_par' dir='ltr' id='par_1_22' title="bbox 2069 1195 3728 1269">
     <span class='ocr_line' id='line_1_22' title="bbox 2069 1195 3728 1269; baseline 0 -16"><span class='ocrx_word' id='word_1_154' title='bbox 2069 1203 2136 1253; x_wconf 88' lang='lat' dir='ltr'>ut</span> <span class='ocrx_word' id='word_1_155' title='bbox 2167 1213 2297 1251; x_wconf 91' lang='lat' dir='ltr'>cum</span> <span class='ocrx_word' id='word_1_156' title='bbox 2315 1214 2520 1268; x_wconf 89' lang='lat' dir='ltr'>puram</span> <span class='ocrx_word' id='word_1_157' title='bbox 2546 1196 2617 1252; x_wconf 92' lang='lat' dir='ltr'>ab</span> <span class='ocrx_word' id='word_1_158' title='bbox 2633 1197 2793 1252; x_wconf 91' lang='lat' dir='ltr'>omni</span> <span class='ocrx_word' id='word_1_159' title='bbox 2820 1195 3051 1251; x_wconf 89' lang='lat' dir='ltr'>macula</span> <span class='ocrx_word' id='word_1_160' title='bbox 3075 1213 3352 1268; x_wconf 89' lang='lat' dir='ltr'>sponsam</span> <span class='ocrx_word' id='word_1_161' title='bbox 3379 1213 3596 1268; x_wconf 90' lang='lat' dir='ltr'>sponso</span> <span class='ocrx_word' id='word_1_162' title='bbox 3619 1214 3728 1269; x_wconf 91' lang='lat' dir='ltr'>ap-</span> 
     </span>
    </p>
   </div>
   <div class='ocr_carea' id='block_1_23' title="bbox 2071 1285 3722 1358">
    <p class='ocr_par' dir='ltr' id='par_1_23' title="bbox 2071 1285 3722 1358">
     <span class='ocr_line' id='line_1_23' title="bbox 2071 1285 3722 1358; baseline 0.001 -16"><span class='ocrx_word' id='word_1_163' title='bbox 2071 1286 2511 1355; x_wconf 89' lang='lat' dir='ltr'>taverint,illius</span> <span class='ocrx_word' id='word_1_164' title='bbox 2537 1286 2708 1342; x_wconf 90' lang='lat' dir='ltr'>donis</span> <span class='ocrx_word' id='word_1_165' title='bbox 2731 1285 3049 1358; x_wconf 84' lang='lat' dir='ltr'>gloriosius</span> <span class='ocrx_word' id='word_1_166' title='bbox 3071 1285 3128 1339; x_wconf 91' lang='lat' dir='ltr'>in</span> <span class='ocrx_word' id='word_1_167' title='bbox 3163 1285 3306 1341; x_wconf 81' lang='lat' dir='ltr'>ccelo</span> <span class='ocrx_word' id='word_1_168' title='bbox 3329 1287 3722 1358; x_wconf 82' lang='lat' dir='ltr'>perfruantur.</span> 
     </span>
    </p>
   </div>
   <div class='ocr_carea' id='block_1_24' title="bbox 299 1365 3728 1456">
    <p class='ocr_par' dir='ltr' id='par_1_24' title="bbox 299 1365 3728 1456">
     <span class='ocr_line' id='line_1_24' title="bbox 299 1365 3728 1456; baseline -0.003 -18"><span class='ocrx_word' id='word_1_169' title='bbox 299 1385 478 1454; x_wconf 83' lang='grc' dir='ltr'>πάσης</span> <span class='ocrx_word' id='word_1_170' title='bbox 523 1365 756 1452; x_wconf 87' lang='grc' dir='ltr'>κηλῖδος</span> <span class='ocrx_word' id='word_1_171' title='bbox 816 1379 1054 1456; x_wconf 70' lang='grc' dir='ltr'>καθαρὰν</span> <span class='ocrx_word' id='word_1_172' title='bbox 1087 1379 1186 1447; x_wconf 78' lang='grc' dir='ltr'>τήν</span> <span class='ocrx_word' id='word_1_173' title='bbox 1215 1375 1432 1453; x_wconf 78' lang='grc' dir='ltr'>νύμφην</span> <span class='ocrx_word' id='word_1_174' title='bbox 1464 1378 1543 1446; x_wconf 81' lang='grc' dir='ltr'>τῷ</span> <span class='ocrx_word' id='word_1_175' title='bbox 1598 1371 1817 1451; x_wconf 74' lang='grc' dir='ltr'>νυμφίῳ</span> <span class='ocrx_word' id='word_1_176' title='bbox 1848 1365 2178 1446; x_wconf 79' lang='grc' dir='ltr'>ἀρμὸσασαι,</span> <span class='ocrx_word' id='word_1_177' title='bbox 2207 1377 2315 1428; x_wconf 81' lang='grc' dir='ltr'>τῶν</span> <span class='ocrx_word' id='word_1_178' title='bbox 2348 1376 2471 1450; x_wconf 87' lang='grc' dir='ltr'>παρ’</span> <span class='ocrx_word' id='word_1_179' title='bbox 2504 1372 2668 1429; x_wconf 81' lang='grc' dir='ltr'>αὐτοῦ</span> <span class='ocrx_word' id='word_1_180' title='bbox 2698 1372 2938 1448; x_wconf 79' lang='grc' dir='ltr'>χαρίτων</span> <span class='ocrx_word' id='word_1_181' title='bbox 2973 1370 3313 1450; x_wconf 80' lang='grc' dir='ltr'>ἐνδοξότερον</span> <span class='ocrx_word' id='word_1_182' title='bbox 3345 1374 3460 1429; x_wconf 88' lang='grc' dir='ltr'>κατ’</span> <span class='ocrx_word' id='word_1_183' title='bbox 3501 1373 3728 1450; x_wconf 83' lang='grc' dir='ltr'>οὐρανὸν</span> 
     </span>
    </p>
   </div>
   <div class='ocr_carea' id='block_1_25' title="bbox 298 1467 824 1546">
    <p class='ocr_par' dir='ltr' id='par_1_25' title="bbox 298 1467 824 1546">
     <span class='ocr_line' id='line_1_25' title="bbox 298 1467 824 1546; baseline 0 -20"><span class='ocrx_word' id='word_1_184' title='bbox 298 1475 410 1546; x_wconf 91' lang='lat'>(73)</span> <span class='ocrx_word' id='word_1_185' title='bbox 443 1467 824 1526; x_wconf 77' lang='grc' dir='ltr'>ἀπολαύσωσι.</span> 
     </span>
    </p>
   </div>
   <div class='ocr_carea' id='block_1_26' title="bbox 369 1548 1963 1630">
    <p class='ocr_par' dir='ltr' id='par_1_26' title="bbox 369 1548 1963 1630">
     <span class='ocr_line' id='line_1_26' title="bbox 369 1548 1963 1630; baseline -0.01 -14"><span class='ocrx_word' id='word_1_186' title='bbox 369 1562 461 1616; x_wconf 80' lang='grc'>67.</span> <span class='ocrx_word' id='word_1_187' title='bbox 490 1557 674 1616; x_wconf 86' lang='grc' dir='ltr'>Ταῦτά</span> <span class='ocrx_word' id='word_1_188' title='bbox 704 1577 810 1629; x_wconf 81' lang='grc' dir='ltr'>σοι,</span> <span class='ocrx_word' id='word_1_189' title='bbox 847 1556 892 1610; x_wconf 83' lang='grc' dir='ltr'><strong>ὦ</strong></span> <span class='ocrx_word' id='word_1_190' title='bbox 933 1554 1050 1630; x_wconf 75' lang='grc' dir='ltr'>ἱερὰ</span> <span class='ocrx_word' id='word_1_191' title='bbox 1094 1553 1333 1630; x_wconf 74' lang='grc' dir='ltr'>κεφαλὴ,</span> <span class='ocrx_word' id='word_1_192' title='bbox 1385 1550 1460 1613; x_wconf 79' lang='grc' dir='ltr'>εἷς</span> <span class='ocrx_word' id='word_1_193' title='bbox 1508 1548 1832 1619; x_wconf 78' lang='grc' dir='ltr'>κατανόησιν</span> <span class='ocrx_word' id='word_1_194' title='bbox 1864 1551 1963 1602; x_wconf 84' lang='grc' dir='ltr'>τοῦ</span> 
     </span>
    </p>
   </div>
   <div class='ocr_carea' id='block_1_27' title="bbox 2077 1548 3726 1630">
    <p class='ocr_par' dir='ltr' id='par_1_27' title="bbox 2140 1551 3726 1624">
     <span class='ocr_line' id='line_1_27' title="bbox 2140 1551 3726 1624; baseline 0 -18"><span class='ocrx_word' id='word_1_195' title='bbox 2140 1552 2229 1606; x_wconf 88' lang='lat'><strong>67.</strong></span> <span class='ocrx_word' id='word_1_196' title='bbox 2269 1552 2397 1608; x_wconf 63' lang='lat' dir='ltr'>Hec</span> <span class='ocrx_word' id='word_1_197' title='bbox 2427 1551 2556 1620; x_wconf 90' lang='lat' dir='ltr'>tibi,</span> <span class='ocrx_word' id='word_1_198' title='bbox 2584 1567 2615 1607; x_wconf 91' lang='grc' dir='ltr'>ο</span> <span class='ocrx_word' id='word_1_199' title='bbox 2647 1567 2884 1607; x_wconf 86' lang='lat' dir='ltr'>sacrum</span> <span class='ocrx_word' id='word_1_200' title='bbox 2917 1554 3116 1622; x_wconf 86' lang='lat' dir='ltr'>caput,</span> <span class='ocrx_word' id='word_1_201' title='bbox 3148 1552 3219 1606; x_wconf 89' lang='lat' dir='ltr'>ad</span> <span class='ocrx_word' id='word_1_202' title='bbox 3252 1567 3448 1607; x_wconf 85' lang='lat' dir='ltr'>veram</span> <span class='ocrx_word' id='word_1_203' title='bbox 3480 1551 3726 1624; x_wconf 91' lang='lat' dir='ltr'>virgini-</span> 
     </span>
    </p>
   </div>
   <div class='ocr_carea' id='block_1_28' title="bbox 299 1636 1959 1722">
    <p class='ocr_par' dir='ltr' id='par_1_28' title="bbox 299 1636 1959 1722">
     <span class='ocr_line' id='line_1_28' title="bbox 299 1636 1959 1722; baseline -0.008 -18"><span class='ocrx_word' id='word_1_204' title='bbox 299 1648 471 1711; x_wconf 71' lang='grc' dir='ltr'>ὄντως</span> <span class='ocrx_word' id='word_1_205' title='bbox 503 1647 554 1702; x_wconf 87' lang='grc' dir='ltr'>ἐν</span> <span class='ocrx_word' id='word_1_206' title='bbox 580 1644 840 1722; x_wconf 76' lang='grc' dir='ltr'>παρθενίᾳ</span> <span class='ocrx_word' id='word_1_207' title='bbox 871 1641 1134 1710; x_wconf 76' lang='grc' dir='ltr'>κάλλους,</span> <span class='ocrx_word' id='word_1_208' title='bbox 1167 1643 1241 1703; x_wconf 88' lang='grc' dir='ltr'>ὡς</span> <span class='ocrx_word' id='word_1_209' title='bbox 1273 1643 1300 1696; x_wconf 85' lang='grc' dir='ltr'>ὁ</span> <span class='ocrx_word' id='word_1_210' title='bbox 1325 1641 1513 1715; x_wconf 86' lang='grc' dir='ltr'>καιρὸς</span> <span class='ocrx_word' id='word_1_211' title='bbox 1558 1636 1826 1706; x_wconf 76' lang='grc' dir='ltr'>ἐνεδίδου,</span> <span class='ocrx_word' id='word_1_212' title='bbox 1862 1638 1959 1691; x_wconf 81' lang='grc' dir='ltr'>ὑπ-</span> 
     </span>
    </p>
   </div>
   <div class='ocr_carea' id='block_1_29' title="bbox 302 1727 1957 1816">
    <p class='ocr_par' dir='ltr' id='par_1_29' title="bbox 302 1727 1957 1816">
     <span class='ocr_line' id='line_1_29' title="bbox 302 1727 1957 1816; baseline -0.009 -22"><span class='ocrx_word' id='word_1_213' title='bbox 302 1737 528 1816; x_wconf 75' lang='grc' dir='ltr'>έγραψα,</span> <span class='ocrx_word' id='word_1_214' title='bbox 563 1735 661 1791; x_wconf 82' lang='grc' dir='ltr'>οὐκ</span> <span class='ocrx_word' id='word_1_215' title='bbox 709 1735 815 1788; x_wconf 81' lang='grc' dir='ltr'>ἀπὸ</span> <span class='ocrx_word' id='word_1_216' title='bbox 862 1737 968 1788; x_wconf 79' lang='grc' dir='ltr'>τῶν</span> <span class='ocrx_word' id='word_1_217' title='bbox 1013 1732 1172 1787; x_wconf 81' lang='grc' dir='ltr'>θείων</span> <span class='ocrx_word' id='word_1_218' title='bbox 1230 1732 1416 1805; x_wconf 86' lang='grc' dir='ltr'>μόνον,</span> <span class='ocrx_word' id='word_1_219' title='bbox 1469 1727 1637 1797; x_wconf 75' lang='grc' dir='ltr'>ἀλλὰ,</span> <span class='ocrx_word' id='word_1_220' title='bbox 1683 1727 1834 1816; x_wconf 8' lang='grc' dir='ltr'>κατὰ,</span> <span class='ocrx_word' id='word_1_221' title='bbox 1866 1727 1957 1780; x_wconf 81' lang='grc' dir='ltr'>τὸν</span> 
     </span>
    </p>
   </div>
   <div class='ocr_carea' id='block_1_30' title="bbox 302 1815 1962 1905">
    <p class='ocr_par' dir='ltr' id='par_1_30' title="bbox 302 1815 1962 1905">
     <span class='ocr_line' id='line_1_30' title="bbox 302 1815 1962 1905; baseline -0.008 -22"><span class='ocrx_word' id='word_1_222' title='bbox 302 1815 616 1905; x_wconf 76' lang='grc' dir='ltr'>σοφώτατον</span> <span class='ocrx_word' id='word_1_223' title='bbox 667 1823 908 1892; x_wconf 78' lang='grc' dir='ltr'>Παῦλον,</span> <span class='ocrx_word' id='word_1_224' title='bbox 961 1818 1395 1897; x_wconf 58' lang='grc' dir='ltr'>αῗχμαλωτίζειν</span> <span class='ocrx_word' id='word_1_225' title='bbox 1437 1821 1583 1890; x_wconf 81' lang='grc' dir='ltr'>ἡμᾶς</span> <span class='ocrx_word' id='word_1_226' title='bbox 1635 1822 1736 1871; x_wconf 78' lang='grc' dir='ltr'>πᾶν</span> <span class='ocrx_word' id='word_1_227' title='bbox 1777 1815 1962 1905; x_wconf 84' lang='grc' dir='ltr'>νόημα</span> 
     </span>
    </p>
   </div>
   <div class='ocr_carea' id='block_1_31' title="bbox 307 1904 1962 1992">
    <p class='ocr_par' dir='ltr' id='par_1_31' title="bbox 307 1904 1962 1992">
     <span class='ocr_line' id='line_1_31' title="bbox 307 1904 1962 1992; baseline -0.008 -22"><span class='ocrx_word' id='word_1_228' title='bbox 307 1904 646 1992; x_wconf 84' lang='grc' dir='ltr'>βουλόμενον</span> <span class='ocrx_word' id='word_1_229' title='bbox 698 1913 775 1974; x_wconf 75' lang='grc' dir='ltr'>εἷς</span> <span class='ocrx_word' id='word_1_230' title='bbox 831 1911 1073 1979; x_wconf 79' lang='grc' dir='ltr'>ὑπακοὴν</span> <span class='ocrx_word' id='word_1_231' title='bbox 1113 1913 1210 1963; x_wconf 90' lang='grc' dir='ltr'>τοῦ</span> <span class='ocrx_word' id='word_1_232' title='bbox 1257 1911 1512 1984; x_wconf 80' lang='grc' dir='ltr'>Χριστοῦ,</span> <span class='ocrx_word' id='word_1_233' title='bbox 1562 1905 1654 1960; x_wconf 79' lang='grc' dir='ltr'>καὶ</span> <span class='ocrx_word' id='word_1_234' title='bbox 1705 1904 1809 1958; x_wconf 82' lang='grc' dir='ltr'>ἀπὸ</span> <span class='ocrx_word' id='word_1_235' title='bbox 1856 1908 1962 1958; x_wconf 75' lang='grc' dir='ltr'>τῶν</span> 
     </span>
    </p>
   </div>
   <div class='ocr_carea' id='block_1_32' title="bbox 305 1993 1962 2075">
    <p class='ocr_par' dir='ltr' id='par_1_32' title="bbox 305 1993 1962 2075">
     <span class='ocr_line' id='line_1_32' title="bbox 305 1993 1962 2075; baseline -0.008 -15"><span class='ocrx_word' id='word_1_236' title='bbox 305 2002 521 2075; x_wconf 78' lang='grc' dir='ltr'>ἔξωθεν,</span> <span class='ocrx_word' id='word_1_237' title='bbox 553 2001 727 2056; x_wconf 85' lang='grc' dir='ltr'>πάντα</span> <span class='ocrx_word' id='word_1_238' title='bbox 752 2001 844 2056; x_wconf 86' lang='grc' dir='ltr'>τὸν</span> <span class='ocrx_word' id='word_1_239' title='bbox 877 2002 1120 2075; x_wconf 78' lang='grc' dir='ltr'>Χριστοῦ</span> <span class='ocrx_word' id='word_1_240' title='bbox 1171 1997 1420 2071; x_wconf 78' lang='grc' dir='ltr'>μαθητὴν</span> <span class='ocrx_word' id='word_1_241' title='bbox 1462 1996 1596 2072; x_wconf 87' lang='grc' dir='ltr'>πρὸς</span> <span class='ocrx_word' id='word_1_242' title='bbox 1648 1993 1962 2070; x_wconf 78' lang='grc' dir='ltr'>ἐγκράτειαν</span> 
     </span>
    </p>
   </div>
   <div class='ocr_carea' id='block_1_33' title="bbox 309 2081 1960 2164">
    <p class='ocr_par' dir='ltr' id='par_1_33' title="bbox 309 2081 1960 2164">
     <span class='ocr_line' id='line_1_33' title="bbox 309 2081 1960 2164; baseline -0.007 -17"><span class='ocrx_word' id='word_1_243' title='bbox 309 2090 676 2154; x_wconf 74' lang='grc' dir='ltr'>δυσωπεῖσθαι</span> <span class='ocrx_word' id='word_1_244' title='bbox 735 2088 1090 2164; x_wconf 85' lang='grc' dir='ltr'>βουλόμενος.</span> <span class='ocrx_word' id='word_1_245' title='bbox 1135 2087 1234 2140; x_wconf 72' lang='grc' dir='ltr'>Καὶ</span> <span class='ocrx_word' id='word_1_246' title='bbox 1281 2083 1388 2140; x_wconf 75' lang='grc' dir='ltr'>τῶν</span> <span class='ocrx_word' id='word_1_247' title='bbox 1438 2083 1720 2153; x_wconf 81' lang='grc' dir='ltr'>Ἑλλήνων</span> <span class='ocrx_word' id='word_1_248' title='bbox 1768 2083 1871 2158; x_wconf 85' lang='grc' dir='ltr'>γὰρ</span> <span class='ocrx_word' id='word_1_249' title='bbox 1908 2081 1960 2136; x_wconf 64' lang='grc' dir='ltr'>οἳ.</span> 
     </span>
    </p>
   </div>
   <div class='ocr_carea' id='block_1_34' title="bbox 306 2173 1960 2258">
    <p class='ocr_par' dir='ltr' id='par_1_34' title="bbox 306 2173 1960 2258">
     <span class='ocr_line' id='line_1_34' title="bbox 306 2173 1960 2258; baseline -0.006 -22"><span class='ocrx_word' id='word_1_250' title='bbox 306 2181 466 2258; x_wconf 79' lang='grc' dir='ltr'>σοφοὶ</span> <span class='ocrx_word' id='word_1_251' title='bbox 497 2181 557 2235; x_wconf 83' lang='grc' dir='ltr'>τὸ</span> <span class='ocrx_word' id='word_1_252' title='bbox 585 2201 643 2234; x_wconf 91' lang='grc' dir='ltr'>τε</span> <span class='ocrx_word' id='word_1_253' title='bbox 683 2175 970 2239; x_wconf 74' lang='grc' dir='ltr'>πολυειδὲς</span> <span class='ocrx_word' id='word_1_254' title='bbox 998 2183 1098 2246; x_wconf 79' lang='grc' dir='ltr'>τῆς</span> <span class='ocrx_word' id='word_1_255' title='bbox 1129 2173 1333 2246; x_wconf 82' lang='grc' dir='ltr'>ἡδονῆς</span> <span class='ocrx_word' id='word_1_256' title='bbox 1364 2177 1452 2229; x_wconf 79' lang='grc' dir='ltr'>καὶ</span> <span class='ocrx_word' id='word_1_257' title='bbox 1500 2175 1598 2243; x_wconf 80' lang='grc' dir='ltr'>τὴν</span> <span class='ocrx_word' id='word_1_258' title='bbox 1634 2174 1771 2246; x_wconf 89' lang='grc' dir='ltr'>πρὸς</span> <span class='ocrx_word' id='word_1_259' title='bbox 1800 2176 1960 2227; x_wconf 89' lang='grc' dir='ltr'>τοῦτο</span> 
     </span>
    </p>
   </div>
   <div class='ocr_carea' id='block_1_35' title="bbox 307 2261 1956 2346">
    <p class='ocr_par' dir='ltr' id='par_1_35' title="bbox 307 2261 1956 2346">
     <span class='ocr_line' id='line_1_35' title="bbox 307 2261 1956 2346; baseline -0.006 -21"><span class='ocrx_word' id='word_1_260' title='bbox 307 2272 496 2346; x_wconf 82' lang='grc' dir='ltr'>μάχην</span> <span class='ocrx_word' id='word_1_261' title='bbox 553 2271 690 2341; x_wconf 81' lang='grc' dir='ltr'>ἡμῖν</span> <span class='ocrx_word' id='word_1_262' title='bbox 750 2265 842 2322; x_wconf 79' lang='grc' dir='ltr'>διὰ</span> <span class='ocrx_word' id='word_1_263' title='bbox 901 2269 1133 2340; x_wconf 80' lang='grc' dir='ltr'>μυθικοῦ</span> <span class='ocrx_word' id='word_1_264' title='bbox 1189 2263 1511 2336; x_wconf 81' lang='grc' dir='ltr'>πλάσματος</span> <span class='ocrx_word' id='word_1_265' title='bbox 1570 2261 1956 2335; x_wconf 80' lang='grc' dir='ltr'>αἰνιττόμενοι,</span> 
     </span>
    </p>
   </div>
   <div class='ocr_carea' id='block_1_36' title="bbox 303 2350 1957 2436">
    <p class='ocr_par' dir='ltr' id='par_1_36' title="bbox 303 2350 1957 2436">
     <span class='ocr_line' id='line_1_36' title="bbox 303 2350 1957 2436; baseline -0.005 -21"><span class='ocrx_word' id='word_1_266' title='bbox 303 2358 492 2436; x_wconf 80' lang='grc' dir='ltr'>ὕδραν,</span> <span class='ocrx_word' id='word_1_267' title='bbox 525 2359 625 2427; x_wconf 74' lang='grc' dir='ltr'>τήν</span> <span class='ocrx_word' id='word_1_268' title='bbox 676 2357 896 2434; x_wconf 74' lang='grc' dir='ltr'>γενικὴν</span> <span class='ocrx_word' id='word_1_269' title='bbox 931 2355 983 2410; x_wconf 83' lang='grc' dir='ltr'>ἐν</span> <span class='ocrx_word' id='word_1_270' title='bbox 1033 2359 1112 2427; x_wconf 77' lang='grc' dir='ltr'>τῷ</span> <span class='ocrx_word' id='word_1_271' title='bbox 1163 2355 1377 2428; x_wconf 84' lang='grc' dir='ltr'>σώματι</span> <span class='ocrx_word' id='word_1_272' title='bbox 1417 2351 1646 2436; x_wconf 70' lang='grc' dir='ltr'>ἡδονὴν,</span> <span class='ocrx_word' id='word_1_273' title='bbox 1698 2350 1862 2428; x_wconf 80' lang='grc' dir='ltr'>ἕρπον</span> <span class='ocrx_word' id='word_1_274' title='bbox 1905 2373 1957 2406; x_wconf 87' lang='grc' dir='ltr'>τι</span> 
     </span>
    </p>
   </div>
   <div class='ocr_carea' id='block_1_37' title="bbox 303 2438 1956 2524">
    <p class='ocr_par' dir='ltr' id='par_1_37' title="bbox 303 2438 1956 2524">
     <span class='ocr_line' id='line_1_37' title="bbox 303 2438 1956 2524; baseline -0.005 -21"><span class='ocrx_word' id='word_1_275' title='bbox 303 2446 713 2524; x_wconf 82' lang='grc' dir='ltr'>πολύμορφον,</span> <span class='ocrx_word' id='word_1_276' title='bbox 772 2445 824 2500; x_wconf 80' lang='grc' dir='ltr'>ἐν</span> <span class='ocrx_word' id='word_1_277' title='bbox 881 2441 998 2499; x_wconf 73' lang='grc' dir='ltr'>ἕλει</span> <span class='ocrx_word' id='word_1_278' title='bbox 1051 2441 1296 2519; x_wconf 77' lang='grc' dir='ltr'>φωλεῦον</span> <span class='ocrx_word' id='word_1_279' title='bbox 1355 2438 1807 2519; x_wconf 79' lang='grc' dir='ltr'>φυσιολογοῦντες</span> <span class='ocrx_word' id='word_1_280' title='bbox 1867 2441 1956 2495; x_wconf 86' lang='grc' dir='ltr'>ἀν-</span> 
     </span>
    </p>
   </div>
   <div class='ocr_carea' id='block_1_38' title="bbox 305 2528 1962 2604">
    <p class='ocr_par' dir='ltr' id='par_1_38' title="bbox 305 2528 1962 2604">
     <span class='ocr_line' id='line_1_38' title="bbox 305 2528 1962 2604; baseline -0.005 -12"><span class='ocrx_word' id='word_1_281' title='bbox 305 2537 568 2592; x_wconf 82' lang='grc' dir='ltr'>έπλασαν.</span> <span class='ocrx_word' id='word_1_282' title='bbox 601 2534 699 2588; x_wconf 85' lang='grc' dir='ltr'>Καὶ</span> <span class='ocrx_word' id='word_1_283' title='bbox 743 2533 945 2602; x_wconf 80' lang='grc' dir='ltr'>ταύτης</span> <span class='ocrx_word' id='word_1_284' title='bbox 992 2533 1091 2600; x_wconf 76' lang='grc' dir='ltr'>τὴν</span> <span class='ocrx_word' id='word_1_285' title='bbox 1145 2532 1240 2604; x_wconf 71' lang='grc' dir='ltr'>μὲν</span> <span class='ocrx_word' id='word_1_286' title='bbox 1270 2529 1460 2593; x_wconf 73' lang='grc' dir='ltr'>ἁπλῶς</span> <span class='ocrx_word' id='word_1_287' title='bbox 1503 2528 1840 2604; x_wconf 72' lang='grc' dir='ltr'>τεμνομένην</span> <span class='ocrx_word' id='word_1_288' title='bbox 1872 2551 1962 2584; x_wconf 84' lang='grc' dir='ltr'>κε-</span> 
     </span>
    </p>
   </div>
   <div class='ocr_carea' id='block_1_39' title="bbox 305 2617 1956 2704">
    <p class='ocr_par' dir='ltr' id='par_1_39' title="bbox 305 2617 1956 2704">
     <span class='ocr_line' id='line_1_39' title="bbox 305 2617 1956 2704; baseline -0.005 -24"><span class='ocrx_word' id='word_1_289' title='bbox 305 2625 486 2704; x_wconf 75' lang='grc' dir='ltr'>φαλὴν</span> <span class='ocrx_word' id='word_1_290' title='bbox 517 2620 906 2699; x_wconf 86' lang='grc' dir='ltr'>τριπλασίονας</span> <span class='ocrx_word' id='word_1_291' title='bbox 942 2619 1060 2676; x_wconf 86' lang='grc' dir='ltr'>ἀντὶ</span> <span class='ocrx_word' id='word_1_292' title='bbox 1089 2626 1188 2689; x_wconf 82' lang='grc' dir='ltr'>τῆς</span> <span class='ocrx_word' id='word_1_293' title='bbox 1225 2625 1350 2693; x_wconf 76' lang='grc' dir='ltr'>μιᾶς</span> <span class='ocrx_word' id='word_1_294' title='bbox 1385 2618 1594 2697; x_wconf 77' lang='grc' dir='ltr'>ἐκφύειν</span> <span class='ocrx_word' id='word_1_295' title='bbox 1635 2617 1956 2694; x_wconf 89' lang='grc' dir='ltr'>παρέδοσαν·</span> 
     </span>
    </p>
   </div>
   <div class='ocr_carea' id='block_1_40' title="bbox 304 2709 1960 2786">
    <p class='ocr_par' dir='ltr' id='par_1_40' title="bbox 304 2709 1960 2786">
     <span class='ocr_line' id='line_1_40' title="bbox 304 2709 1960 2786; baseline -0.005 -16"><span class='ocrx_word' id='word_1_296' title='bbox 304 2715 404 2783; x_wconf 80' lang='grc' dir='ltr'>τὴν</span> <span class='ocrx_word' id='word_1_297' title='bbox 439 2711 498 2768; x_wconf 73' lang='grc' dir='ltr'>δὲ</span> <span class='ocrx_word' id='word_1_298' title='bbox 548 2709 779 2785; x_wconf 80' lang='grc' dir='ltr'>καυτῆρι</span> <span class='ocrx_word' id='word_1_299' title='bbox 833 2710 1174 2783; x_wconf 70' lang='grc' dir='ltr'>τεμνομένην</span> <span class='ocrx_word' id='word_1_300' title='bbox 1226 2710 1557 2785; x_wconf 85' lang='grc' dir='ltr'>ἀναιρεῖσθαι</span> <span class='ocrx_word' id='word_1_301' title='bbox 1597 2709 1838 2780; x_wconf 79' lang='grc' dir='ltr'>καθάπαξ</span> <span class='ocrx_word' id='word_1_302' title='bbox 1870 2731 1960 2786; x_wconf 75' lang='grc' dir='ltr'>φι-</span> 
     </span>
    </p>
   </div>
   <div class='ocr_carea' id='block_1_41' title="bbox 309 2794 1957 2880">
    <p class='ocr_par' dir='ltr' id='par_1_41' title="bbox 309 2794 1957 2880">
     <span class='ocr_line' id='line_1_41' title="bbox 309 2794 1957 2880; baseline -0.004 -22"><span class='ocrx_word' id='word_1_303' title='bbox 309 2801 563 2880; x_wconf 81' lang='grc' dir='ltr'>λοσόφως</span> <span class='ocrx_word' id='word_1_304' title='bbox 617 2797 916 2870; x_wconf 83' lang='grc' dir='ltr'>ὑπέδειξαν.</span> <span class='ocrx_word' id='word_1_305' title='bbox 969 2799 1092 2855; x_wconf 85' lang='grc' dir='ltr'>’Ότι</span> <span class='ocrx_word' id='word_1_306' title='bbox 1136 2803 1236 2866; x_wconf 86' lang='grc' dir='ltr'>νῆς</span> <span class='ocrx_word' id='word_1_307' title='bbox 1284 2799 1402 2861; x_wconf 88' lang='grc' dir='ltr'>καθ’</span> <span class='ocrx_word' id='word_1_308' title='bbox 1453 2794 1587 2852; x_wconf 77' lang='grc' dir='ltr'>ὅλου</span> <span class='ocrx_word' id='word_1_309' title='bbox 1633 2795 1861 2869; x_wconf 77' lang='grc' dir='ltr'>ἡδονῆς,</span> <span class='ocrx_word' id='word_1_310' title='bbox 1906 2796 1957 2852; x_wconf 87' lang='grc' dir='ltr'>ἐν</span> 
     </span>
    </p>
   </div>
   <div class='ocr_carea' id='block_1_42' title="bbox 310 2883 2034 2991">
    <p class='ocr_par' dir='ltr' id='par_1_42' title="bbox 310 2883 2034 2991">
     <span class='ocr_line' id='line_1_42' title="bbox 310 2883 2034 2991; baseline -0.002 -45"><span class='ocrx_word' id='word_1_311' title='bbox 310 2893 404 2965; x_wconf 76' lang='grc' dir='ltr'>μὲν</span> <span class='ocrx_word' id='word_1_312' title='bbox 437 2895 504 2965; x_wconf 77' lang='grc' dir='ltr'>τῇ</span> <span class='ocrx_word' id='word_1_313' title='bbox 535 2893 635 2960; x_wconf 74' lang='grc' dir='ltr'>τῆς</span> <span class='ocrx_word' id='word_1_314' title='bbox 679 2889 878 2965; x_wconf 88' lang='grc' dir='ltr'>σαρκὸς</span> <span class='ocrx_word' id='word_1_315' title='bbox 930 2885 1094 2961; x_wconf 82' lang='grc' dir='ltr'>ὑλικῇ</span> <span class='ocrx_word' id='word_1_316' title='bbox 1146 2886 1322 2964; x_wconf 73' lang='grc' dir='ltr'>φύσει,</span> <span class='ocrx_word' id='word_1_317' title='bbox 1377 2885 1556 2961; x_wconf 82' lang='grc' dir='ltr'>ὥσπερ</span> <span class='ocrx_word' id='word_1_318' title='bbox 1607 2885 1658 2941; x_wconf 73' lang='grc' dir='ltr'>ἰν</span> <span class='ocrx_word' id='word_1_319' title='bbox 1703 2883 1814 2942; x_wconf 70' lang='grc' dir='ltr'>ἕλει</span> <span class='ocrx_word' id='word_1_320' title='bbox 1857 2885 1962 2942; x_wconf 86' lang='grc' dir='ltr'>δει-</span> <span class='ocrx_word' id='word_1_321' title='bbox 1991 2921 2034 2991; x_wconf 76' lang='lat' dir='ltr'>C</span> 
     </span>
     <span class='ocr_line' id='line_1_43' title="bbox 371 2973 1926 2991; baseline 0 0"><span class='ocrx_word' id='word_1_322' title='bbox 371 2985 398 2991; x_wconf 56' lang='grc' dir='ltr'><em>η</em></span> <span class='ocrx_word' id='word_1_323' title='bbox 609 2979 622 2991; x_wconf 91' lang='grc'>.</span> <span class='ocrx_word' id='word_1_324' title='bbox 806 2982 832 2991; x_wconf 84' lang='grc'>..</span> <span class='ocrx_word' id='word_1_325' title='bbox 879 2979 892 2991; x_wconf 94' lang='grc'>.</span> <span class='ocrx_word' id='word_1_326' title='bbox 935 2977 947 2991; x_wconf 77' lang='grc'>.</span> <span class='ocrx_word' id='word_1_327' title='bbox 1101 2986 1107 2991; x_wconf 90' lang='grc'>.</span> <span class='ocrx_word' id='word_1_328' title='bbox 1233 2976 1246 2991; x_wconf 83' lang='grc'><strong><em>,</em></strong></span> <span class='ocrx_word' id='word_1_329' title='bbox 1409 2973 1432 2991; x_wconf 70' lang='grc' dir='ltr'>ι.</span> <span class='ocrx_word' id='word_1_330' title='bbox 1463 2977 1474 2991; x_wconf 88' lang='grc'>.</span> <span class='ocrx_word' id='word_1_331' title='bbox 1523 2977 1534 2991; x_wconf 93' lang='grc'>.</span> <span class='ocrx_word' id='word_1_332' title='bbox 1605 2974 1614 2991; x_wconf 71' lang='grc' dir='ltr'><em>ι</em></span> <span class='ocrx_word' id='word_1_333' title='bbox 1784 2973 1828 2991; x_wconf 65' lang='grc' dir='ltr'>ρ..</span> <span class='ocrx_word' id='word_1_334' title='bbox 1913 2977 1926 2991; x_wconf 92' lang='grc'>.</span> 
     </span>
    </p>
   </div>
   <div class='ocr_carea' id='block_1_43' title="bbox 305 2973 1960 3054">
    <p class='ocr_par' dir='ltr' id='par_1_43' title="bbox 305 2973 1960 3054">
     <span class='ocr_line' id='line_1_44' title="bbox 305 2973 1960 3054; baseline -0.003 -19"><span class='ocrx_word' id='word_1_335' title='bbox 305 2985 403 3036; x_wconf 84' lang='grc' dir='ltr'>νοῦ</span> <span class='ocrx_word' id='word_1_336' title='bbox 431 3001 578 3042; x_wconf 73' lang='grc' dir='ltr'>τινος</span> <span class='ocrx_word' id='word_1_337' title='bbox 609 2979 836 3054; x_wconf 72' lang='grc' dir='ltr'>ἑρπετοῦ</span> <span class='ocrx_word' id='word_1_338' title='bbox 869 2977 951 3032; x_wconf 83' lang='grc' dir='ltr'>ἀεὶ</span> <span class='ocrx_word' id='word_1_339' title='bbox 999 2976 1378 3054; x_wconf 75' lang='grc' dir='ltr'>φωλευούσης,</span> <span class='ocrx_word' id='word_1_340' title='bbox 1405 2973 1474 3030; x_wconf 82' lang='grc' dir='ltr'>δι’</span> <span class='ocrx_word' id='word_1_341' title='bbox 1523 2974 1752 3046; x_wconf 70' lang='grc' dir='ltr'>ἑκάστης</span> <span class='ocrx_word' id='word_1_342' title='bbox 1781 2973 1838 3031; x_wconf 75' lang='grc' dir='ltr'>δὲ</span> <span class='ocrx_word' id='word_1_343' title='bbox 1876 2977 1960 3030; x_wconf 81' lang='grc' dir='ltr'>αἰ-</span> 
     </span>
    </p>
   </div>
   <div class='ocr_carea' id='block_1_44' title="bbox 307 3063 1961 3142">
    <p class='ocr_par' dir='ltr' id='par_1_44' title="bbox 307 3063 1961 3142">
     <span class='ocr_line' id='line_1_45' title="bbox 307 3063 1961 3142; baseline -0.004 -16"><span class='ocrx_word' id='word_1_344' title='bbox 307 3072 575 3141; x_wconf 76' lang='grc' dir='ltr'>σθήσεως,</span> <span class='ocrx_word' id='word_1_345' title='bbox 605 3069 847 3141; x_wconf 86' lang='grc' dir='ltr'>καθάπερ</span> <span class='ocrx_word' id='word_1_346' title='bbox 879 3065 1002 3121; x_wconf 71' lang='grc' dir='ltr'>τινὰ</span> <span class='ocrx_word' id='word_1_347' title='bbox 1057 3065 1179 3138; x_wconf 79' lang='grc' dir='ltr'>μίαν</span> <span class='ocrx_word' id='word_1_348' title='bbox 1228 3063 1473 3142; x_wconf 75' lang='grc' dir='ltr'>κεφαλὴν</span> <span class='ocrx_word' id='word_1_349' title='bbox 1505 3064 1565 3120; x_wconf 87' lang='grc' dir='ltr'>ἐκ</span> <span class='ocrx_word' id='word_1_350' title='bbox 1612 3065 1832 3140; x_wconf 85' lang='grc' dir='ltr'>βάθους,</span> <span class='ocrx_word' id='word_1_351' title='bbox 1863 3067 1961 3134; x_wconf 75' lang='grc' dir='ltr'>τὴν</span> 
     </span>
    </p>
   </div>
   <div class='ocr_carea' id='block_1_45' title="bbox 309 3150 1964 3229">
    <p class='ocr_par' dir='ltr' id='par_1_45' title="bbox 309 3150 1964 3229">
     <span class='ocr_line' id='line_1_46' title="bbox 309 3150 1964 3229; baseline -0.003 -16"><span class='ocrx_word' id='word_1_352' title='bbox 309 3157 487 3227; x_wconf 77' lang='grc' dir='ltr'>ἱδικῆν</span> <span class='ocrx_word' id='word_1_353' title='bbox 521 3155 609 3211; x_wconf 77' lang='grc' dir='ltr'>διά</span> <span class='ocrx_word' id='word_1_354' title='bbox 638 3177 696 3211; x_wconf 88' lang='grc' dir='ltr'>τε</span> <span class='ocrx_word' id='word_1_355' title='bbox 727 3153 903 3229; x_wconf 74' lang='grc' dir='ltr'>ὄψεως</span> <span class='ocrx_word' id='word_1_356' title='bbox 934 3154 1021 3208; x_wconf 88' lang='grc' dir='ltr'>καὶ</span> <span class='ocrx_word' id='word_1_357' title='bbox 1055 3152 1294 3227; x_wconf 84' lang='grc' dir='ltr'>γεύσεως</span> <span class='ocrx_word' id='word_1_358' title='bbox 1341 3152 1430 3206; x_wconf 86' lang='grc' dir='ltr'>καὶ</span> <span class='ocrx_word' id='word_1_359' title='bbox 1472 3157 1581 3206; x_wconf 84' lang='grc' dir='ltr'>τῶν</span> <span class='ocrx_word' id='word_1_360' title='bbox 1615 3150 1825 3207; x_wconf 80' lang='grc' dir='ltr'>λοιπῶν</span> <span class='ocrx_word' id='word_1_361' title='bbox 1859 3175 1964 3208; x_wconf 65' lang='grc' dir='ltr'>που</span> 
     </span>
    </p>
   </div>
   <div class='ocr_carea' id='block_1_46' title="bbox 307 3239 1964 3323">
    <p class='ocr_par' dir='ltr' id='par_1_46' title="bbox 307 3239 1964 3323">
     <span class='ocr_line' id='line_1_47' title="bbox 307 3239 1964 3323; baseline -0.003 -22"><span class='ocrx_word' id='word_1_362' title='bbox 307 3246 611 3323; x_wconf 79' lang='grc' dir='ltr'>λυμόρφως</span> <span class='ocrx_word' id='word_1_363' title='bbox 643 3242 848 3315; x_wconf 72' lang='grc' dir='ltr'>ἡδονὴν</span> <span class='ocrx_word' id='word_1_364' title='bbox 880 3244 988 3317; x_wconf 83' lang='grc'>(74)</span> <span class='ocrx_word' id='word_1_365' title='bbox 1043 3239 1397 3317; x_wconf 84' lang='grc' dir='ltr'>ἀνισχούσης,</span> <span class='ocrx_word' id='word_1_366' title='bbox 1431 3240 1520 3296; x_wconf 76' lang='grc' dir='ltr'>ἐὰν</span> <span class='ocrx_word' id='word_1_367' title='bbox 1573 3239 1623 3294; x_wconf 86' lang='grc' dir='ltr'>ἐν</span> <span class='ocrx_word' id='word_1_368' title='bbox 1665 3241 1964 3298; x_wconf 83' lang='grc' dir='ltr'>ἀπολαύσει</span> 
     </span>
    </p>
   </div>
   <div class='ocr_carea' id='block_1_47' title="bbox 302 3327 1968 3412">
    <p class='ocr_par' dir='ltr' id='par_1_47' title="bbox 302 3327 1968 3412">
     <span class='ocr_line' id='line_1_48' title="bbox 302 3327 1968 3412; baseline -0.007 -21"><span class='ocrx_word' id='word_1_369' title='bbox 302 3357 362 3392; x_wconf 89' lang='grc' dir='ltr'>τε</span> <span class='ocrx_word' id='word_1_370' title='bbox 389 3335 480 3390; x_wconf 85' lang='grc' dir='ltr'>καὶ</span> <span class='ocrx_word' id='word_1_371' title='bbox 521 3334 694 3410; x_wconf 85' lang='grc' dir='ltr'>κόρῳ,</span> <span class='ocrx_word' id='word_1_372' title='bbox 746 3332 898 3411; x_wconf 75' lang='grc' dir='ltr'>φασὶ,</span> <span class='ocrx_word' id='word_1_373' title='bbox 931 3335 1028 3385; x_wconf 88' lang='grc' dir='ltr'>τοῦ</span> <span class='ocrx_word' id='word_1_374' title='bbox 1075 3331 1202 3412; x_wconf 51' lang='grc' dir='ltr'>καθς</span> <span class='ocrx_word' id='word_1_375' title='bbox 1244 3330 1437 3398; x_wconf 79' lang='grc' dir='ltr'>ἒαυτήν</span> <span class='ocrx_word' id='word_1_376' title='bbox 1488 3327 1649 3399; x_wconf 70' lang='grc' dir='ltr'>ἡδέος</span> <span class='ocrx_word' id='word_1_377' title='bbox 1691 3333 1807 3405; x_wconf 85' lang='lat'>(75)</span> <span class='ocrx_word' id='word_1_378' title='bbox 1842 3332 1968 3387; x_wconf 67' lang='grc' dir='ltr'>ἑκά-</span> 
     </span>
    </p>
   </div>
   <div class='ocr_carea' id='block_1_48' title="bbox 307 3419 1968 3500">
    <p class='ocr_par' dir='ltr' id='par_1_48' title="bbox 307 3419 1968 3500">
     <span class='ocr_line' id='line_1_49' title="bbox 307 3419 1968 3500; baseline -0.002 -20"><span class='ocrx_word' id='word_1_379' title='bbox 307 3445 436 3496; x_wconf 88' lang='grc' dir='ltr'>στην</span> <span class='ocrx_word' id='word_1_380' title='bbox 490 3422 734 3500; x_wconf 71' lang='grc' dir='ltr'>κεφαλὴν</span> <span class='ocrx_word' id='word_1_381' title='bbox 782 3419 1132 3494; x_wconf 70' lang='grc' dir='ltr'>ἐθελήσωμεν</span> <span class='ocrx_word' id='word_1_382' title='bbox 1184 3420 1423 3493; x_wconf 86' lang='grc' dir='ltr'>τέμνειν,</span> <span class='ocrx_word' id='word_1_383' title='bbox 1479 3419 1540 3474; x_wconf 84' lang='grc' dir='ltr'>ού</span> <span class='ocrx_word' id='word_1_384' title='bbox 1599 3419 1814 3494; x_wconf 74' lang='grc' dir='ltr'>μᾶλλον</span> <span class='ocrx_word' id='word_1_385' title='bbox 1868 3423 1968 3491; x_wconf 80' lang='grc' dir='ltr'>τήν</span> 
     </span>
    </p>
   </div>
   <div class='ocr_carea' id='block_1_49' title="bbox 306 3507 1968 3593">
    <p class='ocr_par' dir='ltr' id='par_1_49' title="bbox 306 3507 1968 3593">
     <span class='ocr_line' id='line_1_50' title="bbox 306 3507 1968 3593; baseline -0.001 -25"><span class='ocrx_word' id='word_1_386' title='bbox 306 3518 558 3593; x_wconf 82' lang='grc' dir='ltr'>φανεῖσαν</span> <span class='ocrx_word' id='word_1_387' title='bbox 609 3515 905 3585; x_wconf 87' lang='grc' dir='ltr'>τεμοῦμεν,</span> <span class='ocrx_word' id='word_1_388' title='bbox 955 3511 990 3581; x_wconf 76' lang='grc' dir='ltr'>ἢ</span> <span class='ocrx_word' id='word_1_389' title='bbox 1042 3507 1299 3571; x_wconf 89' lang='grc' dir='ltr'>πλείονας</span> <span class='ocrx_word' id='word_1_390' title='bbox 1346 3508 1464 3564; x_wconf 83' lang='grc' dir='ltr'>ἀντὶ</span> <span class='ocrx_word' id='word_1_391' title='bbox 1495 3517 1594 3579; x_wconf 84' lang='grc' dir='ltr'>τῆς</span> <span class='ocrx_word' id='word_1_392' title='bbox 1631 3515 1757 3584; x_wconf 79' lang='grc' dir='ltr'>μιᾶς</span> <span class='ocrx_word' id='word_1_393' title='bbox 1786 3510 1968 3585; x_wconf 89' lang='grc' dir='ltr'>τούτῳ</span> 
     </span>
    </p>
   </div>
   <div class='ocr_carea' id='block_1_50' title="bbox 309 3599 1968 3676">
    <p class='ocr_par' dir='ltr' id='par_1_50' title="bbox 309 3599 1968 3676">
     <span class='ocr_line' id='line_1_51' title="bbox 309 3599 1968 3676; baseline 0 -20"><span class='ocrx_word' id='word_1_394' title='bbox 309 3611 410 3674; x_wconf 82' lang='grc' dir='ltr'>τῆς</span> <span class='ocrx_word' id='word_1_395' title='bbox 437 3609 616 3676; x_wconf 79' lang='grc' dir='ltr'>τομῆς</span> <span class='ocrx_word' id='word_1_396' title='bbox 645 3605 724 3674; x_wconf 79' lang='grc' dir='ltr'>τῷ</span> <span class='ocrx_word' id='word_1_397' title='bbox 770 3600 960 3676; x_wconf 84' lang='grc' dir='ltr'>τρόπῳ</span> <span class='ocrx_word' id='word_1_398' title='bbox 1015 3599 1320 3674; x_wconf 82' lang='grc' dir='ltr'>βλαστῆσαι</span> <span class='ocrx_word' id='word_1_399' title='bbox 1368 3601 1695 3674; x_wconf 72' lang='grc' dir='ltr'>ποιήσομεν.</span> <span class='ocrx_word' id='word_1_400' title='bbox 1723 3603 1844 3658; x_wconf 73' lang='grc' dir='ltr'>Ἐὰν</span> <span class='ocrx_word' id='word_1_401' title='bbox 1890 3599 1968 3671; x_wconf 74' lang='grc' dir='ltr'>δὲ,</span> 
     </span>
    </p>
   </div>
   <div class='ocr_carea' id='block_1_51' title="bbox 313 3687 1968 3764">
    <p class='ocr_par' dir='ltr' id='par_1_51' title="bbox 313 3687 1968 3764">
     <span class='ocr_line' id='line_1_52' title="bbox 313 3687 1968 3764; baseline 0 -17"><span class='ocrx_word' id='word_1_402' title='bbox 313 3691 557 3764; x_wconf 86' lang='grc' dir='ltr'>καθάπερ</span> <span class='ocrx_word' id='word_1_403' title='bbox 586 3696 842 3764; x_wconf 82' lang='grc' dir='ltr'>καυτῆρι,</span> <span class='ocrx_word' id='word_1_404' title='bbox 888 3691 958 3761; x_wconf 77' lang='grc' dir='ltr'>τῇ</span> <span class='ocrx_word' id='word_1_405' title='bbox 1008 3687 1290 3762; x_wconf 73' lang='grc' dir='ltr'>ἐγκρατείᾳ</span> <span class='ocrx_word' id='word_1_406' title='bbox 1334 3688 1434 3755; x_wconf 81' lang='grc' dir='ltr'>τὴν</span> <span class='ocrx_word' id='word_1_407' title='bbox 1482 3689 1836 3746; x_wconf 75' lang='grc' dir='ltr'>ἀναφανεῖσαν</span> <span class='ocrx_word' id='word_1_408' title='bbox 1883 3691 1968 3747; x_wconf 79' lang='grc' dir='ltr'>ἐκ·</span> 
     </span>
    </p>
   </div>
   <div class='ocr_carea' id='block_1_52' title="bbox 317 3773 1970 3856">
    <p class='ocr_par' dir='ltr' id='par_1_52' title="bbox 317 3773 1970 3856">
     <span class='ocr_line' id='line_1_53' title="bbox 317 3773 1970 3856; baseline -0.005 -22"><span class='ocrx_word' id='word_1_409' title='bbox 317 3780 594 3852; x_wconf 80' lang='grc' dir='ltr'>τέμωμεν,</span> <span class='ocrx_word' id='word_1_410' title='bbox 644 3773 986 3844; x_wconf 68' lang='grc' dir='ltr'>ἀϐλάστητον</span> <span class='ocrx_word' id='word_1_411' title='bbox 1039 3775 1207 3843; x_wconf 75' lang='grc' dir='ltr'>αὐτὴν</span> <span class='ocrx_word' id='word_1_412' title='bbox 1241 3774 1316 3837; x_wconf 68' lang='grc' dir='ltr'>εἷς</span> <span class='ocrx_word' id='word_1_413' title='bbox 1369 3776 1505 3847; x_wconf 81' lang='grc' dir='ltr'>ἅπαξ</span> <span class='ocrx_word' id='word_1_414' title='bbox 1534 3784 1714 3856; x_wconf 76' lang='grc' dir='ltr'>σοφῶς</span> <span class='ocrx_word' id='word_1_415' title='bbox 1745 3779 1970 3856; x_wconf 72' lang='grc' dir='ltr'>ἀναιρή-</span> 
     </span>
    </p>
   </div>
   <div class='ocr_carea' id='block_1_53' title="bbox 324 3861 1968 3946">
    <p class='ocr_par' dir='ltr' id='par_1_53' title="bbox 324 3861 1968 3946">
     <span class='ocr_line' id='line_1_54' title="bbox 324 3861 1968 3946; baseline 0.001 -25"><span class='ocrx_word' id='word_1_416' title='bbox 324 3886 489 3939; x_wconf 82' lang='grc' dir='ltr'>σομεν</span> <span class='ocrx_word' id='word_1_417' title='bbox 546 3867 680 3938; x_wconf 85' lang='grc'>(76).</span> <span class='ocrx_word' id='word_1_418' title='bbox 741 3864 798 3918; x_wconf 73' lang='grc' dir='ltr'>Ὀ</span> <span class='ocrx_word' id='word_1_419' title='bbox 859 3863 954 3936; x_wconf 74' lang='grc' dir='ltr'>μὶν</span> <span class='ocrx_word' id='word_1_420' title='bbox 1010 3862 1114 3938; x_wconf 79' lang='grc' dir='ltr'>γὰρ</span> <span class='ocrx_word' id='word_1_421' title='bbox 1169 3863 1268 3930; x_wconf 72' lang='grc' dir='ltr'>τὴν</span> <span class='ocrx_word' id='word_1_422' title='bbox 1316 3861 1366 3917; x_wconf 76' lang='grc' dir='ltr'>ἐν</span> <span class='ocrx_word' id='word_1_423' title='bbox 1423 3868 1494 3937; x_wconf 77' lang='grc' dir='ltr'>τῇ</span> <span class='ocrx_word' id='word_1_424' title='bbox 1542 3867 1740 3940; x_wconf 89' lang='grc' dir='ltr'>γεύσει,</span> <span class='ocrx_word' id='word_1_425' title='bbox 1792 3869 1968 3946; x_wconf 71' lang='grc' dir='ltr'>φασὶν,</span> 
     </span>
    </p>
   </div>
   <div class='ocr_carea' id='block_1_54' title="bbox 324 3950 1972 4032">
    <p class='ocr_par' dir='ltr' id='par_1_54' title="bbox 324 3950 1972 4032">
     <span class='ocr_line' id='line_1_55' title="bbox 324 3950 1972 4032; baseline 0.001 -23"><span class='ocrx_word' id='word_1_426' title='bbox 324 3953 551 4026; x_wconf 79' lang='grc' dir='ltr'>ἡδονὴν,</span> <span class='ocrx_word' id='word_1_427' title='bbox 580 3954 726 4030; x_wconf 80' lang='grc' dir='ltr'>φέρε,</span> <span class='ocrx_word' id='word_1_428' title='bbox 760 3957 840 4024; x_wconf 78' lang='grc' dir='ltr'>τῷ</span> <span class='ocrx_word' id='word_1_429' title='bbox 871 3956 1170 4026; x_wconf 87' lang='grc' dir='ltr'>παρασχεῖν</span> <span class='ocrx_word' id='word_1_430' title='bbox 1215 3950 1275 4006; x_wconf 86' lang='grc' dir='ltr'>τὸ</span> <span class='ocrx_word' id='word_1_431' title='bbox 1306 3953 1424 4006; x_wconf 90' lang='grc' dir='ltr'>κατ’</span> <span class='ocrx_word' id='word_1_432' title='bbox 1467 3952 1631 4024; x_wconf 73' lang='grc' dir='ltr'>αὐτὴν</span> <span class='ocrx_word' id='word_1_433' title='bbox 1665 3953 1791 4028; x_wconf 84' lang='grc' dir='ltr'>ἡδὺ,</span> <span class='ocrx_word' id='word_1_434' title='bbox 1822 3957 1972 4032; x_wconf 78' lang='grc' dir='ltr'>κόρῳ</span> 
     </span>
    </p>
   </div>
   <div class='ocr_carea' id='block_1_55' title="bbox 323 4039 1974 4118">
    <p class='ocr_par' dir='ltr' id='par_1_55' title="bbox 323 4039 1974 4118">
     <span class='ocr_line' id='line_1_56' title="bbox 323 4039 1974 4118; baseline 0.002 -20"><span class='ocrx_word' id='word_1_435' title='bbox 323 4043 534 4100; x_wconf 83' lang='grc' dir='ltr'>ἀνελεῖν</span> <span class='ocrx_word' id='word_1_436' title='bbox 573 4039 889 4118; x_wconf 54' lang='grc' dir='ltr'>βουληθείς,</span> <span class='ocrx_word' id='word_1_437' title='bbox 923 4040 984 4095; x_wconf 82' lang='grc' dir='ltr'>οὐ</span> <span class='ocrx_word' id='word_1_438' title='bbox 1029 4039 1241 4113; x_wconf 79' lang='grc' dir='ltr'>μᾶλλον</span> <span class='ocrx_word' id='word_1_439' title='bbox 1296 4039 1496 4112; x_wconf 88' lang='grc' dir='ltr'>ταύτην</span> <span class='ocrx_word' id='word_1_440' title='bbox 1551 4043 1783 4117; x_wconf 85' lang='grc' dir='ltr'>ἀνεῖλεν,</span> <span class='ocrx_word' id='word_1_441' title='bbox 1816 4045 1851 4115; x_wconf 74' lang='grc' dir='ltr'><strong>ἢ</strong></span> <span class='ocrx_word' id='word_1_442' title='bbox 1885 4044 1974 4102; x_wconf 80' lang='grc' dir='ltr'>διὰ</span> 
     </span>
    </p>
   </div>
   <div class='ocr_carea' id='block_1_56' title="bbox 319 4127 1970 4209">
    <p class='ocr_par' dir='ltr' id='par_1_56' title="bbox 319 4127 1970 4209">
     <span class='ocr_line' id='line_1_57' title="bbox 319 4127 1970 4209; baseline 0.001 -21"><span class='ocrx_word' id='word_1_443' title='bbox 319 4141 420 4202; x_wconf 81' lang='grc' dir='ltr'>τῆς</span> <span class='ocrx_word' id='word_1_444' title='bbox 449 4129 806 4192; x_wconf 84' lang='grc' dir='ltr'>ἀπολαύσεως</span> <span class='ocrx_word' id='word_1_445' title='bbox 853 4127 1284 4204; x_wconf 73' lang='grc' dir='ltr'>ἀκολαστοτὲραν</span> <span class='ocrx_word' id='word_1_446' title='bbox 1331 4131 1467 4205; x_wconf 83' lang='grc' dir='ltr'>πρὸς</span> <span class='ocrx_word' id='word_1_447' title='bbox 1510 4133 1570 4186; x_wconf 90' lang='grc' dir='ltr'>τὸ</span> <span class='ocrx_word' id='word_1_448' title='bbox 1601 4131 1970 4209; x_wconf 85' lang='grc' dir='ltr'>ἐπιθυμούμε-</span> 
     </span>
    </p>
   </div>
   <div class='ocr_carea' id='block_1_57' title="bbox 319 4216 1968 4295">
    <p class='ocr_par' dir='ltr' id='par_1_57' title="bbox 319 4216 1968 4295">
     <span class='ocr_line' id='line_1_58' title="bbox 319 4216 1968 4295; baseline 0.002 -20"><span class='ocrx_word' id='word_1_449' title='bbox 319 4243 410 4276; x_wconf 88' lang='grc' dir='ltr'>νον</span> <span class='ocrx_word' id='word_1_450' title='bbox 453 4221 531 4276; x_wconf 85' lang='grc' dir='ltr'>ἀεὶ</span> <span class='ocrx_word' id='word_1_451' title='bbox 579 4219 996 4295; x_wconf 83' lang='grc' dir='ltr'>παρεσκεύασεν.</span> <span class='ocrx_word' id='word_1_452' title='bbox 1031 4220 1091 4276; x_wconf 87' lang='grc' dir='ltr'>Ὁ</span> <span class='ocrx_word' id='word_1_453' title='bbox 1143 4216 1200 4273; x_wconf 77' lang='grc' dir='ltr'>δὲ</span> <span class='ocrx_word' id='word_1_454' title='bbox 1247 4223 1326 4291; x_wconf 79' lang='grc' dir='ltr'>τῷ</span> <span class='ocrx_word' id='word_1_455' title='bbox 1380 4219 1454 4292; x_wconf 77' lang='grc' dir='ltr'>μή</span> <span class='ocrx_word' id='word_1_456' title='bbox 1507 4218 1689 4276; x_wconf 89' lang='grc' dir='ltr'>δοῦναι</span> <span class='ocrx_word' id='word_1_457' title='bbox 1720 4223 1782 4278; x_wconf 88' lang='grc' dir='ltr'>τὸ</span> <span class='ocrx_word' id='word_1_458' title='bbox 1811 4223 1968 4294; x_wconf 76' lang='grc' dir='ltr'>ἦδον,</span> 
     </span>
    </p>
   </div>
   <div class='ocr_carea' id='block_1_58' title="bbox 321 4287 2049 4388">
    <p class='ocr_par' dir='ltr' id='par_1_58' title="bbox 321 4287 2049 4388">
     <span class='ocr_line' id='line_1_59' title="bbox 321 4287 2049 4388; baseline 0.001 -22"><span class='ocrx_word' id='word_1_459' title='bbox 321 4311 502 4384; x_wconf 80' lang='grc' dir='ltr'>ὥσπερ</span> <span class='ocrx_word' id='word_1_460' title='bbox 535 4287 667 4386; x_wconf 69' lang='grc' dir='ltr'>πυρί</span> <span class='ocrx_word' id='word_1_461' title='bbox 693 4313 763 4383; x_wconf 74' lang='grc' dir='ltr'>τῇ</span> <span class='ocrx_word' id='word_1_462' title='bbox 812 4307 1096 4385; x_wconf 81' lang='grc' dir='ltr'>ἐγκρατείᾳ</span> <span class='ocrx_word' id='word_1_463' title='bbox 1133 4308 1334 4378; x_wconf 89' lang='grc' dir='ltr'>ταύτην</span> <span class='ocrx_word' id='word_1_464' title='bbox 1387 4307 1644 4382; x_wconf 82' lang='grc' dir='ltr'>κολάσας,</span> <span class='ocrx_word' id='word_1_465' title='bbox 1680 4313 1752 4374; x_wconf 88' lang='grc' dir='ltr'>ὡς</span> <span class='ocrx_word' id='word_1_466' title='bbox 1797 4311 1854 4368; x_wconf 74' lang='grc' dir='ltr'>ἂν</span> <span class='ocrx_word' id='word_1_467' title='bbox 1893 4316 1968 4388; x_wconf 80' lang='grc' dir='ltr'>μὴ</span> <span class='ocrx_word' id='word_1_468' title='bbox 2001 4287 2049 4352; x_wconf 86' lang='lat' dir='ltr'><strong>D</strong></span> 
     </span>
    </p>
   </div>
   <div class='ocr_carea' id='block_1_59' title="bbox 318 4396 1970 4478">
    <p class='ocr_par' dir='ltr' id='par_1_59' title="bbox 318 4396 1970 4478">
     <span class='ocr_line' id='line_1_60' title="bbox 318 4396 1970 4478; baseline -0.001 -23"><span class='ocrx_word' id='word_1_469' title='bbox 318 4400 694 4475; x_wconf 88' lang='grc' dir='ltr'>τυγχάνουσαν</span> <span class='ocrx_word' id='word_1_470' title='bbox 745 4399 816 4451; x_wconf 79' lang='grc' dir='ltr'>ὧν</span> <span class='ocrx_word' id='word_1_471' title='bbox 858 4398 1016 4452; x_wconf 85' lang='grc' dir='ltr'>ποθεῖ</span> <span class='ocrx_word' id='word_1_472' title='bbox 1059 4396 1412 4473; x_wconf 83' lang='grc' dir='ltr'>ἀνενέργητόν</span> <span class='ocrx_word' id='word_1_473' title='bbox 1464 4419 1523 4453; x_wconf 92' lang='grc' dir='ltr'>τε</span> <span class='ocrx_word' id='word_1_474' title='bbox 1569 4401 1659 4454; x_wconf 88' lang='grc' dir='ltr'>καὶ</span> <span class='ocrx_word' id='word_1_475' title='bbox 1699 4404 1970 4478; x_wconf 80' lang='grc' dir='ltr'>τετηγμὲ-</span> 
     </span>
    </p>
   </div>
   <div class='ocr_carea' id='block_1_60' title="bbox 316 4483 1968 4570">
    <p class='ocr_par' dir='ltr' id='par_1_60' title="bbox 316 4483 1968 4570">
     <span class='ocr_line' id='line_1_61' title="bbox 316 4483 1968 4570; baseline 0.002 -27"><span class='ocrx_word' id='word_1_476' title='bbox 316 4510 414 4558; x_wconf 89' lang='grc' dir='ltr'>νην</span> <span class='ocrx_word' id='word_1_477' title='bbox 473 4490 588 4562; x_wconf 89' lang='grc'>(77)</span> <span class='ocrx_word' id='word_1_478' title='bbox 639 4485 881 4556; x_wconf 78' lang='grc' dir='ltr'>καθάπαξ</span> <span class='ocrx_word' id='word_1_479' title='bbox 943 4483 1216 4556; x_wconf 78' lang='grc' dir='ltr'>ὑπέδειξε.</span> <span class='ocrx_word' id='word_1_480' title='bbox 1283 4486 1381 4541; x_wconf 79' lang='grc' dir='ltr'>Καὶ</span> <span class='ocrx_word' id='word_1_481' title='bbox 1440 4491 1690 4562; x_wconf 83' lang='grc' dir='ltr'>περιττὸς</span> <span class='ocrx_word' id='word_1_482' title='bbox 1724 4535 1737 4560; x_wconf 89' lang='grc'>,</span> <span class='ocrx_word' id='word_1_483' title='bbox 1795 4495 1920 4570; x_wconf 77' lang='grc' dir='ltr'>φασὶ</span> <span class='ocrx_word' id='word_1_484' title='bbox 1955 4542 1968 4566; x_wconf 92' lang='grc'>,</span> 
     </span>
    </p>
   </div>
   <div class='ocr_carea' id='block_1_61' title="bbox 323 4573 1970 4654">
    <p class='ocr_par' dir='ltr' id='par_1_61' title="bbox 323 4573 1970 4654">
     <span class='ocr_line' id='line_1_62' title="bbox 323 4573 1970 4654; baseline -0.002 -22"><span class='ocrx_word' id='word_1_485' title='bbox 323 4575 534 4651; x_wconf 78' lang='grc' dir='ltr'>μᾶλλον</span> <span class='ocrx_word' id='word_1_486' title='bbox 569 4573 626 4630; x_wconf 71' lang='grc' dir='ltr'>δὲ</span> <span class='ocrx_word' id='word_1_487' title='bbox 652 4574 854 4630; x_wconf 80' lang='grc' dir='ltr'>ἀδικῶν</span> <span class='ocrx_word' id='word_1_488' title='bbox 905 4574 979 4636; x_wconf 84' lang='grc' dir='ltr'>είς</span> <span class='ocrx_word' id='word_1_489' title='bbox 1028 4573 1252 4645; x_wconf 81' lang='grc' dir='ltr'>ἄσκησιν</span> <span class='ocrx_word' id='word_1_490' title='bbox 1305 4574 1508 4639; x_wconf 82' lang='grc' dir='ltr'>ἐκεῖνος</span> <span class='ocrx_word' id='word_1_491' title='bbox 1531 4579 1559 4632; x_wconf 89' lang='grc' dir='ltr'>ὁ</span> <span class='ocrx_word' id='word_1_492' title='bbox 1591 4577 1753 4654; x_wconf 76' lang='grc' dir='ltr'>λόγος</span> <span class='ocrx_word' id='word_1_493' title='bbox 1788 4583 1814 4636; x_wconf 88' lang='grc' dir='ltr'>ὁ</span> <span class='ocrx_word' id='word_1_494' title='bbox 1845 4587 1970 4638; x_wconf 83' lang='grc' dir='ltr'>καθ.</span> 
     </span>
    </p>
   </div>
   <div class='ocr_carea' id='block_1_62' title="bbox 319 4661 1967 4742">
    <p class='ocr_par' dir='ltr' id='par_1_62' title="bbox 319 4661 1967 4742">
     <span class='ocr_line' id='line_1_63' title="bbox 319 4661 1967 4742; baseline 0.003 -20"><span class='ocrx_word' id='word_1_495' title='bbox 319 4669 454 4739; x_wconf 80' lang='grc' dir='ltr'>άπαξ</span> <span class='ocrx_word' id='word_1_496' title='bbox 511 4666 977 4741; x_wconf 55' lang='grc' dir='ltr'>ἀποφαινόμενος</span> <span class='ocrx_word' id='word_1_497' title='bbox 1041 4664 1128 4739; x_wconf 82' lang='grc' dir='ltr'>ὅγι</span> <span class='ocrx_word' id='word_1_498' title='bbox 1187 4665 1249 4718; x_wconf 69' lang='grc' dir='ltr'>τὸ</span> <span class='ocrx_word' id='word_1_499' title='bbox 1298 4661 1518 4737; x_wconf 73' lang='grc' dir='ltr'>ἕτοιμον</span> <span class='ocrx_word' id='word_1_500' title='bbox 1576 4667 1652 4730; x_wconf 76' lang='grc' dir='ltr'>εἷς</span> <span class='ocrx_word' id='word_1_501' title='bbox 1704 4669 1967 4742; x_wconf 75' lang='grc' dir='ltr'>ἐξουσίαν,</span> 
     </span>
    </p>
   </div>
   <div class='ocr_carea' id='block_1_63' title="bbox 318 4752 1966 4835">
    <p class='ocr_par' dir='ltr' id='par_1_63' title="bbox 318 4752 1966 4835">
     <span class='ocr_line' id='line_1_64' title="bbox 318 4752 1966 4835; baseline 0.005 -25"><span class='ocrx_word' id='word_1_502' title='bbox 318 4755 481 4832; x_wconf 87' lang='grc' dir='ltr'>ἀργὸν</span> <span class='ocrx_word' id='word_1_503' title='bbox 516 4755 592 4819; x_wconf 84' lang='grc' dir='ltr'>είς</span> <span class='ocrx_word' id='word_1_504' title='bbox 620 4752 930 4828; x_wconf 82' lang='grc' dir='ltr'>ἐπιθυμίαν.</span> <span class='ocrx_word' id='word_1_505' title='bbox 965 4754 1148 4828; x_wconf 84' lang='grc' dir='ltr'>’Δργεῖ</span> <span class='ocrx_word' id='word_1_506' title='bbox 1198 4755 1292 4826; x_wconf 79' lang='grc' dir='ltr'>μὶν</span> <span class='ocrx_word' id='word_1_507' title='bbox 1341 4754 1444 4830; x_wconf 83' lang='grc' dir='ltr'>γὰρ</span> <span class='ocrx_word' id='word_1_508' title='bbox 1497 4758 1532 4825; x_wconf 84' lang='grc' dir='ltr'>ἠ</span> <span class='ocrx_word' id='word_1_509' title='bbox 1566 4759 1616 4811; x_wconf 68' lang='grc' dir='ltr'>ἐν</span> <span class='ocrx_word' id='word_1_510' title='bbox 1648 4762 1716 4833; x_wconf 78' lang='grc' dir='ltr'>τῇ</span> <span class='ocrx_word' id='word_1_511' title='bbox 1763 4761 1966 4835; x_wconf 82' lang='grc' dir='ltr'>γεύσει,</span> 
     </span>
    </p>
   </div>
   <div class='ocr_carea' id='block_1_64' title="bbox 389 4935 844 5007">
    <p class='ocr_par' dir='ltr' id='par_1_64' title="bbox 389 4935 844 5007">
     <span class='ocr_line' id='line_1_65' title="bbox 389 4935 844 5007; baseline -0.013 -11"><span class='ocrx_word' id='word_1_512' title='bbox 389 4939 434 4975; x_wconf 75' lang='grc' dir='ltr'>ιι</span> <span class='ocrx_word' id='word_1_513' title='bbox 466 4941 514 4996; x_wconf 96' lang='lat' dir='ltr'>II</span> <span class='ocrx_word' id='word_1_514' title='bbox 545 4937 672 4994; x_wconf 86' lang='lat' dir='ltr'>Cor.</span> <span class='ocrx_word' id='word_1_515' title='bbox 704 4953 763 5007; x_wconf 71' lang='grc' dir='ltr'>χ,</span> <span class='ocrx_word' id='word_1_516' title='bbox 789 4935 844 4990; x_wconf 86' lang='lat'>5.</span> 
     </span>
    </p>
   </div>
   <div class='ocr_carea' id='block_1_65' title="bbox 393 5106 944 5188">
    <p class='ocr_par' dir='ltr' id='par_1_65' title="bbox 393 5106 944 5188">
     <span class='ocr_line' id='line_1_66' title="bbox 393 5106 944 5188; baseline 0.005 -21"><span class='ocrx_word' id='word_1_517' title='bbox 393 5115 500 5188; x_wconf 82' lang='grc' dir='ltr'>(Ἠ)</span> <span class='ocrx_word' id='word_1_518' title='bbox 581 5106 944 5186; x_wconf 78' lang='grc' dir='ltr'>Ἑπισυμϐάν.</span> 
     </span>
    </p>
   </div>
   <div class='ocr_carea' id='block_1_66' title="bbox 321 5179 506 5240">
    <p class='ocr_par' dir='ltr' id='par_1_66' title="bbox 321 5179 506 5240">
     <span class='ocr_line' id='line_1_67' title="bbox 321 5179 506 5240; baseline 0.011 -2"><span class='ocrx_word' id='word_1_519' title='bbox 321 5179 506 5240; x_wconf 71' lang='grc' dir='ltr'>ϐάντα.</span> 
     </span>
    </p>
   </div>
   <div class='ocr_carea' id='block_1_67' title="bbox 392 5255 1815 5330">
    <p class='ocr_par' dir='ltr' id='par_1_67' title="bbox 392 5255 1815 5330">
     <span class='ocr_line' id='line_1_68' title="bbox 392 5255 1815 5330; baseline 0.006 -21"><span class='ocrx_word' id='word_1_520' title='bbox 392 5259 503 5328; x_wconf 86' lang='grc'>(72)</span> <span class='ocrx_word' id='word_1_521' title='bbox 532 5255 771 5330; x_wconf 57' lang='grc' dir='ltr'>Ταύτην,</span> <span class='ocrx_word' id='word_1_522' title='bbox 805 5255 940 5330; x_wconf 78' lang='lat' dir='ltr'>Sola</span> <span class='ocrx_word' id='word_1_523' title='bbox 971 5256 1150 5330; x_wconf 82' lang='lat' dir='ltr'>Paris,</span> <span class='ocrx_word' id='word_1_524' title='bbox 1184 5256 1388 5330; x_wconf 82' lang='lat' dir='ltr'>editio,</span> <span class='ocrx_word' id='word_1_525' title='bbox 1421 5256 1558 5330; x_wconf 86' lang='grc' dir='ltr'>πρὸς</span> <span class='ocrx_word' id='word_1_526' title='bbox 1589 5258 1815 5330; x_wconf 63' lang='grc' dir='ltr'>ταᾶτην.</span> 
     </span>
    </p>
   </div>
   <div class='ocr_carea' id='block_1_68' title="bbox 331 5326 1971 5418">
    <p class='ocr_par' dir='ltr' id='par_1_68' title="bbox 331 5326 1971 5418">
     <span class='ocr_line' id='line_1_69' title="bbox 331 5326 1971 5418; baseline 0.004 -36"><span class='ocrx_word' id='word_1_527' title='bbox 331 5400 343 5418; x_wconf 45' lang='grc'><strong>⁷</strong></span> <span class='ocrx_word' id='word_1_528' title='bbox 537 5330 662 5382; x_wconf 79' lang='grc' dir='ltr'>Κατ’</span> <span class='ocrx_word' id='word_1_529' title='bbox 714 5326 966 5402; x_wconf 84' lang='grc' dir='ltr'>οὐρανόν.</span> <span class='ocrx_word' id='word_1_530' title='bbox 1018 5329 1112 5386; x_wconf 67' lang='grc' dir='ltr'>δίο</span> <span class='ocrx_word' id='word_1_531' title='bbox 1165 5329 1395 5402; x_wconf 89' lang='lat' dir='ltr'>primus</span> <span class='ocrx_word' id='word_1_532' title='bbox 1447 5326 1555 5387; x_wconf 62' lang='lat' dir='ltr'>ins.</span> <span class='ocrx_word' id='word_1_533' title='bbox 1620 5326 1795 5401; x_wconf 76' lang='lat' dir='ltr'>Editi,</span> <span class='ocrx_word' id='word_1_534' title='bbox 1854 5337 1971 5389; x_wconf 79' lang='grc' dir='ltr'>κατ’</span> 
     </span>
    </p>
   </div>
   <div class='ocr_carea' id='block_1_69' title="bbox 322 5420 1968 5550">
    <p class='ocr_par' dir='ltr' id='par_1_69' title="bbox 322 5420 1968 5550">
     <span class='ocr_line' id='line_1_70' title="bbox 322 5420 1968 5550; baseline 0.005 -26"><span class='ocrx_word' id='word_1_535' title='bbox 322 5420 960 5550; x_wconf 44' lang='grc' dir='ltr'>υῗὲῧνᾞπλυμόρφως</span> <span class='ocrx_word' id='word_1_536' title='bbox 1019 5465 1384 5550; x_wconf 38' lang='grc' dir='ltr'>ἡδονήνκβῇο</span> <span class='ocrx_word' id='word_1_537' title='bbox 1415 5471 1662 5550; x_wconf 71' lang='lat' dir='ltr'>Colbert.</span> <span class='ocrx_word' id='word_1_538' title='bbox 1715 5481 1770 5532; x_wconf 88' lang='lat' dir='ltr'>et</span> <span class='ocrx_word' id='word_1_539' title='bbox 1829 5481 1968 5550; x_wconf 77' lang='lat' dir='ltr'>Reg.</span> 
     </span>
    </p>
   </div>
   <div class='ocr_carea' id='block_1_70' title="bbox 312 5541 1969 5630">
    <p class='ocr_par' dir='ltr' id='par_1_70' title="bbox 312 5541 1969 5630">
     <span class='ocr_line' id='line_1_71' title="bbox 312 5541 1969 5630; baseline -0.004 -30"><span class='ocrx_word' id='word_1_540' title='bbox 312 5541 697 5630; x_wconf 50' lang='lat' dir='ltr'>2§79,&#39;multo</span> <span class='ocrx_word' id='word_1_541' title='bbox 728 5541 926 5614; x_wconf 77' lang='lat' dir='ltr'>aptius</span> <span class='ocrx_word' id='word_1_542' title='bbox 974 5559 1155 5613; x_wconf 88' lang='lat' dir='ltr'>quam</span> <span class='ocrx_word' id='word_1_543' title='bbox 1204 5544 1370 5614; x_wconf 86' lang='lat' dir='ltr'>editi,</span> <span class='ocrx_word' id='word_1_544' title='bbox 1420 5541 1784 5624; x_wconf 74' lang='grc' dir='ltr'>πολυμόρφον</span> <span class='ocrx_word' id='word_1_545' title='bbox 1843 5541 1969 5619; x_wconf 74' lang='grc' dir='ltr'>ἠδ’ὁ.</span> 
     </span>
    </p>
   </div>
   <div class='ocr_carea' id='block_1_71' title="bbox 315 5638 1970 5764">
    <p class='ocr_par' dir='ltr' id='par_1_71' title="bbox 315 5638 1970 5764">
     <span class='ocr_line' id='line_1_72' title="bbox 315 5638 1970 5764; baseline -0.001 -12"><span class='ocrx_word' id='word_1_546' title='bbox 315 5638 496 5761; x_wconf 57' lang='grc' dir='ltr'>νωὲίῦ)</span> <span class='ocrx_word' id='word_1_547' title='bbox 541 5690 646 5741; x_wconf 83' lang='grc' dir='ltr'>Τοῦ</span> <span class='ocrx_word' id='word_1_548' title='bbox 691 5683 812 5749; x_wconf 80' lang='grc' dir='ltr'>καθ’</span> <span class='ocrx_word' id='word_1_549' title='bbox 860 5682 1054 5751; x_wconf 71' lang='grc' dir='ltr'>ἒαυτῆν</span> <span class='ocrx_word' id='word_1_550' title='bbox 1127 5681 1312 5753; x_wconf 72' lang='grc' dir='ltr'>ἡδέος.</span> <span class='ocrx_word' id='word_1_551' title='bbox 1372 5687 1462 5742; x_wconf 89' lang='lat' dir='ltr'>Sic</span> <span class='ocrx_word' id='word_1_552' title='bbox 1513 5689 1777 5764; x_wconf 87' lang='lat' dir='ltr'>plerique</span> <span class='ocrx_word' id='word_1_553' title='bbox 1834 5693 1970 5751; x_wconf 87' lang='lat' dir='ltr'>libri</span> 
     </span>
    </p>
   </div>
   <div class='ocr_carea' id='block_1_72' title="bbox 1043 5113 1972 5193">
    <p class='ocr_par' dir='ltr' id='par_1_72' title="bbox 1043 5113 1972 5193">
     <span class='ocr_line' id='line_1_73' title="bbox 1043 5113 1972 5193; baseline 0.005 -23"><span class='ocrx_word' id='word_1_554' title='bbox 1043 5113 1326 5170; x_wconf 90' lang='lat' dir='ltr'>Nonnulli</span> <span class='ocrx_word' id='word_1_555' title='bbox 1407 5114 1660 5185; x_wconf 88' lang='lat' dir='ltr'>codices,</span> <span class='ocrx_word' id='word_1_556' title='bbox 1736 5116 1972 5193; x_wconf 73' lang='grc' dir='ltr'>ἐπισυμ-</span> 
     </span>
    </p>
   </div>
   <div class='ocr_carea' id='block_1_73' title="bbox 2072 1639 3728 1713">
    <p class='ocr_par' dir='ltr' id='par_1_73' title="bbox 2072 1639 3728 1713">
     <span class='ocr_line' id='line_1_74' title="bbox 2072 1639 3728 1713; baseline 0.001 -18"><span class='ocrx_word' id='word_1_557' title='bbox 2072 1639 2213 1696; x_wconf 91' lang='lat' dir='ltr'>tatis</span> <span class='ocrx_word' id='word_1_558' title='bbox 2239 1639 2742 1712; x_wconf 86' lang='lat' dir='ltr'>pulchritudinem</span> <span class='ocrx_word' id='word_1_559' title='bbox 2760 1639 3348 1706; x_wconf 86' lang='lat' dir='ltr'>considerandam,ut</span> <span class='ocrx_word' id='word_1_560' title='bbox 3369 1657 3471 1712; x_wconf 90' lang='lat' dir='ltr'>per</span> <span class='ocrx_word' id='word_1_561' title='bbox 3491 1644 3728 1713; x_wconf 87' lang='lat' dir='ltr'>tempus</span> 
     </span>
    </p>
   </div>
   <div class='ocr_carea' id='block_1_74' title="bbox 2071 1728 3726 1800">
    <p class='ocr_par' dir='ltr' id='par_1_74' title="bbox 2071 1728 3726 1800">
     <span class='ocr_line' id='line_1_75' title="bbox 2071 1728 3726 1800; baseline 0.001 -16"><span class='ocrx_word' id='word_1_562' title='bbox 2071 1728 2264 1794; x_wconf 89' lang='lat' dir='ltr'>licuit,</span> <span class='ocrx_word' id='word_1_563' title='bbox 2297 1728 2734 1795; x_wconf 88' lang='lat' dir='ltr'>edisserui,non</span> <span class='ocrx_word' id='word_1_564' title='bbox 2766 1745 2834 1783; x_wconf 86' lang='lat' dir='ltr'>ex</span> <span class='ocrx_word' id='word_1_565' title='bbox 2865 1728 3079 1784; x_wconf 89' lang='lat' dir='ltr'>divinis</span> <span class='ocrx_word' id='word_1_566' title='bbox 3111 1728 3305 1784; x_wconf 92' lang='lat' dir='ltr'>solum</span> <span class='ocrx_word' id='word_1_567' title='bbox 3335 1728 3569 1800; x_wconf 86' lang='lat' dir='ltr'>litteris,</span> <span class='ocrx_word' id='word_1_568' title='bbox 3602 1731 3726 1799; x_wconf 88' lang='lat' dir='ltr'>sed,</span> 
     </span>
    </p>
   </div>
   <div class='ocr_carea' id='block_1_75' title="bbox 2073 1817 3728 1890">
    <p class='ocr_par' dir='ltr' id='par_1_75' title="bbox 2073 1817 3728 1890">
     <span class='ocr_line' id='line_1_76' title="bbox 2073 1817 3728 1890; baseline 0.002 -18"><span class='ocrx_word' id='word_1_569' title='bbox 2073 1819 2397 1873; x_wconf 90' lang='lat' dir='ltr'>secundum</span> <span class='ocrx_word' id='word_1_570' title='bbox 2423 1817 2935 1890; x_wconf 87' lang='lat' dir='ltr'>sapientissimum</span> <span class='ocrx_word' id='word_1_571' title='bbox 2956 1817 3228 1884; x_wconf 89' lang='lat' dir='ltr'>Paulum,</span> <span class='ocrx_word' id='word_1_572' title='bbox 3244 1818 3341 1888; x_wconf 90' lang='lat' dir='ltr'>qui</span> <span class='ocrx_word' id='word_1_573' title='bbox 3365 1835 3471 1874; x_wconf 88' lang='lat' dir='ltr'>nos</span> <span class='ocrx_word' id='word_1_574' title='bbox 3493 1835 3728 1876; x_wconf 90' lang='lat' dir='ltr'>omnem</span> 
     </span>
    </p>
   </div>
   <div class='ocr_carea' id='block_1_76' title="bbox 2071 1905 3728 1980">
    <p class='ocr_par' dir='ltr' id='par_1_76' title="bbox 2071 1905 3728 1980">
     <span class='ocr_line' id='line_1_77' title="bbox 2071 1905 3728 1980; baseline 0.002 -19"><span class='ocrx_word' id='word_1_575' title='bbox 2071 1905 2432 1962; x_wconf 87' lang='lat' dir='ltr'>intellectum</span> <span class='ocrx_word' id='word_1_576' title='bbox 2465 1908 2536 1962; x_wconf 89' lang='lat' dir='ltr'>ad</span> <span class='ocrx_word' id='word_1_577' title='bbox 2588 1907 2982 1963; x_wconf 90' lang='lat' dir='ltr'>obediendum</span> <span class='ocrx_word' id='word_1_578' title='bbox 3013 1908 3243 1964; x_wconf 85' lang='lat' dir='ltr'>Christo</span> <span class='ocrx_word' id='word_1_579' title='bbox 3275 1909 3572 1980; x_wconf 85' lang='lat' dir='ltr'>captivum</span> <span class='ocrx_word' id='word_1_580' title='bbox 3602 1910 3728 1966; x_wconf 90' lang='lat' dir='ltr'>vult</span> 
     </span>
    </p>
   </div>
   <div class='ocr_carea' id='block_1_77' title="bbox 2071 1996 3729 2067">
    <p class='ocr_par' dir='ltr' id='par_1_77' title="bbox 2071 1996 3729 2067">
     <span class='ocr_line' id='line_1_78' title="bbox 2071 1996 3729 2067; baseline 0.003 -17"><span class='ocrx_word' id='word_1_581' title='bbox 2071 1997 2284 2053; x_wconf 90' lang='lat' dir='ltr'>ducere</span> <span class='ocrx_word' id='word_1_582' title='bbox 2314 1997 2378 2065; x_wconf 74' lang='grc'>⁸⁸,</span> <span class='ocrx_word' id='word_1_583' title='bbox 2411 2013 2647 2052; x_wconf 90' lang='lat' dir='ltr'>omnem</span> <span class='ocrx_word' id='word_1_584' title='bbox 2678 1997 2889 2051; x_wconf 88' lang='lat' dir='ltr'>Christi</span> <span class='ocrx_word' id='word_1_585' title='bbox 2922 1996 3281 2067; x_wconf 89' lang='lat' dir='ltr'>discipulum</span> <span class='ocrx_word' id='word_1_586' title='bbox 3315 1998 3386 2052; x_wconf 91' lang='lat' dir='ltr'>ad</span> <span class='ocrx_word' id='word_1_587' title='bbox 3419 1998 3729 2055; x_wconf 90' lang='lat' dir='ltr'>continen-</span> 
     </span>
    </p>
   </div>
   <div class='ocr_carea' id='block_1_78' title="bbox 2070 2085 3726 2160">
    <p class='ocr_par' dir='ltr' id='par_1_78' title="bbox 2070 2085 3726 2160">
     <span class='ocr_line' id='line_1_79' title="bbox 2070 2085 3726 2160; baseline 0.003 -20"><span class='ocrx_word' id='word_1_588' title='bbox 2070 2085 2216 2142; x_wconf 87' lang='lat' dir='ltr'>tiam</span> <span class='ocrx_word' id='word_1_589' title='bbox 2245 2086 2447 2142; x_wconf 87' lang='lat' dir='ltr'>volens</span> <span class='ocrx_word' id='word_1_590' title='bbox 2476 2086 2743 2142; x_wconf 84' lang='lat' dir='ltr'>incitare.</span> <span class='ocrx_word' id='word_1_591' title='bbox 2776 2086 2922 2140; x_wconf 88' lang='lat' dir='ltr'>Nam</span> <span class='ocrx_word' id='word_1_592' title='bbox 2956 2091 3012 2141; x_wconf 91' lang='lat' dir='ltr'>et</span> <span class='ocrx_word' id='word_1_593' title='bbox 3040 2089 3371 2142; x_wconf 70' lang='lat' dir='ltr'>Graecorum</span> <span class='ocrx_word' id='word_1_594' title='bbox 3404 2088 3726 2160; x_wconf 88' lang='lat' dir='ltr'>sapientes,</span> 
     </span>
    </p>
   </div>
   <div class='ocr_carea' id='block_1_79' title="bbox 2070 2173 3728 2247">
    <p class='ocr_par' dir='ltr' id='par_1_79' title="bbox 2070 2173 3728 2247">
     <span class='ocr_line' id='line_1_80' title="bbox 2070 2173 3728 2247; baseline 0.002 -17"><span class='ocrx_word' id='word_1_595' title='bbox 2070 2175 2213 2231; x_wconf 92' lang='lat' dir='ltr'>dum</span> <span class='ocrx_word' id='word_1_596' title='bbox 2246 2174 2666 2232; x_wconf 88' lang='lat' dir='ltr'>multiformem</span> <span class='ocrx_word' id='word_1_597' title='bbox 2681 2173 3128 2247; x_wconf 87' lang='lat' dir='ltr'>voluptatem,et</span> <span class='ocrx_word' id='word_1_598' title='bbox 3147 2177 3450 2247; x_wconf 83' lang='lat' dir='ltr'>pugnandi</span> <span class='ocrx_word' id='word_1_599' title='bbox 3471 2193 3607 2233; x_wconf 92' lang='lat' dir='ltr'>cum</span> <span class='ocrx_word' id='word_1_600' title='bbox 3625 2177 3728 2234; x_wconf 86' lang='lat' dir='ltr'>illa</span> 
     </span>
    </p>
   </div>
   <div class='ocr_carea' id='block_1_80' title="bbox 2071 2263 3725 2340">
    <p class='ocr_par' dir='ltr' id='par_1_80' title="bbox 2071 2263 3725 2340">
     <span class='ocr_line' id='line_1_81' title="bbox 2071 2263 3725 2340; baseline 0.003 -22"><span class='ocrx_word' id='word_1_601' title='bbox 2071 2263 2359 2320; x_wconf 87' lang='lat' dir='ltr'>rationem</span> <span class='ocrx_word' id='word_1_602' title='bbox 2392 2264 2564 2319; x_wconf 89' lang='lat' dir='ltr'>nobis</span> <span class='ocrx_word' id='word_1_603' title='bbox 2613 2263 2881 2319; x_wconf 85' lang='lat' dir='ltr'>fabuloso</span> <span class='ocrx_word' id='word_1_604' title='bbox 2914 2270 3250 2319; x_wconf 85' lang='lat' dir='ltr'>commento</span> <span class='ocrx_word' id='word_1_605' title='bbox 3302 2265 3590 2336; x_wconf 90' lang='lat' dir='ltr'>indicant,</span> <span class='ocrx_word' id='word_1_606' title='bbox 3619 2267 3725 2340; x_wconf 84' lang='lat' dir='ltr'>hy-</span> 
     </span>
    </p>
   </div>
   <div class='ocr_carea' id='block_1_81' title="bbox 2073 2353 3723 2428">
    <p class='ocr_par' dir='ltr' id='par_1_81' title="bbox 2073 2353 3723 2428">
     <span class='ocr_line' id='line_1_82' title="bbox 2073 2353 3723 2428; baseline 0.002 -20"><span class='ocrx_word' id='word_1_607' title='bbox 2073 2354 2264 2421; x_wconf 88' lang='lat' dir='ltr'>dram,</span> <span class='ocrx_word' id='word_1_608' title='bbox 2304 2353 2666 2425; x_wconf 88' lang='lat' dir='ltr'>voluptatem</span> <span class='ocrx_word' id='word_1_609' title='bbox 2721 2354 2982 2426; x_wconf 89' lang='lat' dir='ltr'>corporis</span> <span class='ocrx_word' id='word_1_610' title='bbox 3031 2354 3350 2425; x_wconf 78' lang='lat' dir='ltr'>generatim</span> <span class='ocrx_word' id='word_1_611' title='bbox 3401 2361 3723 2428; x_wconf 85' lang='lat' dir='ltr'>sumptam,</span> 
     </span>
    </p>
   </div>
   <div class='ocr_carea' id='block_1_82' title="bbox 2069 2443 3726 2516">
    <p class='ocr_par' dir='ltr' id='par_1_82' title="bbox 2069 2443 3726 2516">
     <span class='ocr_line' id='line_1_83' title="bbox 2069 2443 3726 2516; baseline 0.001 -16"><span class='ocrx_word' id='word_1_612' title='bbox 2069 2443 2231 2500; x_wconf 89' lang='lat' dir='ltr'>velut</span> <span class='ocrx_word' id='word_1_613' title='bbox 2261 2447 2591 2516; x_wconf 89' lang='lat' dir='ltr'>serpentem</span> <span class='ocrx_word' id='word_1_614' title='bbox 2637 2444 2956 2514; x_wconf 87' lang='lat' dir='ltr'>quemdam</span> <span class='ocrx_word' id='word_1_615' title='bbox 3008 2443 3164 2498; x_wconf 77' lang='lat'>680</span> <span class='ocrx_word' id='word_1_616' title='bbox 3214 2443 3634 2500; x_wconf 86' lang='lat' dir='ltr'>multiformem</span> <span class='ocrx_word' id='word_1_617' title='bbox 3667 2446 3726 2502; x_wconf 89' lang='lat' dir='ltr'>in</span> 
     </span>
    </p>
   </div>
   <div class='ocr_carea' id='block_1_83' title="bbox 2071 2532 3726 2605">
    <p class='ocr_par' dir='ltr' id='par_1_83' title="bbox 2071 2532 3726 2605">
     <span class='ocr_line' id='line_1_84' title="bbox 2071 2532 3726 2605; baseline 0.001 -17"><span class='ocrx_word' id='word_1_618' title='bbox 2071 2533 2286 2605; x_wconf 85' lang='lat' dir='ltr'>palude</span> <span class='ocrx_word' id='word_1_619' title='bbox 2309 2532 2750 2588; x_wconf 78' lang='lat' dir='ltr'>delitescentem</span> <span class='ocrx_word' id='word_1_620' title='bbox 2783 2533 2976 2588; x_wconf 89' lang='lat' dir='ltr'>ductis</span> <span class='ocrx_word' id='word_1_621' title='bbox 3027 2550 3096 2588; x_wconf 83' lang='lat' dir='ltr'>ex</span> <span class='ocrx_word' id='word_1_622' title='bbox 3129 2537 3338 2588; x_wconf 86' lang='lat' dir='ltr'>natura</span> <span class='ocrx_word' id='word_1_623' title='bbox 3394 2533 3726 2590; x_wconf 88' lang='lat' dir='ltr'>rationibus</span> 
     </span>
    </p>
   </div>
   <div class='ocr_carea' id='block_1_84' title="bbox 2072 2621 3726 2694">
    <p class='ocr_par' dir='ltr' id='par_1_84' title="bbox 2072 2621 3726 2694">
     <span class='ocr_line' id='line_1_85' title="bbox 2072 2621 3726 2694; baseline 0.002 -18"><span class='ocrx_word' id='word_1_624' title='bbox 2072 2621 2583 2693; x_wconf 85' lang='lat' dir='ltr'>ﬁnxerunt.Atque</span> <span class='ocrx_word' id='word_1_625' title='bbox 2614 2621 2794 2692; x_wconf 83' lang='lat' dir='ltr'>hujus</span> <span class='ocrx_word' id='word_1_626' title='bbox 2826 2621 3064 2694; x_wconf 91' lang='lat' dir='ltr'>quidem</span> <span class='ocrx_word' id='word_1_627' title='bbox 3098 2626 3276 2692; x_wconf 89' lang='lat' dir='ltr'>caput</span> <span class='ocrx_word' id='word_1_628' title='bbox 3308 2639 3422 2677; x_wconf 90' lang='lat' dir='ltr'>uno</span> <span class='ocrx_word' id='word_1_629' title='bbox 3455 2623 3575 2678; x_wconf 87' lang='lat' dir='ltr'>ictu</span> <span class='ocrx_word' id='word_1_630' title='bbox 3601 2641 3726 2680; x_wconf 89' lang='lat' dir='ltr'>am-</span> 
     </span>
    </p>
   </div>
   <div class='ocr_carea' id='block_1_85' title="bbox 2073 2710 3724 2782">
    <p class='ocr_par' dir='ltr' id='par_1_85' title="bbox 2073 2710 3724 2782">
     <span class='ocr_line' id='line_1_86' title="bbox 2073 2710 3724 2782; baseline 0.002 -18"><span class='ocrx_word' id='word_1_631' title='bbox 2073 2710 2587 2782; x_wconf 84' lang='lat' dir='ltr'>putatum,triplex</span> <span class='ocrx_word' id='word_1_632' title='bbox 2603 2725 2672 2766; x_wconf 83' lang='lat' dir='ltr'>ex</span> <span class='ocrx_word' id='word_1_633' title='bbox 2694 2726 2810 2766; x_wconf 89' lang='lat' dir='ltr'>uno</span> <span class='ocrx_word' id='word_1_634' title='bbox 2831 2711 2996 2766; x_wconf 88' lang='lat' dir='ltr'>nasci</span> <span class='ocrx_word' id='word_1_635' title='bbox 3027 2711 3401 2766; x_wconf 89' lang='lat' dir='ltr'>tradiderunt</span> <span class='ocrx_word' id='word_1_636' title='bbox 3425 2729 3438 2778; x_wconf 92' lang='lat'><strong>;</strong></span> <span class='ocrx_word' id='word_1_637' title='bbox 3463 2713 3724 2768; x_wconf 85' lang='lat' dir='ltr'>cauterio</span> 
     </span>
    </p>
   </div>
   <div class='ocr_carea' id='block_1_86' title="bbox 2074 2799 3730 2872">
    <p class='ocr_par' dir='ltr' id='par_1_86' title="bbox 2074 2799 3730 2872">
     <span class='ocr_line' id='line_1_87' title="bbox 2074 2799 3730 2872; baseline 0.002 -18"><span class='ocrx_word' id='word_1_638' title='bbox 2074 2805 2270 2855; x_wconf 90' lang='lat' dir='ltr'>autem</span> <span class='ocrx_word' id='word_1_639' title='bbox 2301 2804 2654 2868; x_wconf 89' lang='lat' dir='ltr'>resectum,e</span> <span class='ocrx_word' id='word_1_640' title='bbox 2685 2800 2878 2856; x_wconf 88' lang='lat' dir='ltr'>medio</span> <span class='ocrx_word' id='word_1_641' title='bbox 2900 2816 3144 2872; x_wconf 89' lang='lat' dir='ltr'>prorsus</span> <span class='ocrx_word' id='word_1_642' title='bbox 3162 2799 3284 2856; x_wconf 92' lang='lat' dir='ltr'>tolli</span> <span class='ocrx_word' id='word_1_643' title='bbox 3319 2801 3614 2872; x_wconf 88' lang='lat' dir='ltr'>sapienter</span> <span class='ocrx_word' id='word_1_644' title='bbox 3635 2819 3730 2858; x_wconf 88' lang='lat' dir='ltr'>os-</span> 
     </span>
    </p>
   </div>
   <div class='ocr_carea' id='block_1_87' title="bbox 2073 2887 3729 2960">
    <p class='ocr_par' dir='ltr' id='par_1_87' title="bbox 2073 2887 3729 2960">
     <span class='ocr_line' id='line_1_88' title="bbox 2073 2887 3729 2960; baseline 0.002 -16"><span class='ocrx_word' id='word_1_645' title='bbox 2073 2891 2410 2945; x_wconf 87' lang='lat' dir='ltr'>tenderunt.</span> <span class='ocrx_word' id='word_1_646' title='bbox 2444 2889 2590 2944; x_wconf 86' lang='lat' dir='ltr'>Nam</span> <span class='ocrx_word' id='word_1_647' title='bbox 2621 2906 2756 2945; x_wconf 90' lang='lat' dir='ltr'>cum</span> <span class='ocrx_word' id='word_1_648' title='bbox 2801 2889 3078 2944; x_wconf 87' lang='lat' dir='ltr'>universa</span> <span class='ocrx_word' id='word_1_649' title='bbox 3120 2887 3390 2960; x_wconf 89' lang='lat' dir='ltr'>voluptas</span> <span class='ocrx_word' id='word_1_650' title='bbox 3441 2890 3501 2945; x_wconf 90' lang='lat' dir='ltr'>in</span> <span class='ocrx_word' id='word_1_651' title='bbox 3533 2893 3729 2947; x_wconf 88' lang='lat' dir='ltr'>carnis</span> 
     </span>
    </p>
   </div>
   <div class='ocr_carea' id='block_1_88' title="bbox 2076 2977 3726 3050">
    <p class='ocr_par' dir='ltr' id='par_1_88' title="bbox 2076 2977 3726 3050">
     <span class='ocr_line' id='line_1_89' title="bbox 2076 2977 3726 3050; baseline 0 -16"><span class='ocrx_word' id='word_1_652' title='bbox 2076 2978 2362 3034; x_wconf 89' lang='lat' dir='ltr'>materiali</span> <span class='ocrx_word' id='word_1_653' title='bbox 2391 2977 2787 3049; x_wconf 86' lang='lat' dir='ltr'>natura,velut</span> <span class='ocrx_word' id='word_1_654' title='bbox 2814 2977 2875 3031; x_wconf 92' lang='lat' dir='ltr'>in</span> <span class='ocrx_word' id='word_1_655' title='bbox 2908 2977 3123 3048; x_wconf 87' lang='lat' dir='ltr'>palude</span> <span class='ocrx_word' id='word_1_656' title='bbox 3141 2977 3469 3034; x_wconf 86' lang='lat' dir='ltr'>horrendus</span> <span class='ocrx_word' id='word_1_657' title='bbox 3485 2979 3726 3050; x_wconf 90' lang='lat' dir='ltr'>quidam</span> 
     </span>
    </p>
   </div>
   <div class='ocr_carea' id='block_1_89' title="bbox 2075 3066 3731 3140">
    <p class='ocr_par' dir='ltr' id='par_1_89' title="bbox 2075 3066 3731 3140">
     <span class='ocr_line' id='line_1_90' title="bbox 2075 3066 3731 3140; baseline 0.001 -18"><span class='ocrx_word' id='word_1_658' title='bbox 2075 3082 2320 3138; x_wconf 86' lang='lat' dir='ltr'>serpens</span> <span class='ocrx_word' id='word_1_659' title='bbox 2369 3083 2603 3138; x_wconf 86' lang='lat' dir='ltr'>semper</span> <span class='ocrx_word' id='word_1_660' title='bbox 2645 3066 3020 3132; x_wconf 88' lang='lat' dir='ltr'>delitescens,</span> <span class='ocrx_word' id='word_1_661' title='bbox 3069 3082 3174 3137; x_wconf 90' lang='lat' dir='ltr'>per</span> <span class='ocrx_word' id='word_1_662' title='bbox 3243 3083 3731 3140; x_wconf 85' lang='lat' dir='ltr'>unumquemque</span> 
     </span>
    </p>
   </div>
   <div class='ocr_carea' id='block_1_90' title="bbox 2077 3155 3729 3228">
    <p class='ocr_par' dir='ltr' id='par_1_90' title="bbox 2077 3155 3729 3228">
     <span class='ocr_line' id='line_1_91' title="bbox 2077 3155 3729 3228; baseline 0.002 -18"><span class='ocrx_word' id='word_1_663' title='bbox 2077 3171 2340 3225; x_wconf 89' lang='lat' dir='ltr'>sensum,</span> <span class='ocrx_word' id='word_1_664' title='bbox 2374 3155 2533 3211; x_wconf 88' lang='lat' dir='ltr'>velut</span> <span class='ocrx_word' id='word_1_665' title='bbox 2565 3172 2748 3210; x_wconf 90' lang='lat' dir='ltr'>unum</span> <span class='ocrx_word' id='word_1_666' title='bbox 2778 3156 3077 3227; x_wconf 89' lang='lat' dir='ltr'>quoddam</span> <span class='ocrx_word' id='word_1_667' title='bbox 3111 3159 3287 3227; x_wconf 88' lang='lat' dir='ltr'>caput</span> <span class='ocrx_word' id='word_1_668' title='bbox 3313 3171 3382 3210; x_wconf 84' lang='lat' dir='ltr'>ex</span> <span class='ocrx_word' id='word_1_669' title='bbox 3412 3158 3729 3228; x_wconf 88' lang='lat' dir='ltr'>profundo,</span> 
     </span>
    </p>
   </div>
   <div class='ocr_carea' id='block_1_91' title="bbox 2077 3242 3730 3316">
    <p class='ocr_par' dir='ltr' id='par_1_91' title="bbox 2077 3242 3730 3316">
     <span class='ocr_line' id='line_1_92' title="bbox 2077 3242 3730 3316; baseline 0.001 -16"><span class='ocrx_word' id='word_1_670' title='bbox 2077 3243 2441 3314; x_wconf 87' lang='lat' dir='ltr'>singularem</span> <span class='ocrx_word' id='word_1_671' title='bbox 2471 3260 2574 3314; x_wconf 89' lang='lat' dir='ltr'>per</span> <span class='ocrx_word' id='word_1_672' title='bbox 2601 3243 2794 3299; x_wconf 90' lang='lat' dir='ltr'>visum</span> <span class='ocrx_word' id='word_1_673' title='bbox 2828 3247 2884 3299; x_wconf 91' lang='lat' dir='ltr'>et</span> <span class='ocrx_word' id='word_1_674' title='bbox 2912 3248 3152 3314; x_wconf 79' lang='lat' dir='ltr'>gustum</span> <span class='ocrx_word' id='word_1_675' title='bbox 3187 3242 3564 3316; x_wconf 82' lang='lat' dir='ltr'>reliquosque</span> <span class='ocrx_word' id='word_1_676' title='bbox 3594 3263 3730 3302; x_wconf 86' lang='lat' dir='ltr'>sen-</span> 
     </span>
    </p>
   </div>
   <div class='ocr_carea' id='block_1_92' title="bbox 2077 3332 3731 3406">
    <p class='ocr_par' dir='ltr' id='par_1_92' title="bbox 2077 3332 3731 3406">
     <span class='ocr_line' id='line_1_93' title="bbox 2077 3332 3731 3406; baseline 0.002 -18"><span class='ocrx_word' id='word_1_677' title='bbox 2077 3349 2181 3388; x_wconf 90' lang='lat' dir='ltr'>sus</span> <span class='ocrx_word' id='word_1_678' title='bbox 2209 3332 2982 3405; x_wconf 83' lang='lat' dir='ltr'>multiplicitervoluptatem</span> <span class='ocrx_word' id='word_1_679' title='bbox 3000 3333 3254 3403; x_wconf 86' lang='lat' dir='ltr'>proferat</span> <span class='ocrx_word' id='word_1_680' title='bbox 3280 3334 3358 3389; x_wconf 89' lang='lat' dir='ltr'>:si</span> <span class='ocrx_word' id='word_1_681' title='bbox 3379 3335 3731 3406; x_wconf 85' lang='lat' dir='ltr'>perfruendo</span> 
     </span>
    </p>
   </div>
   <div class='ocr_carea' id='block_1_93' title="bbox 2079 3420 3732 3497">
    <p class='ocr_par' dir='ltr' id='par_1_93' title="bbox 2079 3420 3732 3497">
     <span class='ocr_line' id='line_1_94' title="bbox 2079 3420 3732 3497; baseline 0.003 -21"><span class='ocrx_word' id='word_1_682' title='bbox 2079 3438 2146 3477; x_wconf 89' lang='lat' dir='ltr'>ac</span> <span class='ocrx_word' id='word_1_683' title='bbox 2176 3421 2465 3487; x_wconf 84' lang='lat' dir='ltr'>satietate,</span> <span class='ocrx_word' id='word_1_684' title='bbox 2498 3421 2682 3488; x_wconf 86' lang='lat' dir='ltr'>aiunt,</span> <span class='ocrx_word' id='word_1_685' title='bbox 2705 3420 2866 3476; x_wconf 90' lang='lat' dir='ltr'>illius</span> <span class='ocrx_word' id='word_1_686' title='bbox 2897 3420 3230 3476; x_wconf 90' lang='lat' dir='ltr'>dulcedinis</span> <span class='ocrx_word' id='word_1_687' title='bbox 3263 3425 3732 3497; x_wconf 90' lang='lat' dir='ltr'>unumquodque</span> 
     </span>
    </p>
   </div>
   <div class='ocr_carea' id='block_1_94' title="bbox 2079 3511 3729 3586">
    <p class='ocr_par' dir='ltr' id='par_1_94' title="bbox 2079 3511 3729 3586">
     <span class='ocr_line' id='line_1_95' title="bbox 2079 3511 3729 3586; baseline 0.002 -20"><span class='ocrx_word' id='word_1_688' title='bbox 2079 3515 2254 3583; x_wconf 88' lang='lat' dir='ltr'>caput</span> <span class='ocrx_word' id='word_1_689' title='bbox 2283 3511 2532 3566; x_wconf 86' lang='lat' dir='ltr'>velimus</span> <span class='ocrx_word' id='word_1_690' title='bbox 2564 3515 2906 3582; x_wconf 88' lang='lat' dir='ltr'>amputare;</span> <span class='ocrx_word' id='word_1_691' title='bbox 2941 3527 3057 3566; x_wconf 90' lang='lat' dir='ltr'>non</span> <span class='ocrx_word' id='word_1_692' title='bbox 3092 3511 3285 3584; x_wconf 88' lang='lat' dir='ltr'>magis</span> <span class='ocrx_word' id='word_1_693' title='bbox 3342 3517 3540 3584; x_wconf 88' lang='lat' dir='ltr'>caput,</span> <span class='ocrx_word' id='word_1_694' title='bbox 3573 3516 3729 3586; x_wconf 90' lang='lat' dir='ltr'>quod</span> 
     </span>
    </p>
   </div>
   <div class='ocr_carea' id='block_1_95' title="bbox 2079 3600 3732 3672">
    <p class='ocr_par' dir='ltr' id='par_1_95' title="bbox 2079 3600 3732 3672">
     <span class='ocr_line' id='line_1_96' title="bbox 2079 3600 3732 3672; baseline 0.001 -15"><span class='ocrx_word' id='word_1_695' title='bbox 2079 3618 2208 3657; x_wconf 88' lang='lat' dir='ltr'>sese</span> <span class='ocrx_word' id='word_1_696' title='bbox 2236 3601 2511 3667; x_wconf 84' lang='lat' dir='ltr'>exseruit,</span> <span class='ocrx_word' id='word_1_697' title='bbox 2546 3604 2951 3672; x_wconf 89' lang='lat' dir='ltr'>amputamus,</span> <span class='ocrx_word' id='word_1_698' title='bbox 2983 3600 3133 3672; x_wconf 90' lang='lat' dir='ltr'>quod</span> <span class='ocrx_word' id='word_1_699' title='bbox 3168 3602 3512 3672; x_wconf 88' lang='lat' dir='ltr'>amputandi</span> <span class='ocrx_word' id='word_1_700' title='bbox 3557 3605 3732 3660; x_wconf 93' lang='lat' dir='ltr'>modo</span> 
     </span>
    </p>
   </div>
   <div class='ocr_carea' id='block_1_96' title="bbox 2080 3689 3730 3762">
    <p class='ocr_par' dir='ltr' id='par_1_96' title="bbox 2080 3689 3730 3762">
     <span class='ocr_line' id='line_1_97' title="bbox 2080 3689 3730 3762; baseline 0.002 -17"><span class='ocrx_word' id='word_1_701' title='bbox 2080 3690 2416 3762; x_wconf 82' lang='lat' dir='ltr'>perﬁcimus</span> <span class='ocrx_word' id='word_1_702' title='bbox 2441 3695 2504 3745; x_wconf 93' lang='lat' dir='ltr'>ut</span> <span class='ocrx_word' id='word_1_703' title='bbox 2524 3689 2695 3762; x_wconf 87' lang='lat' dir='ltr'>plura</span> <span class='ocrx_word' id='word_1_704' title='bbox 2718 3707 2820 3761; x_wconf 93' lang='lat' dir='ltr'>pro</span> <span class='ocrx_word' id='word_1_705' title='bbox 2843 3706 2959 3744; x_wconf 90' lang='lat' dir='ltr'>uno</span> <span class='ocrx_word' id='word_1_706' title='bbox 2992 3691 3452 3746; x_wconf 88' lang='lat' dir='ltr'>nascantur.Sed</span> <span class='ocrx_word' id='word_1_707' title='bbox 3483 3692 3531 3746; x_wconf 91' lang='lat' dir='ltr'>si</span> <span class='ocrx_word' id='word_1_708' title='bbox 3550 3692 3730 3748; x_wconf 83' lang='lat' dir='ltr'>veluti</span> 
     </span>
    </p>
   </div>
   <div class='ocr_carea' id='block_1_97' title="bbox 2081 3779 3734 3853">
    <p class='ocr_par' dir='ltr' id='par_1_97' title="bbox 2081 3779 3734 3853">
     <span class='ocr_line' id='line_1_98' title="bbox 2081 3779 3734 3853; baseline 0.001 -17"><span class='ocrx_word' id='word_1_709' title='bbox 2081 3780 2360 3846; x_wconf 84' lang='lat' dir='ltr'>cauterio,</span> <span class='ocrx_word' id='word_1_710' title='bbox 2393 3781 2472 3834; x_wconf 88' lang='lat' dir='ltr'>ita</span> <span class='ocrx_word' id='word_1_711' title='bbox 2523 3779 2904 3844; x_wconf 89' lang='lat' dir='ltr'>continentia,</span> <span class='ocrx_word' id='word_1_712' title='bbox 2957 3779 3235 3851; x_wconf 89' lang='lat' dir='ltr'>prodiens</span> <span class='ocrx_word' id='word_1_713' title='bbox 3286 3784 3463 3853; x_wconf 86' lang='lat' dir='ltr'>caput</span> <span class='ocrx_word' id='word_1_714' title='bbox 3508 3798 3734 3838; x_wconf 90' lang='lat' dir='ltr'>resece-</span> 
     </span>
    </p>
   </div>
   <div class='ocr_carea' id='block_1_98' title="bbox 2081 3866 3735 3942">
    <p class='ocr_par' dir='ltr' id='par_1_98' title="bbox 2081 3866 3735 3942">
     <span class='ocr_line' id='line_1_99' title="bbox 2081 3866 3735 3942; baseline 0.001 -17"><span class='ocrx_word' id='word_1_715' title='bbox 2081 3869 2539 3941; x_wconf 90' lang='lat' dir='ltr'>mus,sapienter</span> <span class='ocrx_word' id='word_1_716' title='bbox 2569 3885 2603 3922; x_wconf 90' lang='lat' dir='ltr'>a</span> <span class='ocrx_word' id='word_1_717' title='bbox 2631 3867 2800 3924; x_wconf 89' lang='lat' dir='ltr'>nobis</span> <span class='ocrx_word' id='word_1_718' title='bbox 2833 3866 3133 3924; x_wconf 84' lang='lat' dir='ltr'>sublatum</span> <span class='ocrx_word' id='word_1_719' title='bbox 3166 3867 3459 3939; x_wconf 88' lang='lat' dir='ltr'>pullulare</span> <span class='ocrx_word' id='word_1_720' title='bbox 3490 3886 3735 3942; x_wconf 88' lang='lat' dir='ltr'>prorsus</span> 
     </span>
    </p>
   </div>
   <div class='ocr_carea' id='block_1_99' title="bbox 2081 3957 3735 4031">
    <p class='ocr_par' dir='ltr' id='par_1_99' title="bbox 2081 3957 3735 4031">
     <span class='ocr_line' id='line_1_100' title="bbox 2081 3957 3735 4031; baseline 0.002 -18"><span class='ocrx_word' id='word_1_721' title='bbox 2081 3975 2197 4013; x_wconf 88' lang='lat' dir='ltr'>non</span> <span class='ocrx_word' id='word_1_722' title='bbox 2231 3958 2461 4030; x_wconf 87' lang='lat' dir='ltr'>poterit.</span> <span class='ocrx_word' id='word_1_723' title='bbox 2496 3958 2640 4012; x_wconf 89' lang='lat' dir='ltr'>Nam</span> <span class='ocrx_word' id='word_1_724' title='bbox 2663 3957 2758 4028; x_wconf 89' lang='lat' dir='ltr'>qui</span> <span class='ocrx_word' id='word_1_725' title='bbox 2787 3962 3017 4028; x_wconf 84' lang='lat' dir='ltr'>gustus,</span> <span class='ocrx_word' id='word_1_726' title='bbox 3045 3957 3735 4031; x_wconf 88' lang='lat' dir='ltr'>inquiunt,voluptatem,</span> 
     </span>
    </p>
   </div>
   <div class='ocr_carea' id='block_1_100' title="bbox 2080 4045 3738 4117">
    <p class='ocr_par' dir='ltr' id='par_1_100' title="bbox 2080 4045 3738 4117">
     <span class='ocr_line' id='line_1_101' title="bbox 2080 4045 3738 4117; baseline 0.002 -16"><span class='ocrx_word' id='word_1_727' title='bbox 2080 4045 2326 4117; x_wconf 85' lang='lat' dir='ltr'>exempli</span> <span class='ocrx_word' id='word_1_728' title='bbox 2360 4063 2557 4113; x_wconf 88' lang='lat' dir='ltr'>causa,</span> <span class='ocrx_word' id='word_1_729' title='bbox 2591 4045 2965 4100; x_wconf 79' lang='lat' dir='ltr'>concedendo</span> <span class='ocrx_word' id='word_1_730' title='bbox 2988 4047 3141 4115; x_wconf 90' lang='lat' dir='ltr'>quod</span> <span class='ocrx_word' id='word_1_731' title='bbox 3169 4047 3219 4100; x_wconf 90' lang='lat' dir='ltr'>ei</span> <span class='ocrx_word' id='word_1_732' title='bbox 3254 4063 3432 4102; x_wconf 82' lang='lat' dir='ltr'>suave</span> <span class='ocrx_word' id='word_1_733' title='bbox 3463 4053 3553 4104; x_wconf 90' lang='lat' dir='ltr'>est</span> <span class='ocrx_word' id='word_1_734' title='bbox 3573 4053 3630 4104; x_wconf 89' lang='lat' dir='ltr'>et</span> <span class='ocrx_word' id='word_1_735' title='bbox 3649 4067 3738 4105; x_wconf 87' lang='lat' dir='ltr'>sa-</span> 
     </span>
    </p>
   </div>
   <div class='ocr_carea' id='block_1_101' title="bbox 2078 4135 3736 4211">
    <p class='ocr_par' dir='ltr' id='par_1_101' title="bbox 2078 4135 3736 4211">
     <span class='ocr_line' id='line_1_102' title="bbox 2078 4135 3736 4211; baseline 0.001 -19"><span class='ocrx_word' id='word_1_736' title='bbox 2078 4137 2278 4192; x_wconf 87' lang='lat' dir='ltr'>tietate</span> <span class='ocrx_word' id='word_1_737' title='bbox 2307 4136 2511 4192; x_wconf 91' lang='lat' dir='ltr'>tollere</span> <span class='ocrx_word' id='word_1_738' title='bbox 2541 4135 2806 4202; x_wconf 91' lang='lat' dir='ltr'>vult,non</span> <span class='ocrx_word' id='word_1_739' title='bbox 2834 4136 3024 4207; x_wconf 86' lang='lat' dir='ltr'>magis</span> <span class='ocrx_word' id='word_1_740' title='bbox 3055 4153 3180 4192; x_wconf 85' lang='lat' dir='ltr'>eam</span> <span class='ocrx_word' id='word_1_741' title='bbox 3218 4136 3580 4208; x_wconf 90' lang='lat' dir='ltr'>tollit,quam</span> <span class='ocrx_word' id='word_1_742' title='bbox 3605 4156 3736 4211; x_wconf 84' lang='lat' dir='ltr'>per-</span> 
     </span>
    </p>
   </div>
   <div class='ocr_carea' id='block_1_102' title="bbox 2080 4225 3739 4299">
    <p class='ocr_par' dir='ltr' id='par_1_102' title="bbox 2080 4225 3739 4299">
     <span class='ocr_line' id='line_1_103' title="bbox 2080 4225 3739 4299; baseline 0 -17"><span class='ocrx_word' id='word_1_743' title='bbox 2080 4226 2326 4282; x_wconf 87' lang='lat' dir='ltr'>fruendo</span> <span class='ocrx_word' id='word_1_744' title='bbox 2358 4225 2936 4296; x_wconf 88' lang='lat' dir='ltr'>intemperantiorem</span> <span class='ocrx_word' id='word_1_745' title='bbox 2965 4225 3104 4280; x_wconf 88' lang='lat' dir='ltr'>facit</span> <span class='ocrx_word' id='word_1_746' title='bbox 3135 4225 3204 4280; x_wconf 92' lang='lat' dir='ltr'>ad</span> <span class='ocrx_word' id='word_1_747' title='bbox 3232 4225 3286 4279; x_wconf 90' lang='lat' dir='ltr'>id</span> <span class='ocrx_word' id='word_1_748' title='bbox 3324 4227 3476 4298; x_wconf 81' lang='lat' dir='ltr'>quod</span> <span class='ocrx_word' id='word_1_749' title='bbox 3504 4244 3739 4299; x_wconf 90' lang='lat' dir='ltr'>semper</span> 
     </span>
    </p>
   </div>
   <div class='ocr_carea' id='block_1_103' title="bbox 2083 4313 3738 4386">
    <p class='ocr_par' dir='ltr' id='par_1_103' title="bbox 2083 4313 3738 4386">
     <span class='ocr_line' id='line_1_104' title="bbox 2083 4313 3738 4386; baseline 0.001 -15"><span class='ocrx_word' id='word_1_750' title='bbox 2083 4313 2582 4386; x_wconf 84' lang='lat' dir='ltr'>eoncupiscit.Qui</span> <span class='ocrx_word' id='word_1_751' title='bbox 2605 4318 2800 4368; x_wconf 91' lang='lat' dir='ltr'>autem</span> <span class='ocrx_word' id='word_1_752' title='bbox 2833 4330 2950 4368; x_wconf 90' lang='lat' dir='ltr'>non</span> <span class='ocrx_word' id='word_1_753' title='bbox 2983 4315 3356 4368; x_wconf 84' lang='lat' dir='ltr'>concedendo</span> <span class='ocrx_word' id='word_1_754' title='bbox 3381 4315 3535 4386; x_wconf 91' lang='lat' dir='ltr'>quod</span> <span class='ocrx_word' id='word_1_755' title='bbox 3559 4334 3738 4372; x_wconf 89' lang='lat' dir='ltr'>suave</span> 
     </span>
    </p>
   </div>
   <div class='ocr_carea' id='block_1_104' title="bbox 2081 4400 3738 4473">
    <p class='ocr_par' dir='ltr' id='par_1_104' title="bbox 2081 4400 3738 4473">
     <span class='ocr_line' id='line_1_105' title="bbox 2081 4400 3738 4473; baseline -0.002 -12"><span class='ocrx_word' id='word_1_756' title='bbox 2081 4409 2189 4472; x_wconf 90' lang='lat' dir='ltr'>est,</span> <span class='ocrx_word' id='word_1_757' title='bbox 2227 4403 2388 4458; x_wconf 89' lang='lat' dir='ltr'>illam</span> <span class='ocrx_word' id='word_1_758' title='bbox 2423 4400 2783 4457; x_wconf 83' lang='lat' dir='ltr'>continentia</span> <span class='ocrx_word' id='word_1_759' title='bbox 2814 4405 3101 4473; x_wconf 87' lang='lat' dir='ltr'>tanquam</span> <span class='ocrx_word' id='word_1_760' title='bbox 3133 4401 3267 4473; x_wconf 92' lang='lat' dir='ltr'>igne</span> <span class='ocrx_word' id='word_1_761' title='bbox 3297 4405 3738 4473; x_wconf 86' lang='lat' dir='ltr'>coercet,utmi-</span> 
     </span>
    </p>
   </div>
   <div class='ocr_carea' id='block_1_105' title="bbox 2083 4491 3735 4564">
    <p class='ocr_par' dir='ltr' id='par_1_105' title="bbox 2083 4491 3735 4564">
     <span class='ocr_line' id='line_1_106' title="bbox 2083 4491 3735 4564; baseline 0 -15"><span class='ocrx_word' id='word_1_762' title='bbox 2083 4495 2242 4550; x_wconf 89' lang='lat' dir='ltr'>nime</span> <span class='ocrx_word' id='word_1_763' title='bbox 2273 4496 2597 4564; x_wconf 90' lang='lat' dir='ltr'>compotem</span> <span class='ocrx_word' id='word_1_764' title='bbox 2627 4508 2830 4547; x_wconf 84' lang='lat' dir='ltr'>eorum</span> <span class='ocrx_word' id='word_1_765' title='bbox 2856 4508 2984 4562; x_wconf 58' lang='lat' dir='ltr'>quae</span> <span class='ocrx_word' id='word_1_766' title='bbox 3017 4491 3735 4563; x_wconf 87' lang='lat' dir='ltr'>concupiscit,invalidam</span> 
     </span>
    </p>
   </div>
   <div class='ocr_carea' id='block_1_106' title="bbox 2082 4579 3738 4653">
    <p class='ocr_par' dir='ltr' id='par_1_106' title="bbox 2082 4579 3738 4653">
     <span class='ocr_line' id='line_1_107' title="bbox 2082 4579 3738 4653; baseline -0.001 -14"><span class='ocrx_word' id='word_1_767' title='bbox 2082 4602 2148 4639; x_wconf 89' lang='lat' dir='ltr'>ac</span> <span class='ocrx_word' id='word_1_768' title='bbox 2178 4583 2532 4639; x_wconf 88' lang='lat' dir='ltr'>tabefactam</span> <span class='ocrx_word' id='word_1_769' title='bbox 2567 4597 2812 4653; x_wconf 90' lang='lat' dir='ltr'>prorsus</span> <span class='ocrx_word' id='word_1_770' title='bbox 2853 4579 3084 4651; x_wconf 90' lang='lat' dir='ltr'>redigit.</span> <span class='ocrx_word' id='word_1_771' title='bbox 3121 4583 3191 4635; x_wconf 84' lang='lat' dir='ltr'>Ac</span> <span class='ocrx_word' id='word_1_772' title='bbox 3241 4587 3616 4653; x_wconf 78' lang='lat' dir='ltr'>praepostera,</span> <span class='ocrx_word' id='word_1_773' title='bbox 3647 4583 3738 4638; x_wconf 88' lang='lat' dir='ltr'>in-</span> 
     </span>
    </p>
   </div>
   <div class='ocr_carea' id='block_1_107' title="bbox 2081 4669 3738 4746">
    <p class='ocr_par' dir='ltr' id='par_1_107' title="bbox 2081 4669 3738 4746">
     <span class='ocr_line' id='line_1_108' title="bbox 2081 4669 3738 4746; baseline -0.001 -18"><span class='ocrx_word' id='word_1_774' title='bbox 2081 4671 2406 4746; x_wconf 82' lang='lat' dir='ltr'>quiunt,vel</span> <span class='ocrx_word' id='word_1_775' title='bbox 2438 4671 2635 4743; x_wconf 88' lang='lat' dir='ltr'>potius</span> <span class='ocrx_word' id='word_1_776' title='bbox 2671 4669 2876 4740; x_wconf 89' lang='lat' dir='ltr'>iniqua</span> <span class='ocrx_word' id='word_1_777' title='bbox 2907 4671 2964 4724; x_wconf 90' lang='lat' dir='ltr'>in</span> <span class='ocrx_word' id='word_1_778' title='bbox 2992 4669 3229 4724; x_wconf 87' lang='lat' dir='ltr'>virtutis</span> <span class='ocrx_word' id='word_1_779' title='bbox 3263 4671 3738 4727; x_wconf 87' lang='lat' dir='ltr'>exercitationem</span> 
     </span>
    </p>
   </div>
   <div class='ocr_carea' id='block_1_108' title="bbox 2079 4758 3740 4834">
    <p class='ocr_par' dir='ltr' id='par_1_108' title="bbox 2079 4758 3740 4834">
     <span class='ocr_line' id='line_1_109' title="bbox 2079 4758 3740 4834; baseline -0.001 -16"><span class='ocrx_word' id='word_1_780' title='bbox 2079 4763 2285 4831; x_wconf 86' lang='lat' dir='ltr'>oratio,</span> <span class='ocrx_word' id='word_1_781' title='bbox 2317 4778 2440 4833; x_wconf 77' lang='lat' dir='ltr'>quas</span> <span class='ocrx_word' id='word_1_782' title='bbox 2473 4759 2600 4815; x_wconf 90' lang='lat' dir='ltr'>sine</span> <span class='ocrx_word' id='word_1_783' title='bbox 2633 4758 2970 4830; x_wconf 84' lang='lat' dir='ltr'>exceptione</span> <span class='ocrx_word' id='word_1_784' title='bbox 3000 4759 3360 4831; x_wconf 89' lang='lat' dir='ltr'>pronuntiat,</span> <span class='ocrx_word' id='word_1_785' title='bbox 3393 4761 3547 4832; x_wconf 87' lang='lat' dir='ltr'>quod</span> <span class='ocrx_word' id='word_1_786' title='bbox 3573 4777 3740 4834; x_wconf 80' lang='lat' dir='ltr'>para-</span> 
     </span>
    </p>
   </div>
   <div class='ocr_carea' id='block_1_109' title="bbox 2076 5112 3243 5187">
    <p class='ocr_par' dir='ltr' id='par_1_109' title="bbox 2076 5112 3243 5187">
     <span class='ocr_line' id='line_1_110' title="bbox 2076 5112 3243 5187; baseline -0.005 -10"><span class='ocrx_word' id='word_1_787' title='bbox 2076 5124 2319 5178; x_wconf 86' lang='lat' dir='ltr'>veteres.</span> <span class='ocrx_word' id='word_1_788' title='bbox 2355 5117 2534 5187; x_wconf 84' lang='lat' dir='ltr'>Editi,</span> <span class='ocrx_word' id='word_1_789' title='bbox 2562 5117 2660 5170; x_wconf 85' lang='grc' dir='ltr'>τοῦ</span> <span class='ocrx_word' id='word_1_790' title='bbox 2690 5114 2810 5168; x_wconf 88' lang='grc' dir='ltr'>κατ’</span> <span class='ocrx_word' id='word_1_791' title='bbox 2842 5112 3009 5183; x_wconf 75' lang='grc' dir='ltr'>αὐτὴν</span> <span class='ocrx_word' id='word_1_792' title='bbox 3043 5112 3243 5184; x_wconf 70' lang='grc' dir='ltr'>ἡδέως.</span> 
     </span>
    </p>
   </div>
   <div class='ocr_carea' id='block_1_110' title="bbox 2151 5187 3736 5263">
    <p class='ocr_par' dir='ltr' id='par_1_110' title="bbox 2151 5187 3736 5263">
     <span class='ocr_line' id='line_1_111' title="bbox 2151 5187 3736 5263; baseline -0.002 -16"><span class='ocrx_word' id='word_1_793' title='bbox 2151 5193 2262 5263; x_wconf 87' lang='grc'>(76)</span> <span class='ocrx_word' id='word_1_794' title='bbox 2297 5189 2710 5263; x_wconf 66' lang='grc' dir='ltr'>Ἀναιρήσομεν.</span> <span class='ocrx_word' id='word_1_795' title='bbox 2756 5187 2852 5244; x_wconf 87' lang='lat' dir='ltr'>Sic</span> <span class='ocrx_word' id='word_1_796' title='bbox 2873 5187 3146 5263; x_wconf 81' lang='lat' dir='ltr'>plerique</span> <span class='ocrx_word' id='word_1_797' title='bbox 3179 5204 3322 5263; x_wconf 84' lang='lat' dir='ltr'>mss.</span> <span class='ocrx_word' id='word_1_798' title='bbox 3376 5188 3529 5263; x_wconf 81' lang='lat' dir='ltr'>Edti,</span> <span class='ocrx_word' id='word_1_799' title='bbox 3588 5209 3736 5244; x_wconf 89' lang='grc' dir='ltr'>αναι-</span> 
     </span>
    </p>
   </div>
   <div class='ocr_carea' id='block_1_111' title="bbox 2080 5257 3736 5350">
    <p class='ocr_par' dir='ltr' id='par_1_111' title="bbox 2080 5257 3736 5350">
     <span class='ocr_line' id='line_1_112' title="bbox 2080 5257 3736 5350; baseline 0 -34"><span class='ocrx_word' id='word_1_800' title='bbox 2080 5257 2357 5349; x_wconf 39' lang='lat' dir='ltr'>Melana}.</span> <span class='ocrx_word' id='word_1_801' title='bbox 2417 5257 2790 5350; x_wconf 31' lang='lat' dir='ltr'>Paulp&#39;posct“</span> <span class='ocrx_word' id='word_1_802' title='bbox 2821 5257 2985 5350; x_wconf 67' lang='lat' dir='ltr'>editi,</span> <span class='ocrx_word' id='word_1_803' title='bbox 3037 5257 3244 5350; x_wconf 50' lang='lat' dir='ltr'>ﬁdovﬁ‘v</span> <span class='ocrx_word' id='word_1_804' title='bbox 3293 5260 3498 5335; x_wconf 80' lang='grc' dir='ltr'>φερέτω</span> <span class='ocrx_word' id='word_1_805' title='bbox 3555 5281 3736 5350; x_wconf 72' lang='grc' dir='ltr'>παρα-</span> 
     </span>
    </p>
   </div>
   <div class='ocr_carea' id='block_1_112' title="bbox 2078 5327 3734 5418">
    <p class='ocr_par' dir='ltr' id='par_1_112' title="bbox 2078 5327 3734 5418">
     <span class='ocr_line' id='line_1_113' title="bbox 2078 5327 3734 5418; baseline 0.001 -29"><span class='ocrx_word' id='word_1_806' title='bbox 2078 5327 2340 5418; x_wconf 66' lang='grc' dir='ltr'>σχεῖν’τῷ</span> <span class='ocrx_word' id='word_1_807' title='bbox 2371 5333 2486 5386; x_wconf 82' lang='grc' dir='ltr'>κατ’</span> <span class='ocrx_word' id='word_1_808' title='bbox 2518 5327 2686 5399; x_wconf 71' lang='grc' dir='ltr'>αὐτὴν</span> <span class='ocrx_word' id='word_1_809' title='bbox 2722 5327 2847 5400; x_wconf 78' lang='grc' dir='ltr'>ἡδεῖ</span> <span class='ocrx_word' id='word_1_810' title='bbox 2875 5327 3166 5418; x_wconf 43' lang='grc' dir='ltr'>καὶξὸρῳ..</span> <span class='ocrx_word' id='word_1_811' title='bbox 3198 5327 3324 5388; x_wconf 65' lang='lat' dir='ltr'>Non</span> <span class='ocrx_word' id='word_1_812' title='bbox 3358 5327 3734 5418; x_wconf 49' lang='lat' dir='ltr'>:carentquee</span> 
     </span>
    </p>
   </div>
   <div class='ocr_carea' id='block_1_113' title="bbox 2077 5404 3734 5478">
    <p class='ocr_par' dir='ltr' id='par_1_113' title="bbox 2077 5404 3734 5478">
     <span class='ocr_line' id='line_1_114' title="bbox 2077 5404 3734 5478; baseline 0.001 -16"><span class='ocrx_word' id='word_1_813' title='bbox 2077 5404 2164 5463; x_wconf 81' lang='lat' dir='ltr'>vis</span> <span class='ocrx_word' id='word_1_814' title='bbox 2196 5404 2428 5464; x_wconf 88' lang='lat' dir='ltr'>codices</span> <span class='ocrx_word' id='word_1_815' title='bbox 2461 5422 2606 5461; x_wconf 89' lang='lat' dir='ltr'>mss.</span> <span class='ocrx_word' id='word_1_816' title='bbox 2640 5409 2876 5475; x_wconf 78' lang='lat' dir='ltr'>excepto</span> <span class='ocrx_word' id='word_1_817' title='bbox 2903 5404 3445 5475; x_wconf 84' lang='lat' dir='ltr'>Colbertino.cujus</span> <span class='ocrx_word' id='word_1_818' title='bbox 3479 5404 3734 5478; x_wconf 81' lang='lat' dir='ltr'>scriptu-</span> 
     </span>
    </p>
   </div>
   <div class='ocr_carea' id='block_1_114' title="bbox 2080 5478 3739 5550">
    <p class='ocr_par' dir='ltr' id='par_1_114' title="bbox 2080 5478 3739 5550">
     <span class='ocr_line' id='line_1_115' title="bbox 2080 5478 3739 5550; baseline 0 -16"><span class='ocrx_word' id='word_1_819' title='bbox 2080 5496 2228 5547; x_wconf 91' lang='lat' dir='ltr'>ram,</span> <span class='ocrx_word' id='word_1_820' title='bbox 2259 5485 2325 5534; x_wconf 91' lang='lat' dir='ltr'>ut</span> <span class='ocrx_word' id='word_1_821' title='bbox 2355 5483 2551 5550; x_wconf 88' lang='lat' dir='ltr'>aptam</span> <span class='ocrx_word' id='word_1_822' title='bbox 2583 5478 2654 5533; x_wconf 89' lang='lat' dir='ltr'>ad</span> <span class='ocrx_word' id='word_1_823' title='bbox 2681 5478 3119 5534; x_wconf 88' lang='lat' dir='ltr'>emendandum</span> <span class='ocrx_word' id='word_1_824' title='bbox 3153 5482 3511 5548; x_wconf 78' lang='lat' dir='ltr'>contextum,</span> <span class='ocrx_word' id='word_1_825' title='bbox 3547 5480 3739 5536; x_wconf 88' lang='lat' dir='ltr'>secuti</span> 
     </span>
    </p>
   </div>
   <div class='ocr_carea' id='block_1_115' title="bbox 2081 5569 2312 5608">
    <p class='ocr_par' dir='ltr' id='par_1_115' title="bbox 2081 5569 2312 5608">
     <span class='ocr_line' id='line_1_116' title="bbox 2081 5569 2312 5608; baseline 0 0"><span class='ocrx_word' id='word_1_826' title='bbox 2081 5569 2312 5608; x_wconf 87' lang='lat' dir='ltr'>sumus.</span> 
     </span>
    </p>
   </div>
   <div class='ocr_carea' id='block_1_116' title="bbox 2151 5617 3733 5696">
    <p class='ocr_par' dir='ltr' id='par_1_116' title="bbox 2151 5617 3733 5696">
     <span class='ocr_line' id='line_1_117' title="bbox 2151 5617 3733 5696; baseline 0.001 -19"><span class='ocrx_word' id='word_1_827' title='bbox 2151 5625 2265 5692; x_wconf 82' lang='lat'>(77)</span> <span class='ocrx_word' id='word_1_828' title='bbox 2296 5617 2667 5696; x_wconf 79' lang='grc' dir='ltr'>Τετηγμένην.</span> <span class='ocrx_word' id='word_1_829' title='bbox 2709 5618 2814 5696; x_wconf 83' lang='lat' dir='ltr'>Sic</span> <span class='ocrx_word' id='word_1_830' title='bbox 2846 5621 2975 5677; x_wconf 90' lang='lat' dir='ltr'>cod.</span> <span class='ocrx_word' id='word_1_831' title='bbox 3034 5620 3414 5678; x_wconf 69' lang='lat' dir='ltr'>Mazarineus</span> <span class='ocrx_word' id='word_1_832' title='bbox 3472 5625 3528 5678; x_wconf 90' lang='lat' dir='ltr'>et</span> <span class='ocrx_word' id='word_1_833' title='bbox 3557 5621 3733 5678; x_wconf 88' lang='lat' dir='ltr'>alius.</span> 
     </span>
    </p>
   </div>
   <div class='ocr_carea' id='block_1_117' title="bbox 2082 5691 2950 5767">
    <p class='ocr_par' dir='ltr' id='par_1_117' title="bbox 2082 5691 2950 5767">
     <span class='ocr_line' id='line_1_118' title="bbox 2082 5691 2950 5767; baseline -0.005 -16"><span class='ocrx_word' id='word_1_834' title='bbox 2082 5696 2261 5767; x_wconf 90' lang='lat' dir='ltr'>Editi,</span> <span class='ocrx_word' id='word_1_835' title='bbox 2291 5691 2666 5766; x_wconf 70' lang='grc' dir='ltr'>τετμημένην,</span> <span class='ocrx_word' id='word_1_836' title='bbox 2690 5693 2950 5749; x_wconf 75' lang='lat' dir='ltr'>excisam.</span> 
     </span>
    </p>
   </div>
  </div>
