4124 6372
380 360 502 423 807

1328 356 1726 418 APPENDIX
1775 355 2104 419 OPERUM
2145 358 2214 420 S.
2257 357 2536 424 BASILII
2579 364 2858 428 MAGNI.

3687 374 3817 438 808

382 496 506 549 tam
535 491 713 548 habet
735 490 1069 564 perfruendi
1088 488 1522 563 potestatem,id
1553 489 1779 544 lentum
1810 504 1941 545 esse
1963 504 2013 544 at

2152 487 2279 564 φέρε
2333 490 2525 565 εἵπεῖν,
2572 492 2741 566 ἡδονή
2790 497 2928 574 πρὸς
2977 497 3151 555 ἐκεῖνο
3196 501 3260 556 οὗ
3287 502 3388 571 τήν
3434 502 3679 574 ἐξουσίαν
3707 510 3814 574 τῆς

383 581 942 654 concupiscendum.
981 582 1158 636 Lenta
1187 578 1342 634 enim
1372 583 1461 635 est
1506 583 1740 652 gustus,
1792 577 2039 648 exempli

381 688 580 737 causa,
611 669 880 742 voluptas
911 669 981 724 ad
1012 669 1069 732 id
1102 668 1273 739 cujus
1317 668 1659 740 perfruendi
1689 670 2035 739 potestatem

380 760 556 816 habet
587 779 601 829 ;
635 761 734 815 sed
767 775 900 814 cum
924 774 1157 828 semper
1172 758 1380 812 edocta
1411 757 1489 812 sit
1517 773 1888 829 eorum,quae
1911 773 2038 812 con-

375 849 649 922 cupiscit,
681 863 922 919 compos
963 845 1428 918 intemperanter
1481 847 1626 913 fieri,
1677 845 2036 901 insatiabilis

379 941 446 996 ad
479 939 898 1010 perfruendum
917 937 1207 1009 quidquid
1242 935 1814 1008 concupiscit,variis
1842 937 2034 992 modis

379 1029 688 1100 abripitur.
721 1027 910 1091 Quare
940 1044 1056 1083 non
1089 1027 1175 1082 sic
1223 1027 1688 1099 unumquodque
1717 1024 2035 1097 voluptatis

376 1121 554 1190 caput
585 1117 905 1189 amputand
918 1131 1014 1171 um
1046 1132 1176 1172 esse
1207 1115 1437 1177 dicunt,
1469 1116 1571 1172 sed
1604 1129 1708 1186 per
1737 1113 2033 1170 abstinen-

372 1207 540 1277 tiam,
573 1223 689 1262 non
723 1206 1097 1262 concedendo
1129 1206 1284 1278 quod
1321 1220 1500 1261 suave
1530 1208 1638 1260 est.

441 1298 531 1352 68.
568 1295 810 1352 Divinus
840 1298 1034 1351 autem
1069 1311 1260 1350 sermo
1292 1294 1542 1350 vitulum
1579 1309 1682 1366 pro
1704 1293 2030 1350 sacerdotio

372 1387 529 1460 apud
544 1384 1052 1458 sapientissimum
1069 1384 1325 1456 Moysem
1341 1388 1629 1452 mactans,
1646 1397 1749 1456 per
1762 1383 2030 1438 membra

371 1492 623 1548 quorum
656 1475 722 1530 fit
738 1473 1404 1544 bolocaustum,virtutis
1431 1473 1762 1529 exercendae
1787 1473 2025 1528 modum

370 1563 626 1620 naturali
656 1565 886 1620 ratione
914 1564 1192 1629 ostendit,
1226 1564 1368 1618 dum
1412 1563 1629 1634 jeooris
1659 1562 1897 1633 quidem
1930 1578 2026 1618 ex-

369 1657 620 1710 tremam
652 1656 904 1724 partem,
937 1669 1052 1708 non
1083 1656 1272 1707 totum
1301 1652 1491 1722 jecur,
1526 1655 1582 1707 et
1623 1651 1856 1723 adipem
1897 1667 2025 1722 quae

364 1747 625 1800 ventrem
658 1741 868 1814 operit,
903 1758 1017 1796 non
1052 1740 1248 1814 ipsum
1281 1744 1565 1811 ventrem,
1591 1756 1798 1796 renum
1824 1745 2022 1795 autem

2150 578 2504 670 ἀπολαύσεως
2560 583 2696 660 ἔχει,
2759 586 3088 659 ἐξουσιάζειν
3145 587 3202 644 δὲ
3261 591 3511 668 ἀκρατῶς
3563 598 3675 670 (78)
3732 598 3810 653 ὧν

2154 667 2408 758 βούλεται
2441 671 2735 730 ἀπολαύειν
2763 675 2844 731 ἀεὶ
2877 674 3216 754 διδαχθεῖσα,
3249 667 3540 756 ἀκὸρεστος
3573 667 3692 758 (79)
3729 685 3814 750 εἷς

2149 757 2384 850 ἐξουσίαν
2413 762 2549 835 πρὸς
2581 769 2684 818 πᾶν
2728 766 2789 820 τὸ
2836 764 3169 840 ἐπιθυμηθὶν
3205 767 3588 850 πολυμόρφως
3617 757 3813 849 ἐξάγε-

2143 869 2252 905 ται.
2287 849 2383 904 Κιό
2413 873 2568 928 φασιν
2605 853 2712 931 οὐχ
2743 855 2885 911 οὕτω
2914 856 3124 929 τέμνειν
3177 858 3406 928 ἑκάστην
3457 849 3559 931 τῆς
3593 860 3812 935 ἡδονῆς

2143 940 2408 1014 κεφαλὴν,
2437 939 2586 997 ἀλλὰ
2631 948 2711 1016 τῷ
2761 945 2837 1018 μὴ
2873 943 3192 1021 χαρίζεσθαι
3220 950 3282 1004 τὸ
3312 947 3448 1019 ἧδον
3491 948 3583 1007 διὰ
3612 973 3809 1029 καρτε-

2142 1029 2261 1103 ρίας
2289 1032 2578 1103 προσήκει.

2208 1301 2298 1357 68.
2332 1300 2392 1357 Ὀ
2424 1297 2482 1355 δὶ
2531 1301 2676 1365 θεῖος
2727 1300 2892 1377 λόγος
2937 1302 3029 1358 τὸν
3067 1305 3202 1382 ὐπέρ
3231 1297 3553 1382 ’ἱερωσόνης
3587 1309 3800 1388 μόσχον

2139 1389 2284 1464 παρᾶ
2309 1394 2392 1462 τῷ
2418 1392 2718 1468 σοφωτάτῳ
2743 1396 2950 1468 Muniis-ii
2998 1397 3335 1472 σφαγιάζων,
3371 1395 3461 1452 διὰ
3505 1403 3614 1454 τῶν
3660 1400 3794 1457 ὀλο-

2137 1477 2518 1551 καυτουμένων
2552 1477 2735 1553 μελῶν
2766 1482 2858 1536 τὸν
2907 1489 3011 1552 τῆς
3061 1485 3342 1555 ἀσκήσεως
3373 1487 3578 1561 τρόπον
3629 1511 3790 1568 φυσι-

2135 1572 2248 1630 κῶς
2304 1565 2632 1625 ὑπεδείκνυε’
2682 1574 2779 1625 τοῦ
2831 1572 2927 1643 μὲν
2972 1572 3185 1641 ἥπατος
3213 1575 3304 1629 τὸν
3343 1571 3534 1648 λοϐὸν,
3566 1565 3658 1634 καῖ
3690 1581 3794 1656 οὐγ

2137 1655 2266 1712 ὅλον
2297 1658 2359 1712 τὸ
2397 1659 2568 1731 ἧπαρ,
2618 1658 2710 1714 καὶ
2757 1665 2857 1729 τῆς
2904 1658 3119 1724 κοιλίας
3161 1664 3223 1718 τὸ
3270 1663 3550 1721 καλύπτον
3593 1647 3801 1740 ταύτην

2136 1745 2318 1824 στέαρ,
2348 1747 2437 1802 καὶ
2470 1748 2572 1802 οὐκ
2621 1745 2787 1818 αὐτὴν
2837 1750 2935 1818 τὴν
2985 1748 3224 1806 κοιλίαν’
3255 1758 3362 1808 τῶν
3409 1752 3466 1810 δὲ
3494 1762 3700 1833 νεφρῶν
3736 1759 3801 1816 οὗ

368 1847 482 1886 non
507 1831 740 1902 adipem
775 1831 1078 1900 modo,sed
1104 1829 1266 1902 ipsos
1289 1829 1469 1886 etiam
1501 1845 1637 1885 cum
1668 1829 1839 1902 adipe
1855 1845 2013 1885 rene:

2133 1838 2195 1892 τὸ
2227 1838 2384 1913 στέαρ
2419 1837 2606 1910 μόνον,
2633 1835 2781 1893 ἀλλὰ
2825 1837 2917 1894 καί
2964 1841 3164 1904 αὐτοὺς
3217 1841 3308 1897 σὺν
3340 1848 3421 1916 τῷ
3451 1829 3627 1902 στέατι
3669 1848 3801 1915 τοὺς

365 1921 500 1992 igne
531 1919 1016 1991 consumijubet.
1058 1919 1205 1974 Nam
1239 1935 1374 1974 cum
1415 1920 1589 1990 jecur
1631 1934 1918 1991 organum
1950 1919 2013 1975 sil

2135 1925 2362 2004 νεφροὺς
2419 1925 2850 1984 ὁλοκαυτοῦσθαι
2907 1929 3304 2006 προστάσσων.
3362 1935 3481 1988 Ὅτι
3540 1939 3637 1990 τοῦ
3697 1938 3794 2011 μὲν

363 2008 852 2081 concupiscentiae
881 2009 1238 2079 (secundum
1271 2009 1426 2080 quod
1460 2013 1518 2064 et
1546 2009 1618 2064 de
1649 2024 1715 2064 eo
1733 2007 1830 2080 qui
1854 2024 2027 2080 prave

365 2099 436 2155 ad
470 2098 1007 2170 concupiscendum
1040 2098 1340 2154 sauciatus
1369 2101 1478 2165 est,
1530 2099 1765 2165 dicitur,
1814 2099 1936 2153 Eri:
1964 2103 2025 2152 ut

359 2204 555 2245 cervus
611 2190 820 2258 sagitta
849 2204 1144 2257 percussu:
1175 2191 1236 2244 in
1258 2189 1448 2260 jecore
1477 2187 1595 2259 ‘3'),
1625 2187 1806 2243 veluti
1836 2193 2022 2243 extre-

363 2294 521 2334 mam
554 2281 804 2350 partem,
840 2277 1202 2349 singularem
1235 2277 1305 2333 ad
1339 2277 1705 2349 peccandum
1746 2277 2022 2350 concupi-

359 2367 673 2438 scentiam,
709 2367 768 2421 in
801 2383 917 2436 qua
945 2371 1003 2421 et
1032 2365 1166 2422 bilis
1194 2366 1698 2439 reperitur,solam
1732 2367 1862 2437 igne
1879 2383 2019 2422 con-

360 2473 614 2526 sumere,
649 2455 942 2528 reliquum
976 2457 1359 2528 autem,quod
1391 2473 1425 2511 a
1455 2455 1557 2511 bili
1589 2460 1647 2511 et
1680 2472 1858 2528 prava
1880 2473 2017 2511 con-

359 2545 723 2618 cupiscentia
753 2562 968 2618 purum
1001 2549 1109 2613 est,
1143 2546 1213 2601 ad
1245 2546 1534 2601 bonarum
1569 2561 1764 2602 rerum
1797 2562 2016 2601 concu-

357 2636 707 2708 piscentiam
744 2649 978 2690 servare
1007 2635 1335 2690 secundum
1371 2639 1644 2690 naturam
1704 2635 2013 2707 convenit;

355 2725 574 2781 ventris
605 2727 803 2780 autem
829 2724 985 2794 quod
1019 2723 1388 2796 superﬂuum
1421 2724 1695 2791 est,unde
1727 2724 1797 2780 ad
1819 2724 1961 2779 vitia
1983 2741 2017 2780 a

356 2813 582 2869 ratione
613 2812 806 2869 aliena
837 2811 1304 2885 pinguescimus,
1337 2812 1679 2879 auferendo,
1720 2814 1876 2884 quod
1909 2829 2014 2870 ne-

353 2902 674 2959 cessarium
708 2906 799 2958 est
821 2903 1233 2958 tantummodo
1250 2917 1480 2958 servare
1515 2918 1526 2958 :
1559 2902 1619 2957 in
1652 2902 1888 2959 renibus
1911 2919 2014 2960 au-

349 2999 611 3063 tem,non
645 2991 836 3048 solum
866 2992 1255 3064 adipem,quae
1280 2991 1582 3063 ingentem
1605 2992 1754 3048 681
1783 2993 2012 3065 copiam

2134 2013 2344 2084 ἥπατος
2395 2015 2629 2090 ὀργάνου
2687 2016 2976 2091 ἐπιθυμίας
3029 2019 3377 2096 ὑπάρχοντος
3411 2024 3569 2095 (καθ’
3615 2025 3644 2078 ὃ
3701 2027 3796 2081 καὶ

2131 2102 2254 2178 περί
2284 2109 2381 2160 τοῦ
2411 2109 2591 2168 κακῶς
2641 2107 2779 2183 πρὸς
2828 2107 3120 2181 ἐπιθυμίαν
3177 2109 3476 2187 βληθέντος
3527 2111 3584 2167 ἂν
3641 2112 3795 2191 εῗρη-

2131 2214 2241 2264 ται,
2290 2193 2373 2249 ὅτι
2432 2197 2566 2269 "Ean
2625 2195 2700 2259 ὡς
2758 2192 2960 2276 ἔλαφος
3007 2198 3299 2273 τοξεύματι
3348 2199 3652 2278 πεπληγὼς
3714 2205 3792 2268 εἷς

2127 2282 2189 2337 τὸ
2219 2284 2412 2360 ἧπαρ),
2446 2285 2687 2361 καθάπερ
2743 2280 2933 2359 λοϐὸν,
2967 2286 3066 2355 τήν
3121 2285 3300 2357 ἷδικὴν
3345 2290 3481 2364 πρὸς
3517 2292 3784 2367 ἁμαρτίαν

2129 2371 2420 2444 ἐπιθυμίαν
2469 2372 2666 2444 μόνην,
2701 2372 2753 2429 ἐν
2886 2373 2978 2429 καὶ
3027 2377 3062 2444 ἡ
3097 2374 3249 2452 χολή
3304 2379 3628 2454 εὑρίσκεται,
3657 2380 3790 2437 ὁλο-

2125 2465 2378 2532 καυτοῦν,
2409 2463 2512 2531 τὴν
2544 2460 2602 2518 δὲ
2632 2460 2832 2532 λοιπὴν
2866 2465 3100 2542 καθαρὰν
3149 2463 3334 2541 χολῆς
3373 2469 3462 2523 καὶ
3500 2471 3788 2545 μοχθηρᾶς

2125 2549 2414 2625 ἐπιθυμίας
2445 2550 2520 2614 εἷς
2569 2553 2666 2622 τὴν
2698 2557 2806 2608 τῶν
2853 2553 3039 2610 καλῶν
3088 2553 3381 2629 ἐπιθυμίαν
3433 2564 3622 2633 τηρεῖν
3653 2559 3790 2614 κατὰ

2126 2642 2281 2719 φύσιν
2315 2644 2602 2718 προσήκει,
2631 2644 2732 2715 τῆς
2766 2640 2822 2697 δὲ
2850 2642 3066 2706 κοιλίας
3109 2645 3171 2700 τὸ
3211 2647 3462 2721 περιττὸν
3497 2646 3614 2703 ὅθεν
3647 2649 3787 2724 πρὸς

2124 2728 2351 2806 ἀλογίαν
2403 2730 2731 2803 πιαινόμεθα
2780 2731 3166 2808 ἀφαιροῦντας.
3198 2736 3261 2789 τὸ
3292 2736 3581 2810 ἀναγκαῖον
3613 2738 3783 2809 μόνον

2125 2817 2435 2898 φυλάττειν’
2467 2818 2556 2874 ἐπὶ
2614 2817 2672 2874 δὲ
2725 2823 2834 2874 τῶν
2889 2825 3122 2898 νεφρῶν,
3183 2821 3244 2875 οὐ
3292 2823 3356 2877 τὸ
3406 2823 3562 2897 στέαρ
3607 2825 3780 2895 μόνον

2122 2906 2267 2963 πολὺ
2323 2905 2537 2977 πλῆθος
2589 2907 2664 2969 εἷς
2718 2905 3014 2963 ἀκολασίαν
3069 2905 3351 2983 ἐξαφρίζον
3406 2915 3596 2982 γονῆς,
3630 2908 3778 2965 ἀλλὰ

2121 2999 2211 3053 καὶ
2286 2996 2479 3060 αὐτοὺς
2534 2995 2660 3059 τοὺς
2714 2995 2946 3072 νεφροὺς
3009 2995 3357 3070 καθαγιάζειν
3389 3014 3402 3030 ⁵
3460 2997 3776 3076 φυσικώτα-

351 3082 634 3155 geniturae
666 3081 737 3136 ad
762 3081 1280 3152 intemperantiam
1305 3081 1749 3152 despumat,sed
1773 3087 1830 3138 et
1851 3085 2013 3156 ipsos

2125 3108 2186 3141 τα
2213 3088 2346 3160 (80),
2381 3085 2546 3163 φημὶ,
2574 3085 2699 3160 περί
2730 3105 2789 3140 τε
2815 3089 2912 3140 τοῦ
2957 3084 3254 3161 ἀναγκαίου
3301 3085 3440 3161 πρὸς
3486 3087 3655 3156 ζωὴν,
3683 3088 3776 3142 καὶ

349 3189 519 3228 renes
547 3170 901 3227 sacrificare.
945 3170 1009 3225 In
1043 3169 1156 3237 his,
1211 3169 1478 3242 inquam,
1528 3186 1722 3244 sermo
1771 3172 2006 3230 divinus

2125 3179 2210 3230 τοῦ
2242 3173 2546 3253 φιλοκάλου
2576 3164 2715 3249 πρὸς
2747 3173 3063 3248 ἐπιθυμίαν,
3094 3175 3186 3229 καὶ
3235 3179 3332 3230 τοῦ
3371 3177 3509 3251 πρὸς
3555 3195 3775 3254 σωφρο-

348 3261 657 3333 aptissime
687 3261 757 3314 ad
792 3263 1062 3315 naturam
1095 3265 1153 3315 et
1182 3261 1337 3330 quod
1386 3261 1456 3314 ad
1503 3260 1684 3316 vitam
1735 3277 2004 3317 necessa-

2125 3264 2276 3335 τόνην
2330 3268 2569 3336 καθαροῦ
2624 3263 3000 3337 αἰνιξάμενος.
3063 3261 3287 3334 Ἐπειδὴ
3345 3263 3445 3340 γὰρ
3507 3261 3771 3320 ἀδύνατον

347 3350 524 3421 rium,
557 3353 614 3406 et
644 3350 799 3421 quod
834 3349 1181 3422 prieclarum
1226 3351 1298 3406 ad
1351 3352 1912 3423 concupiscendum,
1950 3356 2007 3408 et

2125 3352 2290 3429 χωρὶς
2334 3358 2542 3431 τροφῆς
2598 3350 2650 3408 ἐν
2702 3353 2918 3426 σώματι
2973 3357 3093 3429 ζῇν,
3134 3353 3197 3408 τὸ
3229 3349 3459 3428 ὅργανσν
3509 3360 3609 3423 τῆς
3646 3373 3780 3430 τρο-

346 3439 500 3510 quod
534 3454 750 3510 purum
783 3439 855 3494 ad
888 3440 1338 3511 temperantiam
1375 3441 1844 3498 monstrat.Nam
1869 3457 2003 3498 cum

2125 3442 2366 3520 ρῆς,τὴν
2407 3439 2643 3511 κοιλίαν,
2697 3442 2864 3520 φημὶ,
2917 3442 3130 3518 γυμνὴν
3178 3443 3303 3498 ἄνευ
3351 3441 3530 3512 πάσης
3557 3463 3779 3518 γαστρι-

345 3527 473 3585 sine
501 3528 632 3583 cibo
664 3528 723 3582 in
756 3543 996 3600 corpore
1019 3528 1135 3584 vivi
1170 3546 1283 3585 non
1316 3529 1524 3601 possit,
1557 3546 1843 3601 organum
1864 3530 2002 3600 cibi,

341 3621 608 3674 ventrem
640 3618 867 3672 nudum
898 3619 970 3673 ab
1001 3618 1162 3674 omni
1213 3635 1458 3690 prorsus
1506 3619 1766 3692 ingluvie
1821 3618 2000 3673 relin-

345 3723 553 3780 quens,
588 3705 842 3778 adipem,
876 3723 1003 3778 quae
1035 3706 1203 3762 illum
1234 3708 1602 3780 operit,recte
1633 3707 2000 3764 aufert.Rur-

346 3813 447 3853 sus
477 3799 675 3852 autem
701 3813 834 3852 cum
866 3796 993 3852 ﬁeri
1021 3813 1136 3852 non
1169 3798 1374 3869 possit,
1409 3801 1477 3854 ut
1507 3797 1825 3868 quidquam
1859 3797 2000 3853 boni

345 3902 754 3958 assequamur,
789 3885 902 3942 nisi
936 3885 1266 3943 naturalem
1298 3886 1460 3943 illius
1490 3887 1800 3958 appetendi
1825 3887 2001 3943 facul-

343 3979 523 4031 tatem
555 3975 905 4041 habeamus,
937 3975 1152 4030 malam
1186 3976 1446 4046 quidem,
1486 3976 1750 4047 inquam,
1785 3993 1999 4033 concu-

343 4065 643 4137 piscentia)
672 4063 1115 4136 speciem,ve1ut
1135 4069 1456 4123 extremam
1491 4070 1714 4138 partem
1737 4083 1872 4122 cum
1896 4066 1999 4123 bili

341 4158 585 4223 resecat,
620 4155 840 4211 bonum
873 4159 1069 4212 autem
1103 4155 1176 4211 ad
1207 4155 1459 4212 virtutes
1511 4156 2002 4229 concupiscentiis

340 4261 527 4318 genus
567 4261 781 4317 purum
833 4248 890 4301 et
934 4245 1221 4300 intactum
1276 4243 1579 4314 relinquit.
1631 4245 1712 4300 De
1761 4245 2002 4301 renibus

342 4339 560 4401 autem,
595 4335 877 4406 quoniam
918 4350 1024 4389 nec
1057 4335 1126 4388 ad
1176 4333 1381 4401 vitam,
1430 4337 1494 4388 ut
1537 4337 1756 4404 venter,
1790 4350 1895 4389 nec
1927 4336 2000 4390 ad

339 4423 879 4496 concupiscentiam
902 4422 1220 4478 necessarii
1245 4423 1610 4490 videntur,ut
1627 4422 1728 4494 qui
1746 4423 2003 4494 singula-

341 4528 463 4568 rem
492 4513 563 4568 ad
596 4512 949 4568 concubitus
980 4511 1520 4583 concupiscentiam
1579 4511 1767 4566 solam
1811 4512 2001 4566 susci-

2115 3531 2350 3608 μαργίας
2376 3529 2716 3600 καταλιπὼν,
2746 3530 2809 3586 τὸ
2860 3531 3230 3588 ἐπικαλύπτον
3284 3530 3442 3606 στέαρ
3475 3531 3643 3602 αὐτὴν
3678 3553 3779 3588 κα-

2111 3620 2223 3683 λῶς
2257 3622 2586 3696 ἀφαιρεῖται.
2635 3619 2809 3676 Πάλιν
2868 3617 2926 3676 δὲ
2975 3619 3166 3690 ἐπειδὴ
3219 3620 3515 3696 ἀμήχανόν
3561 3640 3613 3676 τι
3662 3625 3777 3676 τῶν

2109 3708 2294 3765 καλῶν
2343 3711 2492 3782 ἡμᾶς
2548 3708 2719 3785 ἔχειν,
2780 3709 2857 3781 μὴ
2901 3708 3192 3782 ἐπιθυμίας
3249 3706 3478 3782 δύναμιν
3541 3711 3778 3788 φυσικὴν

2109 3798 2246 3872 πρὸς
2280 3798 2409 3852 αὐτὸ
2446 3796 2838 3869 κεκτημένους,
2890 3798 2952 3852 τὸ
3005 3799 3101 3870 μὶν
3147 3796 3354 3873 φαῦλον
3402 3795 3570 3866 εἶδος,
3602 3799 3778 3876 φημὶ,

2107 3893 2208 3956 τῆς
2238 3885 2550 3960 ἐπιθυμίας,
2601 3887 2841 3962 καθάπερ
2892 3882 3069 3942 λοϐὸν
3105 3888 3243 3961 μετᾶ
3273 3894 3371 3957 τῆς
3403 3885 3588 3964 χολῆς
3639 3888 3780 3943 ἀπο-

2108 3976 2315 4049 τέμνει,
2345 3974 2408 4030 τὸ
2442 3972 2500 4030 δὲ
2530 3975 2698 4030 καλὸν
2743 3976 2898 4051 γένος
2929 3979 3028 4046 τῆς
3070 3978 3209 4052 πρὸς
3234 3976 3331 4039 τὰς
3365 3976 3557 4050 ἀρετὰς
3587 3977 3784 4042 ἐπιθυ-

2113 4065 2240 4139 μίας
2269 4065 2499 4141 καθαρὸν
2551 4063 2863 4135 ἀπολείπει,
2920 4063 3043 4123 Ἐπὶ
3104 4063 3163 4121 δὲ
3215 4069 3324 4121 τῶν
3384 4070 3614 4141 νεφρῶν,
3657 4065 3780 4122 ἐπεὶ

2112 4153 2235 4210 οὔτε
2282 4155 2418 4230 πρὸς
2470 4154 2614 4224 ζωὴν
2669 4154 2745 4216 ὡς
2777 4157 2812 4225 ἡ
2875 4152 3086 4224 κοιλία,
3119 4153 3246 4210 οὔτε
3301 4155 3440 4230 πρὸς
3485 4153 3778 4228 ἐπιθυμίαν

2110 4244 2389 4319 ἀναγκαῖοι
2438 4245 2692 4319 ὁρῶνται,
2741 4245 2840 4313 τὴν
2902 4248 3132 4320 μερικὴν
3186 4245 3324 4318 πρὸς
3363 4245 3462 4307 τὰς
3495 4244 3780 4307 συνουσίας

2113 4332 2286 4406 μόνην
2337 4331 2624 4406 ἐπιθυμίαν
2679 4331 3108 4408 ὑποδεξάμενοι,
3160 4334 3223 4389 οὐ
3274 4333 3338 4388 τὸ
3387 4335 3568 4407 στέαρ,
3603 4333 3779 4409 φημὶ,

2115 4422 2280 4493 μόνον
2335 4421 2567 4489 τούτων,
2598 4421 2746 4478 ἀλλὰ
2801 4424 2896 4479 καὶ
2954 4422 3151 4487 αὐτοὺς
3205 4423 3338 4498 πυρὶ
3376 4420 3776 4499 παραδίδωσιν,

2111 4510 2193 4566 ὅτι
2228 4507 2452 4566 δυνατὸν
2504 4509 2628 4567 ἄνευ
2675 4516 2908 4592 νεφρῶν,
2935 4512 3212 4568 τουτέστιν
3262 4509 3386 4567 ἄνευ
3426 4513 3641 4588 γάμων,
3679 4516 3780 4586 ζῇν

340 4601 523 4673 piant,
558 4616 674 4656 non
703 4600 918 4668 solum,
952 4600 1221 4673 inquam,
1257 4601 1492 4674 adipem
1525 4600 1784 4667 illorum,
1809 4601 1910 4657 sed
1942 4604 1999 4657 et

2125 4621 2164 4656 τε
2187 4600 2276 4655 καὶ
2308 4599 2399 4655 τὸν
2433 4602 2716 4675 παρθενίας
2756 4603 2872 4677 βίον
2927 4600 3212 4678 ίσάγγελον
3265 4599 3505 4665 ἐντεῦθεν
3537 4599 3646 4672 ἤδη
3683 4599 3781 4657 διὰ

341 4692 502 4764 ipsos
535 4690 655 4763 igni
691 4690 953 4758 tradidit,
987 4691 1129 4763 quia
1159 4707 1483 4763 possumus
1515 4691 1644 4746 sine
1673 4689 1998 4761 renibus,id

345 4785 454 4853 est,
489 4781 616 4838 sine
647 4779 896 4853 nuptiis,
928 4780 1121 4837 vivere
1150 4783 1208 4836 et
1247 4780 1608 4853 virginitatis
1659 4779 1999 4838 institutum

338 4869 562 4944 angelis
594 4869 817 4942 aequale
846 4871 1022 4926 etiam
1059 4886 1238 4938 nunc,
1271 4869 1537 4941 quandiu
1557 4869 1996 4939 vivimus,exer-

339 4977 489 5016 cere.
524 4961 624 5016 llis
654 4958 935 5015 omnibus
963 4958 1023 5014 in
1053 4958 1211 5014 omni
1234 4958 1525 5031 sapientia
1553 4958 1816 5016 eruditos
1835 4961 1999 5018 decet

338 5050 624 5106 universae
645 5046 1124 5120 voluptati,velut
1144 5046 1342 5120 hydrae
1368 5047 1689 5106 multorum
1711 5050 1999 5122 capitum-

339 5136 636 5210 sapientsr
693 5138 990 5204 resistere,
1036 5153 1141 5193 nec
1200 5154 1306 5210 per
1347 5139 1603 5210 speciem
1655 5140 1995 5198 exsecrandi

337 5227 690 5298 prodeuntia
721 5242 956 5300 semper
986 5243 1088 5300 per
1120 5243 1333 5284 sensus
1385 5228 1577 5300 capita
1624 5231 1901 5302 perficere
1933 5234 1998 5287 ut

409 5349 475 5385 "‘
512 5351 674 5408 Prov.
713 5367 812 5421 vn,
843 5353 936 5408 23.

346 5549 358 5560 .
415 5476 528 5560 (78)
580 5480 867 5550 Δκρατῶς.
917 5479 1088 5560 Editi
1120 5480 1668 5560 praemittunt,__xat,
1703 5499 1832 5552 quae
1864 5500 2004 5540 con-

333 5551 566 5621 junctio
598 5565 713 5621 non
748 5552 1043 5621 reperitur
1073 5551 1133 5607 in
1163 5553 1460 5608 veteribus
1491 5553 1679 5609 libris.

340 5618 350 5619 “
411 5621 527 5692 (79)
557 5618 912 5695 Ἀκόρεσυίος.
953 5624 1046 5680 Sic
1076 5623 1342 5696 plerique
1373 5625 1604 5682 codices
1631 5642 1776 5683 mss.
1829 5628 2002 5701 Editi,

339 5688 674 5752 ἀκόλαστος.

2112 4689 2234 4766 βίου
2289 4692 2490 4746 ἀσκεῖν.
2555 4691 2642 4761 Ἐξ
2698 4691 2771 4744 ὧν
2834 4690 3084 4745 ἀπάντων
3147 4689 3199 4746 ἐν
3255 4689 3401 4765 πάσῃ
3455 4691 3617 4769 σοφίᾳ
3645 4711 3778 4745 παι-

2109 4778 2436 4855 δευομένους
2488 4781 2754 4856 προσήκει
2812 4781 2951 4855 πρός
2999 4801 3060 4836 τε
3085 4781 3187 4850 τήν
3230 4779 3366 4851 ὅλην
3399 4778 3628 4851 ἡδονὴν,
3663 4780 3778 4836 ὥσ-

2105 4891 2204 4945 περ
2264 4872 2400 4948 πρὸς
2455 4871 2555 4939 τὴν
2609 4866 2994 4947 πολυκέφαλον
3050 4867 3238 4944 ὕδραν,
3303 4868 3626 4942 ἱσταμένους
3679 4891 3774 4925 σο-

2107 4965 2251 5037 φῶς,
2306 4959 2367 5015 οὖ
2400 4961 2650 5035 σχήματι
2706 4962 2806 5015 τοῦ
2838 4957 3114 5032 ἐκτέμνειν
3163 4960 3258 5022 τὰς
3291 4957 3383 5013 διὰ
3427 4962 3538 5014 τῶν
3572 4957 3773 5030 aio-015-

2106 5072 2240 5107 σεων
2273 5049 2640 5111 ἐκκυπτούσας
2673 5048 2754 5104 ἀεὶ
2807 5049 3072 5126 κεφαλὰς,
3103 5049 3240 5124 πρὸς
3291 5049 3391 5118 τήν
3433 5051 3540 5103 τῶν
3573 5046 3770 5102 πλειό-

2105 5163 2213 5196 νων
2249 5139 2489 5217 βλάστην
2535 5141 2614 5195 ἁεὶ
2673 5140 2836 5202 αὐτὰς
2883 5137 3161 5214 ἐρεθίζειν⁸
3215 5135 3362 5192 ἀλλᾶ
3406 5136 3475 5212 τῇ
3513 5137 3776 5213 καρτερίᾳ

2105 5230 2196 5286 καὶ
2246 5227 2603 5304 ἐπιτεταμένῃ
2655 5227 2936 5306 ἐγκρατείᾳ
2984 5223 3219 5302 στερρῶς
3279 5223 3563 5282 ἐπικαίειν
3595 5227 3664 5281 τά
3707 5247 3773 5281 τε

2191 5484 2306 5554 (80)
2339 5481 2728 5554 Φυσικώτατα,
2742 5479 2843 5554 _Sic
2875 5482 2994 5535 tres
3025 5475 3264 5554 codices
3289 5492 3434 5554 mss.
3489 5477 3774 5554 Nonnulli

2118 5549 2222 5613 alli
2248 5549 2383 5612 cum
2414 5555 2668 5611 editione
2709 5551 2950 5619 Veneta,
2994 5549 3362 5624 φυσικιυτάτη.
3395 5550 3776 5624 Parisiensis,

2116 5626 2518 5706 φυσικώτατος.
2552 5625 2776 5682 Ibidem
2808 5621 3056 5682 Colbert.
3091 5627 3150 5680 et
3178 5622 3346 5694 Maz.,
3381 5621 3513 5698 φησί
