4124 6366
354 373 472 434 8Ο9

1439 373 1707 434 SERMO
1752 375 1852 433 DE
1897 375 2681 439 CONTUBERNALIBUS.

3657 391 3776 452 810

358 523 587 595 σώματα
618 525 778 596 ἡμῶν
811 522 993 578 θυσίαν
1028 524 1212 598 ἁγίαν,
1244 522 1526 599 εὐάρεστον
1571 527 1651 596 τῷ
1681 527 1816 595 Θεῷ,
1847 525 2001 588 καθά-

2130 510 2299 582 plura
2320 528 2440 567 sem
2453 529 2553 584 per
2572 519 2986 584 renascantur;
3013 517 3112 572 sed
3133 519 3461 576 constantia
3483 523 3540 576 et
3557 521 3784 581 intenta

357 633 456 687 περ
517 615 732 688 μόσχον
789 613 919 689 ὑπὲρ
991 611 1311 686 ἱερωσύνης,
1373 614 1814 690 προσφέροντας,
1874 615 2010 668 ὅπου
2060 657 2061 660 η

363 703 459 774 μὶν
490 703 592 770 τήν
647 702 934 779 μοχθηρὰν
987 701 1300 775 ἐπιθυμίαν,
1337 701 1518 776 ὥσπερ
1561 697 1750 762 λρϐὁψ
1785 701 1921 756 ὅπου
1954 701 2012 757 δὲ

353 791 416 846 τὸ
447 792 698 864 περιττὸν
729 795 829 856 τῆς
859 798 1090 869 τροφῆς,
1125 793 1200 853 ὼς
1229 791 1387 866 στέαρ
1418 791 1516 859 τήν
1566 790 1784 846 κοιλίαν
1836 789 2010 845 καλύ-

352 898 506 934 πτον’
550 882 692 935 ὅπου
741 878 797 935 δὲ
844 879 982 949 ὅλην
1042 879 1182 954 ὁμοῦ
1229 881 1330 948 τὴν
1378 881 1515 955 πρὸς
1566 879 1803 955 γαμικᾶς
1837 879 2008 952 μίξεις

352 968 646 1042 ἐπιθυμίαν
681 1013 694 1036 ,
756 969 937 1044 ὥσπερ
1002 971 1230 1046 νεφροὺς
1293 971 1427 1042 μετὰ
1478 973 1574 1023 τοῦ
1630 973 2007 1044 χορηγοῦντος

351 1057 568 1122 τούτοις
606 1059 672 1112 τὰ
723 1059 1007 1132 σπέρματα
1048 1059 1292 1126 στέασος,
1338 1063 1417 1131 τῷ
1463 1057 1592 1130 οείῳ
1640 1059 1752 1130 (81)
1780 1059 1878 1126 τῆς
1922 1057 2008 1133 ἐγ-

351 1146 602 1219 κρατείας
657 1146 788 1217 πυρὶ
837 1145 1167 1201 ἀναλίσκειν·
1206 1143 1300 1201 ἵνα
1353 1146 1488 1200 κατᾶ
1537 1146 1630 1200 τὸν
1688 1147 2008 1219 προτεθέντα

351 1241 450 1304 τῆς
521 1234 807 1310 παρθενίας
893 1236 1094 1290 σκοπὸν
1131 1280 1145 1303 ,
1197 1237 1372 1305 πάσης
1449 1235 1543 1308 μὶν
1619 1233 1834 1312 φαύλης
1889 1233 2006 1290 ἐπι-

351 1321 570 1396 θυμίας,
649 1324 828 1395 πάσης
908 1321 964 1378 δὲ
1044 1322 1249 1394 ἡδονῆς
1315 1326 1621 1394 ἀσκητικιῖκ
1705 1323 2008 1398 κρείττονες

349 1411 691 1490 ἑποφθέντες,
751 1418 848 1468 τοῦ
900 1413 1260 1490 προκειμένου
1319 1412 1407 1467 ἐπὶ
1463 1419 1580 1474 τοῖς
1629 1411 1821 1476 ἄθλοις
1875 1413 2004 1487 βρα-

350 1495 502 1554 ϐείου
558 1501 649 1555 καὶ
697 1506 794 1555 τοῦ
852 1509 951 1572 τῆς
1007 1502 1300 1579 ἀφθαρσίας
1359 1503 1622 1577 στεφάνου
1671 1503 1810 1574 ἄξιοι
1857 1500 2004 1578 εὐρε-

349 1591 552 1662 θῶμεν,
605 1588 693 1645 διὰ
746 1592 924 1662 Ἰησοῦ
981 1596 1233 1665 Χριστοῦ,
1296 1589 1366 1646 δι’
1425 1592 1485 1646 οὗ
1535 1593 1569 1660 ἡ
1608 1589 1734 1663 δόξα
1790 1590 1880 1645 καὶ
1927 1595 2006 1662 τῷ

348 1679 517 1752 Πατρὶ
551 1679 644 1734 σὺν
696 1685 776 1753 τῷ
827 1680 964 1757 ἁγίῳ
1018 1680 1293 1754 Πνεύματι
1338 1680 1413 1743 εἷς
1458 1679 1586 1743 τοὺς
1635 1679 2002 1754 αἰῶνας

346 1767 543 1842 Ἀμήν.

413 1904 526 1974 (81)
557 1906 647 1976 Τῷ
678 1902 827 1976 θείῳ.
864 1904 997 1960 Sola
1026 1905 1212 1973 Paris,
1240 1905 1440 1969 editio,
1471 1907 1550 1974 τῷ
1582 1901 1702 1976 βίῳ.

2123 601 2486 657 continentia
2537 603 2758 658 fortiter
2805 605 3165 677 comburere,
3190 625 3256 662 ao
3300 626 3545 682 corpora
3577 618 3782 670 nostra

2121 690 2377 746 hostiam
2427 696 2717 759 sanctam,
2759 693 2876 748 Deo
2927 693 3473 764 [-lacentem,veluti
3523 701 3778 760 vitulum

2121 796 2225 852 pro
2259 781 2585 835 sacerdotio
2625 781 2952 848 offerentes,
2990 785 3162 843 modo
3212 802 3450 856 pravam
3483 790 3778 862 cupidita-

2119 872 2258 933 tem,
2285 869 2440 924 velul
2471 876 2787 926 extremam
2820 877 3070 943 partem,
3106 874 3276 928 modo
3308 878 3672 948 superﬂuum
3704 881 3779 936 ci-

2118 957 2285 1021 bum,
2318 963 2594 1028 tanquam
2647 960 2878 1024 adipem
2913 964 3013 1033 qui
3045 967 3308 1017 ventrem
3361 965 3572 1037 operit,
3603 971 3776 1025 modo

2117 1049 2302 1101 totam
2328 1047 2503 1101 simul
2527 1049 2814 1120 nuptialis
2837 1051 3189 1106 concubitus
3213 1055 3774 1126 concupiscentiam,

2115 1135 2296 1190 veluti
2327 1154 2496 1192 renes
2527 1154 2657 1193 eum
2690 1140 3104 1210 suppeditante
3136 1140 3253 1196 illis
3284 1144 3616 1213 genituram
3652 1147 3776 1202 adi-

2117 1241 2208 1296 pe,
2239 1225 2436 1281 divino
2480 1227 2851 1283 continentia:
2892 1229 3026 1301 igne
3057 1246 3432 1300 consumere;
3469 1238 3533 1289 ut
3563 1251 3775 1290 secun-

2116 1314 2257 1370 dum
2291 1315 2658 1387 prepositum
2710 1318 3063 1389 virginitatis
3097 1336 3359 1390 scopum,
3393 1323 3552 1378 omni
3599 1341 3776 1396 prava

2115 1405 2436 1476 cupiditate
2469 1422 2534 1460 ac
2566 1405 2723 1460 omni
2752 1405 3050 1479 voluptate
3090 1412 3423 1482 superiores
3464 1428 3567 1483 per
3595 1413 3771 1469 vitam

2116 1494 2428 1550 asceticam
2475 1495 2708 1566 reperti,
2743 1497 3034 1566 promisso
3080 1501 3501 1558 certaminibus
3531 1503 3770 1572 praemio

2115 1589 2170 1639 et
2202 1583 2557 1655 integritatis
2590 1599 2804 1638 corona
2833 1585 2994 1657 digni
3036 1586 3406 1644 inveniamur
3436 1607 3539 1663 per
3565 1591 3769 1648 Jesum

2116 1672 2437 1736 Christum,
2474 1673 2566 1728 cui
2614 1672 2800 1744 gloria
2843 1679 2900 1729 et
2949 1673 3104 1731 Patri
3137 1693 3271 1732 cum
3315 1684 3518 1736 sancto
3548 1681 3768 1752 Spiritu

2115 1762 2175 1818 in
2209 1762 2442 1818 sarcula.
2475 1766 2679 1818 Amen.

415 1971 671 2044 (827TOIK
695 1971 921 2038 αἷῶνας.
956 1977 1092 2032 Sola
1125 1971 1302 2033 Paris.
1337 1971 1727 2045 editio'addit,
1755 1977 1862 2027 τῶν
1895 1971 2128 2026 αἰώνων.

920 2226 1044 2312 Μ(
1067 2212 1476 2311 )NITUM
1547 2225 1654 2308 IN
1735 2222 1861 2308 SE
1880 2222 2001 2304 RN.

2114 2215 2366 2302 »ΝΕΜ
2439 2215 3168 2327 SEQUENTEM.

868 2377 1206 2450 (GALLAND.,
1242 2378 1492 2434 Veterum
1530 2379 1768 2432 Patrum
1810 2369 2096 2436 Biblioth.,
2130 2371 2172 2422 t.
2207 2367 2333 2439 VII,
2371 2367 2618 2441 Proleg.,
2651 2385 2706 2440 p.
2740 2386 2863 2440 νιιι,
2897 2373 2955 2426 et
2986 2387 3042 2443 p.
3073 2371 3228 2442 330.)

408 2653 630 2710 8821.
655 2653 876 2710 Prodiit
896 2654 1220 2721 Florentiae,
1242 2671 1396 2710 anno
1424 2654 1580 2717 1703,
1601 2668 1668 2707 ex
1696 2648 1894 2706 codice
1916 2646 1997 2704 bi:
2026 2646 2073 2711 B
2104 2647 2224 2700 tare
2255 2661 2370 2700 non
2419 2646 2832 2702 erubescerent
2864 2666 2877 2704 :
2911 2664 3040 2720 qum
3079 2647 3318 2720 quidem
3368 2647 3428 2703 in
3479 2647 3585 2703 hoc
3641 2664 3767 2706 ssr-

336 2741 394 2796 bl
405 2742 640 2798 iothecae
651 2743 933 2799 Medicam
948 2760 1142 2799 sermo
1159 2745 1230 2799 De
1243 2740 1994 2815 synisactis,BasilioMagno

337 2830 800 2896 attributus.Qui
833 2836 1030 2888 autem
1063 2831 1222 2887 hunc
1253 2832 1481 2903 primus
1501 2835 1694 2885 Grmco
1713 2826 1993 2899 vulgavit,

334 2920 423 2974 vir
438 2921 808 2980 doctissimus
824 2921 1084 2992 Angelus
1096 2922 1277 2976 Maria
1291 2921 1470 2976 Bandi
1483 2917 1995 2989 nius,sententiam

337 3025 507 3064 suam
530 3010 602 3065 de
625 3009 972 3081 hujusmodi
995 3010 1281 3081 opusculo
1306 3025 1602 3081 exponens
1646 3010 1760 3063 ista
1788 3005 1993 3077 praelo-

337 3098 539 3167 quitur
560 3098 637 3170 (a)
667 3115 680 3154 :
708 3097 1168 3154 «Incredibilem
1193 3098 1578 3153 adhibuimus
1603 3095 1990 3166 diligentiam,

335 3182 626 3246 ἀνέκδοτος
673 3191 831 3242 esset
858 3189 1076 3254 (sermo
1121 3187 1196 3241 De
1245 3185 1581 3257 :ynisactis),
1604 3199 1806 3252 necne,
1838 3179 1992 3236 utin

337 3273 649 3346 propatulo
672 3273 1116 3331 collocaremus.
1139 3273 1396 3330 Primum
1421 3273 1581 3329 enim
1603 3272 1801 3327 omnia
1815 3275 1873 3327 Β.
1896 3275 1996 3325 Ba-

337 3363 455 3420 silii
477 3381 652 3436 opera
671 3363 1097 3432 volutavimus;
1121 3364 1180 3418 in
1199 3363 1416 3435 quibus
1435 3378 1567 3417 cum
1592 3360 1794 3416 nullus
1816 3363 1992 3428 esset;

335 3453 368 3508 d
383 3470 486 3508 uas
511 3453 642 3509 illas
660 3455 718 3508 S.
737 3452 982 3508 Joannis
999 3451 1398 3525 Chrysostomi
1420 3451 1734 3521 orationes,
1749 3448 1994 3504 alteram

336 3539 428 3602 Εἰς
475 3539 604 3604 τούς
661 3535 890 3615 ἔχοντας
947 3540 1250 3614 παρθένους
1298 3537 1693 3607 συνεισάκτους,
1747 3537 1991 3594 alteram

334 3629 428 3692 Εἷς
457 3631 553 3690 τὰς
593 3628 826 3704 ἐχούσας
877 3626 1070 3702 ἄνδρας
1119 3629 1520 3693 ωνεισάκτους,
1553 3627 1992 3698 consuluimus,

2107 2750 2280 2788 mone
2322 2735 2462 2790 totis
2503 2736 2849 2808 eloquentiae
2879 2737 3105 2792 viribus
3138 2737 3418 2809 omnique
3449 2752 3768 2808 argumen-

2103 2826 2300 2878 torum
2360 2841 2570 2894 genere
2643 2825 3011 2898 profligetur.
3072 2828 3234 2893 Quod
3291 2831 3488 2883 autem
3558 2827 3761 2884 Basilii

2105 2929 2302 2968 revera
2357 2930 2504 2984 opus
2559 2915 2657 2978 sit,
2710 2915 3006 2970 affirmare
3054 2921 3209 2971 certo
3259 2933 3374 2971 non
3425 2915 3761 2973 audemus:

2103 3005 2302 3057 tamen
2334 3019 2468 3058 cum
2501 3003 2610 3074 ipsi
2663 3003 2958 3059 tribuatur
2989 3005 3046 3059 in
3074 3004 3294 3075 codice,
3328 3005 3458 3076 ejus
3505 3006 3762 3062 auctori-

2102 3095 2281 3145 tatem
2311 3093 2522 3157 secuti,
2544 3093 2655 3148 sub
2686 3093 2814 3163 ejus
2847 3093 3086 3149 nomine
3118 3095 3494 3165 proferimus,
3520 3111 3765 3166 presser-

2103 3179 2209 3233 tim
2245 3196 2378 3235 cum
2412 3182 2482 3235 ab
2514 3182 2644 3252 ejus
2667 3197 2909 3254 operum
2934 3181 3082 3256 stylo
3114 3182 3360 3239 minime
3391 3183 3762 3240 abhorreat.»

2102 3267 2398 3324 Hactenus
2426 3269 2495 3324 V.
2529 3272 2590 3326 C.

2174 3357 2243 3412 Il.
2295 3362 2361 3412 Et
2409 3359 2700 3430 ejusmodi
2754 3359 2993 3433 quidem
3046 3362 3384 3432 conjectura
3431 3362 3502 3417 de
3552 3361 3760 3434 Magno

2102 3446 2316 3502 Basilio
2349 3449 2640 3504 sermonis
2684 3451 2758 3505 De
2783 3453 3079 3521 synisaclz's
3122 3456 3381 3520 auctore,
3414 3468 3531 3507 non
3563 3452 3756 3507 solum

2103 3553 2214 3591 ms.
2249 3537 2467 3592 codicis
2514 3538 2626 3594 fide
2675 3555 2740 3594 ac
2793 3539 2930 3612 styli
2981 3539 3396 3607 similitudine,
3427 3540 3527 3596 sed
3578 3539 3759 3596 etiam

2098 3626 2366 3697 ejusdem
2416 3626 2603 3682 sancti
2637 3627 2900 3683 Doctoris
2944 3627 3278 3683 testimonio
3318 3627 3754 3699 quodammodo

334 3720 477 3776 utsi
511 3721 656 3774 forte
699 3719 1042 3774 alterutrius
1081 3724 1239 3774 esset
1270 3719 1690 3791 fragmentum,
1721 3722 1780 3773 et.
1807 3733 1989 3788 error,
2098 3715 2273 3770 inniti
2319 3716 2570 3771 videtur.
2613 3716 2854 3772 Constat
2907 3717 3066 3772 enim
3120 3716 3424 3784 Basilium,
3475 3717 3586 3771 sub
3637 3715 3754 3770 ini-

333 3813 400 3863 ut
429 3824 582 3878 sape
613 3807 826 3872 evenit,
859 3806 917 3860 in
949 3805 1190 3861 titulum
1224 3806 1575 3877 irrepsisset,
1607 3822 1948 3862 erueremus
1975 3821 1988 3859 :

336 3897 436 3952 sed
471 3893 618 3951 nihil
639 3892 832 3950 simile
855 3895 911 3949 in
937 3893 1053 3949 illis
1075 3911 1108 3950 ιι
1133 3894 1302 3950 nobis
1325 3899 1622 3966 repertum
1647 3900 1756 3950 est.
1780 3895 1990 3950 Occur-

2099 3805 2246 3860 tium
2295 3806 2670 3877 episcopatus
2703 3807 2773 3862 de
2813 3807 3200 3863 instauranda
3247 3805 3561 3878 disciplina
3590 3803 3754 3860 solli-

2098 3894 2308 3961 citum,
2354 3895 2506 3950 inter
2563 3895 2819 3967 reliquas
2876 3896 3183 3968 regiminis
3240 3895 3554 3968 pastoralis
3611 3911 3750 3950 san-

336 3986 502 4040 rebat
547 3985 606 4040 S.
637 3983 953 4055 Gregorius
999 3982 1400 4038 Nazianzenus
1457 3981 1886 4055 synisactarum
1937 3989 2065 4074 etc
2103 3983 2326 4038 etiones
2389 3984 2693 4040 decretum
2775 3986 2834 4041 in
2914 3986 3124 4057 primis
3193 3985 3403 4042 tulisse
3482 3985 3763 4040 adversus

335 4078 716 4146 agapetarum
761 4073 1079 4129 insectator
1108 4071 1465 4142 acerrimus;
1500 4073 1603 4128 sed
1635 4071 1737 4142 qui
1780 4071 1888 4126 hac
1920 4070 1992 4125 de

333 4180 397 4218 re
427 4163 667 4218 metrica
707 4165 939 4217 tantum
989 4161 1327 4232 scripserat,
1361 4176 1595 4216 omnem
1651 4176 1814 4231 spem
1847 4177 1992 4230 pras-

333 4251 584 4307 cidebat.
626 4251 890 4306 Tandem
951 4255 1156 4320 praeter
1211 4249 1510 4304 Svicerum
1554 4250 1653 4322 (b),
1693 4248 1996 4305 Muratorii

333 4341 690 4413 perlegimus
720 4339 1204 4395 dissertationem
1235 4338 1400 4394 illam
1432 4340 1506 4394 De
1533 4339 1833 4411 synisactis
1861 4354 1998 4393 cru-

331 4429 845 4501 ditissimam,quae
869 4428 1152 4484 Anecdou':
1171 4429 1300 4499 ejus
1313 4427 1527 4484 Graecis
1549 4427 1772 4484 inserta
1793 4432 1882 4485 est
1903 4428 1999 4510 (ε),

336 4520 384 4575 si
417 4535 534 4590 qua
579 4519 727 4573 forte
776 4517 930 4589 apud
978 4518 1175 4588 ipsum
1225 4516 1407 4588 hujus
1457 4517 1659 4573 Basilii
1708 4517 2003 4574 sermonis

338 4608 559 4664 mentio
591 4607 752 4664 ﬁeret
779 4608 919 4663 :sed
953 4607 1049 4662 hic
1081 4623 1316 4678 quoque
1349 4608 1565 4662 mirum
1588 4608 1660 4663 de
1693 4607 1790 4662 illo
1822 4606 1999 4663 silen-

336 4698 507 4754 tium.
535 4696 700 4752 Unde
731 4696 790 4751 in
840 4711 969 4752 eam
1020 4695 1377 4752 sententiam
1432 4696 1601 4752 facile
1631 4697 2004 4779 devenimus,

337 4790 403 4842 ut
426 4799 762 4841 sermonem
796 4783 952 4839 hunc
979 4788 1266 4856 tanquam
1295 4784 1585 4840 ineditum
1616 4784 1853 4856 publica
1875 4783 2004 4841 luce

341 4875 704 4931 donaremus
724 4889 936 4946 :eoque
957 4873 1239 4929 libentius
1260 4874 1415 4945 quod
1438 4891 1506 4930 ea
1528 4891 1620 4930 res
1644 4875 1701 4929 in
1726 4875 1853 4946 ipso
1871 4891 2004 4946 aga-

343 4971 436 5020 tur
461 4963 521 5020 in
545 4979 720 5035 quam
745 4967 831 5019 tot
847 4963 1038 5018 sancti
1059 4963 1252 5018 Patres
1273 4962 1568 5019 calamum
1591 4963 2000 5036 arripuerunt;

345 5052 607 5124 pessima
644 5051 928 5107 nimirum
960 5050 1060 5107 illa
1090 5053 1475 5116 consuetudo,
1502 5053 1710 5124 primis
1737 5053 2004 5110 Ecclesiae

343 5140 575 5196 saeculis
629 5142 782 5196 inter
835 5141 1200 5198 Christianos
1259 5142 1510 5209 invecta,
1572 5159 1688 5214 qua
1745 5143 2006 5215 virgines

341 5245 479 5287 cum
512 5230 676 5298 viris,
709 5247 775 5288 ac
809 5231 1074 5287 vicissim
1103 5229 1212 5286 viri
1245 5247 1381 5286 cum
1412 5231 1742 5303 virginibus
1767 5234 2004 5290 cohabi-

413 5356 490 5428 (a)
524 5354 793 5428 Bandin,
820 5355 1044 5411 Praafat.
1071 5355 1143 5412 ad
1175 5356 1412 5412 Monum.
1437 5356 1566 5412 θεοὶ.
1594 5354 1710 5412 Gr..
1742 5359 1882 5413 tom.
1911 5357 2005 5426 III,

344 5425 481 5500 pag.
508 5443 629 5494 xxx,
663 5425 693 5499 §
725 5427 815 5483 IV.

415 5502 491 5570 (ὁ)
521 5497 766 5567 Svicer.,
797 5495 947 5570 Thes.
979 5496 1144 5570 διῄει,
1175 5515 1231 5566 v,
1267 5495 1642 5560 Συνείσακτος.

416 5567 483 5644 (cl
515 5571 736 5644 Muret,
771 5569 971 5644 Anecd.
1007 5567 1290 5644 Gr_.,'pag.
1323 5571 1448 5626 218.

437 5643 496 5713 ἁ)
528 5643 754 5712 Cujac.,
791 5641 1038 5706 0bserv.,
1075 5641 1262 5699 “.29.

437 5647 496 5713 ἀ)
528 5647 754 5712 Cujac.,
791 5647 1038 5706 Observ.,
1075 5647 1142 5699 ll.
1173 5647 1262 5696 29.

414 5647 484 5788 ίθ)
519 5715 812 5786 Gothofr.,
846 5713 927 5769 lib
961 5729 1078 5778 xvr,
1103 5715 1233 5770 Cod.
1270 5714 1488 5785 Theod.,
1519 5715 1611 5772 tit.
1649 5732 1711 5785 ιι,
1743 5719 1890 5770 tom.
1925 5716 2016 5786 VI,

640 5847 906 5904 ΡΑτιιοῑ..
962 5844 1076 5902 Gn.
1120 5842 1304 5902 XXX.

2104 4071 2382 4126 mulieres
2413 4082 2724 4141 extraneas,
2761 4073 3016 4146 virgines
3050 4075 3181 4130 illas
3212 4074 3480 4130 videlicet
3511 4089 3763 4144 quarum

2103 4160 2486 4216 contubernio
2545 4163 2862 4217 utebantur
2912 4163 3238 4235 presbyteri
3288 4162 3505 4234 aliique
3553 4161 3766 4217 minis-

2109 4248 2254 4304 terio
2323 4249 2592 4304 Ecclesiae
2661 4251 3004 4324 mancipati,
3067 4252 3330 4323 adeoque
3391 4249 3766 4306 continentia:

2110 4337 2231 4408 lege
2261 4338 2525 4393 obstricti
2562 4355 2573 4394 :
2610 4339 2851 4410 perinde
2905 4357 2972 4396 ac
2997 4340 3047 4396 si
3078 4339 3428 4411 virginitatis
3480 4338 3766 4410 professio

2108 4427 2303 4482 locum
2372 4427 2697 4499 suspicioni
2766 4429 3168 4501 praeluderet.
3229 4429 3502 4485 Mulieres
3571 4432 3768 4483 autem

2111 4515 2489 4577 συνεισάκτους
2522 4517 2983 4590 interpretamur
3009 4523 3324 4588 extraneas,
3355 4517 3495 4590 quia
3523 4516 3608 4572 sic
3641 4517 3770 4571 red-

2112 4606 2389 4662 diderunt
2435 4607 2588 4663 hanc
2631 4624 2830 4663 vocem
2881 4608 3292 4680 Hieronymus,
3330 4608 3597 4675 Rufinus,
3634 4603 3770 4661 Ful-

2112 4695 2348 4768 gentius
2401 4697 2731 4752 Ferrandus
2764 4697 2984 4769 aliique
3026 4703 3271 4764 veteres,
3305 4700 3368 4752 ut
3421 4699 3554 4768 post
3599 4693 3770 4764 Cuja-

2113 4786 2272 4842 cium
2322 4786 2406 4858 (ιι)
2461 4803 2742 4842 monuere
2810 4787 2918 4841 viri
2987 4787 3177 4856 docti,
3239 4784 3633 4842 Gothofredus
3675 4782 3773 4852 (ε),

2114 4875 2318 4948 Lupus
2354 4877 2721 4947 (f),Svicerus
2753 4877 2828 4948 (g)
2859 4893 2925 4932 ac
2957 4892 3160 4932 recens
3192 4874 3548 4931 Prudentius
3579 4872 3772 4927 Mara-

2115 4982 2230 5021 nus
2262 4965 2365 5038 (Ii),
2397 4965 2495 5037 qui
2531 4965 2612 5021 ait
2657 4967 2851 5022 vocari
2903 4974 3192 5022 extraneas
3246 4964 3518 5022 mulieres
3566 4979 3775 5015 συνεισ-

2117 5054 2334 5124 ἀκτους,
2370 5061 2434 5110 ut
2467 5055 2540 5111 iis
2569 5060 2942 5128 opponantur
2973 5072 3120 5128 quae
3169 5055 3329 5111 dedit
3378 5057 3610 5122 natura,
3645 5067 3773 5105 ma-

2117 5145 2331 5209 tribus,
2361 5145 2685 5213 sororibus,
2710 5145 2909 5200 amitis
2937 5162 2951 5202 :
2981 5146 3082 5200 has
3112 5144 3266 5201 enim
3301 5143 3567 5199 concedit
3588 5155 3776 5196 canon

2115 5235 2327 5290 tertius
2357 5233 2589 5290 concilii
2633 5234 2870 5305 Niceani,
2893 5234 3034 5306 quia
3081 5239 3222 5290 sunt
3273 5231 3596 5286 ἀνύποπτοι·
3631 5228 3778 5286 alias

2119 5363 2270 5433 part.
2303 5377 2342 5426 ι,
2380 5376 2510 5432 pag.
2538 5360 2629 5433 96.

2193 5424 2686 5521 (f‘l‘t'upﬂﬁ‘cholq
2726 5431 2798 5487 ad
2850 5446 2981 5486 can.
3013 5431 3047 5484 3
3096 5447 3258 5487 conc.
3291 5431 3441 5501 Nic.,
3475 5427 3624 5500 Opp.
3656 5428 3700 5480 t.
3737 5424 3780 5494 Ι,

2123 5506 2546 5646 μῶῗἹένίοθτη
2585 5574 2738 5630 Thes.
2772 5575 2927 5644 εδει,
2961 5577 3102 5629 tom.
3141 5576 3210 5644 ll,
3246 5591 3379 5647 pag.
3414 5572 3574 5647 1155.

2199 5638 2558 5776 iMaran.,
2609 5647 2680 5703 ad
2730 5647 2876 5719 Opp.
2912 5638 3129 5716 'Basil.,
3178 5638 3455 5716 toinflll,
3495 5659 3624 5715 pag.
3659 5638 3782 5705 149,

2131 5738 2205 5777 no
2240 5762 2252 5776 .
2285 5741 2296 5773 ι
2328 5762 2338 5773 .

3428 5846 3502 5900 26
