4124 6356
317 352 431 412 811

1269 349 1668 410 APPENDIX
1712 349 2038 412 ()PERUM
2084 352 2148 411 S.
2197 349 2482 412 BASlLll
2525 349 2803 413 MAGNI.

3631 348 3754 408 8l2

313 498 450 546 vero
481 478 856 546 συνεισάκτους
876 498 993 539 non
1015 481 1176 551 item,
1200 495 1350 552 quas
1370 483 1683 553 propterea
1705 479 1974 552 prohibet
2001 481 2056 549 Α
2088 484 2334 553 uterque
2383 479 2732 537 scholiastes
2761 478 3132 552 Gregorium,
3178 494 3296 535 non
3347 477 3749 550 Paregorium,

319 592 636 722 Duilliinged
667 667 732 719 ut
750 662 902 718 viam
927 659 1501 733 regrediamur,cum
1527 657 1727 714 Basilii
1749 659 1980 716 decreto

323 757 604 813 adversus
669 755 961 808 extraneas
1028 747 1308 803 mulieres
1375 748 1681 820 presbyter
1737 748 1980 820 quidam

319 840 830 918 septuagenarius,
883 837 1232 910 Paregorius
1284 837 1542 903 nomine,
1585 836 1831 893 minime
1879 853 1981 908 pa-

318 934 556 1001 ruisset,
581 930 812 986 litteras
834 928 980 984 satis
1001 943 1207 999 graves
1231 926 1302 981 ad
1338 925 1532 998 ipsum
1555 927 1718 982 dedit
1736 931 1980 982 sanctus

316 1029 506 1089 Pater,
528 1021 585 1075 in
620 1019 840 1092 quibus
889 1017 1002 1073 ista
1053 1033 1168 1088 prae
1200 1015 1425 1071 caeteris
1458 1015 1636 1072 habet
1656 1017 1743 1085 (a)
1765 1033 1777 1072 :
1802 1039 1829 1066 ‹‹
1864 1019 1981 1072 Νοο

316 1111 489 1184 primi
538 1125 644 1165 nec
691 1107 824 1175 soli,
877 1105 1171 1178 Paregori,
1204 1104 1586 1174 sancivimus,
1628 1110 1694 1160 ut
1742 1121 1814 1160 ne
1864 1121 1982 1160 una

317 1217 450 1257 cum
479 1199 625 1254 viris
669 1196 1006 1253 habitarent
1047 1193 1348 1249 mulieres.
1379 1193 1488 1248 Sed
1536 1191 1663 1266 lege
1695 1208 1976 1249 canonem

318 1307 353 1346 a
373 1287 596 1346 sanctis
615 1284 834 1343 nostris
855 1283 1125 1341 Patribus
1145 1282 1370 1338 editum
1394 1282 1453 1337 in
1479 1282 1700 1354 synodo
1721 1282 1977 1350 Nicena,

319 1378 420 1452 qui
443 1376 754 1433 manifeste
785 1371 1036 1430 sancivit
1055 1377 1357 1428 extraneas
1379 1370 1656 1426 mulieres
1688 1388 1803 1426 non
1826 1387 1976 1443 esse,

319 1464 378 1526 ὅς
437 1466 680 1540 φανερῶς
729 1458 1077 1534 ἀπηγόρευσε
1135 1456 1510 1518 συνεισάκτους
1573 1459 1647 1530 μή
1709 1459 1862 1512 εἶναι.
1909 1490 1979 1500 -—-

321 1557 512 1620 Quare
559 1550 966 1625 praecepimus,
999 1553 1337 1605 sanctorum
1389 1549 1628 1604 Patrum
1677 1549 1976 1605 decretum

321 1644 738 1714 sequentes,ut
763 1658 796 1696 a
827 1637 1175 1694 muliercula
1221 1637 1533 1709 separaris.
1567 1636 1772 1690 Τούτου
1801 1632 1974 1691 ἕνεκεν

318 1729 744 1805 προσετάξαμεν,
788 1723 1045 1800 ἑπόμενοι
1092 1729 1162 1799 τῇ
1213 1722 1443 1800 διαταγῇ
1495 1728 1604 1780 τῶν
1650 1727 1815 1802 ἁγιων
1867 1731 1977 1780 Πα-

317 1820 512 1894 τὲρων,
570 1823 914 1894 χωρισθῆναι
961 1835 1018 1869 σε
1071 1818 1167 1869 τοῦ
1223 1814 1464 1889 γυναίου.
1496 1845 1568 1858 -
1605 1817 1762 1888 Ejice
1801 1816 1980 1889 igitur

318 1875 484 1966 illlam
515 1926 546 1965 e
573 1875 694 1964 tuis
725 1907 974 1976 aedibus,
1002 1910 1061 1962 et
1092 1906 1150 1960 iu
1183 1907 1542 1961 monasterio
1573 1905 1889 1962 constitue.
1913 1935 1981 1947 —
2011 1875 2059 1941 B

318 2001 376 2054 Si
409 2015 590 2056 ausus
633 1997 816 2054 fueris
867 1997 1014 2052 citra
1059 1995 1533 2051 emendationem
1583 1995 1979 2052 sacerdotium

320 2089 424 2145 tibi
458 2088 773 2157 vindicare,
797 2084 1115 2142 anathema
1151 2084 1267 2141 eris
1311 2083 1474 2140 omni
1513 2083 1762 2158 populo;
1795 2090 1852 2141 et
1880 2084 1982 2158 qui

324 2183 380 2234 te
406 2175 751 2249 receperint,
773 2174 1260 2232 excommunicati
1282 2191 1386 2247 per
1405 2190 1640 2230 omnem
1664 2173 1981 2231 Ecclesiam

323 2270 516 2322 erunt.
558 2287 588 2316 ››
635 2265 933 2321 Hactenus
981 2267 1223 2320 sanctus
1267 2263 1502 2318 Doctor.
1544 2264 1732 2334 Hujus
1783 2267 1980 2319 autem

322 2353 585 2428 epistola:
616 2351 926 2410 Basiliante
954 2353 1276 2409 meminere
1305 2353 1376 2408 ad
1409 2369 1692 2409 canonem
1741 2352 1980 2409 tertium

321 2444 553 2501 concilii
583 2443 797 2499 Nicasni
819 2443 1074 2499 Zonaras
1104 2447 1162 2498 et
1193 2441 1528 2509 Balsamon,
1557 2447 1620 2498 ut
1644 2457 1713 2498 ex
1745 2445 1982 2498 Bevere-

318 2535 396 2606 gii
426 2534 714 2590 Pandectis
755 2547 1033 2590 canonum
1080 2531 1472 2603 intelligimus
1493 2531 1608 2604 (b):
1645 2531 1742 2587 ubi
1785 2537 1979 2587 tamen

2089 586 2293 626 senem
2323 568 2492 626 illum
2525 571 2934 642 presbyterum
2957 568 3292 642 appellant:
3317 571 3378 624 at
3407 583 3474 624 ex
3504 566 3754 624 vetustis

2089 659 2392 714 codicibus
2422 675 2567 716 mss.
2591 658 2965 730 vulgatisque
3008 657 3369 714 novissimus
3420 655 3752 714 Basiliano-

2090 765 2223 804 rum
2256 748 2445 804 editor
2475 748 2860 820 posteriorem
2892 746 3206 803 lectionem
3238 747 3506 803 retinuit.

2163 837 2253 893 IV.
2279 837 2414 902 Quae
2446 855 2579 893 cum
2613 838 2696 894 ita
2725 855 2789 894 se
2818 837 3107 906 habeant;
3142 853 3298 904 cum,
3332 836 3594 906 inquam,
3627 852 3753 892 ma-

2089 943 2244 999 gnus
2293 926 2548 982 Basilius
2597 927 2690 982 sui
2739 926 3116 999 episcopatus
3165 925 3335 982 initio
3385 925 3755 982 sanctionem

2089 1016 2376 1072 adversus
2421 1015 2702 1072 mulieres
2738 1014 3116 1076 συνεισοὶκτους
3149 1014 3419 1083 ediderit,
3455 1031 3521 1070 ac
3551 1031 3758 1071 senem

2089 1106 2494 1177 presbyterum
2545 1120 2672 1162 eam
2715 1105 2790 1161 ob
2835 1122 3076 1162 causam
3129 1103 3342 1161 acriter
3391 1103 3756 1176 objurgarit;

2089 1194 2519 1267 depositionem
2553 1200 2830 1267 preterea
2855 1195 3122 1251 minatus
3147 1198 3323 1266 atque
3353 1195 3542 1266 ipsam
3576 1193 3757 1250 etiam

2089 1283 2760 1340 excommunicationem
2791 1289 2918 1340 tum
2949 1283 3065 1356 ipsi
3096 1287 3225 1339 tum
3259 1298 3396 1339 eum
3427 1282 3757 1354 recipienti-

2089 1373 2223 1440 bus,
2254 1373 2304 1428 si
2335 1372 2663 1428 sacerdotio
2695 1371 2862 1446 fungi
2905 1372 3054 1428 citra
3101 1371 3575 1429 emendationem
3605 1371 3747 1428 fuis-

2089 1467 2180 1518 set
2206 1478 2390 1518 ausus
2424 1480 2437 1518 ε
2473 1461 2682 1533 quidni
2725 1479 2829 1533 pro
2859 1461 3140 1517 concione
3171 1461 3281 1517 hoc
3311 1461 3442 1534 ipso
3474 1461 3545 1516 de
3577 1477 3748 1534 argu-

2089 1556 2287 1608 mento
2317 1551 2494 1606 verba
2543 1551 2744 1606 iecerit
2791 1556 3034 1607 sanctus
3081 1551 3270 1620 Pater,
3304 1567 3542 1621 pravam
3593 1549 3756 1607 illam

2089 1645 2266 1712 atque
2315 1639 2652 1696 indecoram
2703 1639 3196 1696 consuetudinem
3240 1639 3621 1696 vehementer
3666 1641 3758 1696 in-

2088 1733 2381 1798 sectatus;
2416 1733 2474 1784 et
2523 1727 2765 1800 quidem
2815 1745 2883 1785 ea
2930 1727 3184 1784 maxime
3233 1731 3604 1800 tempestate,
3638 1744 3760 1801 qua

2089 1818 2428 1874 istiusmodi
2476 1817 2604 1874 lues
2637 1821 2821 1874 totum
2871 1833 3019 1890 pene
3049 1817 3346 1874 Orientem
3394 1821 3756 1890 pervaserat,

2091 1912 2159 1964 ut
2206 1923 2275 1964 ex
2311 1906 2494 1962 variis
2542 1906 2896 1978 scriptorum
2950 1905 3486 1963 ecclesiasticarum
3540 1922 3752 1963 monu-

2091 1997 2309 2053 mentis
2355 1996 2796 2068 comperimus?
2825 1999 3069 2065 Verum,
3109 2000 3174 2051 ut
3221 1995 3302 2051 ita
3349 1995 3445 2062 sit,
3468 1995 3613 2051 viris
3662 2001 3752 2051 ta-

2091 2104 2225 2143 men
2258 2085 2444 2142 doctis
2473 2101 2542 2142 ac
2572 2086 2822 2142 eruditis
2869 2101 2994 2142 rem
3023 2084 3414 2142 deﬁniendam
3460 2084 3754 2156 permitti-

2092 2193 2246 2231 mus.
2282 2175 2444 2240 Quod
2477 2179 2771 2247 superest,
2802 2175 2863 2230 in
2895 2174 3239 2246 hujusmodi
3279 2190 3550 2231 sermone
3593 2173 3751 2231 Basi-

2090 2264 2249 2321 liano
2277 2264 2557 2320 vertendo
2587 2281 2826 2336 operam
2860 2281 3029 2320 suam
3076 2263 3276 2336 posuit
3314 2263 3570 2320 Joannes
3601 2264 3753 2336 Bap-

2092 2353 2234 2410 tista
2263 2351 2626 2410 Gallieiolius
2673 2351 2740 2408 V.
2774 2352 2862 2425 C.,
2898 2352 2999 2425 qui
3049 2369 3257 2409 novam
3299 2352 3754 2409 accuratiorem-

2093 2458 2206 2515 que
2274 2442 2470 2514 Magni
2543 2441 2803 2515 Gregorii
2871 2458 3116 2514 operum
3191 2441 3504 2499 editionem
3581 2439 3754 2498 nobis

2093 2547 2435 2604 comparare
2466 2531 2526 2588 in
2556 2531 2682 2589 dies
2717 2531 2929 2605 pergit.

385 2658 463 2730 (a)
494 2655 697 2726 Basil.,
726 2656 899 2728 epist.
929 2657 1019 2722 55,
1055 2655 1130 2712 al.
1167 2657 1290 2722 198,
1322 2659 1470 2728 Opp.
1502 2659 1647 2710 tom.
1683 2654 1778 2724 III,
1802 2669 1945 2780 (pag.
1985 2655 2104 2710 149.

385 2731 464 2780 (bl
493 2729 788 2780 Beverem.
818 2728 1085 2780 Pandect.
1117 2744 1342 2780 canon“
1373 2733 1520 2780 tom.
1555 2728 1600 2780 Ι.
1635 2741 1770 2780 nam
1841 2728 1893 2780 2.

385 2728 464 2802 (ὁ)
493 2729 788 2800 Bevereg.,
818 2728 1085 2784 Pandect.
1117 2744 1342 2794 canam,
1373 2733 1520 2783 tom.
1555 2728 1600 2796 Ι,
1635 2741 1770 2797 pag.

1487 3000 1615 3053 ΤΟΥ
1653 2999 1746 3052 ΕΝ
1787 2998 2022 3050 ΛῙῚΟΙΣ
2053 2998 2330 3051 ΙΙΛΤΡΟΣ
2372 2999 2564 3048 ΗΜΩΝ

861 3147 1814 3279 ΒΑΣΙΛΕΙΟΥ
1912 3146 2260 3276 ΤΟΥ
2361 3141 3197 3273 ΜΕΓΑΛΟΥ

992 3381 1395 3480 ΛΟΓΟΣ
1455 3380 1759 3478 ΠΕΡΙ
1820 3377 2080 3475 ΤΩΝ
2137 3373 3067 3475 ΣΥΝΕΙΣΑΚΤΩΝ.

1807 3679 1902 3776 S.
1973 3681 2074 3775 P.
2145 3680 2255 3774 N.

1251 3885 2029 4040 BASILII
2133 3883 2738 4036 MAGN
2754 3883 2825 4034 Ι

1059 4133 1479 4229 SEBMO
1551 4131 1714 4224 DE
1781 4127 3004 4225 CONTUBERNALIBUS.

389 4473 544 4529 683
571 4473 618 4528 1.
642 4467 1074 4542 Aggrediamur
1104 4467 1160 4520 et
1182 4479 1309 4534 nos,
1335 4458 1612 4534 precibus
1633 4461 1973 4516 sanctorum
2007 4459 2050 4526 C

319 4561 537 4622 Christi
574 4575 872 4617 servorum
906 4572 1010 4629 per
1043 4553 1325 4627 Spiritum
1369 4553 1638 4606 sanctum
1672 4548 1744 4605 ab
1776 4547 1980 4619 unige-

323 4655 443 4710 nito
489 4651 591 4708 Dei
642 4647 785 4705 Filio
817 4645 1045 4702 Christo
1075 4641 1319 4700 Domino
1352 4644 1550 4696 nostro
1602 4637 1878 4706 roborati,
1911 4637 1982 4692 de

325 4744 536 4818 pietate
567 4743 623 4796 et
654 4736 943 4794 modestia
971 4734 1186 4789 habere
1218 4731 1561 4787 orationem.
1598 4729 1678 4785 De
1708 4727 1981 4818 gratiast

324 4816 774 4890 veritate'vcrba
819 4824 1127 4892 faciamus,
1152 4837 1367 4894 magna
1409 4818 1737 4875 continuati
1769 4816 1980 4891 gratia.

325 4923 387 4979 In
411 4919 639 4978 Christo
665 4934 730 4974 os
757 4913 1110 4989 aperientes,
1134 4926 1479 4984 promamus
1510 4908 1851 4964 thesaurum
1877 4905 1983 4962 ali-

327 5029 501 5083 quem
536 5023 781 5082 parvum
817 5005 875 5060 in
909 5003 1082 5058 corde
1111 5003 1312 5056 nostro
1343 4998 1666 5071 repositum
1694 5015 1706 5054 :
1737 5013 1981 5071 parvum

327 5099 589 5170 quidem,
616 5097 883 5165 inquam,
916 5088 1121 5145 sensili
1167 5085 1520 5155 substantia,
1553 5087 1653 5141 sed
1702 5103 1980 5160 magnum

325 5184 619 5258 cognobili
668 5178 1258 5238 natura.Aii'eramus
1317 5175 1496 5230 etiam
1547 5175 1804 5231 defzscati
1857 5175 1985 5231 auri

324 5281 635 5339 stateram;
670 5275 728 5326 et
770 5270 930 5325 hunc
978 5265 1362 5339 expolientes,
1399 5263 1567 5337 quasi
1621 5264 1678 5319 in
1729 5265 1984 5330 fornace,

324 5367 550 5423 sincero
581 5358 852 5417 videlicet
880 5374 1082 5424 sensu,
1116 5353 1619 5427 fulgentissimum
1652 5353 1820 5408 illum
1854 5353 1985 5408 uni-

323 5453 508 5512 vorsis
539 5451 703 5506 vobis
752 5448 1154 5504 ostendamus.
1193 5446 1469 5516 Prompta
1501 5444 1655 5499 enim
1709 5460 1896 5509 mens,
1932 5446 1988 5497 et

323 5549 602 5621 promptus
654 5540 884 5610 spiritus
933 5541 1030 5602 est,
1079 5551 1207 5591 caro
1253 5542 1437 5591 autem
1486 5533 1720 5604 inﬁrma
1742 5533 1808 5587 “.
1859 5531 1986 5588 Uti-

401 5691 444 5723 ‘9
476 5683 678 5740 Matth.
710 5697 863 5742 xxvx,
897 5681 984 5734 41.

2164 4460 2212 4514 1.
2248 4457 2564 4533 ’Δρξώμεθα
2612 4456 2697 4512 κα³
2752 4458 2918 4530 ἡμεῖς
2963 4453 3228 4524 λαλῆσαι,
3278 4458 3398 4514 ταῖς
3441 4457 3548 4507 τῶν
3582 4451 3751 4528 ἁγίων

2092 4548 2328 4622 Χριστοῦ
2389 4543 2601 4601 δούλων
2656 4547 2844 4622 εὐχαῖς
2913 4543 2984 4600 δι’
3042 4546 3200 4618 ἁγίου
3258 4541 3572 4614 Πνεῦματος
3644 4541 3748 4595 ὑπὸ

2090 4641 2186 4691 τοῦ
2242 4640 2565 4714 μονογενοῦς
2609 4634 2705 4692 τοῖ’)
2757 4639 2890 4691 Θεοῦ
2938 4635 3066 4688 Υἱοῦ
3113 4633 3347 4707 Χριστοοῖ
3396 4635 3493 4686 τοῦ
3547 4628 3754 4706 Κυρίου

2092 4728 2250 4799 ἡμῶν
2313 4723 2774 4798 ἐνδυναμοῦμενοι
2810 4771 2822 4795 ,
2880 4723 3100 4801 ῥήματα
3171 4715 3443 4782 εὐσεϐείας
3493 4719 3584 4774 καὶ
3643 4739 3753 4773 σω-

2095 4815 2369 4892 φροσύνης
2406 4857 2417 4870 .
2483 4814 2981 4890 Ἀποφθεγξώμεθα
3067 4809 3265 4885 λόγους
3369 4807 3597 4886 χάριτος
3661 4806 3753 4862 καὶ

2096 4905 2353 4977 ἀληθεῖας
2411 4906 2512 4959 ὑπὸ
2564 4910 2664 4973 τῆς
2699 4902 2942 4978 μεγάλης
2990 4897 3448 4974 ἐνδυναμοῦμενοι
3497 4896 3752 4973 χάριτος.

2092 4995 2422 5066 Ἀνοῖξαντες
2493 4993 2554 5048 τὸ
2632 4991 2806 5065 στόμα
2881 4990 2935 5046 ἐν
3023 4993 3241 5064 Χριστῷ
3320 4986 3755 5064 προκομίσωμεν

2097 5086 2363 5161 θησαυρόν
2433 5105 2552 5138 τινα
2613 5084 2806 5158 μικρὸν
2896 5081 3314 5151 ἐναποκεῖμενον
3399 5082 3468 5151 τῇ
3557 5073 3758 5151 καρδῖᾳ

2095 5178 2276 5248 ἡμῶν,
2317 5174 2508 5251 μικρὸν
2561 5173 2654 5247 μὲν
2704 5175 2772 5247 τῇ
2823 5171 3058 5244 αἴσθῃ-τῇ
3110 5168 3422 5235 ὑποστάσει,
3472 5165 3635 5242 μίγαν
3698 5162 3758 5219 δὲ

2094 5268 2162 5338 τῇ
2221 5267 2392 5337 νοητῇ
2447 5263 2599 5341 φύσει
2628 5282 2640 5294 ·
2702 5261 2791 5316 καὶ
2832 5255 3200 5330 προϐάλωμεν
3239 5256 3470 5332 χρυσίου
3509 5257 3752 5329 καθαιροῦ

2097 5354 2356 5426 στατῆρα,
2411 5352 2501 5407 καὶ
2559 5351 2947 5425 καθαρίσαντες
3005 5351 3216 5418 τοῦτον,
3275 5345 3454 5419 ὥσπερ
3517 5344 3568 5399 ἐν
3631 5363 3757 5418 χω-

2095 5443 2379 5518 νευτηρῖῳ,
2433 5447 2512 5515 τῷ
2571 5441 2857 5512 εἰλικρινεῖ
2896 5439 3254 5515 φρονήματι,
3315 5433 3758 5510 τηλαυγὲστοιτον

2095 5536 2253 5590 πᾶσιν
2303 5531 2433 5606 ὑμῖν
2474 5529 2851 5601 ἐπιδείξωμεν.
2903 5528 3191 5603 Πρόθυμος
3248 5527 3352 5602 γὰρ
3393 5526 3421 5579 ὁ
3471 5527 3620 5594 νοῦς,
3661 5522 3754 5576 καὶ
