4124 6380
368 413 490 474 813

1455 403 1722 463 SERMO
1767 403 1870 462 DE
1913 401 2702 466 CONTUBEHNALIBUS.

3667 404 3788 467 814

366 546 431 601 τὸ
527 545 739 615 πνεῦμα
831 539 1116 614 πρόθυμον
1150 579 1164 606 ,
1225 535 1451 604 ἀσθενὴς
1548 531 1606 588 δὲ
1701 535 1737 603 ἡ
1837 533 1964 606 σάρξ
2005 573 2020 588 .

2151 550 2266 590 iam
2299 535 2454 591 enim
2488 536 2611 593 ﬁeri
2643 553 2864 609 posset,
2895 540 2962 593 ut
2993 537 3052 592 in
3084 537 3339 593 summis
3379 537 3614 594 arcibus
3643 554 3792 594 con-

368 631 600 689 Ἦθὲλον
659 630 760 708 γὰρ
812 629 948 684 εἶναι
1018 624 1241 681 δυνατὸν
1323 625 1453 699 ὑπὲρ
1524 627 1631 678 τῶν
1709 620 2021 695 ὑπερτάτων

368 720 728 798 ἀκρωτηρίων
762 716 1050 774 ἰπιστάντα
1098 712 1357 770 σαλπίσαι
1420 733 1487 786 με
1543 712 1723 787 ὥσπερ
1783 709 1872 765 διὰ
1924 714 2022 766 τοῦ

371 811 682 884 στόματος,
739 806 830 863 καὶ
892 807 1126 882 βροντῆς
1195 801 1350 872 δίκην
1405 803 1541 857 κατὰ
1595 801 1772 870 πάσης
1829 799 2024 870 ἐξαπο-

375 899 586 956 στεῖλαι
640 905 739 968 τῆς
800 893 1126 968 οἰκουμένης
1171 892 1240 947 τὰ
1266 898 1366 961 τῆς
1395 890 1750 968 σωφροσύνης
1783 889 2022 966 ῥήματα,

375 988 526 1052 ὅπως
583 987 662 1050 εἲς
720 983 1014 1060 μαρτυρίαν
1073 980 1280 1036 ἔσονται
1341 985 1470 1034 π’ἆσι
1535 985 1652 1041 τοῖς
1721 977 2025 1053 παραφθεί-

381 1099 533 1155 ρουσι
582 1077 681 1144 τὴν
732 1072 1010 1144 ἀλήθειαν.
1045 1068 1201 1155 Ἀλλ’
1231 1066 1490 1125 ἀδύνατον
1544 1069 1606 1122 τὸ
1654 1073 1898 1142 πρᾶγμα·
1934 1063 2025 1120 ἄν·

379 1154 596 1243 θρωπος
653 1166 754 1240 γάρ
816 1161 930 1235 εῗμι
987 1154 1298 1235 ὀλιγόϐιος,
1346 1158 1435 1213 καὶ
1484 1155 1710 1225 εὐτελὴς
1774 1157 1871 1230 μὲν
1927 1157 2027 1225 τὴν

379 1255 617 1327 ἡλικίαν,
656 1252 850 1328 μικρὸς
911 1248 969 1306 δὲ
1023 1251 1124 1318 τὴν
1184 1248 1394 1326 φωνὴν,
1427 1248 1517 1302 καὶ
1577 1244 1768 1308 ἄλλως
1817 1243 1875 1300 δὶ
1927 1264 2028 1300 τα-

378 1345 564 1406 πεινὸς
610 1344 711 1412 τὴν
770 1341 979 1416 ψυχὴν,
1035 1335 1276 1401 πολλαῖς
1334 1335 1624 1411 ἁμαρτίαις
1678 1333 2028 1411 ἆμπεφυρμί-

377 1455 490 1496 νος.
523 1429 702 1488 ’Λλλᾶ
751 1428 848 1485 κᾶν
913 1429 1148 1504 βροντῆς
1201 1423 1360 1494 δίκην
1411 1423 1487 1486 είς
1525 1422 1660 1496 ὕψος
1689 1421 1874 1498 ἐπάρω
1928 1422 2026 1489 τήν

379 1523 590 1600 φωνὴν,
646 1517 736 1575 καί
827 1519 1015 1594 βοήσω
1113 1512 1362 1590 μεγάλα,
1423 1512 1522 1567 οὐκ
1596 1512 2028 1584 ἀκουσθήσομαι.

377 1610 612 1685 Χριστὸς
668 1607 772 1683 γὰρ
823 1607 851 1661 6
903 1605 1203 1679 μονογενὴς
1257 1606 1359 1656 τοῦ
1417 1605 1551 1657 Θεοῦ
1609 1601 1754 1668 Υἱὸς,
1787 1601 1815 1655 6
1858 1601 2030 1670 πήξας

376 1700 506 1761 τοὺς
567 1694 825 1773 οὐρανοὺς
884 1693 1013 1748 ὡσεὶ
1070 1692 1344 1766 καμάραν,
1388 1691 1479 1745 καὶ
1531 1688 1869 1763 θεμελιώσας
1927 1690 2026 1757 τήν

376 1797 480 1868 γῆν
541 1787 628 1842 ἐπὶ
683 1789 791 1840 τῶν
857 1781 1084 1852 ὑδάτων,
1117 1782 1204 1836 καὶ
1261 1780 1560 1856 στερεώσας
1594 1781 1694 1849 τήν
1730 1777 2025 1842 θάλασσαν’

381 1862 409 1936 6
467 1882 595 1954 πῦρ,
667 1874 758 1930 καὶ
835 1875 1001 1940 θεῖον,
1053 1870 1144 1926 καὶ
1227 1871 1465 1946 γιενναν,
1516 1867 1608 1923 καὶ
1693 1862 1885 1945 φόϐον,
1939 1867 2028 1922 καὶ

380 1967 586 2044 τρόμον
649 1961 883 2018 αῗωνίων
935 1957 1232 2034 κριτηρίων
1286 1957 1577 2031 ἑτοιμάσας
1636 1961 1752 2019 τοῖς
1794 1954 2032 2032 ἁμαρτά-

383 2077 590 2122 νουσιν,
621 2054 776 2114 οὗτος
807 2049 876 2106 δι’
906 2047 1257 2124 Εὖαγγελίων
1295 2047 1437 2114 βοῶν
1495 2045 1586 2101 καὶ
1635 2044 2031 2122 παραγγέλλων

387 2142 749 2220 παρακούεται
809 2142 944 2213 (83).
1005 2135 1332 2192 Ἀπόστολοι
1393 2133 1438 2190 δ⁴
1487 2134 1552 2189 αὖ
1623 2135 1789 2190 πάΑιν
1863 2136 2028 2211 ἅγιοι,

375 2233 576 2289 τέλειοι
606 2234 703 2286 τοῦ
738 2231 977 2303 Χριστοῦ
1035 2225 1297 2300 μαθηταὶ,
1330 2225 1421 2281 καὶ
1454 2223 1563 2279 υἱοὶ
1625 2226 1854 2300 βροντῆς
1909 2224 2030 2279 ὀνο-

385 2322 705 2397 μασθέντες,
766 2316 838 2373 δι’
887 2315 1192 2372 ἐπιστολῶν
1272 2318 1571 2394 γράφοντες
1636 2313 1724 2368 καὶ
1783 2333 2030 2388 παρακα-

379 2410 603 2472 λοῦντες
659 2411 1120 2487 καταφρονοῦνται
1150 2426 1162 2440 ο
1220 2400 1500 2460 ἀλλὀὕτε
1551 2407 1831 2481 προφῆται
1884 2403 2030 2478 ἅγιοι

377 2504 475 2556 τοῦ
531 2499 688 2570 Θεοῦ,
722 2493 845 2552 οὔτε
891 2495 1084 2568 νόμος,
1139 2491 1264 2549 οὔτε
1315 2490 1594 2568 ἄνθρωποι
1651 2495 2031 2555 νουθετοῦντες

383 2587 717 2663 ἱντρὲπουσιο
756 2585 847 2638 καὶ
902 2582 984 2646 τίς
1040 2579 1213 2644 ἄλλος
1269 2577 1553 2651 δυνήσεται
1613 2575 1714 2656 ἄρα
1763 2581 1825 2633 τὸ
1871 2577 2032 2649 τηλι-

384 2682 576 2733 κοῦτον
618 2675 820 2745 ἀπηνὲς
851 2670 1249 2746 διορθώσασθαι
1297 2670 1383 2724 καὶ
1435 2668 1706 2744 ἀνήμερον
1758 2673 2031 2744 πρᾶγμας

386 2769 516 2824 Ὅτε
573 2764 766 2819 Λοιπὸν
825 2765 1042 2837 τραῦμα
1091 2760 1227 2814 κατὰ
1284 2759 1463 2828 πάσης
1497 2757 1691 2832 γέγονε
1718 2764 1818 2826 τῆς
1850 2758 2033 2812 οἰκου-

394 2855 582 2928 μένης,
610 2851 700 2908 καί
734 2871 828 2924 μοι
861 2852 998 2924 (83")
1035 2846 1185 2904 δοκεῖ
1213 2844 1462 2908 πολλοὺς
1511 2844 1714 2920 λόγους
1745 2848 2034 2921 καυτήριον

389 2942 546 3013 δίκην
619 2941 951 3017 προσάπτειν
1025 2942 1105 3010 τῷ
1177 2937 1356 3000 πάθει.
1410 2935 1762 3010 Ἐπικὲχυται
1820 2935 1920 3010 γὰρ
1971 2935 2034 2989 τὸ

387 3031 626 3104 νόσημα,
682 3029 770 3084 καὶ
838 3027 1138 3102 κεκράτηκα
1203 3023 1503 3092 πλείστων,
1544 3022 1639 3077 ’ίνα
1693 3023 1768 3095 μὴ
1821 3023 2032 3077 πάντων

390 3120 556 3195 λὲγω,
615 3117 706 3173 καὶ
745 3117 928 3190 ὥσπερ
980 3113 1158 3188 ἀχλὺς
1209 3109 1589 3181 σκοτεινοτάτη
1665 3110 1863 3186 ἐπέσχε
1926 3116 2034 3166 τῶν

389 3206 620 3264 πολλῶν
673 3205 737 3260 τὸ
798 3202 1091 3280 βλεπτικὸν
1143 3207 1246 3270 τῆς
1305 3198 1564 3261 διανοίας.
1623 3199 1764 3273 Ἐγὼ
1821 3197 1879 3253 δὲ
1930 3198 2037 3273 ἐρῶ

2132 623 2369 691 sistens,
2402 625 2733 698 clangerem
2765 627 2933 700 quasi
2968 644 3086 693 ore,
3131 631 3188 682 et
3217 627 3461 682 tonitrui
3495 628 3567 683 ad
3599 627 3793 682 instar

2132 712 2192 767 in
2223 713 2556 770 universam
2590 719 2804 772 terram
2838 716 3164 771 amitterem
3212 717 3510 771 modestiae
3561 717 3738 772 verba
3771 733 3787 786 ;

2134 818 2250 872 quo
2282 803 2340 857 in
2373 803 2780 859 testimonium
2803 810 3002 860 essent
3021 805 3321 874 omnibus,
3349 804 3450 876 qui
3481 805 3789 860 veritatem

2134 890 2489 947 adulterant.
2521 896 2595 946 At
2625 893 2781 947 enim
2817 893 2971 947 istud
2997 893 3120 947 ﬁeri
3153 893 3379 963 nequit.
3421 892 3606 948 Homo
3629 910 3793 948 nam-

2135 996 2248 1050 que
2280 997 2413 1036 sum
2445 981 2602 1036 brevi
2633 981 2895 1036 victurus
2927 985 3209 1053 tempore,
3242 988 3300 1037 et
3345 986 3514 1038 astate
3554 983 3793 1054 quidem

2135 1069 2327 1138 exilis,
2360 1069 2596 1142 gracilis
2643 1076 2835 1124 autem
2876 1085 3035 1138 voce,
3067 1087 3133 1125 ac
3163 1071 3511 1142 caateroquin
3540 1076 3793 1144 angusto

2137 1158 2355 1229 animo,
2379 1166 2437 1214 et
2469 1159 2672 1214 multis
2702 1159 3120 1230 coinquinatae
3151 1161 3518 1216 criminibus.
3542 1163 3793 1216 Verum-

2136 1249 2337 1302 tamen
2360 1247 2629 1319 quamvis
2647 1247 2886 1303 tonitrui
2912 1248 2981 1303 ad
3008 1247 3420 1318 instar,vocem
3452 1249 3512 1304 in
3537 1249 3795 1304 sublime

2138 1335 2427 1406 tollerem,
2488 1336 2924 1408 clamaremque
2970 1336 3366 1406 vehementer,
3417 1354 3794 1410 nequaquam

2139 1426 2398 1480 audirer.
2431 1425 2701 1481 Christus
2721 1427 2938 1482 etenim
2972 1426 3310 1497 unigenitus
3341 1427 3442 1482 Dei
3465 1427 3669 1496 Filius,
3694 1428 3798 1498 qui

2139 1513 2316 1570 caelos
2365 1520 2428 1568 ut
2478 1515 2760 1570 fornicem
2792 1516 3111 1586 compegit,
3154 1514 3536 1585 {nudavitque
3579 1520 3795 1570 terram

2139 1618 2317 1673 super
2355 1603 2546 1674 aquis,
2581 1609 2637 1658 et
2674 1603 2933 1658 ﬁrmavit
2982 1619 3142 1658 mare
3176 1619 3189 1658 :
3226 1604 3327 1674 qui
3360 1603 3557 1674 ignem
3589 1609 3644 1658 et
3675 1603 3798 1658 sul-

2135 1692 2292 1764 phur
2309 1696 2366 1748 et
2395 1692 2810 1764 gehennam,et
2831 1697 3054 1748 metum
3093 1693 3513 1764 horroremque
3543 1697 3795 1748 interno-

2139 1799 2268 1836 rum
2303 1780 2730 1852 suppliciorum
2760 1783 3112 1853 praeparavit
3142 1781 3214 1837 iis
3237 1781 3338 1853 qui
3358 1785 3638 1853 peccant:
3669 1781 3796 1852 ipse

2140 1886 2244 1943 per
2296 1870 2610 1941 Evangelia
2653 1870 2916 1926 clamans
2969 1875 3027 1925 et
3079 1870 3324 1941 jubens,
3383 1870 3802 1927 contemnitur.

2141 1957 2405 2031 Apostoli
2436 1959 2612 2014 etiam
2644 1959 2853 2025 sancti,
2887 1959 3128 2031 perfecti
3159 1959 3377 2014 Christi
3414 1958 3712 2031 discipuli.
3747 1963 3805 2015 et

2140 2048 2246 2103 filii
2281 2047 2524 2102 tonitrui
2555 2047 2850 2119 appellati,
2875 2064 2979 2120 per
3016 2048 3296 2119 epistolas
3329 2047 3656 2103 scribentes
3700 2064 3800 2104 ex-

2141 2137 2562 2208 hortantesque
2586 2141 2966 2208 spernuntur.
2995 2137 3144 2201 Quin
3166 2136 3286 2191 imo
3310 2151 3414 2191 nec
3438 2140 3676 2192 sanctos
3700 2135 3805 2191 Dei

2141 2225 2480 2299 prophetas,
2513 2241 2620 2281 nec
2650 2225 2859 2297 legem,
2887 2242 2991 2282 nec
3034 2226 3304 2282 homines
3351 2229 3794 2282 commonentes

2140 2321 2481 2370 reverentur
2515 2331 2527 2369 :
2554 2315 2757 2386 ecquis
2788 2314 2940 2370 alius
2965 2316 3178 2387 poterit
3207 2331 3344 2387 ergo
3376 2330 3500 2370 rem
3531 2319 3651 2370 tam
3683 2314 3793 2369 im-

2142 2420 2376 2459 manem
2408 2408 2464 2458 et
2493 2403 2791 2459 efferatam
2824 2404 2881 2459 in
2932 2421 3164 2476 equum
3198 2408 3419 2460 statum
3467 2419 3739 2459 revocare
3766 2402 3794 2457 ?

2142 2498 2428 2548 Praeterea
2457 2492 2803 2564 hujusmodi
2831 2492 3048 2548 vulnus
3074 2492 3411 2548 unisersum
3443 2493 3643 2549 orbem
3666 2508 3797 2564 per-

2140 2582 2327 2638 vasit:
2355 2581 2617 2654 mihique
2645 2583 2845 2638 videor
2871 2583 3047 2638 verba
3067 2582 3443 2654 ingeminans
3465 2582 3634 2654 quasi
3660 2598 3798 2638 cau-

2142 2671 2290 2728 teria
2321 2671 2454 2727 huic
2503 2666 2669 2727 mala:
2726 2672 3015 2728 aliectioni
3061 2671 3360 2728 adhibere.
3414 2672 3670 2728 Diffusus
3711 2675 3801 2727 est

2142 2761 2302 2816 enim
2334 2761 2598 2829 morbus,
2631 2761 3037 2833 plurimosque
3066 2760 3339 2828 obtinuit,
3374 2764 3440 2816 ut
3483 2777 3558 2816 ne
3605 2760 3794 2816 dicam

2144 2866 2387 2918 omnes;
2435 2854 2492 2905 et
2521 2849 2701 2906 veluti
2733 2851 2920 2922 caligo
2953 2851 3220 2922 quaedam
3260 2849 3624 2906 tenebricosa
3658 2847 3800 2904 aciei

2145 2939 2359 2995 mentis
2393 2938 2788 3010 plurimorum
2822 2940 3011 2994 olI‘usa
3041 2944 3147 2995 est.
3185 2943 3298 3011 Ego
3328 2943 3527 2994 tamen
3560 2954 3694 2993 cum
3729 2936 3805 2990 li-

2145 3028 2369 3083 bertate
2417 3027 2645 3099 loquar,
2694 3028 3028 3100 lampadem
3077 3027 3314 3099 pietatis
3353 3027 3547 3083 verbis
3579 3026 3802 3082 sanctis

2146 3133 2246 3172 ore
2276 3118 2622 3184 accendens,
2654 3121 2710 3172 et
2737 3117 3066 3172 veneranda
3097 3133 3328 3172 morum
3359 3116 3596 3172 virtutis
3619 3131 3810 3171 exem-

2149 3204 2246 3276 pla
2277 3221 2560 3260 enarrans
2595 3223 2608 3261 :
2642 3221 2758 3260 non
2789 3205 3060 3262 homines
3102 3206 3258 3261 684
3295 3205 3539 3273 veritus,
3570 3205 3673 3260 sed
3735 3205 3809 3258 ob

395 3297 529 3371 μετὰ
581 3274 910 3371 παῤῥησίας,
968 3287 1233 3363 λαμπάδα
1289 3282 1564 3349 εὐσεϐείας
1623 3284 1713 3341 διὰ
1769 3287 2038 3360 στόματος

2153 3293 2354 3349 oculos
2379 3294 2598 3351 habens
2621 3295 2887 3368 eum,qui
2909 3294 3036 3351 sine
3057 3311 3444 3368 personarum
3467 3293 3814 3350 discrimine

395 3385 632 3461 ῥήμασιν
682 3381 861 3458 ἁγίοις
918 3379 1176 3450 ἐξάπτων,
1207 3378 1297 3433 καὶ
1351 3377 1518 3450 σεμνὰ
1570 3375 1788 3450 τρόπων
1841 3376 2037 3461 ἀρετῆς

389 3459 804 3549 παραδείγματα
855 3466 1240 3543 διηγούμενος,
1304 3467 1379 3540 μή
1433 3463 1718 3540 ἄνθρωπον
1773 3459 2038 3520 εὐλαϐού-

397 3585 580 3639 μενος,
630 3559 777 3618 ἀλλὰ
831 3559 938 3636 πρὸ
998 3554 1302 3634 ὀφθαλμῶν
1363 3551 1509 3631 ἔχων
1562 3555 1654 3610 τὸν
1713 3554 2045 3629 ἀπροσωπο-

395 3651 622 3724 λήπτως
652 3650 908 3725 κρίνοντα
940 3652 1144 3717 ζῶντας
1174 3646 1261 3700 καὶ
1295 3644 1542 3715 νεκροὺς,
1592 3643 1682 3699 καὶ
1743 3644 1807 3698 οὐ
1845 3643 2045 3720 βουλό-

401 3760 560 3814 μενος
616 3737 880 3798 κοινωνὸς
933 3739 1180 3809 γενέσθαι
1233 3725 1342 3788 τῶν
1397 3731 1449 3787 ἐν
1505 3737 1584 3804 τῷ
1638 3737 1791 3805 κακῷ
1843 3729 2046 3807 δικτύῳ

399 3826 856 3902 σαγηνευθέντων,
890 3824 1040 3884 ὅπως
1069 3819 1220 3892 δίκην
1256 3820 1426 3889 ἡλίου
1459 3823 1487 3875 6
1543 3817 1713 3896 λόγος
1761 3822 1856 3884 τὰς
1889 3822 2046 3877 ἀκτῖ-

2143 3383 2378 3455 judicat
2405 3383 2564 3440 vivos
2595 3389 2652 3440 et
2681 3390 2984 3453 mortuos;
3017 3401 3083 3440 eo
3117 3385 3272 3457 quod
3304 3383 3485 3439 nolim
3521 3384 3818 3456 particeps

2153 3473 2275 3527 ﬁeri
2310 3490 2536 3544 eorum,
2571 3474 2671 3546 qui
2704 3474 2859 3530 malo
2908 3475 3018 3528 hoc
3049 3474 3158 3530 reti
3191 3473 3598 3545 comprehensi
3627 3475 3770 3527 sunt
3801 3488 3815 3527 :

2155 3566 2221 3617 ut
2251 3561 2394 3618 solis
2443 3563 2500 3617 in
2549 3563 2790 3618 modum
2843 3563 3030 3618 oratio
3078 3562 3274 3618 radios
3307 3561 3817 3628 circumfundens,

2156 3650 2414 3721 disjiciat
2442 3652 2716 3708 tenebras
2745 3653 2960 3708 mentis
2992 3668 3213 3719 eorum,
3239 3651 3341 3723 qui
3371 3668 3439 3706 ex
3468 3667 3615 3723 puro
3647 3651 3820 3705 corde

2157 3741 2424 3811 audiunt,
2459 3748 2506 3796 el
2541 3742 2854 3798 infirmitas
2885 3741 3009 3798 haec
3048 3739 3415 3798 convalescat
3443 3739 3572 3813 ipse
3603 3739 3819 3796 oratio-

2158 3829 2250 3884 nis
2285 3830 2634 3901 fulgoribus.

397 3938 490 3978 νας
512 3913 828 3981 ἐκπετάσας,
862 3909 1091 3985 διαλύσῃ
1119 3910 1182 3964 τὸ
1215 3907 1454 3986 ζοφῶδες
1482 3913 1580 3973 τῆς
1611 3907 1850 3973 διανοίας
1870 3915 1978 3966 τῶν
2011 3912 2406 3972 είσακουόντων
2438 3916 2498 3972 ἑκ
2526 3924 2762 3993 καθαρᾶς
2787 3916 3035 3993 καρδίας,
3067 3919 3157 3974 καὶ
3188 3919 3250 3974 τὸ
3294 3917 3466 3979 πάθος
3496 3917 3675 3992 παύσῃ
3703 3920 3824 3978 ταῖς

403 4006 566 4061 αὐτοῦ
598 4006 1003 4078 μαρμαρυγαῖς.

467 4098 523 4152 2.
578 4092 725 4160 Ῥίζα
795 4090 896 4168 γὰρ
973 4087 1186 4143 πάντων
1259 4092 1367 4142 τῶν
1438 4091 1618 4141 κακῶν
1681 4089 1717 4156 ἡ
1779 4086 2051 4164 φιλαργυ-

401 4183 510 4260 ρία,
563 4181 727 4257 φησὶν
781 4180 808 4234 6
856 4182 998 4240 θεῖος
1029 4175 1409 4238 Ἀπόστολοςο
1444 4175 1667 4246 ἀληθῶς
1728 4175 1851 4253 ῥίζα
1906 4177 2052 4233 πολ-

402 4272 534 4334 λοὺς
557 4268 794 4331 κλάδους
849 4267 1118 4342 πονηρίας
1169 4265 1484 4344 ἐκφέρουσα,
1519 4263 1588 4319 δι’
1637 4267 1699 4334 ἢν
1761 4266 1827 4320 τὰ
1880 4268 2056 4322 πάντα

402 4361 454 4417 ἐν
518 4365 597 4432 τῷ
653 4363 881 4432 πονηρῷ
943 4357 1047 4430 βίῳ
1117 4352 1464 4413 ἐπιτελεῖται.
1526 4353 1678 4422 Ῥίζα
1737 4353 1795 4409 δὲ
1835 4357 2054 4411 πάντων

403 4456 511 4506 τῶν
561 4453 741 4503 κακῶν
773 4449 808 4516 ἡ
843 4444 1152 4523 φιλογυνία,
1182 4443 1271 4498 καὶ
1330 4443 1552 4519 ἡγεμὼν
1606 4450 1707 4513 τῆς
1751 4444 2055 4511 ἀπωλείας,

400 4543 436 4610 ἡ
469 4544 574 4594 τῶν
607 4535 992 4613 ἀγαπητρίδων
1052 4533 1200 4606 λέγω
1250 4530 1316 4600 δὴ
1373 4533 1558 4605 μανία,
1606 4532 1727 4608 ῥίζα
1777 4533 2057 4589 ἀπώλειαν

408 4628 803 4706 βλαστάνουσα,
865 4625 952 4678 καὶ
1005 4622 1292 4694 ἐξανθοῦσα
1346 4622 1558 4694 μανίαν.
1616 4619 1890 4691 Ἰουδαϊκή
1952 4625 2057 4700 γὰρ

402 4718 661 4792 τυγχάνει
711 4715 770 4770 ἐκ
808 4712 1072 4784 Σοδόμων
1130 4717 1531 4786 μετενεχθεῐσα,
1573 4711 1760 4774 καθότι
1812 4712 2056 4767 ὕπουλόν

404 4829 523 4864 τινα
577 4806 668 4860 καὶ
719 4804 1098 4875 πεποιημένην
1157 4805 1254 4870 τῆς
1313 4795 1502 4870 ἔξωθεν
1553 4799 1892 4856 ἰπιπλάστου
1926 4802 2055 4877 ἀγά-

409 4918 520 4965 πης
546 4896 646 4963 τήν
678 4892 964 4971 φαντασίαν
1007 4890 1286 4959 κέκτηται.
1321 4889 1420 4943 Καί
1478 4911 1570 4962 μοι
1623 4885 1806 4944 λαϐὼν
1864 4891 2062 4963 κόμιζε

414 4985 608 5040 λοιπὸν
649 4983 726 5046 είς
781 4983 939 5054 μέσον
989 4980 1051 5035 τὸ
1106 4983 1203 5033 τοῦ
1234 4977 1575 5035 Ἀποστόλου
1631 4977 1822 5054 λόγιον
1862 4978 2058 5052 ἐκεῖνο,

413 5075 475 5128 τὸ
543 5075 785 5148 φέσκον·
847 5071 932 5139 Μὴ
1021 5068 1120 5123 οὐκ
1203 5066 1404 5143 ἔχομεν
1490 5067 1728 5140 ἐξουσίαν
1815 5067 2060 5146 ἀδελφὴν

413 5167 642 5236 γυναῖκα
675 5160 1020 5234 ’περιάγειν,
1081 5159 1154 5219 ὡς
1208 5157 1297 5211 καὶ
1357 5157 1407 5211 οἱ
1489 5156 1675 5212 λοιποί
1763 5157 2064 5213 ἀπόστολοι

419 5251 509 5304 καὶ
539 5256 766 5327 Κηφᾶς;
801 5248 846 5320 ᾧ
883 5244 1246 5321 ἐπερείδονται
1300 5247 1352 5300 οἱ
1402 5251 1482 5318 τῷ
1534 5253 1633 5314 τῆς
1691 5246 2068 5323 ταλαιπωρίας

420 5339 576 5393 πάθει
630 5334 1056 5409 δεδουλωμένοι,
1085 5336 1148 5390 τὸ
1201 5334 1386 5396 καλῶς
1444 5337 1578 5410 πρὸς
1625 5334 1891 5412 ὠφέλειαν
1937 5357 2067 5413 γρα-

419 5428 535 5506 φὶν,
593 5429 663 5499 τῇ
722 5427 924 5480 ἑαυτῶν
990 5423 1387 5499 ματαιοφρονίᾳ
1445 5424 1579 5500 πρὸς
1632 5423 1907 5480 ἀπώλειαν
1966 5430 2066 5500 ψυ-

492 5573 538 5608 ⁵⁰
568 5574 589 5628 Ι
619 5571 768 5626 Tim.
800 5586 880 5640 v1,
915 5571 1003 5625 10.
1079 5571 1122 5606 ⁶¹
1157 5572 1283 5627 Cor.
1313 5586 1392 5642 ix,
1421 5569 1478 5625 5.

490 5717 607 5790 (83)
641 5711 1035 5790 Παρακούεται.
1070 5713 1248 5784 Editi,
1294 5711 1714 5788 παρακούσεται.
1750 5716 1904 5773 Ευιτ.

2232 4098 2286 4151 2.
2310 4095 2500 4152 Radix
2527 4113 2766 4169 namque
2795 4100 3045 4154 omnium
3070 4098 3351 4154 malorum
3374 4103 3454 4153 est
3488 4099 3738 4153 avaritia
3759 4098 3824 4168 ‘9,

2165 4184 2248 4240 ait
2278 4183 2512 4240 divinus
2548 4187 2856 4258 Apostolus
2891 4205 2904 4242 :
2937 4187 3103 4242 radix
3134 4188 3393 4260 profecto
3425 4187 3574 4241 bene
3605 4185 3827 4241 multos

2165 4273 2469 4346 proferens
2502 4275 2775 4344 nequitiae
2806 4291 3026 4341 ramos,
3061 4292 3162 4347 per
3195 4291 3369 4347 quam
3404 4273 3682 4329 omniain
3708 4275 3828 4328 vita

2167 4379 2420 4434 nequam
2453 4363 2810 4421 efficiuntur.
2847 4367 3118 4420 Attamen
3152 4364 3316 4420 radix
3348 4363 3615 4419 omnium
3651 4363 3831 4419 malo-

2166 4469 2295 4507 rum
2332 4451 2732 4508 mulierositas
2777 4457 2888 4522 est,
2922 4457 2979 4508 et
3029 4455 3146 4509 dux
3189 4452 3485 4521 interitus,
3518 4453 3682 4507 furor
3711 4451 3830 4519 ille,

2168 4542 2436 4613 inquam,
2470 4543 3015 4598 amasiuncularum
3048 4559 3060 4599 :
3095 4543 3261 4598 radix
3291 4542 3594 4598 interitum
3630 4541 3832 4614 pullu-

2169 4631 2320 4700 lans,
2354 4634 2410 4685 et
2441 4631 2698 4686 furorem
2740 4631 3070 4703 geminans.
3121 4632 3369 4688 Judaica
3416 4635 3507 4687 est
3555 4631 3710 4686 enim
3762 4631 3834 4686 de

2093 4759 2140 4824 Β
2171 4721 2443 4776 Sodomis
2474 4719 2686 4786 delata,
2723 4723 2876 4793 quod
2911 4721 3300 4778 adulterinam
3333 4721 3653 4793 quamdam
3679 4724 3738 4775 et
3770 4720 3834 4774 fi-

2173 4809 2394 4863 ctitiam
2417 4809 2673 4864 exterius
2699 4809 2971 4865 sublesta:
2989 4809 3298 4866 charitatis
3317 4809 3572 4880 speciem
3595 4807 3832 4862 habeat.

2173 4901 2474 4966 Caeterum,
2509 4899 2705 4970 profer
2731 4903 2796 4953 tu
2846 4898 2988 4953 mihi
3038 4901 3121 4955 sis
3167 4899 3227 4954 in
3261 4898 3522 4953 medium
3561 4896 3834 4952 testimo-

2174 4986 2338 5042 nium
2383 4985 2529 5041 illud
2584 4986 2840 5058 Apostoli
2875 4988 3028 5059 quod
3068 4988 3150 5043 ait
3182 5005 3194 5042 :
3235 4987 3500 5058 Nunquid
3526 5002 3638 5041 non
3667 4985 3836 5041 habe-

2172 5093 2295 5130 mus
2342 5080 2694 5146 postestatem
2742 5079 3032 5132 mulierem
3086 5093 3324 5132 sororem
3370 5075 3837 5141 circumducendi,

2175 5165 2320 5218 sicut
2349 5168 2401 5218 et
2420 5166 2609 5219 σκιενί
2629 5166 2864 5235 apostoli
2890 5174 2942 5219 et
2975 5164 3234 5234 Cephas“
3259 5163 3286 5217 ?
3316 5163 3418 5217 Cui
3451 5177 3662 5233 nempe
3684 5160 3839 5214 inni-

2176 5257 2382 5306 tuntur
2411 5252 2469 5307 hi
2504 5253 2602 5324 qui
2665 5253 3012 5308 miserandae
3044 5253 3183 5308 huic
3216 5269 3378 5306 noxas
3411 5248 3834 5315 deserviunt,id

2179 5341 2334 5413 quod
2385 5341 2603 5412 optime
2655 5343 2726 5396 ad
2779 5341 3094 5397 utilitatem
3145 5341 3430 5413 scriptum
3478 5344 3586 5405 est,
3633 5337 3841 5392 insana

2179 5434 2375 5486 mente
2407 5447 2516 5486 sua
2563 5431 2633 5485 ad
2685 5432 2995 5487 interitum
3048 5431 3382 5487 animarum
3429 5433 3835 5492 assumentes;

2265 5723 2412 5794 (83")
2442 5718 2541 5775 Καὶ
2577 5741 2692 5793 μοι.
2731 5723 2892 5793 Lege,
2917 5717 3005 5773 καὶ
3037 5717 3183 5792 ἐμοί.
3217 5721 3376 5776 ΕυιΤ.
