4124 6376
273 368 392 431 815

1223 363 1606 426 ΑΡΡΕΝΠΙΧ
1659 362 1985 422 OPEHUM
2033 362 2098 421 S.
2145 362 2426 424 BASILI!
2473 364 2746 426 MAGNI.

3583 375 3704 435 816

271 503 330 556 et
358 499 733 556 conferamus
763 497 1014 554 invicem
1065 513 1133 552 ea
1164 512 1290 568 quae
1340 495 1412 550 ab
1453 494 1759 568 apostolis,
1792 509 1925 549 cum

2047 495 2167 568 χῶν
2234 488 2696 566 ἐκλαμϐάνοντες.
2757 499 2858 552 Καὶ
2945 498 3280 575 ἐξετάσωμεν
3369 499 3716 576 παράλληλα

274 589 349 646 iis
381 605 510 661 quae
545 604 702 643 nunc
731 604 763 642 a
807 585 1185 642 credentibus
1219 585 1343 640 ﬁeri
1375 588 1830 641 consueverunt.
1862 584 1940 638 Ac

279 677 538 751 primum
571 677 846 748 quisnam
898 676 1074 730 fuerit
1123 675 1377 745 scriptor
1426 675 1804 729 attendamus
1841 688 1854 727 :
1889 675 1944 726 et

275 772 476 824 utrum
503 782 606 838 per
627 765 933 837 epistolam
961 765 1170 819 beatus
1190 762 1506 834 Apostolus
1538 779 1658 818 rem
1684 761 1944 817 indulse-

275 857 372 924 rit,
431 855 518 910 vel
579 871 695 909 non
729 853 947 925 .potius
1006 868 1105 907 eos
1167 852 1507 922 coercuerit,
1575 855 1762 906 semet
1817 851 1943 921 ipse

279 944 577 1016 exemplar
606 942 888 998 exhibens
921 941 1089 996 nobis
1113 941 1425 997 universis.
1452 941 1734 997 Novimus
1765 938 1940 993 nimi-

278 1051 409 1090 rum
443 1049 576 1088 eum
601 1047 734 1087 cum
766 1031 911 1085 viris
943 1030 1408 1101 religiosissimis
1439 1047 1542 1101 per
1570 1033 1758 1084 totum
1794 1032 1941 1084 tem-

277 1138 388 1193 pus
421 1121 603 1176 fuisse
634 1124 1072 1188 conversatum,
1108 1135 1214 1174 nec
1245 1135 1378 1174 cum
1413 1118 1777 1190 turpissimis
1805 1133 1940 1172 mu-

273 1209 520 1266 lieribus
550 1208 804 1281 degisse,
840 1224 912 1263 ne
942 1225 1005 1263 se
1037 1207 1195 1263 istud
1238 1208 1476 1280 quidem
1519 1206 1708 1262 dicere
1735 1206 1941 1261 erube-

273 1304 458 1357 scant.
489 1299 717 1354 Pudore
745 1297 1164 1353 suﬂ'undantur
1194 1297 1295 1368 qui
1329 1314 1389 1352 se
1417 1297 1577 1369 ipsos
1611 1297 1774 1352 Petro
1801 1312 1939 1367 apo-

271 1389 558 1446 stolorum
583 1387 858 1459 principi,
882 1391 938 1442 et
963 1387 1124 1458 regni
1158 1385 1435 1442 cmlorum
1467 1385 1753 1456 clavigero
1776 1401 1939 1440 com-

271 1482 498 1552 parant,
537 1481 597 1532 et
626 1476 833 1531 dicunt
866 1491 879 1532 :
913 1474 973 1530 Si
1019 1475 1116 1530 ille
1165 1475 1361 1530 habuit
1409 1475 1697 1543 dilectam,
1741 1478 1796 1530 et
1839 1489 1938 1529 nos

267 1569 506 1640 vestigia
544 1566 659 1636 ejus
713 1573 1024 1620 sectamur.
1058 1563 1215 1618 Belle
1266 1563 1420 1619 enim
1476 1579 1631 1619 vero.
1665 1562 1936 1618 Resusci-

267 1661 421 1712 tatu
455 1653 600 1710 mihi
630 1670 793 1726 ergo,
826 1652 1327 1724 quemadmodum
1375 1652 1475 1707 ille
1527 1651 1833 1706 Tabitham
1867 1667 1935 1705 ex

268 1744 519 1800 mortuis
563 1759 666 1815 per
722 1743 897 1797 fidem
951 1742 1010 1796 in
1061 1740 1380 1796 Dominum
1427 1745 1694 1797 nostrum
1727 1739 1931 1795 Jesum

269 1834 568 1890 Christum
601 1833 671 1897 ⁸²,
704 1835 770 1886 ut
800 1831 1034 1886 credam
1065 1830 1194 1897 tibi,
1230 1831 1383 1902 quod
1419 1834 1474 1884 et
1502 1834 1564 1883 tu
1597 1828 1817 1901 Spiritu
1851 1830 1933 1885 sis

267 1922 500 1996 plenus,
547 1920 806 1993 repletus
860 1919 1060 1974 divina
1105 1919 1344 1974 virtute.
1399 1917 1636 1990 Expelle
1681 1922 1745 1973 tu
1781 1917 1925 1973 mihi

269 2012 560 2068 daemones
619 2025 768 2081 quos
813 2008 911 2064 ille
953 2007 1182 2080 expulit
1235 2011 1293 2062 et
1349 2008 1608 2076 morbos,
1669 2006 1928 2078 aliasque

267 2102 430 2158 effice
459 2101 812 2166 curationes,
835 2103 978 2172 quot
1007 2098 1196 2154 eiiecit
1224 2097 1322 2153 ille
1354 2097 1409 2152 in
1436 2097 1672 2153 nomine
1699 2098 1924 2154 Domini

267 2191 454 2248 nostri
483 2191 624 2247 Jesu
655 2188 870 2246 Christi
905 2205 918 2244 :
954 2188 1122 2243 mitto
1161 2187 1314 2242 enim
1349 2186 1594 2258 reliqua.
1645 2189 1761 2243 Hoc
1791 2203 1922 2244 cum

267 2280 413 2335 mihi
439 2279 790 2347 ostenderis,
825 2281 971 2333 tunc
1002 2275 1109 2332 tibi
1136 2276 1394 2342 credam,
1431 2276 1585 2347 quod
1622 2293 1738 2331 non
1769 2277 1928 2348 igne-

265 2385 460 2425 sceres
507 2369 580 2423 ad
634 2367 787 2423 hanc
831 2368 1176 2422 venenatam
1210 2365 1482 2420 bestiam.
1515 2367 1722 2422 Annon
1755 2366 1927 2422 audis

267 2457 406 2529 quid
441 2458 598 2513 dicat
643 2457 926 2512 Dominus
977 2459 1178 2511 noster
1213 2454 1383 2510 Jesus
1432 2453 1701 2511 Christus
1753 2471 1768 2511 :
1821 2456 1928 2524 Qui

267 2549 525 2604 intuetur
552 2546 839 2602 mulierem
869 2560 938 2600 ex
963 2544 1422 2615 concupiscentia,
1459 2544 1583 2616 jam
1619 2543 1926 2601 maschatus

260 2641 343 2692 est
379 2653 504 2692 eam
533 2636 595 2691 in
621 2634 783 2691 corde
811 2634 976 2691 suo"
995 2631 1022 2686 ?
1050 2631 1348 2688 Fabulaue
1377 2631 1650 2688 videntur
1676 2633 1780 2688 tibi
1806 2633 1923 2687 haec

263 2727 441 2781 verba
498 2722 854 2796 Evangelii?
903 2720 1106 2778 Viden’
1166 2738 1280 2794 quo
1339 2725 1510 2792 pacto
1573 2737 1688 2776 non
1749 2722 1920 2776 modo

262 2820 460 2871 actum
492 2812 879 2880 interdixerit,
905 2812 1006 2866 sed
1038 2815 1096 2866 et
1122 2810 1406 2867 rationem
1442 2807 1693 2864 intuitus
1724 2807 1919 2880 prohi-

261 2903 476 2971 buerit,
527 2903 722 2958 sciens
778 2900 1054 2957 seandalo
1104 2915 1234 2956 esse
1258 2899 1470 2955 animae
1501 2897 1758 2953 hominis
1790 2897 1921 2954 illas

261 2993 511 3051 insidias
531 2991 558 3047 τί
587 2993 658 3046 At
687 2990 798 3046 tibi
824 2988 1027 3045 morbo
1053 2988 1256 3044 affecto
1282 2988 1448 3043 lusus
1469 3003 1536 3042 ea
1556 3003 1649 3042 res
1669 2986 1917 3041 videtur.

261 3081 558 3140 Hebetasti
587 3079 745 3136 enim
779 3078 1041 3135 animum
1071 3075 1460 3148 impudentia,
1491 3075 1669 3130 veluti
1699 3075 1918 3131 larvam

2054 586 2172 643 τοῖς
2205 581 2558 653 ἀποστόλοις,
2603 585 2693 640 καὶ
2737 593 2856 649 τοῖς
2910 586 3002 644 νῦν
3058 589 3370 646 πιστεύουσι
3427 593 3494 646 τὰ
3541 613 3716 668 πρατ-

2052 669 2276 742 τόμενα.
2310 671 2411 734 Τίς
2467 674 2534 742 ἦν
2568 675 2596 729 ὁ
2628 677 2853 754 γράφων
2915 682 3132 752 πρῶτον
3196 679 3478 753 μάθωμεν,
3512 683 3606 736 καὶ
3663 681 3712 736 εξ

2056 755 2124 813 δι’
2157 758 2452 830 ἐπιστολῆς
2495 763 2522 816 ὁ
2574 765 2840 836 μακάριος
2897 766 3240 831 Ἀπύστολος
3297 768 3577 844 ἐπέτρεψε,
3617 770 3713 826 καὶ

2054 846 2183 923 οὐχί
2251 847 2463 921 μᾶλλον
2519 851 2788 908 ἐκώλυσεν
2850 854 3068 929 αὐτοὺς,
3098 857 3284 913 ἑαυτὸν
3343 859 3512 914 τύπον
3574 881 3713 937 παρ-

2055 937 2325 1012 εχόμενος
2356 946 2515 994 πᾶσιν
2565 943 2726 1015 ἡμῖν’
2762 941 2988 1018 ο⁹ίδαμεν
3043 946 3144 1022 γὰρ
3205 947 3364 1002 αὐτὸν
3429 949 3562 1022 μετᾶ
3619 950 3714 1004 ἀν-

2053 1022 2195 1102 δρῶν
2224 1023 2633 1085 εύλαϐεστάτων
2681 1032 2856 1088 πάντα
2897 1034 2991 1089 τὸν
3029 1035 3230 1110 χρόνον
3282 1036 3713 1116 ἀναστραφέντα,

2049 1116 2139 1202 καὶ
2199 1115 2329 1192 οὐχὶ
2390 1119 2528 1190 μετὰ
2610 1127 2878 1194 γυναικῶν
2939 1124 3360 1200 ἀπρεπεστάτων
3425 1115 3720 1202 διάγοντα·

2051 1201 2177 1259 οὕτε
2235 1204 2329 1260 κᾶν
2390 1205 2667 1264 αἰδοῦνται
2716 1215 2878 1267 τοῦτο
2935 1211 3205 1288 λέγοντει.
3239 1201 3724 1290 Αίσχύνηνγκατα-

2049 1295 2361 1368 χεέσθωσαν
2421 1297 2471 1350 οἱ
2531 1297 2752 1362 ἑαυτοὺς
2809 1302 3001 1377 Πέτρῳ
3061 1307 3142 1375 τῷ
3196 1307 3558 1380 πρωτοστάτῃ
3601 1311 3709 1361 τῶν

2047 1381 2518 1452 ἆποοτόλων,καὶ
2574 1385 2896 1465 κλειδούχῳ
2954 1397 3056 1461 τῆς
3119 1390 3401 1467 βασιλείας
3451 1398 3559 1449 τῶν
3616 1393 3705 1449 ού-

2048 1476 2224 1546 ρανῶν
2315 1475 2714 1548 συγκρίνοντες,
2777 1478 2869 1533 καὶ
2967 1479 3263 1558 φάσκοντες
3300 1500 3314 1514 ⁸
3365 1483 3428 1537 Εἰ
3506 1481 3706 1547 ἐκεῖνος

2047 1561 2188 1635 εἶχεν
2249 1561 2555 1638 ἀγαπητὴν,
2615 1565 2705 1620 καὶ
2766 1568 2936 1639 ἡμεῖς
3012 1575 3130 1632 τοῖς
3219 1569 3423 1626 ἐκείνου
3500 1569 3703 1647 ἴχνεσιν

2046 1647 2547 1725 έπακολουθοῦμεν.
2609 1654 2710 1709 Καὶ
2765 1657 2913 1732 τάχα
2977 1656 3162 1720 καλῶς
3218 1655 3390 1735 ἔχεις.
3449 1662 3704 1737 ’Ἑγειρόν

2049 1745 2292 1814 μοιγοῦν
2327 1741 2400 1804 ὡς
2434 1741 2598 1806 αὐτὸς
2628 1744 2728 1813 τήν
2777 1740 3018 1802 Ταϐιθὰν
3076 1746 3137 1802 ἐκ
3191 1753 3396 1822 νεκρῶν
3457 1746 3546 1804 διὰ
3601 1755 3704 1817 τῆς

2041 1827 2275 1894 πίστεως
2301 1837 2399 1900 τῆς
2429 1829 2505 1895 εἰς
2532 1832 2623 1886 τὸν
2685 1833 2886 1909 Κύριον
2945 1838 3106 1909 ἡμῶν
3173 1835 3385 1908 Ἰησοῦν
3445 1840 3706 1914 Χριστὸν,

2034 1916 2126 1974 ’ίνα
2173 1919 2445 1975 πιστεύσω
2495 1942 2602 1991 σοι,
2635 1923 2718 1978 ὅτι
2760 1923 2854 1978 καὶ
2904 1923 2968 1980 σὺ
3019 1924 3471 2006 πνευματοφόρος
3514 1929 3580 2000 εἴ,
3612 1929 3704 1985 έκ-

2037 2007 2424 2081 πεπλησμένος
2476 2010 2623 2074 θείας
2682 2008 2990 2087 δυνάμεως.
3045 2015 3334 2086 Ἐξέλασόν
3407 2039 3499 2091 μοι
3575 2020 3703 2083 τοὺς

2039 2093 2321 2171 δαίμονας,
2355 2097 2446 2162 οὓς
2501 2099 2705 2163 ἐκεῖνος
2757 2101 3008 2175 ἐξήλασε,
3062 2105 3160 2170 τὰς
3216 2105 3430 2172 νόσους,
3457 2107 3550 2162 καὶ
3606 2109 3703 2172 τὰς

2039 2185 2224 2261 ἑτέρας
2281 2183 2502 2263 ἔργασαι
2561 2193 2870 2265 θεραπείας,
2935 2192 3063 2255 ὅσας
3133 2193 3442 2250 ἐπετέλεσεν
3497 2194 3703 2262 ἐκεῖνος

2036 2272 2087 2326 έν
2149 2279 2226 2346 οῷ
2287 2275 2514 2348 ὀνόματι
2572 2282 2672 2333 τοῦ
2729 2280 2930 2355 Κυρίου
2985 2283 3146 2354 ἡμῶν
3202 2284 3380 2354 Ἰησοῦ
3433 2286 3693 2361 Χριστοϋ’

2036 2362 2108 2417 ἐῶ
2139 2363 2242 2440 γὰρ
2272 2363 2468 2423 τᾶλλα.
2511 2368 2677 2423 ’Ὀταν
2715 2389 2810 2442 μοι
2844 2365 3046 2444 δείξῃς,
3078 2369 3201 2427 τότε
3255 2393 3340 2427 σοι
3399 2373 3695 2444 πιστεύσω,

2036 2451 2120 2506 ὅτι
2180 2452 2241 2508 οὐ
2299 2459 2564 2527 πυροῦσαι
2613 2456 2751 2532 πρὸς
2794 2457 2870 2512 “τὸ
2931 2460 3146 2533 θηρίον.
3205 2467 3271 2516 Ἡ
3323 2462 3428 2518 ούκ
3482 2463 3696 2527 ἀκούεις

2035 2541 2086 2626 τί
2120 2541 2266 2618 λέγει
2299 2543 2326 2598 ὁ
2358 2543 2556 2620 Κύριος
2606 2547 2768 2618 ἡμῶν
2818 2548 3030 2618 Ἰησοῦς
3080 2551 3335 2626 Χριστὸς,
3368 2550 3450 2606 ὅτι
3482 2553 3544 2610 Ὁ
3593 2551 3694 2626 ἐμ-

2034 2623 2241 2703 ϐλέψας
2313 2633 2528 2705 γυναικὶ
2608 2635 2748 2706 πρὸς
2821 2637 2887 2691 τὸ
2955 2623 3313 2712 ἐπιθυμῆσαι,
3363 2637 3472 2712 ἤδη
3533 2623 3693 2714 ἐμοί-

2031 2737 2223 2793 χευσεν
2278 2719 2445 2786 αὐτὴν
2495 2719 2549 2775 έν
2604 2726 2673 2796 τῇ
2729 2721 2927 2798 καρδίᾳ
2984 2726 3194 2796 αύτοῦ;
3255 2730 3321 2783 Ἢ
3385 2730 3555 2802 μῦθός
3605 2751 3690 2785 σοι

2029 2807 2410 2884 καταφαίνεται
2468 2808 2535 2863 τὰ
2606 2814 2703 2864 τοῦ
2782 2811 3117 2888 Εὗαγγελίου
3179 2815 3440 2890 disputa;
3503 2818 3689 2893 Ὁρᾷς,

2030 2894 2181 2957 ὅπως
2213 2895 2274 2950 οὐ
2318 2897 2483 2968 μόνον
2527 2897 2590 2952 τὸ
2629 2899 2885 2974 πράττειν
2935 2899 3227 2972 ἐκώλυσεν,
3259 2902 3408 2958 ἀλλὰ
3444 2905 3534 2958 καὶ
3592 2907 3687 2960 τὸν

2031 2991 2354 3059 χαρακτῆρα
2410 2993 2509 3055 τῆς
2567 2982 2745 3060 ὅψεως
2810 2988 2937 3059 ὁρᾷν
3007 2990 3324 3065 ἀπέτρεψεν,
3378 2989 3539 3056 εἰδὼς
3601 2992 3687 3049 ὅτι

2031 3070 2332 3128 σκάνδαλον
2383 3073 2452 3148 τῇ
2507 3079 2605 3129 τοῦ
2663 3073 2860 3151 ἀνδρὸς
2909 3080 3064 3152 ψυχῇ
3114 3077 3178 3132 τὸ
3224 3075 3478 3155 ἕνεδρονς
3511 3079 3694 3136 Ἀλλά

257 3171 427 3229 faciei
457 3171 769 3242 imponens
792 3172 927 3223 tute.
961 3167 1204 3240 Ignoras
1253 3180 1507 3237 namque
1537 3164 1597 3220 in
1630 3168 1918 3236 quantum

2036 3183 2116 3216 σοι
2146 3165 2226 3233 τῷ
2271 3161 2542 3237 πάσχοντι
2583 3162 2835 3239 παίγνιον
2881 3165 3264 3243 καταφαίνεται
3319 3167 3384 3221 τὸ
3441 3171 3688 3244 πρᾶγμαν

259 3260 635 3332 naufragium
681 3255 981 3313 incideris.
1016 3259 1400 3311 Revertamur
1450 3254 1522 3310 ad
1578 3259 1916 3311 sanctorum

259 3349 679 3424 prophetarum
711 3345 1007 3413 instituta,
1032 3359 1145 3416 quo
1170 3343 1344 3399 modo
1375 3359 1550 3399 omne
1575 3346 1810 3414 tempus
1837 3345 1922 3399 vi-

259 3446 332 3496 tae
364 3439 422 3494 in
457 3436 760 3493 montibus
790 3438 847 3492 et
877 3433 1142 3490 cavernis
1171 3435 1584 3504 transegerunt
1608 3455 1623 3500 ς
1646 3433 1864 3487 nedum
1887 3450 1922 3488 a

258 3527 533 3593 videnda,
563 3540 765 3582 verum
798 3523 974 3580 etiam
1025 3539 1058 3578 a
1107 3521 1420 3593 cogitanda
1469 3519 1716 3576 muliere
1756 3519 1816 3574 in
1848 3519 1920 3574 li-

262 3617 547 3672 bertatem
575 3612 804 3671 asserti.
828 3612 983 3670 Num
1007 3614 1063 3667 et
1088 3609 1171 3665 his
1195 3609 1297 3664 tibi
1325 3625 1493 3682 nugae
1517 3608 1759 3664 omnino
1780 3624 1920 3664 cen-

265 3707 554 3764 sebuntur
582 3708 604 3761 i’
633 3703 832 3758 Sentio
861 3699 1018 3756 enim
1069 3704 1127 3755 te
1177 3698 1556 3770 Opinionibu
1597 3696 1919 3753 multarum

268 3796 537 3851 inanium
562 3792 857 3849 rationum
886 3790 1153 3846 animum
1188 3787 1565 3843 delinientem
1598 3790 1788 3842 tuum.
1812 3787 1922 3842 Re-

267 3901 408 3942 voca
439 3885 497 3939 in
533 3881 878 3938 memoriam
911 3877 1255 3949 ejectionem
1287 3894 1318 3932 e
1348 3875 1644 3948 paradiso,
1673 3875 1923 3932 ruinam-

265 3990 380 4047 que
436 3970 664 4038 diluvii,
713 3973 770 4025 et
813 3968 1201 4023 Sodomorum
1251 3966 1578 4022 versionem
1639 3965 1798 4037 (quia
1848 3965 1923 4020 ob

267 4062 573 4119 mulierem
607 4058 760 4115 mala
799 4057 999 4113 omnia
1045 4056 1115 4111 ab
1162 4054 1330 4110 initio
1381 4055 1452 4110 ad
1507 4071 1694 4127 usque
1746 4055 1923 4111 finem

263 4152 654 4224 contingunt),
689 4146 995 4205 Samsonis
1017 4145 1170 4216 justi
1203 4143 1652 4216 proditiones,et
1672 4150 1924 4202 structas

261 4243 543 4298 adversus
572 4239 784 4311 Joseph
819 4235 1163 4310 praeclarum
1218 4233 1386 4288 illum
1439 4233 1738 4288 hominem
1791 4233 1924 4292 insi.

260 4332 408 4387 dias.
430 4331 640 4385 Veniat
670 4327 774 4382 tibi
807 4327 864 4381 in
900 4328 1156 4380 mentem
1190 4321 1466 4377 interitus
1496 4321 1666 4376 electi
1695 4324 1924 4393 generis

258 4421 620 4476 Judaeorum.
646 4418 713 4472 Et
745 4417 795 4471 si
825 4415 948 4470 ham
977 4414 1086 4470 tibi
1119 4428 1235 4469 non
1268 4410 1640 4484 persuadent,
1677 4426 1922 4481 persua-

259 4511 392 4566 deat
425 4507 660 4578 sapiens
692 4505 968 4560 Salomon
1021 4503 1079 4558 in
1134 4502 1283 4608 hanc
1306 4499 1668 4608 sententiam
1704 4499 1918 4608 alicubi
1954 4544 2000 4608 Β

259 4598 554 4671 loquens:
595 4597 787 4652 Vinum
832 4598 883 4649 et
928 4593 1134 4648 mulier
1181 4591 1589 4648 abalienabunt
1635 4588 1805 4646 corda
1825 4607 1920 4646 sa-

255 4691 508 4760 pientum
536 4686 598 4741 “.
634 4684 999 4757 Sapienlum,
1033 4681 1248 4754 inquit,
1278 4697 1353 4736 ne
1385 4683 1442 4736 et
1473 4679 1611 4735 huic
1657 4696 1921 4752 opponas

257 4778 581 4850 quidpiam,
616 4781 672 4832 et
703 4773 998 4844 abjectum
1051 4770 1277 4843 aliquid
1331 4769 1552 4825 sentias
1602 4769 1674 4824 de
1720 4770 1916 4826 verbo.

255 4867 468 4922 Vinum
512 4865 668 4921 enim
723 4861 1024 4919 hominem
1075 4858 1436 4932 ingrediens,
1495 4862 1920 4932 stuporemque

256 4955 558 5012 ebrietatis
589 4953 649 5009 in
683 4951 782 5008 illo
813 4949 1095 5019 efﬁciens,
1128 4947 1310 5006 veluti
1342 4947 1554 5003 ﬂuvius
1588 4949 1915 5019 exundans,

257 5048 514 5099 mentem
546 5058 779 5099 omnem
813 5040 1038 5111 impetu
1072 5054 1178 5094 suo
1211 5036 1448 5108 abripit,
1481 5041 1538 5093 et
1566 5037 1626 5093 in
1657 5037 1915 5096 furorem

256 5130 552 5186 hominem
587 5129 854 5201 impellit.
888 5128 1102 5183 Eadem
1131 5143 1260 5197 quae
1291 5125 1516 5195 vinum,
1553 5127 1672 5199 agit
1704 5128 1918 5184 mulier

254 5220 314 5274 in
347 5220 665 5274 hominem.
691 5217 1087 5285 Quamobrem
1114 5214 1526 5287 parcemiastes
1558 5217 1920 5289 comparavit

254 5309 454 5364 vinum
483 5324 613 5363 cum
647 5308 926 5378 muliere;
955 5313 1011 5363 et
1034 5322 1239 5363 omnes
1259 5304 1434 5360 etiam
1469 5306 1761 5376 prophetae
1784 5323 1916 5362 cum

257 5395 391 5452 aliis
420 5401 594 5466 atque
624 5396 755 5452 aliis
787 5397 978 5464 malis,
1004 5401 1061 5451 et
1089 5394 1392 5450 venenatis
1417 5393 1630 5450 belluis
1652 5394 1914 5450 contule-

256 5488 590 5556 runtgenus
601 5484 1180 5553 mulierum,virorum
1194 5483 1496 5540 animabus
1510 5483 1912 5554 perniciosum.

323 5699 368 5732 "
397 5700 522 5751 Act.
557 5713 636 5765 ιχ,
667 5696 756 5750 40.
831 5697 875 5731 ⁵³
903 5695 1106 5751 Matth.
1137 5715 1193 5764 ν,
1225 5697 1318 5752 28.
1396 5698 1441 5734 ⁶⁴
1473 5695 1649 5752 Eccli.
1683 5713 1801 5763 x1x,
1828 5699 1884 5752 2.

2035 3250 2323 3324 ἐπήρωσας
2381 3249 2483 3326 γάρ
2545 3271 2641 3306 σου
2707 3252 2771 3307 τὸ
2848 3252 3104 3331 φρόνημα
3168 3257 3238 3328 τῇ
3315 3254 3693 3331 ἀναισχυντίᾳ,

2030 3339 2380 3412 προσωπείου
2414 3337 2570 3410 δίκην
2623 3345 2704 3413 τῷ
2760 3342 3045 3416 προσώπῳ
3096 3362 3193 3397 σου
3245 3341 3692 3420 έμπεριθέμενος·

2031 3428 2242 3504 ἀγνοεῖς
2302 3429 2405 3504 γὰρ
2464 3428 2648 3501 ἡλίκῳ
2703 3431 2952 3503 ναυαγίῳ
3003 3433 3445 3506 περιπέπτωκας.
3495 3435 3694 3490 Ἐπαν-

2031 3517 2277 3590 έλθωμεν
2310 3515 2398 3571 ἐπὶ
2427 3517 2557 3580 τοὺς
2588 3522 2695 3572 τῶν
2730 3517 2897 3592 ἁγίων
2957 3526 3255 3596 προφητῶν
3309 3530 3689 3600 χαρακτῆρας,

2032 3604 2182 3668 ὅπως
2231 3604 2324 3660 τὸν
2384 3605 2592 3660 ἅπαντα
2645 3606 2846 3682 χρόνον
2916 3614 3017 3677 τῆς
3080 3614 3224 3679 ζωῆς
3284 3609 3336 3666 έν
3390 3607 3538 3685 ὄρεσι
3597 3613 3689 3668 καὶ

2033 3693 2330 3764 σπηλαίοις
2382 3689 2677 3770 διέτριϐον,
2738 3695 2803 3750 οὐ
2859 3695 3025 3770 μόνον
3085 3702 3184 3753 τοῦ
3263 3699 3391 3776 ὁρᾷν
3465 3707 3691 3776 γυναῖκα

2011 3781 2532 3857 ἀπαλλαττόμενοι,
2586 3781 2734 3840 ἀλλᾶ
2771 3785 2872 3862 γὰρ
2929 3785 3020 3841 καὶ
3066 3791 3168 3842 τοῦ
3220 3786 3584 3862 ἐνθυμεῖσθαι.
3617 3792 3685 3848 Ἢ

2031 3872 2122 3928 καὶ
2152 3871 2315 3928 τοῦτό
2348 3893 2433 3927 σοι
2488 3873 2708 3936 πάντως
2758 3872 2933 3948 λῆρος
2980 3878 3413 3954 καταφανήσεται
3443 3904 3458 3947 ς
3491 3877 3688 3936 Βλέπω

2033 3962 2137 4039 γάρ
2169 3984 2228 4018 σε
2273 3964 2363 4018 καὶ
2416 3961 2710 4018 ἀντιθέσεσι
2757 3961 2987 4020 πολλῶν
3040 3963 3219 4042 λόγων
3267 3971 3436 4023 κενῶν
3493 3970 3687 4024 σαυτὸν

2033 4050 2551 4127 παραμυθούμενον.
2604 4054 2888 4124 Μνήσθητι
2938 4060 3040 4124 τῆς
3088 4053 3148 4110 έκ
3201 4060 3300 4110 τοῦ
3356 4057 3687 4134 παραδείσου

2036 4137 2295 4210 ἐκϐολῆς,
2354 4142 2445 4196 καί
2500 4145 2597 4196 τοῦ
2651 4141 2881 4218 ὀλέθρου
2966 4148 3064 4198 τοῦ
3137 4144 3546 4220 κατακλυσμοῦ,
3595 4146 3684 4202 καὶ

2033 4237 2134 4300 τῆς
2181 4235 2288 4284 τῶν
2345 4227 2667 4304 Σοδομιτῶν
2717 4239 3122 4310 καταστροφῆς,
3174 4234 3256 4289 δτι
3312 4232 3404 4290 διὰ
3457 4241 3685 4312 γυναῖκα

2035 4319 2208 4374 πάντα
2260 4319 2329 4373 τὰ
2381 4319 2522 4374 κακὰ
2579 4317 2630 4389 ἐξ
2679 4319 2856 4396 ἀρχῆς
2907 4319 3073 4396 μέχρι
3102 4321 3298 4386 τέλους
3329 4323 3556 4399 γίνεται,
3585 4333 3686 4395 τῆς

2032 4411 2129 4462 τοῦ
2162 4407 2403 4482 Σαμψὼν
2434 4413 2531 4463 τοῦ
2562 4405 2774 4464 δικαίου
2805 4407 3225 4485 προδοσίας,καὶ
3245 4419 3345 4482 τῆς
3366 4415 3684 4490 τοῦἸωσήφ

2035 4494 2242 4551 ἐκείνου
2300 4501 2396 4552 τοῦ
2446 4495 2696 4572 ἐναρέτου
2755 4495 3078 4569 ἐπιϐουλῆς.
3132 4501 3524 4574 Μνημόνευσον
3585 4511 3686 4574 τῆς

2029 4591 2126 4640 τοῦ
2159 4585 2414 4643 ὶκλεκτοῢ
2462 4585 2651 4659 γένους
2699 4591 2809 4642 τῶν
2857 4585 3133 4644 Ἰουδαίων
3173 4589 3470 4653 ἀπωλείας.
3507 4591 3569 4648 Εἰ
3626 4590 3684 4648 δὲ

2028 4675 2194 4730 ταῦτά
2251 4696 2308 4731 σε
2362 4675 2423 4731 ού
2481 4677 2676 4744 πείθει,
2740 4674 3008 4750 Σολομὼν
3070 4677 3097 4732 ὁ
3149 4679 3316 4754 σοφός
3356 4701 3414 4735 σε
3442 4681 3682 4737 πεισάτω

2031 4762 2138 4820 ὧδέ
2227 4787 2303 4837 πη
2389 4764 2565 4841 λέγων
2600 4784 2613 4798 ’
2674 4766 2832 4828 Οἶνος
2914 4766 3003 4821 καὶ
3087 4769 3224 4842 γυνή
3308 4768 3680 4842 ἀποστήσουσι

2027 4853 2252 4932 καρδίας
2302 4860 2503 4931 σοφῶν.
2565 4858 2782 4932 Σοφῶν,
2841 4855 3008 4924 εἶπεν,
3057 4854 3150 4912 ’ίνα
3211 4859 3287 4932 μή
3355 4859 3445 4914 καὶ
3499 4860 3680 4933 τούτῳ

2028 4949 2302 5021 παρενθῇς
2329 4967 2404 5014 τι,
2435 4945 2523 5000 καὶ
2555 4942 2790 5009 εὐτελῶς
2847 4948 3120 5022 φρονήσῃς
3161 4947 3286 5020 περὶ
3343 4953 3441 5004 τοῦ
3485 4947 3678 5025 ῥητοῦ.

2026 5039 2087 5094 Ὁ
2144 5037 2245 5112 γὰρ
2305 5036 2449 5098 οἶνος
2502 5033 2580 5097 εἷς
2637 5033 2730 5090 τὸν
2789 5031 3070 5112 ἄνθρωπον
3129 5033 3410 5106 εἷ’σδύνων,
3440 5040 3527 5094 καὶ
3583 5040 3680 5094 κά-

2029 5148 2193 5202 ρωσιν
2259 5127 2426 5198 μέθης
2484 5123 2537 5179 έν
2578 5122 2726 5197 αὐτῷ
2785 5123 3168 5200 έργαζόμενος,
3201 5124 3382 5200 ὥσπερ
3427 5130 3677 5202 ποταμὸς

2025 5213 2406 5289 πλημμυρῶν,
2443 5212 2572 5268 ὅλον
2604 5214 2666 5269 τὸ
2715 5213 2973 5291 φρόνημα
3008 5217 3088 5286 τῷ
3139 5214 3328 5269 ἑαυτοῦ
3384 5216 3679 5292 ῥοιζήματι

2025 5303 2343 5379 παρασύρει,
2401 5304 2490 5358 καὶ
2550 5303 2628 5367 εἷς
2687 5302 2872 5376 μανίαν
2927 5303 3044 5376 ἄγει
3097 5303 3190 5357 τὸν
3247 5304 3548 5381 ἄνθρωπον.
3595 5307 3679 5366 Τὰ

2025 5393 2161 5448 αὐτὰ
2214 5393 2304 5446 καὶ
2351 5395 2386 5462 ἠ
2435 5393 2570 5468 γυνὴ
2623 5396 2703 5463 τῷ
2763 5389 2892 5462 οἵνῳ
2950 5388 3328 5467 διαπράττεται
3386 5397 3523 5450 κατᾶ
3576 5403 3676 5453 τοῦ

2026 5482 2336 5558 ἀνθρώπου.
2371 5483 2463 5536 Διὸ
2496 5479 2563 5550 δὴ
2603 5480 2692 5535 καὶ
2742 5481 2769 5534 ὁ
2813 5484 3220 5554 παροιμιαστής
3259 5484 3674 5560 παρεπλησίασε
