4124 6370
457 361 575 419 817

1548 354 1816 418 SERMO
1861 356 1962 416 DE
2007 356 2800 422 CONTUBERNALIBUS.

3763 355 3883 414 818

453 493 547 547 τὸν
584 493 734 546 οἶνον
763 493 833 564 τῇ
865 488 1106 566 γυναικί·
1137 488 1228 545 καὶ
1253 490 1450 551 πάντες
1482 487 1540 543 δὲ
1569 489 1620 543 οἱ
1651 494 1927 564 προφῆται
1955 485 2237 566 διαφόροις
2262 496 2452 554 κακοῖς
2479 491 2568 546 καὶ
2603 492 2821 567 θηρίοις
2856 487 3104 554 ἰοϐόλοις
3143 486 3592 566 παρεπλησίασαν
3624 487 3689 542 τὸ
3725 487 3882 563 γίνος

465 585 571 636 τῶν
602 583 894 655 γυναικῶν,
926 579 987 633 τὸ
1019 576 1264 634 ἀπόλλον
1295 578 1390 640 τὰς
1423 578 1604 652 ψυχὰς
1637 582 1742 632 τῶν
1775 577 2094 654 ἀνθρώπων.

530 673 583 726 3.
619 668 776 725 Ἀλλ’
837 666 963 724 οὖδὶ
1008 669 1176 724 ταῦτα
1219 689 1278 722 σε
1317 667 1507 722 πείθει·
1567 667 1816 742 παίγνιον
1869 667 1970 744 γὰρ
2033 669 2104 729 ὡς

2289 671 2344 725 2.
2399 673 2470 726 At
2502 688 2690 743 neque
2724 672 2835 728 ista
2870 671 2974 727 tibi
3009 671 3402 744 persuadent;
3452 668 3680 724 ludicra
3719 665 3877 723 enim

465 758 610 814 ἔοικε
665 757 838 814 πάντα
896 779 979 813 σοι
1039 758 1470 833 καταφαίνεται.
1537 753 1775 819 Ἔϐυσας
1832 758 1932 831 γὰρ
1981 757 2109 811 ὡσεὶ

458 846 688 910 ἀσπίδος
735 855 928 924 κωφῆς
995 847 1063 903 τά
1110 848 1224 902 ὦτά
1279 869 1409 916 σου,
1487 847 1562 920 μὴ
1635 846 1930 902 εἶσακοόων
2001 851 2110 900 τῶν

460 937 617 993 θείων
651 941 902 1015 Γραφῶν.
935 937 1033 991 Καὶ
1085 933 1280 991 λοιπὸν
1314 933 1373 990 δὶ
1401 935 1492 990 καὶ
1525 934 1686 997 αὐτὸς
1737 934 1812 996 εἷς
1861 932 2109 1009 θηριώδη

419 1027 662 1099 ·τρόπον
713 1023 1060 1100 μετήλλαξας
1111 1045 1207 1080 σου
1253 1025 1354 1093 τὴν
1400 1024 1592 1102 φύσιν,
1650 1027 1718 1098 τῇ
1767 1027 1865 1080 τοῦ
1917 1025 2113 1100 θηρίου

460 1115 704 1186 συνοικίᾳ
761 1115 1074 1188 ὁμότροπος
1134 1113 1270 1189 αὐτῇ
1338 1113 1670 1189 γενόμενος·
1743 1114 1812 1182 ἧς
1881 1113 1948 1166 τα
2016 1113 2110 1186 μὲν

460 1203 680 1281 ῥήματα
718 1199 946 1272 εὕλαλα,
978 1204 1066 1257 καὶ
1099 1204 1134 1272 ἡ
1168 1204 1322 1280 φωνή
1370 1199 1550 1273 ἡδεῖα,
1582 1204 1617 1272 ἡ
1653 1198 1710 1256 δὲ
1740 1202 1892 1276 ψυχὴ
1925 1199 2111 1276 ἀγρία,

457 1293 548 1348 καὶ
577 1294 640 1348 τὸ
689 1293 950 1371 φρόνημα
997 1291 1328 1367 δρακόντων,
1379 1291 1469 1346 καὶ
1511 1294 1546 1360 ἡ
1574 1289 1890 1366 προαίρεσις
1940 1287 2110 1364 ἐρπη-

453 1386 680 1449 στικῶν,
736 1381 827 1436 καὶ
883 1382 946 1436 τὸ
1008 1381 1236 1458 βλέμμα
1296 1381 1624 1453 πυρίπνουν,
1683 1379 1864 1434 καὶτὸ
1895 1375 2114 1457 φίλημα

457 1466 701 1527 ἰοϐόλον·
747 1470 836 1526 καὶ
885 1471 1032 1545 ἀγὼν
1083 1471 1246 1543 αὐτῇ,
1279 1468 1434 1532 ὅπως
1480 1472 1550 1542 τῇ
1585 1473 1691 1524 τῶν
1725 1466 1909 1542 λόγων
1936 1465 2113 1522 κολα-

456 1558 615 1630 κείᾳ,
661 1559 752 1616 καὶ
809 1563 878 1634 τῇ
937 1566 1040 1626 τῆς
1098 1559 1424 1633 προσόψεως
1482 1557 1678 1631 ἀπάτῃ,
1739 1558 1827 1612 καὶ
1887 1560 1956 1630 τῇ
2012 1561 2110 1611 τοῖ’)

455 1646 772 1726 φιλήματος
829 1643 1119 1725 προσϐολῇ
1175 1647 1410 1722 ἐκπτόσῃ
1455 1649 1521 1703 τὸ
1559 1646 1748 1720 θηρίον
1779 1647 1868 1701 τὸν
1923 1647 2003 1701 ἰὸν
2033 1645 2110 1707 εἲς

451 1739 545 1793 τὸν
585 1742 683 1793 τοῦ
713 1735 906 1794 ἀθλίου
937 1735 1206 1814 λάρυγγα.
1265 1738 1570 1812 Παρασόρει
1600 1741 1729 1812 γοῦν
1764 1733 1959 1792 λοιπὸν
2008 1736 2107 1805 τὴν

453 1823 718 1893 διάνοιαν,
763 1827 855 1881 καὶ
905 1831 1069 1902 καροῖ
1113 1825 1175 1882 τό
1225 1827 1505 1904 φρόνημα,
1555 1825 1646 1880 καὶ
1693 1825 1822 1880 αὐτὸ
1861 1824 1924 1879 τὸ
1975 1825 2106 1899 ἠγε-

457 1916 677 1989 μονικὸν
733 1914 1153 1991 ἀκρωτηριάζει,
1198 1915 1290 1969 καὶ
1336 1915 1569 1985 ἐξίστησι
1638 1914 1730 1968 τὸν
1799 1917 1948 1968 νοῦν·
2018 1911 2108 1968 καὶ

2227 761 2471 814 fortasse
2519 761 2718 816 omnia
2765 761 2870 816 tibi
2915 761 3209 816 videntur.
3266 759 3568 815 Obturasti
3625 771 3878 828 namque

2221 849 2686 918 quemadmodum
2718 849 2924 920 aspidis
2951 849 3136 905 surda
3165 849 3209 883 “
3240 864 3412 904 aures
3442 851 3598 915 tuas,
3632 863 3748 901 non
3780 861 3880 900 ex-

2223 936 2470 992 audiens
2497 936 2724 992 divinas
2758 938 3091 1010 Scripturas
3121 955 3134 993 :
3168 954 3235 992 ac
3283 941 3565 1008 praeterea
3609 939 3728 991 tute
3759 934 3883 1006 ipse

2225 1025 2475 1081 ferinum
2531 1027 2590 1081 in
2641 1027 2883 1081 modum
2932 1030 3202 1082 naturam
3247 1025 3492 1082 mutasti
3527 1029 3716 1094 tuam,
3753 1024 3887 1078 fera;

2222 1114 2604 1170 contubernio
2637 1115 2902 1170 moribus
2933 1113 3148 1171 similis
3193 1114 3354 1171 illius
3401 1114 3680 1170 etl‘ectus:
3715 1113 3887 1184 cujus

2223 1203 2462 1275 quidem
2495 1205 2670 1260 verba
2700 1203 2992 1278 elegantia
3022 1208 3184 1274 sunt,
3213 1210 3272 1260 et
3297 1221 3406 1259 vox
3430 1203 3719 1275 jucunda,
3753 1201 3887 1258 ani-

2223 1309 2320 1347 ma
2352 1308 2484 1348 vero
2516 1293 2788 1366 agrestis,
2823 1299 2881 1349 et
2912 1310 3079 1349 mens
3119 1294 3467 1359 draconum,
3514 1292 3886 1365 propositum

2222 1383 2652 1454 serpentinum,
2683 1384 2928 1439 obtutus
2975 1385 3169 1456 ignem
3221 1383 3475 1454 spirans,
3516 1387 3573 1437 et
3613 1381 3885 1438 osculum

2220 1487 2511 1529 venenum
2543 1473 2844 1544 ejaculans
2876 1474 3046 1544 cujus
3097 1473 3356 1528 studium
3404 1487 3578 1527 omne
3624 1476 3732 1538 est,
3769 1486 3884 1542 quo

2224 1562 2399 1616 modo
2433 1562 2553 1618 fera
2581 1563 2891 1617 verborum
2922 1560 3450 1630 assentationibus,
3485 1560 3687 1615 fraude
3718 1575 3884 1632 aspe-

2223 1653 2378 1716 ctus,
2411 1653 2467 1706 et
2493 1650 2678 1706 osculi
2707 1651 3094 1723 impressione
3116 1666 3404 1706 venenum
3428 1650 3487 1704 in
3522 1649 3720 1705 miseri
3747 1653 3883 1720 gut-

2219 1743 2318 1794 tur
2349 1740 2638 1797 infundat.
2671 1740 2900 1813 Abripit
2944 1757 3080 1813 ergo
3133 1744 3397 1796 actutum
3440 1737 3881 1810 cogitationem,

2221 1828 2580 1884 intellectum
2613 1829 2909 1896 obtundit,
2946 1829 3230 1885 rationem
3263 1829 3456 1900 ipsam
3487 1827 3886 1895 0btruncat,et

2221 1921 2477 1972 mentem
2511 1917 2793 1989 percellit.
2828 1919 2894 1973 Et
2931 1917 3107 1973 veluti
3142 1917 3537 1974 medicamina
3566 1931 3696 1989 qua
3735 1916 3884 1971 dan-

454 2003 638 2081 ὥσπερ
715 2006 784 2060 τὰ
854 2005 1114 2082 φάρμακα
1187 2005 1257 2058 τὰ
1331 2001 1593 2076 διδόμενα
1645 2003 1782 2079 πρὸς
1837 2002 2104 2077 ἀναίρεσιν

519 2099 542 2108 -
640 2094 654 2108 .
699 2095 722 2108 η
789 2095 801 2108 ,
1191 2099 1214 2108 -
1307 2095 1319 2108 .
1467 2092 1479 2108 .
1783 2097 1793 2108 .
1847 2091 1897 2108 ..ε
2052 2093 2066 2108 .

2219 2011 2316 2061 tur
2345 2006 2686 2063 hominibus
2711 2011 2774 2063 ut
2803 2024 2834 2062 e
2867 2007 3059 2063 medio
3084 2005 3596 2076 tollantur,veneni
3630 2005 3888 2061 acrimo-

449 2099 570 2155 τοῖς
630 2094 965 2169 ἀνθρώποις,
1025 2099 1214 2149 σκοτοῖ
1260 2095 1361 2163 τήν
1420 2092 1650 2164 σύνεσιν,
1705 2097 1795 2148 καὶ
1843 2091 1973 2148 δλον
2010 2093 2103 2147 τὸν

450 2183 739 2258 ἄνθρωπον
771 2181 851 2244 εἷς
903 2182 1255 2255 ἀναισθησίαν
1305 2181 1600 2258 παρασύρει
1653 2185 1722 2256 τῇ
1775 2186 1872 2237 τοῦ
1925 2179 2104 2252 δηλη-

445 2269 644 2347 τηρίου
677 2271 980 2344 ἀποτομία,
1009 2275 1091 2344 τῷ
1121 2271 1270 2344 αὐτῷ
1303 2269 1457 2347 λόγῳ
1486 2271 1574 2327 καὶ
1605 2273 1640 2342 ἡ
1673 2273 1810 2346 γυνή
1866 2268 1956 2326 δια
2004 2275 2106 2326 τοῦ

448 2361 768 2436 φιΛήματος
796 2356 1166 2416 καταϐλάπτει
1191 2361 1284 2416 τὸν
1307 2357 1546 2436 ολογικὸν
1579 2357 1863 2437 ἄνθρωπον
1913 2359 2104 2436 ἀλόγῳ

447 2449 602 2524 ὁρμῇ
657 2449 994 2525 ὑπαχθίντα,
1046 2449 1138 2505 καὶ
1193 2451 1257 2505 τὸ
1317 2447 1405 2506 διὰ
1449 2448 1678 2506 πολλῶν
1737 2447 1956 2527 χορδῶν
2013 2448 2104 2504 καὶ

447 2538 650 2612 ἀρετῶν
733 2537 1084 2613 συγκείμενον
1163 2538 1440 2608 κινητικὸν
1518 2536 1774 2614 ὄργανον,
1841 2540 1903 2593 τὸ
1978 2538 2105 2593 αὐτ-

447 2625 710 2696 εξούσιον,
741 2628 805 2682 τὸ
830 2625 1063 2690 θεοειδὲς
1091 2633 1191 2696 τῆς
1219 2631 1427 2704 ψυχῆς,
1475 2625 1544 2682 δι’
1575 2629 1694 2693 ἑνὸς
1722 2625 1952 2704 δολεροῦ
2004 2627 2102 2704 ῥή-

453 2736 644 2789 ματος,
702 2714 739 2785 ἢ
789 2715 1028 2793 χειλέων
1069 2717 1420 2792 συρίσματος,
1471 2719 1506 2789 ἢ
1555 2717 1858 2796 ὀφθαλμῶν
1902 2717 2103 2791 νεύμα-

448 2825 564 2872 τος,
617 2805 796 2881 ὥσπερ
845 2827 898 2860 τι
949 2804 1166 2882 ἄψυχον
1234 2802 1465 2883 ὄργανον
1526 2804 1633 2862 ὧδε
1697 2807 1914 2862 κάκεῖσε
1965 2809 2104 2862 ὅπου

455 2891 710 2967 βούλεται
771 2896 1092 2972 περιφέρει,
1165 2894 1256 2950 καὶ
1329 2895 1510 2972 ὥσπερ
1583 2894 1826 2961 θάλασσα
1897 2895 2102 2969 κυμαί-

447 3001 633 3050 νουσα,
683 2981 814 3037 ὅλον
857 2983 922 3038 τὸ
973 2988 1135 3057 σῶμα
1176 2990 1296 3047 ταῖς
1343 2985 1514 3056 αὑτῆς
1542 2987 1740 3061 ὁρμαῖς
1782 2985 2100 3060 παρασύρει.

451 3071 554 3128 Καὶ
585 3069 726 3126 ἔστιν
757 3069 889 3128 ἰδεῖν
923 3071 1118 3128 λοιπὸν
1148 3075 1242 3129 τὸν
1294 3071 1508 3146 όίθλιον,
1559 3075 1650 3130 τὸν
1703 3073 1956 3138 ἆλεεινὸν,
2007 3075 2099 3130 τὸν

448 3159 645 3222 παντὸς
677 3157 865 3216 οίειτου
912 3158 1080 3232 ἂὶξιον,
1139 3163 1234 3217 τὸν
1295 3164 1510 3218 συνετὸν
1565 3162 1616 3218 ἐν
1676 3165 1959 3242 φρονήσει,
2009 3162 2102 3218 τὸν

453 3247 530 3312 εἰς
587 3245 752 3317 ἄκρον
821 3254 1214 3326 γραμματικῆς
1275 3250 1587 3326 ἐπιστήμης
1655 3248 1934 3326 ἔμπειρον,
2009 3251 2100 3306 καὶ

449 3344 771 3416 σοφιστικῆς
817 3339 1068 3415 τεχνίτην
1113 3336 1489 3414 διδασκαλίας,
1528 3343 1620 3398 τὸν
1674 3341 1922 3418 ἰατρικῆς
1979 3361 2101 3414 μετ-

446 3415 646 3502 ἐχοντα
701 3425 1033 3502 ἐπιστήμης,
1092 3430 1186 3484 τὸν
1255 3431 1526 3486 παντοίων
1586 3415 1849 3507 ἔμπειρον
1914 3449 2094 3506 γραμ-
2129 3415 2171 3482 C

450 3517 655 3590 μάτων,
712 3517 748 3588 ἢ
804 3518 893 3572 καὶ
950 3521 1059 3574 τῶν
1113 3518 1270 3574 θείων
1329 3518 1513 3596 λόγων
1570 3521 1868 3596 ἀναγνώσει
1909 3520 2096 3575 ἑαυτὸν

446 3603 837 3676 ἒπιδεδωκότα,
891 3607 980 3662 καὶ
1038 3607 1130 3663 τὸν
1165 3611 1380 3686 μονήρη
1425 3610 1543 3682 βίον
1598 3609 1874 3673 πολλάκις
1933 3609 2100 3666 ἰπαν-

448 3693 730 3766 ελόμενον,
780 3697 868 3751 καὶ
922 3695 1250 3767 Ἐκκλησίας
1282 3696 1616 3775 προῦχοντα,
1661 3699 1841 3775 ὥσπερ
1877 3721 1923 3756 τι
1959 3704 2098 3769 ζῶον

449 3780 663 3845 εὐτελὲς
691 3783 926 3858 σχοινίῳ
969 3781 1278 3858 δεδεμένον,
1320 3787 1414 3843 καὶ
1460 3787 1568 3844 ὦδε
1615 3790 1771 3845 κάκεῖ
1811 3789 2099 3866 ριπιζόμε-

448 3889 563 3924 νον’
597 3866 759 3940 ἔδησε
795 3870 897 3947 γάρ
930 3869 1020 3928 διὰ
1066 3880 1168 3944 τῆς
1211 3873 1549 3932 ἆπιπλάστου
1596 3879 1830 3955 ἀγάπης,
1884 3877 2096 3952 μᾶλλον

450 3956 528 4026 δὶ,
563 3958 608 4014 εἰ
635 3957 719 4015 δεῖ
763 3959 1002 4032 τάληθὲς
1052 3959 1256 4039 λέγειν,
1290 3971 1390 4035 τῆς
1437 3964 1690 4042 αἰσχρᾶς.
1741 3967 1844 4024 Καὶ
1895 3965 2098 4044 γίνεται

449 4045 646 4104 λοιπὸν
694 4047 980 4128 ἐπιταφίου
1033 4055 1237 4127 θρήνου
1268 4055 1296 4109 ὁ
1337 4054 1588 4118 τοιοῦτος
1617 4053 1785 4126 ἄξιος,
1845 4057 1933 4111 καὶ
1995 4061 2097 4126 ζῶν

445 4135 798 4211 κλαιόμενος,
856 4138 947 4195 καὶ
1025 4141 1310 4198 ἀποθανὼν
1373 4143 1742 4217 πενθούμενος
1777 4188 1790 4201 .
1852 4145 1948 4199 Καὶ
1997 4147 2097 4220 γὰρ

451 4230 556 4295 ζῶν
615 4226 899 4302 ἀπέθανεν,
973 4229 1156 4308 ὥσπερ
1235 4231 1290 4288 ἐν
1357 4234 1513 4309 τάφῳ
1567 4239 1645 4307 τῷ
1703 4233 1828 4308 ἰδίῳ
1886 4236 2098 4308 σώματι

445 4320 734 4372 κατοικῶν’
814 4319 901 4374 καὶ
981 4320 1289 4394 ἀποθανὼν,
1370 4319 1568 4386 δισσῶς
1624 4324 1869 4384 ἀπέθανε.
1926 4325 2099 4402 κρίσει

446 4405 668 4480 γεέννης
698 4407 870 4483 πυρὸς
903 4407 1124 4465 αἰωνίου
1153 4409 1548 4486 κολαζόμενος.

521 4496 574 4582 ﬁ.
603 4493 668 4550 Τί
699 4499 787 4550 νῦν
847 4497 1046 4573 Λέγεις,
1074 4500 1121 4554 ὧ
1147 4505 1258 4556 τῶν
1289 4501 1493 4558 ἀθλίων
1525 4503 1844 4582 ἀθλιώτερε,
1902 4506 1948 4560 ὦ
1998 4512 2099 4576 τῆς

447 4581 638 4646 κακίας
695 4589 918 4659 γεῖτον;
974 4592 1088 4644 Ποῦ
1143 4611 1241 4646 σου
1295 4592 1364 4648 τὰ
1392 4591 1563 4666 σεμνὰ
1595 4581 1942 4670 βαδίσματας
1995 4599 2100 4651 ποῦ

449 4692 548 4764 σου
593 4675 708 4747 (84)
760 4671 838 4737 εἷς
890 4672 1052 4752 ἄκρον
1102 4677 1367 4753 παιδεία;
1416 4687 1524 4738 ποῦ
1580 4679 1639 4738 δὶ
1695 4685 1723 4739 ὁ
1778 4691 1846 4755 τῆ
1909 4684 2100 4764 σοφίας

2219 2096 2316 2151 nia
2345 2096 2555 2152 rationi
2588 2097 2860 2153 tenebras
2883 2097 3220 2159 otfundunt,
3245 2099 3558 2167 totumque
3580 2093 3886 2150 hominem

2217 2185 2277 2240 in
2310 2190 2610 2258 stuporem
2645 2190 2868 2258 agunt:
2895 2186 3050 2240 haud
3086 2201 3255 2241 secus
3289 2183 3500 2240 mulier
3527 2198 3762 2254 quoque
3781 2199 3884 2254 per

2215 2273 2484 2330 osculum
2518 2274 2670 2330 mals
2701 2275 2884 2330 afﬁcit
2916 2273 3266 2330 rationalem
3311 2273 3616 2328 hominem
3648 2271 3883 2326 irratio-

2215 2363 2333 2418 nali
2367 2363 2588 2436 impetu
2621 2364 2894 2433 delatum,
2928 2364 3247 2436 ipsumque
3294 2361 3500 2418 multis
3551 2359 3792 2416 chordis
3823 2363 3881 2416 et

2215 2453 2438 2508 viribus
2467 2458 2747 2510 constans
2765 2453 2982 2509 mobile
3002 2449 3632 2526 0rganum,arbitrium
3656 2449 3876 2521 ipsum,

2215 2547 2273 2598 et
2301 2543 2557 2599 divinam
2590 2543 2799 2598 animae
2852 2543 3168 2615 imaginem
3200 2541 3372 2596 unico
3422 2539 3625 2595 doloso
3675 2538 3874 2608 verbo,

2215 2637 2318 2688 aut
2350 2632 2642 2688 labiorum
2672 2632 2869 2697 sibilo,
2889 2631 2980 2687 vel
3011 2629 3316 2687 oculorum
3339 2629 3525 2697 nietu,
3551 2644 3656 2685 ceu
3688 2628 3878 2700 quod-

2214 2722 2348 2777 dam
2375 2721 2635 2777 inanime
2665 2737 2954 2794 organum
2980 2720 3092 2776 huc
3114 2719 3274 2784 illuc,
3300 2735 3415 2792 quo
3446 2717 3594 2784 vult,
3621 2716 3875 2772 circum-

2213 2811 2358 2882 agit,
2391 2815 2448 2866 et
2474 2810 2652 2868 veluti
2684 2827 2847 2867 mare
2884 2813 3238 2874 exaestuans,
3269 2813 3457 2865 totum
3490 2823 3702 2880 corpus
3735 2823 3872 2878 pro-

2215 2902 2340 2972 prio
2371 2901 2589 2974 abripit
2620 2901 2862 2974 impetu.
2898 2901 3086 2965 Quare
3115 2898 3254 2954 licet
3293 2898 3492 2953 videre
3525 2896 3680 2952 hunc
3710 2900 3876 2951 caete-

2212 2990 2424 3062 roquin
2458 2991 2762 3055 miserum,
2789 2989 2948 3044 hunc
2981 2989 3274 3044 infelicem
3301 2986 3688 3052 hominem,et
3712 2987 3872 3042 omni

2211 3079 2456 3151 dignum
2485 3077 2908 3145 misericordia,
2934 3079 3092 3133 hunc
3113 3077 3439 3150 sapientem
3465 3074 3874 3148 intelligentia,

2212 3168 2368 3224 hunc
2381 3185 2559 3240 quam
2586 3169 2840 3224 maxime
2861 3167 3247 3239 grammatica
3270 3165 3587 3240 pollentem
3607 3163 3874 3237 scientia,

2209 3263 2267 3314 et
2295 3258 2629 3331 sophistica:
2656 3257 3008 3328 magistrum
3031 3254 3542 3328 disciplinm,huno
3565 3252 3872 3311 medicinas

2211 3347 2420 3421 peritia
2448 3346 2777 3416 callentem,
2811 3346 2968 3402 hunc
2997 3346 3174 3401 variis
3215 3345 3514 3401 imbutum
3543 3343 3778 3412 litteris,
3811 3347 3870 3400 et

2211 3437 2309 3510 qui
2343 3454 2404 3493 se
2435 3436 2523 3493 vel
2555 3437 2886 3493 divinorum
2918 3450 3256 3492 sermonum
3287 3433 3525 3491 lectioni
3551 3433 3864 3504 dediderit,

2210 3543 2276 3583 ac
2310 3526 2694 3582 monasticam
2725 3527 2903 3582 vitam
2936 3525 3152 3598 saepius
3185 3523 3358 3580 fuerit
3401 3523 3724 3595 professus,
3755 3523 3863 3578 Ec-

2208 3615 2399 3672 clesia:
2428 3616 2566 3673 item
2600 3615 2914 3688 praefuerit,
2937 3631 3041 3670 ceu
3063 3613 3176 3670 vile
3193 3613 3489 3686 quoddam
3515 3612 3858 3684 jumentum

2210 3711 2364 3762 reste
2394 3705 2748 3770 devinctum,
2776 3713 2829 3761 et
2860 3704 2976 3760 huc
3003 3703 3263 3776 illucque
3282 3702 3662 3776 exagitatam.
3687 3700 3860 3757 Illum

2207 3795 2365 3851 enim
2407 3795 2721 3851 devincivit
2769 3793 3100 3850 adulterina
3148 3792 3456 3863 charitate,
3496 3795 3672 3863 atque
3721 3790 3866 3846 adeo

2209 3883 2388 3956 turpi,
2420 3883 2471 3941 si
2502 3885 2634 3940 licet
2673 3885 2829 3956 quod
2859 3899 3058 3939 verum
3105 3885 3195 3938 est
3229 3881 3440 3938 dicere.
3472 3880 3868 3946 Quamobrem

2210 3975 2275 4028 fit
2305 3974 2416 4029 iste
2450 3973 2682 4030 funebri
2728 3972 3143 4029 lamentatione
3173 3971 3422 4044 dignus;
3481 3972 3544 4025 ut
3593 3972 3651 4024 et
3701 3968 3870 4024 vivus

2208 4061 2511 4130 defleatur,
2545 4066 2604 4118 ot
2635 4065 2902 4117 mortuus
2941 4061 3233 4133 lugeatur.
3285 4059 3464 4114 Vivus
3499 4058 3657 4114 enim
3716 4071 3873 4112 mor-

2210 4156 2347 4205 tuus
2375 4155 2522 4216 erat,
2555 4150 2856 4222 proprium
2887 4165 3098 4221 corpus
3129 4149 3298 4220 quasi
3331 4148 3670 4220 sepulcrum
3702 4145 3873 4202 inha-

2209 4239 2406 4296 bitans
2431 4255 2444 4294 :
2466 4240 2586 4294 vita
2606 4255 2747 4314 vero
2778 4239 3096 4295 defunctus
3127 4237 3441 4309 dupliciter
3470 4240 3740 4293 mortuus
3760 4238 3873 4303 est,

2211 4346 2381 4402 poena
2408 4329 2689 4402 gehennae
2721 4328 2874 4402 ignis
2899 4328 3099 4385 aaterni
3132 4328 3474 4384 damnatus.

2281 4510 2336 4565 4.
2367 4509 2516 4575 Quid
2547 4525 2703 4564 nunc
2754 4508 2865 4574 ais,
2897 4524 2930 4563 0
2977 4505 3302 4564 infelicium
3353 4504 3665 4562 hominum
3723 4503 3875 4559 infe-

2209 4599 2516 4666 licissima,
2549 4615 2581 4655 ο
2613 4596 2849 4655 sceleris
2888 4595 3297 4654 contermina?
3331 4594 3439 4652 Ubi
3469 4597 3612 4651 sunt
3655 4593 3746 4648 tui
3788 4590 3876 4647 illi

2210 4705 2418 4761 graves
2441 4688 2710 4745 incessus
2731 4686 2760 4742 ?
2783 4686 2881 4742 ubi
2906 4690 3009 4742 tua
3039 4685 3144 4741 illa
3173 4700 3410 4742 summa
3439 4683 3692 4740 eruditio
3713 4682 3742 4737 ‘I
3771 4679 3875 4737 ubi

448 4760 730 4851 κάματοςς
785 4768 892 4820 ποῦ
949 4787 1046 4822 σου
1102 4769 1167 4824 τὸ
1226 4773 1422 4844 σεμνὸν
1453 4777 1562 4829 τῶν
1615 4772 1870 4850 τρόπων;
1901 4760 2009 4831 1:06
2035 4778 2099 4832 τὸ

2218 4760 2277 4834 in
2307 4777 2659 4851 sapientiam
2693 4777 3002 4848 Impensus
3032 4773 3243 4830 labor?
3273 4772 3374 4828 ubi
3405 4768 3726 4828 venerandi
3757 4784 3878 4824 m0-

451 4846 746 4923 εὕτακτον;
805 4857 912 4909 ποῦ
989 4856 1045 4912 αἱ
1118 4856 1435 4924 πλειστάκις
1512 4861 1937 4928 ἐπιτεΛεσθεῖσαι
1999 4865 2101 4921 ὑπὸ

2217 4883 2305 4924 res
2326 4867 2355 4922 ‘I
2379 4846 2487 4924 ubi
2520 4846 2852 4922 modestia?
2885 4864 3012 4932 ubi,
3046 4879 3195 4936 quas
3249 4875 3654 4934 saepenumero
3686 4855 3878 4914 fecisti

451 4944 550 4995 σοῦ
581 4940 878 5016 χαμευνίαι
906 4951 1007 5015 τῆς
1036 4945 1364 5028 φιλοσοφίας
1391 4948 1591 5027 χάριν;
1651 4956 1758 5007 ποῦ
1787 4955 1822 5024 ἡ
1855 4953 2061 5019 σόνεσις
2087 4973 2101 5024 ;

449 5033 556 5117 1:06
583 5029 648 5085 τὸ
698 5029 1000 5110 φιλόθεον;
1048 5041 1155 5092 1:06
1209 5039 1272 5094 τὸ
1322 5039 1683 5117 φιλόχριστόν
1734 5063 1872 5114 σους
1931 5042 2107 5102 Ἀλλὰ

455 5116 668 5208 τούτων
706 5121 914 5197 μακρὰν
946 5123 1132 5201 ἐγένου
1177 5127 1329 5202 κακῷ
1366 5116 1544 5204 θηρίῳ
1574 5134 1918 5203 συνοικήσας,
1973 5133 2111 5208 μᾶλ-

584 5205 644 5264 δὶ
688 5209 877 5300 ἑαυτὸν
929 5214 1007 5278 εἷς
1048 5217 1140 5272 τὸν
1188 5224 1292 5288 τῆς
1335 5203 1612 5285 ἀπωλείας
1651 5223 1914 5298 τάρταρον
1969 5203 2110 5300 ἒνέῥ·

458 5293 661 5388 ῥίξίθαςο-
701 5299 793 5362 Τίς
848 5301 952 5380 γάρ
1011 5325 1069 5360 σε
1127 5307 1426 5382 ἠνάγκασεν
1485 5309 1561 5372 εἰς
1607 5311 1671 5366 τὸ
1720 5293 1831 5378 τῆς⁷
1871 5293 2113 5388 παρανο-

2213 4956 2381 5012 humi
2411 4956 2753 5012 cubationes
2787 4958 3026 5027 propter
3056 4950 3486 5025 philosOphiam
3506 4949 3535 5005 ἵ
3566 4947 3664 5004 ubi
3698 4945 3872 5002 intel-

2213 5044 2505 5118 ligentia?
2533 5043 2631 5100 ubi
2664 5043 2852 5116 pietas
2883 5043 2940 5098 in
2976 5043 3155 5098 Deum
3178 5043 3204 5094 *Ι
3235 5040 3338 5096 ubi
3387 5055 3552 5094 amor
3602 5037 3662 5092 in
3713 5034 3880 5092 Chri-

2219 5140 2376 5192 stum
2397 5134 2425 5190 ?
2457 5135 2522 5189 At
2551 5133 2706 5190 enim
2725 5133 2794 5188 ab
2820 5131 2980 5188 hisce
3003 5130 3177 5188 rebus
3198 5129 3368 5200 longe
3397 5126 3689 5184 recessisti
3713 5123 3878 5181 malae

2220 5224 2351 5280 fere:
2383 5240 2527 5280 usus
2561 5221 2967 5288 contubernio,
3000 5225 3177 5291 atque
3209 5219 3354 5274 adeo
3400 5223 3455 5273 te
3488 5217 3616 5289 ipse
3644 5216 3702 5271 in
3742 5229 3880 5286 per-

2223 5311 2468 5369 ditionis
2511 5315 2802 5368 tartarum
2861 5308 3219 5383 precipitem
3276 5306 3464 5379 egisti.
3527 5305 3670 5372 Quis
3721 5302 3878 5359 enim

462 5383 588 5479 μίας
645 5385 998 5479 ἀργαστήριον
1053 5393 1308 5468 stativum;
1342 5397 1442 5456 Τίς
1489 5395 1546 5455 δέ
1603 5419 1661 5455 σε
1690 5383 1988 5479 ἠνάγκασεν
2039 5401 2104 5464 εἰς

2226 5403 2416 5474 coegit
2445 5405 2528 5473 te,
2562 5401 2646 5458 uti
2694 5397 3187 5474 praevaricationis
3231 5399 3483 5453 intrares
3530 5393 3827 5452 officinam
3859 5393 3884 5446 Ρ

455 5473 549 5528 τὸν
609 5473 777 5548 αὐτῆς
835 5477 1080 5557 κόλπον,
1141 5483 1323 5562 ὥσπερ
1388 5486 1464 5551 εἰς
1515 5489 1676 5566 βυθὸν
1734 5473 2104 5570 ἀγριαινοόσηι

2228 5473 2448 5566 Ecquis
2475 5508 2607 5549 vero
2639 5473 2880 5564 impulit
2907 5492 2986 5558 te,
3015 5491 3080 5544 ut
3109 5487 3310 5544 sinum
3339 5485 3500 5542 illius
3546 5483 3716 5557 quasi
3751 5494 3886 5553 pro-

529 5589 576 5626 “
605 5591 764 5649 Psal.
798 5611 932 5668 ινιι,
963 5597 1020 5656 5.

531 5687 650 5761 (85)
681 5691 1061 5755 Desideratur
1089 5697 1376 5758 articulus
1407 5699 1468 5771 ἠ.
1498 5702 1654 5760 Εωτ.
