4124 6394
265 350 382 410 819

1210 350 1604 411 APPENDIX
1649 350 1976 412 OPERUM
2027 351 2092 412 S.
2140 352 2429 414 BASlLll
2479 354 2751 413 MAGNI.

3573 355 3698 416 820

264 481 517 538 fundum
548 480 758 538 furiosi
792 481 973 538 maris
1004 482 1282 538 subires?
1313 482 1463 541 685
1499 484 1797 540 Numnam
1859 483 1933 537 li-

2051 480 2326 554 θαλάσσης
2358 480 2599 539 εἰσδῦναι
2630 503 2643 555 ;
2706 485 2797 553 Μὴ
2855 484 2959 561 γὰρ
2993 483 3093 541 οὐκ
3120 487 3260 555 ἦσθα
3316 484 3659 556 αὖτεξούσιος

267 571 517 627 bertatis
547 572 790 628 carebas
822 571 1062 627 arbitrio
1084 572 1112 627 ‘I
1155 577 1274 628 Tuo
1307 577 1365 629 te
1395 573 1590 645 gladio
1615 572 1928 647 jugulasti.

269 661 558 727 Quoniam
591 661 857 732 noluisti,
892 667 1217 733 antequam
1266 663 1508 719 morbus
1540 665 1693 719 vires
1736 663 1938 736 acqui-

276 754 450 820 reret,
481 750 776 807 dimittere
821 768 853 807 a
885 755 941 806 te
972 750 1120 806 hanc
1160 769 1370 808 noxam
1399 772 1412 821 ;
1449 752 1663 808 veritus
1694 753 1936 808 omnino

273 857 335 896 es
370 857 441 895 ne
473 845 699 896 secreta
720 845 822 895 tua
842 840 943 895 illa
964 839 1024 895 in
1049 840 1419 914 triumphum
1454 847 1650 914 ageret
1670 843 1934 915 expulsa.

282 933 354 984 At
385 929 664 1001 quianam
696 929 779 984 illi
812 929 1226 986 committebas
1258 937 1502 1002 secreta,
1538 948 1664 1004 quae
1696 933 1850 1004 apud
1882 936 1939 988 te

281 1018 499 1090 optime
549 1018 808 1090 reposita
855 1019 1064 1075 erant?
1111 1019 1384 1090 Nunquid
1434 1021 1744 1076 arctabant
1790 1026 1847 1077 te
1876 1021 1936 1077 in

272 1106 568 1163 thesauris
617 1107 917 1180 sapientia
965 1113 1084 1164 tua:
1131 1109 1482 1165 recondita?
1530 1109 1768 1181 Deinde,
1801 1127 1936 1166 eum

274 1196 376 1266 qui
406 1196 478 1251 ab
512 1195 678 1252 oculo
711 1197 948 1253 dextero
981 1214 1088 1253 suo
1121 1198 1466 1254 scandalum
1491 1199 1941 1271 patiaturjubet

272 1285 605 1356 Sospitator
634 1302 701 1341 ac
723 1287 1010 1343 Dominus
1035 1292 1233 1343 noster
1247 1287 1422 1343 Jesus
1447 1287 1715 1344 Christus
1742 1288 1940 1360 unige-

276 1373 438 1429 nitus
462 1373 564 1430 Dei
595 1375 799 1441 Filius,
824 1382 891 1432 ut
911 1393 1016 1448 per
1035 1377 1245 1447 seipse
1272 1376 1583 1432 abscindat
1605 1378 1938 1433 membrum

277 1463 433 1534 quod
468 1464 818 1522 scandalum
851 1465 1041 1537 parit;
1077 1471 1134 1521 et
1163 1471 1223 1520 tu
1259 1483 1378 1522 rem
1412 1465 1692 1523 infestam
1727 1471 1785 1522 et
1824 1467 1938 1521 ini-

280 1551 507 1620 micam,
543 1569 670 1625 quae
703 1570 818 1609 non
852 1555 1021 1610 modo
1070 1555 1418 1611 scandalum
1451 1555 1553 1611 sed
1587 1559 1644 1612 et
1695 1559 1941 1612 mortem

280 1640 459 1696 infert
488 1639 720 1710 animm,
755 1659 870 1698 non
902 1641 1064 1714 ejicis
1097 1644 1202 1699 abs
1232 1644 1334 1698 te?
1363 1643 1588 1700 Dilecta
1633 1644 1786 1700 enim
1818 1649 1941 1701 esto

283 1745 389 1802 per
435 1728 734 1786 Christum
761 1730 1138 1814 salutatione
1187 1737 1360 1788 tenus
1394 1748 1409 1788 :
1453 1733 1611 1804 quod
1651 1732 1699 1789 si
1733 1735 1942 1789 animas

288 1816 468 1890 obsit,
502 1835 574 1874 ne
605 1818 896 1876 salutetur
924 1837 991 1877 ea
1021 1821 1276 1892 quidem.
1313 1821 1552 1891 Invisat,
1585 1820 1740 1890 licet,
1762 1839 1942 1895 aegro-

2045 572 2514 648 Αὐτοκατάκριτον
2595 574 2787 629 σαυτὸν
2867 573 3208 645 πεποίηκας.
3286 571 3509 643 Ἐπειδὴ
3596 574 3698 630 οὐκ

2047 656 2371 734 ἠϐουλήθης
2440 664 2545 738 πρὸ
2601 671 2701 733 τῆς
2762 667 2864 718 τοῦ
2921 663 3125 728 πάθους
3180 666 3362 738 ἀκμῆς
3419 663 3695 720 ἀπολῦσαι

2047 751 2152 806 ἀπὸ
2211 757 2306 806 σοῦ
2363 753 2425 808 τὸ
2487 751 2777 828 ἀργαλέον,
2831 753 3014 818 πάτως
3066 775 3171 809 που
3228 749 3555 826 ηὐλαϐήθης
3613 757 3692 827 μὴ

2047 861 2142 894 σου
2217 841 2282 895 τὰ
2345 845 2618 917 μυστήρια
2690 838 3026 918 θριαμϐεύσῃ
3092 838 3438 914 ἐκϐληθεῖσα.
3515 842 3576 898 Τί
3636 841 3695 897 δὲ

2048 931 2185 1004 αὐτῇ
2217 931 2306 985 καὶ
2355 931 2602 988 ἀνετίθου
2651 935 2924 1006 μυστήρια
2969 933 3037 987 τὰ
3084 931 3136 988 ἐν
3191 931 3276 988 σοὶ
3324 930 3508 994 καλῶς
3553 932 3695 987 ἀπο-

2046 1019 2295 1092 κείμενα;
2329 1022 2418 1090 Μή
2471 1021 2573 1096 γὰρ
2631 1020 3000 1097 στενοχωρίαν
3047 1024 3279 1098 παρεῖχὲ
3336 1042 3420 1076 σοι
3485 1019 3537 1076 ἐν
3596 1023 3695 1092 θη-

2047 1115 2266 1184 σαυροῖς
2299 1109 2489 1188 σοφίας
2520 1132 2615 1165 σου
2646 1108 3069 1186 φυλαττόμενα,
3125 1110 3256 1169 Εἶτα
3291 1111 3382 1166 τὸν
3441 1111 3536 1184 μὶν
3593 1111 3699 1166 ὑπὸ

2045 1202 2142 1253 τοῦ
2185 1195 2326 1254 ἰδίου
2376 1196 2550 1271 δεξιοῦ
2614 1199 2905 1275 όιρθαλμοῦ
2957 1197 3468 1274 σκανδαλιζόμενον,
3520 1220 3699 1272 παρα-

2047 1286 2324 1344 κελεύεται
2371 1288 2398 1342 ὀ
2455 1290 2652 1363 Σωτήρ
2700 1290 2790 1344 καὶ
2835 1289 3042 1367 Κύριος
3086 1292 3247 1363 ἡμῶν
3304 1289 3517 1361 Ἰησοῦς
3564 1291 3664 1366 Χρι

2050 1377 2172 1440 στὸς
2226 1379 2254 1432 ὁ
2316 1380 2615 1455 μονογενὴς
2673 1380 2800 1442 Υἱὸς
2855 1384 2953 1435 τοῦ
2983 1384 3139 1450 Θεοῦ,
3171 1379 3329 1434 αὐτὸν
3382 1375 3454 1434 δι’
3508 1379 3694 1434 ἑαυτοῦ

2049 1464 2330 1522 ἐκκόπτειν
2387 1467 2450 1522 τὸ
2508 1464 2864 1538 σκανδαλίζον
2929 1465 3118 1540 μέλος.
3169 1468 3245 1523 Σὺ
3277 1465 3334 1523 δὲ
3365 1466 3564 1543 ἐχθρὸν
3608 1466 3696 1521 καὶ

2050 1553 2284 1610 ἐναντίον
2336 1562 2580 1633 πρᾶγμα,
2639 1557 2703 1612 τὸ
2755 1557 2832 1629 μὴ
2894 1558 3057 1631 μόνον
3119 1554 3495 1629 σκανδαλίζον,
3553 1554 3701 1611 ἀλλὰ

2047 1645 2139 1700 καὶ
2172 1647 2432 1701 θανατοῦν
2481 1647 2580 1714 τὴν
2632 1647 2837 1722 ψυχὴν,
2895 1647 2995 1702 οὐκ
3051 1642 3342 1710 ἐκϐάλλεις
3399 1645 3506 1702 ἀπὸ
3563 1649 3698 1716 σοῦ;

2051 1735 2339 1810 Ἀγαπητὴ
2401 1736 2504 1810 γὰρ
2555 1733 2676 1805 ἤτω
2725 1733 2814 1790 διὰ
2873 1736 3103 1812 Χριστὸν
3152 1735 3258 1800 ἓως
3310 1741 3408 1790 τοῦ
3463 1735 3698 1811 χαίρειν

2052 1822 2140 1878 ἰὰν
2174 1820 2231 1878 δὲ
2284 1822 2500 1900 βλάπτῃ
2550 1826 2758 1900 ψυχήν,
2828 1823 2968 1898 μηδέ
2995 1825 3058 1881 τὸ
3087 1823 3300 1903 χαίρειν
3331 1825 3494 1900 αὐτῇ·
3539 1823 3705 1899 μόνον

291 1909 460 1979 tum;
507 1925 614 1964 nec
659 1912 857 1966 tamen
906 1910 1055 1967 bene
1083 1909 1301 1967 valenti
1331 1910 1680 1967 oﬂ‘endiculo
1708 1911 1806 1980 sit,
1840 1929 1933 1968 seu

2057 1913 2444 1986 ἐπισκέψασθαι
2521 1914 2888 1987 ἀσθενοῦντα,
2949 1913 3039 1970 καὶ
3105 1915 3182 1988 μὴ
3238 1915 3332 1970 τὸν
3393 1914 3707 1990 ὑγιαίνοντα

303 2001 566 2068 tempore
614 1999 897 2071 angustiae
946 2003 1004 2056 et
1049 1999 1495 2071 persecutionis,
1527 2000 1648 2056 sive
1677 2001 1854 2056 etiam
1884 1999 1946 2056 in

298 2085 564 2143 ecclesia.
596 2088 882 2152 Quoniam
915 2105 1121 2146 omnes
1160 2107 1315 2146 unus
1362 2105 1570 2145 sumus
1601 2087 1661 2144 in
1688 2088 1944 2160 Christo,

296 2176 398 2232 sed
432 2193 588 2233 nunc
618 2194 734 2234 non
765 2195 992 2235 sumus.
1016 2178 1089 2234 Ut
1110 2179 1250 2251 quid
1267 2179 1294 2234 ?
1321 2178 1596 2250 quoniam
1620 2196 1727 2235 nos
1749 2179 1944 2234 renui-

295 2281 449 2333 mus,
479 2267 851 2340 praeferentes
883 2268 1148 2324 fraternae
1177 2267 1473 2324 dilectioni
1501 2268 1702 2325 odium
1735 2269 1946 2325 frater-

289 2371 455 2411 num.
486 2356 567 2412 Ne
599 2357 944 2414 scandalum
982 2358 1224 2431 pariatis
1250 2360 1540 2427 mundo,o
1562 2376 1666 2415 vos
1687 2358 1790 2430 qui
1813 2375 1941 2414 mu-

283 2443 459 2500 lieres
488 2446 548 2501 in
580 2448 966 2504 contubernio
996 2448 1247 2505 habetis.
1300 2447 1581 2520 Nunquid
1629 2448 1786 2505 enim
1836 2448 1943 2504 tibi

284 2550 522 2590 uxorem
554 2534 767 2592 ducere
797 2537 1102 2608 Scriptura
1133 2555 1250 2594 non
1285 2537 1580 2594 indulsit?
1610 2537 1769 2593 Facti
1799 2538 1943 2594 estis

282 2625 340 2677 et
352 2622 574 2678 Judaeis
595 2626 652 2679 et
669 2624 989 2695 gentilibus
1007 2631 1064 2682 et
1087 2626 1353 2682 Ecclesia
1381 2625 1480 2682 Dei
1504 2625 1940 2683 oﬂ'endiculum.

281 2709 488 2766 Utrum
520 2713 818 2768 adversari
853 2714 1070 2771 divinis
1089 2715 1350 2771 nitimini
1375 2715 1715 2787 Scripturis,
1742 2733 1808 2771 ac
1829 2716 1940 2772 Do-

282 2799 510 2856 minum
543 2801 971 2858 exstimulatis?
991 2809 1078 2858 An
1109 2805 1373 2860 fortiores
1395 2804 1540 2860 estis
1572 2803 1671 2860 illo
1688 2804 1714 2859 ?
1734 2805 1940 2876 Respi-

277 2888 389 2945 cite
418 2888 822 2948 infirmitatem
855 2897 1132 2962 vestram,
1173 2893 1500 2950 erubescite
1541 2894 1810 2950 morbum
1841 2909 1940 2949 ve-

276 2985 489 3049 strum,
508 2984 706 3037 curate
727 2998 827 3038 vos
859 2987 1123 3055 tempore
1145 2987 1822 3055 Opportuno,antequam
1847 2998 1937 3039 re-

274 3073 445 3140 pente
477 3070 646 3143 quasi
679 3069 878 3144 fulgur
909 3071 1282 3145 ingeminans
1314 3073 1618 3145 contingat
1648 3073 1938 3128 adventus

271 3159 434 3230 ejus;
462 3163 597 3215 ante
628 3159 930 3217 ﬂammam
962 3161 1139 3233 ignis,
1189 3166 1324 3218 ante
1365 3163 1636 3218 tenebras
1687 3161 1937 3217 exterio-

2055 1999 2432 2073 σκανδαλίσαι,
2487 2001 2522 2072 ἢ
2581 2001 2633 2057 ἐν
2691 2007 2866 2079 καιρῷ
2913 2001 3174 2077 θλίψεως,
3229 2001 3504 2078 διωγμοῦ,
3561 2000 3597 2072 ἢ
3652 2000 3705 2056 ἐν

2057 2087 2341 2163 ἰκκλησίᾳο
2420 2089 2608 2161 ἐπειδὴ
2687 2092 2880 2155 πάντες
2957 2095 3035 2156 εἷς
3115 2092 3274 2166 ἐσμεν
3345 2092 3399 2147 ἄν
3466 2093 3706 2168 Χριστῷ,

2055 2178 2200 2235 ἀλλὰ
2244 2184 2336 2234 νῦν
2371 2180 2474 2235 οὐκ
2529 2179 2707 2254 ἐσμὲν.
2763 2181 2862 2236 Διά
2910 2181 3005 2252 τί;
3060 2179 3250 2250 ἐπειδὴ
3282 2182 3444 2254 ἡμεῖς
3475 2179 3541 2236 οὐ
3576 2181 3707 2257 βου-

2055 2266 2285 2342 λόμεθα,
2346 2271 2787 2345 προτιμήσαντες
2837 2273 2940 2340 τήν
2999 2267 3358 2347 μισαδελφίαν
3413 2276 3516 2340 τῆς
3573 2268 3704 2347 φιλ-

2053 2355 2333 2434 αδελφίας.
2368 2361 2460 2428 Μὴ
2494 2356 2870 2428 σκανδαλίζετε
2921 2359 3014 2414 τὸν
3075 2360 3304 2433 κόσμον,
3339 2360 3394 2414 οἱ
3443 2360 3539 2421 τὰς
3586 2381 3706 2414 συν-

2053 2447 2334 2512 εισάκτους
2380 2441 2624 2523 ἔχοντες.
2687 2450 2780 2518 Μὴ
2831 2437 2933 2526 γὰρ
2977 2447 3154 2522 γῆμαί
3202 2470 3261 2504 σε
3288 2451 3324 2519 ἡ
3358 2450 3546 2524 Γραφὴ
3601 2448 3705 2504 οὐκ

2054 2536 2350 2614 ἐπέτρεψε;
2409 2537 2669 2615 Γεγόνατε
2731 2538 2822 2594 καὶ
2875 2536 3161 2602 Ἰουδαίοις
3197 2583 3213 2609 ,
3288 2537 3379 2594 καὶ
3437 2537 3702 2610 Ἕλλησι,

2052 2625 2142 2680 καὶ
2201 2630 2268 2700 τῇ
2320 2627 2620 2700 Ἐκκλησία
2656 2631 2753 2682 τοῦ
2787 2632 2920 2683 Θεοῦ
2950 2628 3307 2704 πρόσκομμα.
3355 2629 3428 2684 ’Ἡ
3484 2626 3702 2682 ἀντιπί-

2051 2735 2201 2770 πτειν
2230 2720 2351 2778 ταῖς
2383 2715 2563 2789 ἁγίαις
2612 2722 2851 2793 Γραφαῖς
2899 2717 3248 2792 ἐπιχειρεῖτε,
3307 2717 3393 2773 καὶ
3455 2722 3700 2790 παραζη-

2052 2801 2213 2858 λοῦτε
2258 2804 2350 2858 τὸν
2421 2803 2657 2880 Κύριον;
2727 2807 2815 2874 Μὴ
2888 2803 3236 2880 ἰσχυρότεροι
3314 2804 3480 2884 αὐτοῦ
3546 2804 3698 2872 iure;

2050 2888 2395 2966 Ἐμϐλέψατε
2461 2892 2538 2954 εἰς
2600 2893 2700 2961 τήν
2768 2894 2971 2948 ἑαυτῶν
3017 2891 3311 2965 ἀσθένειαν,
3369 2891 3697 2966 αἰσχύνθητε

2047 2980 2109 3035 τὸ
2169 2981 2370 3035 ἑαυτῶν
2428 2983 2621 3052 πάθος,
2681 2980 3042 3056 θεραπεύσατε
3092 2980 3356 3049 ἑαυτοὺς,
3413 2980 3465 3035 ἐν
3519 2983 3696 3053 καιρῷ

2050 3069 2272 3144 εὐθέτῳ,
2329 3070 2454 3145 πρὶν
2512 3070 2547 3140 ἢ
2615 3068 2835 3141 ἔξάπινα
2866 3071 2940 3132 ὡς
3000 3071 3246 3145 ἀστραπή
3299 3068 3468 3144 ἀθρόα
3495 3067 3610 3138 ἥξει
3664 3069 3699 3135 ἡ

2049 3160 2217 3215 αὐτοῦ
2249 3159 2539 3237 παρουσία.
2592 3160 2718 3236 πρὶν
2761 3159 2797 3229 ἢ
2848 3158 3151 3235 πυρφόρος,
3211 3158 3339 3232 πρὶν
3400 3158 3591 3218 σκότος
3637 3154 3702 3209 τὸ

269 3264 384 3319 res,
411 3253 547 3306 ante
595 3251 1188 3320 consummationem,
1223 3254 1358 3308 ante
1387 3267 1645 3308 vermem
1679 3251 1780 3323 qui
1814 3267 1931 3307 non

2047 3248 2332 3324 ἐξώτερον,
2411 3251 2540 3326 πρὶν
2615 3247 2895 3305 συντέλεια
2951 3249 3040 3303 καὶ
3101 3245 3324 3318 σκώληξ
3371 3244 3698 3318 ἀκοίμητος.

270 3338 540 3396 moritur.
574 3339 911 3397 Trementes
940 3342 1196 3399 dicimus
1225 3360 1238 3412 ;
1283 3359 1416 3398 cum
1466 3343 1676 3398 timore
1707 3343 1928 3412 audite,

269 3443 376 3483 nec
405 3443 509 3498 pro
542 3428 860 3485 deridiculo
893 3447 984 3487 res
1016 3432 1302 3488 habeatur
1335 3448 1348 3488 :
1386 3431 1490 3488 filii
1540 3432 1644 3488 Dei
1688 3435 1932 3488 tartaro-

266 3531 399 3571 rum
429 3514 684 3574 vinculis
712 3519 1031 3576 traduntur
1055 3525 1294 3594 propter
1325 3520 1657 3578 mulierem.

337 3623 392 3679 5.
424 3628 501 3680 At
527 3625 683 3681 enim
723 3625 882 3682 dices
914 3644 927 3683 :
974 3628 1121 3684 Cum
1155 3629 1262 3685 hac
1293 3629 1592 3697 habitans,
1632 3645 1749 3683 non
1783 3626 1929 3682 mihi

269 3712 622 3770 detrimento
653 3720 758 3771 est.
801 3718 858 3770 Si
890 3717 1129 3774 draconi
1160 3735 1296 3775 cum
1329 3710 1534 3791 aspide
1563 3718 1797 3790 degenti
1829 3717 1927 3771 de-

268 3801 614 3859 trimentum
647 3803 878 3860 nullum
907 3811 1017 3875 est,
1043 3809 1283 3863 omnino
1313 3824 1418 3864 nec
1449 3807 1554 3863 tibi
1583 3806 1716 3862 erit.
1742 3805 1928 3862 Draco

267 3890 424 3946 enim
453 3892 554 3964 qui
586 3909 723 3948 cum
771 3894 1039 3951 dracaena
1068 3896 1247 3952 simul
1277 3898 1456 3970 degit,
1491 3900 1739 3951 mortem
1772 3893 1926 3950 acci-

267 3981 351 4050 pit
379 3979 472 4036 sui
505 3983 834 4039 mercedem
865 3985 1165 4042 convictus
1198 4003 1211 4042 :
1259 3985 1606 4058 hujusmodl
1635 3990 1727 4042 est
1768 3985 1927 4041 enim

264 4067 426 4126 illius
459 4071 590 4126 {erae
623 4071 852 4128 femina:
883 4078 1115 4130 natura.
1161 4074 1304 4130 Vide
1353 4089 1516 4147 ergo,
1548 4091 1621 4131 ne
1669 4075 1814 4147 quid
1847 4073 1926 4129 si-

263 4158 401 4216 mile
430 4157 648 4216 habeat
694 4165 754 4216 et
805 4161 1073 4219 mulieris
1105 4163 1431 4235 negotium.
1468 4163 1842 4219 Proferamus
1873 4164 1932 4217 et

264 4249 563 4320 specimen
596 4250 916 4321 quoddam,
954 4257 1018 4307 ut
1039 4252 1356 4309 rationales
1388 4252 1658 4309 homines
1683 4250 1927 4308 convin-

264 4354 467 4394 camus
499 4356 512 4395 :
539 4338 800 4394 Tametsi
846 4339 1005 4412 ignis
1049 4340 1330 4413 stipulam
1363 4357 1479 4396 non
1510 4341 1799 4409 accendit,
1833 4344 1926 4394 at-

263 4431 462 4481 tamen
494 4426 545 4483 si
575 4426 664 4482 vel
693 4444 916 4483 marem
942 4428 1200 4501 lapidem
1229 4430 1457 4486 femina!
1490 4427 1928 4500 asperseris,in-

267 4515 542 4571 cendium
592 4516 679 4571 fit.
729 4517 840 4572 Sed
890 4518 1170 4589 quoniam
1231 4519 1446 4584 dicitis,
1496 4524 1554 4574 et
1616 4516 1923 4573 mulierem

270 4621 445 4676 posse
471 4605 734 4661 modeste
765 4622 975 4677 agere;
1019 4608 1128 4664 hoc
1158 4608 1382 4680 liquido
1417 4608 1548 4664 novi
1583 4624 1596 4662 :
1629 4611 1686 4663 et
1715 4605 1803 4661 vir
1832 4623 1926 4662 so-
1957 4611 2003 4676 D

269 4693 365 4751 lus
421 4695 640 4766 degens
697 4693 943 4752 honeste
993 4713 1165 4769 agere
1217 4702 1448 4769 potest;
1489 4695 1646 4753 istud
1708 4695 1928 4766 optime

270 4790 643 4857 compertum
667 4785 874 4841 habeo.
905 4786 1002 4841 Vir
1026 4793 1222 4844 autem
1247 4805 1382 4844 cum
1406 4785 1926 4857 muliere,malum;

267 4879 327 4929 et
354 4873 567 4930 mulier
595 4890 731 4930 cum
766 4874 912 4946 viro,
947 4875 1358 4934 vehementius
1389 4877 1633 4932 malum.
1682 4877 1843 4942 Quod
1877 4875 1928 4933 si

265 4979 474 5020 rursus
496 4963 730 5030 mulier,
754 4965 1213 5036 consanguineis
1244 4968 1370 5022 suis
1401 4965 1641 5034 relictis,
1662 4982 1799 5022 cum
1830 4983 1926 5023 ex-

261 5056 428 5109 terno
458 5052 697 5110 homine
730 5053 947 5110 habere
978 5056 1435 5112 contubernium
1466 5055 1603 5112 velit
1650 5055 1928 5113 sublesta:

263 5142 570 5199 charitatis
600 5160 815 5213 causa;
851 5145 1013 5200 istud
1046 5145 1201 5200 enim
1231 5163 1364 5202 vero
1406 5145 1600 5202 mislio
1635 5150 1724 5202 cst
1753 5145 1927 5202 illici-

261 5235 332 5286 ιω
355 5231 580 5302 copulae
606 5231 948 5288 incendium
974 5233 1303 5290 excitantis.
1331 5234 1587 5290 Labente
1608 5233 1766 5290 enim
1788 5239 1928 5290 tem-

263 5333 422 5390 pore,
454 5334 524 5372 ex
551 5317 650 5374 illo
691 5320 1097 5376 contubernali
1145 5321 1412 5377 convictu
1453 5325 1732 5392 concepta
1764 5321 1927 5376 ﬂam-

263 5425 380 5475 ma,
397 5407 704 5463 materiem
730 5408 1096 5477 incendunt;
1120 5415 1176 5466 et
1199 5408 1604 5466 habitaculum
1635 5413 1923 5477 exurunt;

264 5500 442 5568 atque
470 5496 613 5551 adeo
647 5496 880 5568 propria
909 5500 1267 5557 comburunt
1295 5515 1540 5572 corpora
1567 5499 1628 5555 in
1659 5498 1928 5570 gehenna

269 5589 670 5661 perpetuoque
697 5585 1005 5658 supplicio.

341 5695 396 5751 6.
455 5691 558 5752 Dic
589 5691 757 5761 mihi,
814 5693 1126 5753 vaferrima
1191 5699 1474 5756 venenata
1529 5692 1741 5766 bestia,
1797 5710 1923 5768 ιιυεε

2043 3339 2348 3415 Τρὲμοντες
2378 3337 2638 3414 λὲγομεν·
2693 3338 2831 3412 μετά
2881 3331 3058 3416 φόϐου
3087 3334 3332 3406 ἀκούετε,
3367 3332 3499 3410 μηδ’
3527 3332 3580 3388 ἂν
3608 3353 3700 3408 γε-

2043 3425 2185 3499 λοίῳ
2215 3429 2578 3505 καταφανήτω
2609 3427 2670 3482 τὸ
2702 3431 2946 3502 πρᾶγμαο
2989 3425 3096 3480 υἱοὶ
3144 3428 3303 3497 Θεοῦ,
3335 3428 3541 3499 σειραῖς
3571 3442 3700 3498 ταρ-

2040 3517 2210 3590 τάρου
2240 3513 2627 3589 παραδίδονται
2660 3512 2750 3570 διὰ
2771 3519 3015 3590 γυναῖκα.

2110 3625 2164 3678 5.
2199 3618 2358 3676 Ἀλλ’
2386 3620 2528 3695 ἐρεῖς
2562 3641 2678 3693 μοι,
2735 3621 2818 3674 ὁτι
2852 3623 3130 3676 Συνοικῶν
3159 3619 3327 3692 ταύτῃ
3358 3617 3421 3674 οὗ
3460 3616 3698 3694 βλαπτο-

2046 3729 2166 3780 μαι.
2208 3707 2273 3766 Εἰ
2325 3710 2352 3765 ὁ
2402 3703 2613 3785 δράκων
2665 3713 2929 3764 συνοικῶν
2987 3713 3056 3783 τῇ
3115 3705 3301 3763 ἀσπίδι
3338 3706 3400 3764 οὗ
3454 3705 3698 3784 βλάπτε-

2035 3817 2147 3869 ται,
2204 3796 2422 3860 πάντως
2477 3799 2566 3852 καὶ
2613 3795 2676 3852 σὺ
2709 3796 2770 3852 οὐ
2825 3792 3104 3873 βλαϐήσῃ·
3159 3799 3186 3852 ὁ
3237 3797 3344 3872 γὰρ
3377 3794 3592 3872 δράκων
3622 3801 3692 3870 τῇ

2040 3883 2299 3963 δρακαίνῃ
2329 3885 2735 3964 συγγινόμενος,
2767 3883 2989 3941 θάνατον
3043 3881 3311 3959 λαμϐάνει
3359 3886 3451 3941 τὸν
3502 3885 3692 3958 μισθὸν

2036 3984 2138 4046 τῆς
2186 3971 2566 4050 συμϐιώσεως,
2614 3974 2874 4046 τοιαύτης
2921 3974 3132 4053 φύσεως
3181 3977 3551 4051 τυγχάνοντος
3596 3978 3694 4030 τοῦ

2039 4064 2238 4136 θήλεος
2288 4064 2503 4141 θηρίου.
2535 4068 2678 4140 ’Όρα
2702 4069 2857 4139 γοῦν,
2896 4066 3111 4138 μήποτε
3140 4065 3337 4138 ὅμοιόν
3366 4063 3479 4119 ἐστι
3509 4064 3598 4118 καὶ
3630 4063 3693 4118 τὸ

2035 4162 2136 4225 τῆς
2188 4157 2447 4231 γυναικὸς
2493 4161 2743 4230 πρᾶγμα.
2817 4155 3197 4231 Παραθώμεθα
3262 4151 3321 4208 δὲ
3369 4150 3694 4226 ἀποδείξεις,

2037 4243 2358 4320 ἇλέγχοντες
2388 4244 2517 4308 τοὺς
2546 4242 2802 4320 λογικοὺς
2849 4243 3188 4318 ἀνθρώπους.
3223 4242 3288 4298 Ei:
3331 4244 3395 4298 τὸ
3438 4247 3545 4316 πῦρ
3593 4244 3692 4312 τήν

2035 4332 2294 4406 καλάμην
2332 4334 2434 4389 οὑκ
2476 4332 2721 4403 ἀνάπτει,
2774 4331 2922 4389 ἀλλᾶ
2965 4332 3057 4388 καὶ
3106 4333 3200 4388 τὸν
3238 4329 3410 4409 ἅρῥην
3439 4329 3594 4396 λίθον
3647 4331 3696 4386 εἲ

2035 4421 2270 4487 σπείσεις
2328 4427 2396 4496 τῇ
2446 4421 2662 4495 θηλείᾳ,
2717 4423 2960 4497 πυρκαϊὰ
3011 4420 3236 4498 γίνεται.
3291 4421 3445 4479 Ἀλλ’
3503 4419 3690 4491 ἑπειδὴ

2036 4510 2226 4587 λὲγετε
2255 4512 2345 4567 καὶ
2376 4517 2609 4587 γυναῖκα
2639 4517 2936 4590 σωφρονεῖν
2971 4509 3250 4576 δύνασθαιο
3297 4516 3459 4566 τοῦτο
3505 4516 3685 4590 σαφῶς

2035 4601 2346 4675 ἐπίσταμαι.
2400 4601 2499 4657 Καὶ
2550 4602 2687 4676 ἀνὴρ
2736 4601 2911 4675 μένων
2954 4603 3075 4665 καθ’
3104 4601 3292 4656 ἑαυτὸν
3323 4600 3688 4676 εὐσχημονεῖν

2039 4688 2280 4747 δύναταιο
2341 4695 2505 4747 τοῦτο
2553 4685 2798 4766 ἀκριϐῶς
2843 4689 3158 4763 ἐπίσταμαι.
3220 4690 3386 4764 Ἀνὴρ
3447 4688 3504 4746 δὲ
3555 4690 3690 4764 μετὰ

2035 4781 2303 4857 γυναικὸς,
2351 4779 2537 4836 κακόν·
2593 4781 2685 4835 καὶ
2733 4781 2869 4854 γυνὴ
2925 4779 3058 4852 μετὰ
3116 4777 3334 4854 ἀνδρὸς,
3386 4777 3690 4854 δεινότερον

2036 4871 2225 4929 κακόν.
2276 4872 2368 4928 Ἀν
2410 4868 2580 4926 πάλιν
2629 4869 2765 4944 γυνή
2811 4873 2922 4925 τῶν
2973 4865 3128 4924 ἰδίων
3157 4867 3437 4924 ἀποστᾶσα
3497 4889 3689 4945 συγγε-

2037 4960 2141 5016 νῶν
2187 4959 2319 5030 ξὲνῳ
2363 4957 2513 5036 ἀνδρὶ
2566 4964 2836 5014 συνοικεῖν
2885 4957 3141 5034 ἐπιχειρῇ
3195 4966 3295 5029 τῆς
3353 4957 3688 5015 ἐπιπλάστου

2037 5049 2246 5125 ἀγάπης
2275 5047 2472 5118 ἕνεκεν,
2500 5053 2660 5103 τοῦτο
2703 5048 2843 5122 μίξις
2896 5048 3092 5104 λοιπὸν
3135 5047 3384 5122 συζυγίας
3429 5047 3688 5122 ἀθεμίτου

2035 5141 2302 5215 πυρκαϊὰν
2389 5138 2776 5212 ἐργαζομένης.
2865 5139 2958 5210 Τῷ
3031 5135 3221 5212 χρόνῳ
3295 5137 3402 5212 γὰρ
3457 5137 3688 5211 ἀναθερ-

2041 5231 2361 5304 μαινόμενοι
2411 5231 2482 5301 τῇ
2516 5228 2816 5300 ὁμοσκήνῳ
2876 5220 3199 5299 συμϐιώσει,
3259 5224 3554 5281 ἀνάπτουσι
3584 5227 3683 5295 τὴν

2036 5317 2198 5387 ὕλην,
2243 5317 2333 5370 καὶ
2392 5315 2756 5390 ὲμπυρίζουσι
2801 5316 2902 5384 τὴν
2962 5313 3159 5387 οἰκίαν,
3223 5313 3434 5389 μᾶλλον
3505 5314 3562 5371 δὲ
3619 5317 3687 5372 τά

2035 5409 2237 5462 ἑαυτῶν
2267 5405 2497 5478 σώματα
2526 5406 2772 5461 καίουσιν
2801 5403 2877 5466 εἷς
2903 5401 3117 5478 γέενναν
3175 5403 3266 5459 καὶ
3325 5403 3549 5460 αἰωνίαν
3595 5426 3687 5462 κο-

2037 5494 2190 5551 λασιν
2202 5537 2214 5550 .

2103 5693 2158 5750 6.
2191 5687 2325 5767 Λέγε
2358 5710 2476 5766 μοι,
2507 5689 2553 5745 ὧ
2583 5685 2990 5768 πολυμήχανον
3021 5689 3235 5767 θηρίον,
3263 5692 3301 5763 ἡ
3330 5693 3394 5749 τὸ
3416 5696 3513 5750 τοῦ
3541 5711 3682 5770 προσ
