4124 6398
388 384 498 444 8Ξ1

1470 377 1737 442 SERMO
1780 379 1882 440 DE
1929 379 2451 441 CONTUBERNA
2464 380 2711 443 LIBUS.

3697 392 3816 452 822

391 505 560 566 ϐάτου
608 504 814 582 ἔνδυμα
858 504 1081 584 ἔχουσα,
1135 509 1222 563 καὶ
1272 509 1336 563 τὸ
1384 516 1487 578 τῆς
1525 506 1754 570 ἀσπίδος
1782 509 2035 586 φρόνημα

2155 512 2568 566 vestimentum
2601 511 2726 566 ovis
2758 510 2959 579 habes,
2994 518 3052 568 et
3078 514 3298 584 aspidis
3333 521 3587 573 mentem
3620 518 3678 574 in
3709 535 3816 590 pe-

390 597 827 675 ἐνστερνισμὲνη·
878 599 928 652 τί
979 599 1306 674 περιχρίεις,
1355 598 1408 652 τί
1448 598 1734 674 ὑποχρίεις
1765 600 1990 666 σεαυτήν
2027 615 2041 666 ;

389 687 444 742 τί
475 689 766 764 χρώμασιν
799 686 1119 763 ἀλλοτρίοις
1150 687 1388 763 ἀψύχοις
1425 682 1867 764 προσλαμϐάνεις
1904 706 2044 761 μορ-

392 779 496 856 φὴν
555 776 848 848 εἷδωλικήν
885 778 983 848 ,τί
1047 777 1348 853 βασανίζεις
1403 799 1498 832 σου
1554 777 1650 840 τὰς
1705 777 1939 852 τρίχας;
1990 775 2043 830 τί

388 865 722 943 προσθέτους
767 865 1114 939 πλοκάμους,
1161 865 1252 921 καὶ
1302 861 1637 943 κορύϐαντας
1679 866 1766 920 ἐπὶ
1795 862 2041 940 κεφαλῆς

391 954 704 1032 ἀλλοτρίων
763 957 1157 1031 προσθεμάτων
1223 956 1314 1010 καὶ
1389 961 1592 1031 νεκρῶν
1659 955 1750 1010 καὶ
1821 955 2038 1028 ἀλόγων

338 1034 344 1040 ’
393 1047 548 1116 ζώων
578 1046 816 1117 ὰνιστᾷς,
863 1042 951 1100 διὰ
995 1052 1098 1115 τῆς
1144 1042 1413 1122 κεφαλῆς,
1463 1047 1552 1100 καὶ
1601 1041 1802 1119 ὅψεως,
1833 1041 2044 1098 καὶδιᾶ

388 1141 491 1206 τῆς
522 1140 632 1191 τῶν
663 1133 978 1209 ἀλλοτρίων
1011 1134 1244 1207 ἱματίων
1296 1133 1578 1197 ποικιλίας
1607 1135 1923 1208 ἐξαπατῶσα
1951 1133 2041 1187 καὶ

391 1221 810 1299 ἐκμαλάσσουσα
850 1223 940 1278 καὶ
997 1218 1423 1299 ἱλλεϐορίζουσα
1469 1224 1564 1286 τὰς
1605 1223 1788 1299 ψυχὰς
1815 1227 1926 1277 τῶν
1957 1223 2044 1277 ἀν-

391 1314 628 1388 θρώπων
665 1331 678 1382 ;
703 1314 766 1368 Ἦ
794 1312 894 1389 γὰρ
922 1312 1146 1375 ἄπιστος
1175 1315 1310 1388 γυνή
1363 1311 1751 1389 πολυτρόπους
1792 1312 2040 1387 ἀψύχους

388 1400 524 1464 ὕλας
555 1401 880 1478 συνάγουσα,
929 1401 1020 1457 καὶ
1075 1402 1392 1479 χρωμάτων
1432 1402 1711 1464 ποικιλίας
1762 1399 1850 1456 διὰ
1903 1421 2038 1456 παν-

383 1488 638 1546 τοδαπῶν
689 1492 1004 1568 χρωμάτων
1053 1491 1143 1546 καὶ
1201 1488 1445 1561 ἀσϐόλτ,ς
1495 1493 1588 1547 καὶ
1648 1487 1906 1546 ἀσϐέστου
1950 1489 2041 1545 καί

390 1581 656 1654 βοτανῶν,
690 1581 722 1635 ἃ
749 1585 828 1653 τῷ
855 1579 980 1654 ἰδίῳ
1018 1582 1231 1654 σώματι
1279 1577 1471 1652 ἕξωθὲν
1517 1581 1650 1651 ἐστι,
1683 1579 2041 1655 προσκολλη-

385 1691 548 1738 σασα,
595 1667 957 1744 πολύμορφον
1009 1670 1190 1746 ὥσπερ
1219 1692 1271 1726 τι
1304 1670 1517 1748 Θηρίον,
1563 1671 1756 1740 ἑαυτὴν
1789 1669 2041 1744 ἀπειργά-

386 1779 534 1817 σατο.
567 1760 630 1817 Ἦ
668 1757 726 1814 δὲ
769 1760 934 1828 πιστή
990 1761 1148 1835 γυνὴ,
1182 1761 1389 1815 τούτων
1437 1759 1647 1837 ὀφείλει
1679 1761 1799 1832 ξένη
1834 1757 2037 1834 τυγχά-

383 1868 516 1918 νειν,
549 1847 645 1904 καί
679 1847 914 1921 μάλιστα
958 1850 993 1917 ἡ
1045 1847 1502 1924 ἐπαγγελλομένη
1535 1849 1668 1904 εἶναι
1710 1850 2032 1952 Χριστιανή.
2073 1887 2121 1952 Β

383 1942 451 1991 Ἦ
477 1937 898 2013 καταγινώσκεις
925 1941 1022 1991 τοῦ
1070 1937 1224 2006 Θεοῦ,
1259 1936 1304 1991 ὦ
1339 1939 1517 2014 γύναι,
1561 1939 1644 1992 ὅτι
1689 1936 1948 2007 τοιαύτην
1980 1957 2038 1992 σε

387 2023 616 2082 ἔπλασεν
646 2046 660 2096 ;
690 2027 854 2104 Ἄφες
906 2026 980 2087 ὡς
1032 2023 1310 2096 ἐπλάσθης
1358 2028 1514 2080 εἶναι·
1551 2024 1722 2099 μηδὲν
1769 2028 1933 2099 ἑαυτῇ
1966 2022 2034 2079 δι’

388 2115 732 2191 εὐμηχανίας
783 2118 1064 2191 προσθῇς.
1126 2117 1200 2188 μὴ
1257 2117 1361 2190 γὰρ
1421 2114 1781 2192 ἐμπειροτὲρα
1834 2115 1884 2168 εἴ
1934 2118 2035 2168 τοῦ

386 2201 904 2281 δημιουργήσαντός
953 2225 1030 2261 σε.
1075 2203 1192 2259 Τίνι
1246 2202 1304 2259 δὲ
1350 2204 1441 2259 καὶ
1491 2205 1676 2280 ἀρέσᾳι
1719 2203 2032 2280 βουλομένη

379 2298 548 2350 ταῦτα
603 2299 823 2362 ποιεῖς;
873 2296 970 2366 Τῷ
1019 2292 1172 2370 ἀνδρί
1210 2313 1223 2362 ;
1258 2293 1356 2348 ούκ
1407 2288 1556 2369 ἔχεις
1605 2291 1793 2369 ἄνδρα,
1855 2292 1929 2356 ὥς
1976 2314 2036 2369 γε

380 2380 538 2455 ἔφης,
573 2384 618 2438 ὧ
670 2381 923 2459 παρθένε·
954 2383 1000 2438 εί
1033 2381 1090 2438 δὲ
1137 2383 1227 2438 καὶ
1277 2378 1445 2459 ἔχεις,
1498 2381 1610 2438 οἶδέ
1659 2404 1756 2438 σου
1801 2383 1901 2451 τὴν
1934 2402 2035 2437 πο-

380 2471 711 2549 λυμήχανον
744 2471 1006 2530 σύνθεσιν.
1045 2471 1110 2528 Τί
1157 2471 1488 2546 δελεάσμασι
1536 2472 1911 2548 πολυτρόποις
1943 2471 2035 2547 ὀρ-

375 2563 661 2637 γανώσασα
687 2562 750 2617 τὸ
791 2565 971 2634 σῶμα,
1015 2560 1261 2636 θηρεύεις
1309 2562 1406 2623 τὰς
1459 2561 1638 2637 ψυχὰς
1687 2565 1794 2616 τῶν
1825 2561 2034 2634 ἀνθρώ-

380 2670 498 2705 πων
533 2650 672 2725 πρὸς
701 2648 977 2705 ἀπώλειαν
1005 2671 1019 2721 ;
1065 2649 1155 2704 καὶ
1186 2653 1304 2713 πῶς
1330 2650 1423 2704 τὸν
1475 2649 1705 2725 Χριστόν
1757 2649 2036 2706 ἐπικαλεῖ-

382 2740 502 2794 σθαι
533 2738 772 2812 τολμᾷς,
804 2740 840 2810 ἢ
874 2737 1166 2809 ἐκκλησίας
1199 2736 1355 2794 ούδὸν
1389 2744 1596 2807 πατεῖν,
1643 2739 1845 2810 ξοάνων
1901 2758 2034 2815 μορ-

381 2829 482 2906 φὰς
540 2827 772 2903 ἀψύχων
842 2827 894 2882 ἐν
951 2825 1070 2900 ὅλῳ
1125 2831 1204 2900 τῷ
1260 2828 1476 2900 σώματι
1534 2825 1624 2882 διὰ
1672 2831 1882 2904 χρυσοῦ
1937 2831 2035 2884 τοῦ

383 2914 774 2990 ἀπολλυμένου
827 2915 1084 2994 φέρουσα,
1149 2914 1365 2990 μᾶλλον
1429 2914 1487 2972 δὲ
1515 2918 1911 2990 πομπευομένη
1947 2917 2036 2972 ὑπ’

385 3006 588 3078 αὑτῶν,
609 3006 699 3060 καὶ
725 3003 946 3075 πολλὴν
975 3006 1284 3083 συστροφὴν
1306 3005 1624 3062 ἀκολάστων
1657 3004 1863 3082 ἀνδρῶν
1895 3007 2035 3082 πρὸς

380 3095 482 3163 τὴν
514 3094 710 3163 ὶαυτῆς
732 3091 994 3167 ἔκθεσμον
1030 3092 1152 3149 θέαν
1185 3093 1525 3171 ἐφελκομένη
1553 3114 1566 3164 ;

450 3186 504 3239 7.
531 3179 711 3237 Ἀλλά
754 3180 860 3237 τίνι
907 3185 1075 3237 ταῦτα
1115 3180 1432 3255 λαλοῦμεν;
1469 3187 1686 3259 Λογικῷ
1717 3183 1842 3256 ζώῳ
1864 3183 2033 3258 ἕρπη-

2154 603 2312 655 ctore
2341 599 2498 654 foves
2533 615 2546 653 :
2582 599 2722 670 quid
2749 605 2804 655 te
2835 601 3248 658 circumlinis?
3277 605 3416 676 quid
3467 609 3524 660 te
3571 606 3766 677 pingis
3787 608 3816 661 ?

2155 688 2294 760 quid
2326 687 2535 744 alienis
2565 688 2862 744 coloribus
2890 689 3171 745 inanimis
3210 695 3462 764 speciem
3495 699 3696 767 captas
3728 696 3816 750 si-

2157 777 2451 832 mulacri?
2479 777 2622 849 quid
2674 783 2915 849 torques
2967 778 3160 835 crines
3210 781 3392 836 tuos?
3423 783 3563 853 quid
3597 783 3818 838 cincin-

2154 883 2260 922 nos
2287 866 2635 937 adscititios,
2667 867 2971 936 cirrosque
2993 867 3169 938 capiti
3191 869 3451 940 imponis
3482 872 3813 930 alienorum

2153 961 2660 1027 ornamentorum,
2711 956 3097 1012 animantium
3151 962 3520 1015 mortuorum
3569 966 3625 1016 et
3663 961 3812 1017 irra-

2151 1043 2456 1101 tionalium
2488 1063 2502 1112 ;
2537 1044 2746 1116 capite,
2780 1046 3200 1118 obtutu,atque
3229 1047 3598 1103 exoticorum
3630 1049 3807 1104 indu-

2154 1137 2483 1189 mentorum
2517 1133 2795 1190 varietate
2812 1134 3411 1206 decipiens,mulcens
3435 1140 3493 1191 et
3514 1136 3814 1194 fascinans

2151 1222 2385 1278 animos
2418 1222 2724 1277 hominum
2747 1222 2776 1277 ?
2807 1223 3066 1279 Inﬁdelis
3096 1222 3314 1280 etenim
3364 1223 3599 1294 mulier,
3660 1225 3806 1283 alias

2152 1315 2329 1382 atque
2359 1310 2505 1366 alias
2536 1311 2830 1367 inanimes
2879 1313 3160 1368 materias
3207 1312 3513 1386 colligens,
3564 1318 3624 1369 et
3655 1315 3816 1370 fuco-

2152 1417 2282 1455 rum
2315 1400 2610 1456 ascissens
2654 1401 2991 1465 varietates,
3040 1418 3144 1473 per
3188 1402 3536 1474 omnigenos
3583 1402 3808 1460 colores

2149 1494 2209 1545 et
2240 1488 2546 1561 fuliginem
2580 1494 2638 1545 et
2657 1489 2874 1545 calcem
2907 1495 2964 1546 et
2993 1491 3205 1547 herbas
3238 1493 3389 1564 (quae
3422 1493 3496 1548 ab
3523 1493 3652 1564 ejus
3684 1509 3808 1548 cor-

2152 1595 2289 1650 pore
2315 1584 2590 1634 extranea
2619 1582 2784 1644 sunt)
2814 1577 2995 1634 veluti
3022 1580 3270 1636 bestiam
3298 1582 3612 1652 quamdam
3646 1582 3808 1637 mul-

2149 1667 2447 1722 tiformem
2480 1684 2543 1723 se
2569 1667 2701 1738 ipsa
2728 1667 2927 1723 efﬁcit.
2959 1670 3032 1722 At
3059 1684 3188 1740 qua:
3220 1669 3412 1726 ﬁdelis
3441 1675 3532 1726 est
3567 1670 3804 1740 mulier,

2149 1756 2222 1812 ab
2255 1755 2349 1812 his
2376 1755 2576 1828 procul
2607 1771 2735 1812 esse
2765 1757 2958 1826 debet,
2989 1761 3048 1813 et
3085 1758 3337 1815 maxime
3368 1775 3498 1831 quae
3540 1775 3604 1817 se
3633 1761 3800 1816 Chri-

2151 1844 2403 1900 stianam
2436 1861 2566 1901 esse
2596 1846 2962 1917 proﬁteatur.
2995 1847 3081 1901 An
3111 1845 3570 1919 Deumincusas,
3602 1867 3635 1906 0
3667 1867 3799 1905 mu-

2154 1933 2278 2000 lier,
2312 1934 2468 2004 quod
2500 1939 2557 1989 te
2587 1935 2877 2004 ejusmodi
2925 1934 3127 1990 fecerit
3157 1935 3184 1990 ?
3232 1940 3460 2006 Patere,
3506 1937 3554 1992 si
3602 1939 3798 2010 qualis

2145 2027 2342 2078 creata
2374 2021 2558 2078 fuisti.
2590 2022 2748 2078 Nihil
2779 2022 2888 2078 tibi
2939 2024 3434 2081 machinamentis
3483 2027 3738 2083 asciscas
3775 2046 3788 2084 :

2145 2125 2336 2182 neque
2365 2111 2520 2166 enim
2553 2111 2875 2184 sapientior
2901 2129 2964 2169 es
2993 2115 3293 2169 conditore
3325 2116 3561 2172 tuo.Cui
3592 2120 3790 2173 autem

2145 2199 2371 2271 placere
2402 2205 2680 2272 satagens
2709 2200 2914 2256 isthtec
2941 2201 3126 2258 efﬁcis
3145 2203 3173 2258 ?
3197 2202 3412 2260 Viros?
3440 2209 3501 2260 at
3541 2221 3658 2261 non
3689 2206 3794 2262 ha-

2147 2289 2268 2359 bes,
2301 2293 2366 2344 ut
2395 2289 2632 2361 quidem
2666 2290 2774 2359 ais,
2817 2291 3002 2362 virgo.
3048 2291 3212 2355 Quod
3269 2291 3322 2348 si
3360 2293 3539 2350 etiam
3592 2294 3800 2366 habes,

2147 2379 2440 2450 perpende
2469 2383 2766 2434 versutam
2790 2384 2974 2435 artem
3001 2381 3341 2445 tuam.Quid
3374 2381 3680 2441 fomitibus
3699 2401 3800 2441 va-

2147 2467 2248 2523 riis
2280 2483 2494 2538 corpus
2525 2467 2850 2536 instruens,
2881 2469 3112 2524 venaris
3144 2470 3376 2527 animas
3406 2471 3713 2530 hominum
3738 2475 3800 2531 in

2147 2555 2533 2628 perditionem
2558 2555 2586 2610 ?
2609 2559 2724 2612 Aut
2752 2572 2872 2630 qua
2909 2557 3133 2614 ratione
3181 2558 3482 2618 Christum
3529 2561 3802 2619 invocare

2145 2645 2351 2713 audes,
2383 2645 2472 2700 vel
2503 2645 2765 2702 ecclesiae
2795 2646 2986 2702 solum
3019 2647 3244 2705 calcare
3260 2653 3491 2720 tu,quaa
3511 2650 3804 2708 inanima-

2146 2750 2277 2790 rum
2311 2741 2640 2791 statuarum
2668 2735 2888 2791 formas
2911 2740 3032 2792 toto
3063 2753 3304 2809 corpore
3324 2738 3508 2795 refers
3539 2756 3641 2812 per
3672 2757 3799 2797 cor-

2145 2822 2424 2896 ruptibile
2458 2840 2670 2880 aurum
2700 2841 2713 2893 ;
2747 2829 2924 2897 atque
2951 2825 3097 2882 adeo
3135 2828 3208 2883 ab
3239 2827 3360 2883 illis
3407 2828 3466 2884 in
3515 2845 3796 2902 pompam

2144 2913 2473 2979 deduceris,
2500 2917 2558 2968 et
2587 2912 2982 2985 plurimorum
3026 2916 3548 2988 intemperantium
3599 2918 3794 2975 homi-

2145 3018 2288 3058 num
2318 3001 2574 3058 intuitus
2603 3002 2676 3058 ad
2703 3007 2759 3058 te
2787 3003 3043 3075 turpiter
3071 3004 3548 3076 conspiciendam
3593 3023 3798 3080 provo-

2143 3107 2242 3147 cas
2263 3089 2292 3145 ?

2210 3181 2266 3235 7.
2299 3180 2369 3235 At
2397 3179 2491 3234 cui
2523 3179 2724 3236 ist-haec
2761 3179 3060 3250 loquimur
3081 3181 3109 3237 ?
3137 3181 3394 3239 Animali
3439 3200 3652 3257 nempe
3701 3203 3795 3242 ra-

384 3275 582 3326 στικῶν
615 3268 922 3347 δρακόντων
953 3269 1268 3348 προαίρεσιν
1296 3269 1503 3347 ἔχοντι.
1553 3269 1692 3330 Οἷίτε
1721 3293 1779 3328 σε
1807 3274 1864 3327 αἱ
1894 3279 2026 3347 Γρα-

2148 3267 2298 3324 tione
2329 3268 2542 3334 utenti,
2572 3270 2729 3341 quod
2778 3271 3141 3342 reptantium
3180 3273 3504 3330 draconum
3551 3274 3795 3332 institu-

379 3361 474 3435 φαὶ
503 3359 801 3432 πείθουσιν,
858 3356 1042 3430 οὕτεὴ
1074 3361 1260 3436 γέεννα
1289 3355 1467 3438 φοϐεῖ,
1525 3359 1647 3416 οὔτε
1693 3364 1728 3431 ἡ
1781 3366 1888 3416 τῶν
1938 3363 2030 3418 ἀν-

311 3473 319 3482 η
377 3449 611 3524 Θρώπων
639 3448 888 3513 νουθεσία
932 3450 1292 3519 κατανύσσεις
1349 3449 1459 3508 Κᾶν
1495 3453 1595 3520 τὴν
1629 3451 1825 3522 ἑαυτῆς
1876 3451 2032 3526 φύσιν

378 3535 680 3609 αἱδίσθητι,
738 3532 1010 3611 μετάϐαλὲ
1059 3559 1155 3593 σου
1214 3539 1314 3608 τήν
1383 3535 1530 3613 ὄψιν,
1586 3540 1661 3613 μὴ
1722 3539 2032 3615 ἀπεργάζου

376 3625 579 3696 ταύτην
613 3623 902 3684 εἷδωλικὸν
935 3633 1281 3704 χαρακτῆρα,
1316 3628 1392 3701 μὴ
1431 3631 1604 3701 μιμοῦ
1631 3628 1729 3690 τὰς
1757 3630 1856 3698 τὴν
1890 3628 2032 3684 ἐται-

319 3738 322 3741 ·
384 3717 538 3791 ρικήν
571 3714 660 3770 καὶ
691 3716 973 3790 μοιχιαίαν
1019 3715 1285 3792 αἰσχύνην
1337 3715 1738 3794 ὑπερχομένας.
1798 3719 2032 3775 Ἐκεῖναι

381 3804 484 3878 γὰρ
512 3810 612 3872 τῆς
644 3803 870 3876 ἀνομίας
902 3806 1190 3880 θυγατέρες
1229 3805 1615 3881 τυγχάνουσαι,
1671 3803 1794 3870 ἔθος
1846 3805 2032 3862 τοιοῦ-

383 3912 479 3948 σον
508 3891 762 3968 πράττειν
791 3889 1003 3968 ἔχουσι.
1039 3894 1137 3948 Σοὶ
1179 3891 1238 3948 δὶ
1281 3894 1364 3956 τίς
1413 3894 1671 3966 τοιαύτην
1730 3894 2032 3952 ἐνετείλατο

381 3982 480 4050 τήν
513 3979 921 4057 παραγγελίανς
970 3979 1073 4056 ἄρα
1115 3985 1270 4037 ποῖαι
1330 3983 1536 4060 Γραφαὶ
1585 3984 1944 4062 προφητικαὶ,
1996 3984 2031 4054 ἢ

381 4075 516 4125 ποῖα
543 4067 878 4146 Εύαγγέλια,
925 4076 1081 4126 ποῖαι
1137 4067 1196 4126 δὲ
1225 4069 1586 4127 ἀποστολικαὶ
1642 4071 2030 4148 παραγγελίαις

381 4159 525 4235 Ἐγὼ
581 4156 722 4232 οἶδα,
781 4160 864 4216 ὅτι
923 4161 980 4214 ei.
1027 4161 1167 4216 θεῖαι
1218 4159 1423 4238 Γραφαὶ
1483 4160 1574 4216 καὶ
1628 4161 1725 4224 τὰς
1770 4160 1822 4232 ἐξ
1877 4156 2032 4225 ἔθους

379 4246 615 4324 ἐχούσας
690 4253 851 4304 τοῦτο
923 4248 1178 4325 πράττειν
1255 4250 1574 4325 ἀπείργουσι
1647 4255 1744 4306 τοῦ
1837 4250 2031 4324 μηκίτι

380 4336 648 4394 ἐπιτελεῖν
705 4337 801 4400 τάς
857 4336 1313 4418 είδωλομόρφους
1364 4338 1740 4414 ἐξομοιώσεις.
1799 4338 2031 4412 Εἴρηται

383 4426 518 4500 μετά
543 4425 875 4504 παρρησίας,
925 4425 1055 4483 ἀλλ’
1105 4426 1258 4484 οὐδὲν
1310 4430 1428 4484 κατ’
1481 4428 1630 4503 ἀξίαν
1655 4433 1766 4485 τῶν
1796 4449 2032 4507 πραττο-

385 4516 482 4588 μὲν
490 4537 586 4574 ων.

450 4695 505 4751 8.
558 4693 715 4752 Ἀλλ’
771 4695 883 4768 ἐρεῖ
933 4715 1040 4759 τιςο
1113 4695 1367 4773 Σκληρὸς
1422 4698 1451 4753 ὁ
1511 4695 1680 4773 λόγος
1736 4697 1912 4762 οὗτος·
1949 4697 2033 4763 τίς

382 4780 602 4838 δύναται
669 4784 838 4840 αὐτοῦ
905 4785 1159 4854 ἀκούειν;
1233 4786 1336 4842 Καὶ
1409 4787 1473 4842 τὸ
1532 4786 1881 4861 ὑποκριτικὸν
1939 4787 2030 4842 καὶ

381 4871 780 4948 ἀπεχθέστατον
837 4872 995 4950 γένος
1033 4879 1195 4931 τοῦτο
1227 4871 1415 4952 εἷ’ρηκέ
1444 4896 1576 4931 ποτε
1603 4877 1740 4952 πρὸς
1770 4877 1860 4931 τὸν
1911 4883 2030 4931 Σω-

376 4966 539 5038 τῆρα·
575 4961 704 5018 ἀλλ’
734 4959 848 5018 ἴστε
876 4961 1126 5031 ἅπαντες,
1160 4965 1282 5020 τίνα
1332 4965 1516 5028 αὐτοῖς
1561 4965 1845 5042 ἀπόκρισιν
1893 4963 2031 5020 ἔδω-

376 5069 486 5107 κεν.
524 5050 715 5113 Οὕτως
745 5051 834 5107 καὶ
869 5051 1112 5108 ἐνταῦθα·
1147 5054 1175 5107 ὁ
1210 5051 1551 5130 βουλόμενος
1600 5055 2031 5119 κατανυσσὲσθω.

379 5137 544 5211 Λόγοι
570 5138 670 5212 γὰρ
704 5147 911 5219 σοφῶν,
944 5141 1020 5203 ὡς
1048 5140 1116 5196 τὰ
1148 5142 1464 5217 βούκεντρα,
1511 5142 1602 5196 καὶ
1635 5143 1708 5206 ὡς
1754 5141 1886 5212 ἧλοι
1938 5163 2033 5198 πε-

376 5227 720 5300 πυρωμένοι,
753 5230 918 5304 φησὶν
951 5232 986 5300 ἡ
1021 5233 1232 5310 Γραφή.
1265 5233 1496 5304 Νομίζω
1540 5231 1824 5304 ἀξιόπιστα
1866 5237 2035 5288 ταῦτα

379 5315 698 5389 τυγχάνειν,
731 5317 783 5372 εἶ’
811 5318 901 5374 καὶ
937 5319 1128 5396 μέτρια
1157 5325 1236 5392 τῷ
1267 5320 1440 5396 λόγῳ,
1473 5321 1611 5394 πρὸς
1637 5324 1740 5390 τήν
1783 5326 1892 5376 τῶν
1940 5323 2037 5386 τὰς

377 5406 762 5469 συνεισάκτους
821 5407 1064 5485 ἐχόντων
1130 5411 1347 5484 μανίαν.
1389 5410 1769 5466 Ἀνακοπτέτω
1800 5411 1978 5466 τοίνυν
2006 5411 2035 5466 ὁ

379 5491 552 5569 λόγος
584 5493 678 5550 τὸν
711 5501 1084 5573 χρεμετισμὸν
1129 5496 1363 5575 χαλινοῦ
1394 5495 1574 5572 δίκην,
1605 5499 1696 5554 καὶ
1748 5498 1824 5562 εἰς
1887 5500 2032 5572 τάξιν

451 5714 498 5752 ⁸³
524 5714 696 5775 Joan.
724 5732 801 5790 vr,
830 5717 922 5773 61.
997 5717 1041 5754 ⁸⁷
1067 5717 1258 5777 Eccle.
1289 5735 1393 5788 xu,
1426 5722 1512 5778 11.

2139 3362 2266 3412 tum
2299 3373 2413 3429 prce
2445 3373 2508 3413 se
2555 3359 2686 3415 fert.
2731 3359 2848 3414 Nec
2895 3360 3005 3415 tibi
3051 3360 3367 3433 Scriptum
3417 3365 3797 3436 persuadent,

2141 3463 2334 3518 neque
2362 3445 2632 3518 gehenna
2663 3446 2946 3517 percellit,
2982 3465 3178 3520 neque
3217 3449 3527 3508 hominum
3577 3455 3803 3510 monita

2141 3536 2578 3607 compungunt?
2606 3536 2822 3592 Saltem
2853 3541 3128 3593 naturam
3158 3542 3322 3595 tuam
3354 3547 3802 3600 reverere.Muta

2143 3629 2448 3696 aspectum
2483 3633 2647 3681 tuum
2681 3641 2695 3680 :
2730 3643 2841 3682 neu
2874 3628 3056 3682 istum
3084 3627 3460 3684 fecerisidoli
3481 3630 3796 3687 indicium:

2141 3730 2253 3770 neu
2286 3715 2536 3769 imiteris
2562 3731 2816 3787 eas,quaa
2848 3716 3240 3772 meretriciam
3274 3717 3395 3774 sive
3420 3719 3794 3776 fornicariam

2142 3803 2569 3874 turpitudinem
2602 3804 3098 3876 proﬁtenturJllee
3120 3806 3274 3861 enim
3309 3805 3640 3878 iniquitatis
3664 3808 3794 3864 filim

2142 3908 2276 3949 cum
2307 3891 2614 3960 sint,istud
2639 3893 2829 3950 facere
2851 3894 2910 3949 in
2935 3895 3200 3950 moribus
3227 3895 3446 3952 habent
3477 3913 3490 3953 :
3524 3897 3633 3953 tibi
3662 3913 3794 3955 vero

2143 3982 2419 4055 quisnam
2441 3982 2780 4054 hujusmodi
2802 3983 3096 4040 ambitum
3119 3984 3362 4040 detulit?
3382 3985 3521 4050 Quae
3551 3992 3692 4042 sunt
3711 4004 3797 4043 er-

2141 4087 2214 4144 go
2245 4071 2595 4143 propheticis
2634 4072 2968 4144 Scriptura,
3000 4079 3102 4128 aut
3130 4089 3260 4144 qua:
3301 4074 3634 4148 Evangelia,
3669 4093 3796 4148 qua

2141 4163 2378 4216 demum
2411 4161 2746 4232 apostolicae
2778 4161 3198 4218 obtestationes
3219 4163 3248 4218 ‘I
3270 4163 3400 4220 Scio
3431 4165 3798 4236 ego,divinas

2143 4250 2499 4322 Scripturas,
2532 4251 2666 4308 illas
2694 4252 2871 4308 etiam
2931 4252 3211 4308 mulieres
3268 4270 3396 4326 quae
3452 4254 3564 4310 hoc
3609 4255 3800 4312 facere

2144 4345 2596 4408 consueverunt,
2619 4340 3260 4414 deterrere,quominus
3289 4342 3484 4399 adhuc
3503 4342 3797 4400 idolorum

2140 4427 2202 4483 in
2233 4444 2295 4484 se
2324 4429 2748 4486 similitudines
2780 4431 3130 4503 exprimant.
3162 4431 3395 4488 Dictum
3426 4448 3562 4488 cum
3620 4431 3796 4490 liber-

2142 4521 2262 4574 tate
2319 4523 2446 4588 est;
2510 4518 2658 4575 nihil
2716 4522 2914 4577 tamen
2973 4537 3078 4593 pro
3136 4521 3346 4578 merito
3404 4537 3607 4579 eorum
3665 4537 3792 4594 quas

2061 4627 2112 4692 υ
2141 4609 2314 4665 ﬁunt.

2209 4699 2265 4754 8.
2315 4701 2386 4754 At
2443 4698 2598 4754 dicet
2653 4699 2950 4771 quispiam
3007 4717 3020 4756 :
3081 4701 3264 4756 Durus
3319 4709 3397 4757 est
3446 4701 3537 4756 hic
3591 4716 3792 4768 sermo,

2141 4788 2265 4861 quis
2292 4788 2469 4858 potest
2496 4803 2621 4842 eum
2646 4787 2843 4845 audire
2888 4788 2978 4844 “7
3025 4790 3212 4846 Etiam
3263 4789 3516 4863 populus
3559 4789 3657 4845 ille
3686 4790 3790 4860 hy-

2140 4877 2368 4951 pocrita
2395 4877 2956 4950 infensissimusque
2974 4879 3132 4935 istud
3157 4879 3476 4951 aliquando
3497 4878 3645 4934 dixit
3664 4878 3790 4934 Sal-

2138 4966 2343 5024 vatori.
2376 4966 2488 5022 Sed
2519 4967 2708 5022 nostis
2737 4983 2944 5023 omnes
2975 4968 3309 5039 cujusmodi
3343 4981 3692 5039 responsum
3721 4967 3792 5022 il-

2141 5055 2215 5112 lis
2247 5055 2496 5112 dederit.
2529 5055 2694 5112 Haud
2728 5055 2900 5113 aliter
2927 5061 2984 5112 et
3014 5058 3147 5125 hic;
3182 5059 3284 5129 qui
3327 5057 3456 5113 vult
3504 5073 3796 5130 compun-

2142 5149 2337 5218 gatur.
2368 5145 2660 5201 Ser-moues
2687 5148 2840 5202 enim.
2883 5148 3228 5217 sapientium
3276 5155 3538 5220 tanquam
3583 5147 3803 5203 stimuli

2146 5236 2329 5304 boum,
2360 5241 2412 5289 et
2441 5243 2716 5305 tanquam
2753 5235 2898 5290 clavi
2953 5235 3246 5290 candentes
3293 5235 3358 5304 ⁵⁷,
3408 5235 3604 5307 inquit
3651 5236 3803 5292 Scri-

2144 5328 2337 5396 ptura.
2369 5322 2637 5379 Arbitror
2683 5323 2829 5380 satis
2879 5323 3001 5379 haec
3052 5324 3244 5380 valere
3292 5340 3485 5396 posse,
3529 5326 3802 5398 quamvis

2145 5413 2436 5468 mediocri
2467 5428 2739 5470 sermone
2769 5411 3214 5483 comprehensa,
3265 5415 3547 5471 adversus
3594 5430 3800 5472 eorum

2147 5501 2488 5570 stultitiam,
2537 5502 2639 5574 qui
2689 5501 2965 5558 mulieres
3010 5501 3071 5558 in
3119 5505 3508 5563 contubernio
3557 5504 3800 5562 habent.
