4124 6380
311 340 433 401 823

1266 347 1661 410 APPENDIX
1707 349 2031 412 OPERUM
2077 351 2143 411 S.
2191 349 2474 412 BASlLlI
2521 353 2788 413 MAGNI.

3624 354 3745 414 824

316 478 603 536 Inhabeat
630 479 812 552 igitur
842 483 1026 538 oratio
1059 483 1359 540 hinnitum
1396 485 1555 541 hunc
1582 487 1728 541 freni
1761 487 1828 540 ad
1881 487 1967 540 in-

2088 486 2269 546 ἀγὲτω
2319 486 2418 553 τήν
2452 481 2658 559 ἄλογον
2691 485 2873 560 ὁρμὴν
2907 489 2923 557 (
2962 488 3018 554 5)
3074 487 3174 539 τοῦ
3201 483 3508 560 γυναικείου
3539 483 3743 558 ῥεύμα-

317 572 458 635 star,
489 572 548 624 et
579 569 636 624 in
671 570 934 626 ordinem
968 578 1142 643 cogat
1174 574 1525 632 infrunitum
1568 576 1852 646 impetum
1887 591 1976 628 eo-

319 673 473 725 rum,
507 659 606 730 qui
641 676 674 714 a
701 660 970 715 muliebri
1005 667 1151 716 testu
1188 662 1423 734 longius
1457 665 1851 736 abripiuntur.
1885 664 1975 719 Ti-

321 761 448 802 mor
477 749 817 820 propositus
847 755 935 806 est
963 758 1020 805 et
1049 755 1287 820 tremor,
1321 759 1377 807 et
1408 754 1563 826 ignis
1604 754 1835 808 stridet.
1867 759 1973 808 Ne-

325 852 415 890 mo
447 841 783 894 contemnat
834 856 847 891 :
898 840 1133 895 tametsi
1187 841 1340 896 enim
1395 843 1495 914 qui
1549 843 1706 898 ferus
1753 844 1851 908 sit,
1903 843 1973 897 ab

323 923 458 996 igne
489 927 848 995 domahitur,
882 929 1117 984 tametsi
1153 936 1407 987 mentem
1442 933 1535 1002 qui
1568 934 1840 988 draconis
1873 935 1973 988 ha-

321 1013 478 1084 beat,
505 1019 762 1072 tartarus
795 1023 1158 1089 praeparatus
1203 1026 1296 1076 est
1329 1037 1341 1076 :
1378 1022 1615 1078 tametsi
1663 1023 1976 1079 Sodomiti-

318 1119 451 1158 cum
485 1120 584 1159 cor
611 1110 796 1178 gerat,
830 1107 986 1178 ignis
1017 1109 1246 1165 ccelitus
1276 1110 1446 1182 pluit.
1481 1111 1618 1166 Coeli
1651 1112 1808 1167 enim
1845 1115 1978 1167 uni-

310 1191 459 1248 versi
491 1195 660 1264 quasi
694 1195 829 1267 igne
860 1195 1203 1269 locupletati
1248 1206 1406 1255 sunt.
1441 1201 1624 1256 Nemo
1674 1201 1972 1274 loquentis

313 1296 509 1336 vocem
541 1283 825 1338 obaudire
857 1285 1159 1354 detrectet,
1193 1287 1293 1342 sed
1319 1287 1458 1358 quid
1491 1289 1734 1344 terroris
1762 1289 1974 1344 haheat

309 1369 397 1425 vis
430 1387 771 1428 sermonum
807 1374 1159 1444 consideret,
1197 1376 1412 1447 Deique
1435 1377 1728 1447 judicium
1752 1378 1866 1434 sibi
1897 1379 1970 1433 ob

308 1458 512 1516 oculos
543 1466 723 1532 ponat
755 1479 768 1518 :
800 1463 1075 1519 Iudicium
1108 1467 1313 1537 quippe
1341 1468 1461 1522 sine
1481 1467 1893 1535 misericordia,
1918 1470 1972 1523 ei

312 1551 412 1620 qui
439 1565 550 1605 non
573 1552 708 1621 fecit
735 1553 1177 1609 misericordiam
1206 1555 1270 1609 ⁵⁸.

381 1639 436 1694 9.
470 1639 637 1695 Nunc
679 1644 914 1714 tempus
964 1647 1054 1698 est
1105 1643 1277 1713 mihi,
1329 1648 1394 1700 ut
1454 1649 1512 1700 et
1554 1646 1843 1702 nonnulla
1893 1647 1966 1702 ad

309 1745 414 1784 vos
442 1730 620 1786 verba
651 1731 886 1802 faciam,
920 1748 952 1788 ο
985 1732 1226 1804 viri,qui
1259 1734 1504 1790 fratrum
1540 1736 1765 1792 inimici
1799 1738 1963 1804 estis,

308 1822 370 1872 at
400 1817 721 1875 mulierum
754 1822 925 1877 amici
954 1840 969 1892 ;
1001 1823 1101 1893 qui
1135 1824 1194 1878 in
1227 1823 1585 1880 feculentum
1610 1826 1960 1882 feminarum
1995 1857 2041 1922 Β

310 1923 570 1964 amorem
602 1911 1055 1980 excaudescitis,
1086 1916 1143 1967 et
1171 1912 1228 1968 in
1264 1930 1473 1985 puram
1498 1915 1744 1970 fratrum
1768 1915 1961 1971 chari-

306 2000 484 2052 tatem
516 1997 754 2069 penitus
784 1999 1119 2057 refrixistis.
1170 2004 1245 2057 At
1287 2003 1467 2070 dices,
1514 2005 1669 2075 quod
1722 2010 1962 2077 prOpter

305 2084 605 2143 Christum
640 2088 752 2144 hoc
783 2088 984 2158 facias,
1013 2106 1216 2146 curam
1247 2108 1458 2163 gerens
1505 2093 1725 2148 inﬁrmi
1777 2095 1958 2166 vasis,

302 2174 398 2228 Nae
429 2175 588 2232 istud
623 2178 773 2233 novi.
809 2179 925 2234 Cur
957 2195 1093 2252 ergo
1127 2181 1291 2236 fratri
1323 2187 1426 2237 tuo
1457 2183 1701 2254 pauperi
1725 2188 1964 2255 propter

303 2263 605 2322 Christum
635 2266 790 2322 idem
827 2285 944 2324 non
977 2275 1223 2340 praestas
1250 2289 1264 2338 ;
1293 2272 1436 2343 quin
1467 2271 1586 2327 imo
1619 2273 1830 2329 fratres
1857 2291 1958 2328 ceu

305 2353 507 2410 hostes
538 2355 787 2411 insidias
836 2362 1131 2414 struentes
1170 2359 1439 2432 respicis,
1489 2366 1545 2416 et
1588 2379 1714 2433 quae
1764 2379 1964 2418 revera

307 2441 556 2500 insidias
588 2449 1136 2519 struuut,tanquam
1163 2466 1392 2506 sorores
1411 2451 1440 2505 ?
1461 2451 1572 2507 Sed
1592 2451 1751 2507 dices
1774 2452 1920 2507 mihi
1945 2470 1959 2508 :

307 2531 416 2595 Qui
448 2549 690 2602 possum
719 2536 956 2591 fratrem
982 2555 1213 2593 mecum
1246 2555 1552 2595 assumere
1573 2541 1601 2595 ?
1631 2541 1734 2596 illa
1764 2558 1855 2597 me
1885 2544 1961 2597 fo-

306 2621 520 2690 vebat;
552 2622 654 2678 illa
686 2624 830 2680 mihi
863 2625 1310 2697 blandiebatur;
1343 2628 1445 2684 illa
1477 2630 1622 2685 mihi
1653 2635 1845 2687 vestes
1872 2649 1965 2686 va-

309 2710 430 2766 rias
463 2711 616 2767 686
648 2715 1013 2785 praeparabat
1045 2736 1059 2784 ;
1096 2716 1962 2788 placentas,scriblitas,offulas

310 2798 610 2855 faciebat:
658 2801 822 2857 illius
866 2818 976 2857 vox
1016 2804 1305 2875 jucunda,
1348 2811 1406 2861 et
1449 2806 1702 2864 intuitus
1747 2809 1960 2865 mollis.

306 2887 510 2944 Nescis
542 2889 685 2960 quid
719 2891 960 2963 cogites.
993 2893 1421 2950 Insanientium
1453 2895 1575 2951 haec
1597 2901 1736 2952 sunt
1767 2899 1961 2954 verba.

312 2974 478 3032 Illius
509 2976 707 3034 dulcia
736 2980 913 3035 verba
938 2997 1070 3036 mox
1104 2982 1235 3038 felle
1265 2985 1559 3040 amariora
1588 2985 1964 3043 invenientur

305 3066 452 3135 tibi;
486 3065 649 3123 illius
680 3068 878 3124 mollis
930 3075 1204 3143 aspoctus
1236 3072 1296 3128 in
1345 3075 1552 3130 tartari
1603 3075 1861 3132 claustra
1907 3083 1964 3132 te

305 3156 642 3224 contrudit;
675 3161 736 3212 at
766 3158 1014 3214 fratrum
1047 3177 1213 3216 amor
1243 3178 1491 3233 regnum
1520 3164 1626 3218 tibi
1660 3170 1961 3236 comparat

2083 574 2176 634 τός
2229 574 2727 647 παρασυρομένων.
2782 569 2964 635 Φόϐος
3022 572 3305 648 πρόκειται
3361 572 3451 627 καὶ
3508 573 3740 648 τρόμος,

2084 662 2174 716 καὶ
2202 663 2266 717 τὸ
2295 667 2403 737 πῦρ
2441 664 2670 737 ἀπηχεῖ.
2722 660 2928 734 Μηδεὶς
2973 661 3401 740 καταφρονείτω.
3464 661 3574 717 Κᾶν
3633 663 3737 739 γάρ

2082 773 2166 812 τις
2224 749 2506 828 θηριώδης
2559 753 2848 828 τυγχάνῃ,
2914 753 3017 806 ὑπὸ
3069 752 3240 827 πυρὸς
3297 749 3734 824 δαμασθήσεται·

2084 841 2180 895 κᾶν
2231 841 2333 915 γάρ
2363 863 2445 904 τις
2489 839 2866 915 δρακοντώδης
2923 843 3021 911 τὴν
3075 841 3414 914 προαίρεσιν,
3472 842 3742 917 τάρταρος

2084 931 2436 1002 ἡτοίμασται’
2471 929 2568 985 κᾶν
2629 928 3001 1003 Σοδομιτικήν
3033 927 3258 1005 καρδίαν
3311 931 3599 1007 περιφέρῃ,
3632 935 3742 1005 πῦρ

2083 1019 2174 1072 ἀπ’
2201 1017 2427 1092 ούρανοῦ
2457 1017 2668 1095 βρέχει·
2719 1018 2842 1075 ὅλοι
2891 1019 2993 1094 γάρ
3045 1019 3097 1073 οἱ
3142 1018 3358 1093 ούρανοὶ
3393 1018 3525 1092 πυρὶ
3579 1031 3743 1090 τεθη-

2082 1107 2454 1181 σαυρισμένοι.
2504 1106 2708 1178 Μηδεὶς
2754 1115 2855 1177 τῆς
2895 1113 2992 1163 τοῦ
3044 1105 3305 1183 λὲγοντος
3356 1109 3542 1186 φωνῆς
3590 1127 3743 1179 παρ⁸

2083 1196 2345 1266 ακουέτω,
2377 1195 2524 1252 ἀλλά
2547 1204 2650 1268 τῆς
2679 1201 2786 1252 τῶν
2816 1195 2998 1272 λόγων
3033 1195 3316 1271 δυνάμεως
3345 1197 3620 1252 σκοπείτω
3670 1197 3736 1253 τὸ

2081 1281 2336 1362 φοϐερὸν,
2379 1286 2470 1341 καὶ
2524 1288 2624 1356 τὴν
2683 1291 2780 1341 τοῦ
2838 1291 2973 1342 Θεοῦ
3029 1287 3207 1358 κρίσιν
3263 1286 3370 1363 πρὸ
3432 1285 3734 1364 ὀφθαλμῶν

2079 1374 2274 1450 ἐχέτω·
2352 1376 2440 1437 Ὠς
2505 1375 2724 1438 ἀνέλεος
2803 1378 2838 1445 ὴ
2919 1375 3097 1453 κρίσις
3165 1380 3245 1448 τῷ
3306 1375 3383 1449 μή
3441 1377 3729 1446 ποιήσαντι

2079 1459 2256 1521 ἔλεον.

2146 1646 2201 1698 9.
2261 1644 2465 1698 Λοιπὸν
2495 1641 2552 1698 δέ
2585 1665 2678 1716 μοι
2718 1643 2910 1719 καιρὸς
2939 1643 3029 1698 καὶ
3057 1643 3194 1719 πρὸς
3227 1643 3368 1716 ὑμᾶς
3402 1644 3598 1719 μέτρια
3653 1643 3732 1699 εἲ-

2075 1737 2218 1799 πεῖν,
2251 1731 2295 1786 ὦ
2326 1730 2626 1806 ἂνθρωποι,
2677 1733 2730 1787 οἳ
2777 1737 2884 1787 τῶν
2934 1730 3183 1810 ἀδελφῶν
3217 1731 3432 1807 ἐχθροὶ,
3481 1733 3572 1787 καὶ
3621 1736 3732 1787 τῶν

2073 1827 2342 1897 γυναικῶν
2373 1821 2550 1898 φίλοι,
2584 1823 2636 1876 οἱ
2664 1821 2740 1880 εἷς
2767 1823 2865 1891 τὴν
2895 1826 3006 1877 τῶν
3037 1827 3305 1900 γυναικῶν
3359 1819 3587 1896 θολεράν
3638 1843 3730 1898 φι-

2073 1909 2192 1966 λίαν
2255 1911 2461 1980 ζέοντες
2497 1955 2511 1977 ,
2569 1911 2659 1966 καὶ
2716 1911 2792 1975 εἷς
2851 1914 2950 1982 τήν
3010 1911 3247 1984 καθαρὰν
3305 1916 3413 1965 τῶν
3474 1907 3728 1987 ἀδελφῶν

2073 2001 2285 2076 ἀγάπην
2353 2001 2716 2076 ψυχρότατοι.
2775 2001 2932 2057 Ἀλλ’
2989 2000 3152 2076 ἐρεῖς,
3209 1999 3292 2054 ὅτι
3353 1997 3440 2055 διὰ
3487 2000 3721 2074 Χριστὸν

2074 2089 2204 2144 αὐτὸ
2251 2091 2505 2162 πράττεις
2555 2091 2964 2165 προνοούμενος
3011 2095 3111 2144 τοῦ
3159 2090 3414 2154 ἀσθενοῦς
3479 2088 3728 2156 σκεύους,

2072 2178 2177 2234 Ναὶ
2232 2175 2371 2235 οἶδα.
2419 2180 2518 2233 Διά
2564 2179 2617 2234 τί
2645 2179 2825 2234 τοίνυν
2853 2179 3055 2250 καὶτῷ
3085 2175 3308 2256 ἀδελφῷ
3354 2198 3450 2231 σου
3499 2180 3577 2248 τῷ
3633 2173 3726 2232 διὰ

2073 2270 2304 2342 Χριστὸν
2336 2270 2623 2341 πενομένῳ
2651 2269 2713 2323 τὸ
2744 2268 2873 2323 αὐτὸ
2900 2268 2962 2322 ού
2994 2272 3193 2337 ποιεῖς,
3235 2264 3382 2322 ἀλλά
3407 2265 3534 2328 τοὺς
3565 2263 3725 2321 ἀδελ-

2073 2358 2206 2436 φοὺς
2263 2358 2338 2421 ὡς
2387 2352 2714 2419 ἐπιϐούλους
2762 2359 2928 2432 ὁρᾷς,
2978 2356 3072 2419 τάς
3123 2353 3186 2410 δὲ
3238 2349 3588 2428 ἐπιϐούλους,
3650 2355 3726 2418 ὡς

2074 2445 2347 2526 ἀδελφάςς
2409 2446 2562 2505 Ἀλλ’
2593 2447 2731 2522 ἐρεῖς
2769 2465 2883 2519 μοι·
2947 2450 3069 2508 Πῶς
3103 2442 3339 2519 δύναμαι
3365 2445 3459 2500 τὸν
3490 2441 3727 2520 ἀδελφὸν

2077 2538 2192 2609 μετ’
2251 2535 2490 2610 ἐμαυτοῦ
2555 2532 3000 2610 προσλαϐἐσθαις
3061 2535 3235 2605 ἐκείνη
3322 2555 3390 2607 με
3454 2529 3726 2598 ἕθαλπεν·

2073 2625 2252 2695 ἐκείνη
2317 2647 2383 2698 με
2442 2624 2798 2681 ἐκολάκευενθ
2868 2624 3042 2696 ἐκείνη
3107 2646 3201 2697 μοι
3258 2623 3450 2697 ἱμάτια
3502 2622 3730 2678 ποικίλα

2072 2715 2447 2785 κατεσκεύαζε,
2534 2716 2743 2790 θρυπτά
2817 2716 2906 2769 καί
2987 2712 3282 2789 στρεπτοὺς
3339 2714 3427 2767 καὶ
3489 2711 3727 2782 νεήλατα

2075 2803 2274 2858 ἐποίει’
2311 2802 2519 2872 ἐκείνης
2547 2806 2581 2871 ἡ
2616 2804 2769 2878 φωνή
2797 2799 2978 2871 ἡδεῖα,
3011 2802 3100 2856 καὶ
3145 2802 3209 2856 τὸ
3261 2799 3489 2876 βλέμμα
3535 2819 3724 2874 τρυφε-

2075 2893 2187 2965 ρόν.
2220 2891 2330 2947 Οὐκ
2379 2889 2526 2953 οἶδας
2573 2892 2626 2946 τί
2672 2896 2906 2966 φρονεῖς.
2957 2894 3134 2945 Ταῦτα
3165 2888 3615 2957 ἐνθουσιαζόντων
3655 2887 3720 2941 τὰ

2075 2982 2315 3060 ῥήματα·
2349 2980 2591 3051 Έκείνης
2620 2982 2688 3036 τὰ
2723 2979 2962 3056 γλυκερά
3006 2979 3224 3056 ῥήματα
3254 2978 3481 3053 ὕστερον
3530 2975 3723 3050 πικρός

2071 3093 2200 3147 τερα
2259 3071 2439 3148 χολῆς
2508 3069 2849 3145 εὑρεθήσεταί
2914 3089 3022 3124 σοι·
3082 3066 3292 3136 ἐκείνης
3343 3067 3407 3121 τὸ
3453 3064 3718 3142 τρυφερὸν

2079 3162 2307 3238 βλέμμα
2361 3159 2436 3222 εἷς
2492 3157 2762 3234 ταρτάρου
2821 3179 2880 3212 σε
2907 3156 3137 3232 κλεῖθρα
3182 3156 3422 3229 κατάγει·
3470 3156 3506 3222 ἡ
3541 3150 3598 3206 δὲ
3625 3155 3724 3206 τοῦ

309 3213 696 3310 οωιοιιιηηρυ
709 3247 762 3302 id
782 3213 1494 3319 clypeatzeﬁtest—ud—i‘rjii—srsu

2367 3213 2571 3326 ἆξάτέῆ
2609 3213 2886 3324 βασιλείαν
2937 3213 3176 3322 οὐρανῶν
3229 3213 3615 3318 σοιιπροξενεῖ.
3668 3239 3729 3294 Τί

308 3337 493 3389 tatem
515 3336 770 3392 antefers
788 3337 984 3393 fratris
1006 3339 1275 3410 genuinae
1298 3341 1570 3397 charitati
1590 3342 1965 3415 ?Quid,quod

311 3422 524 3492 perdit,
558 3425 824 3492 sectaris,
861 3427 1015 3497 quod
1049 3427 1299 3485 salutem
1330 3430 1520 3496 affert,
1563 3433 1836 3502 rejiciens
1857 3433 1885 3488 ?
1907 3433 1968 3489 Si

313 3511 472 3567 enim
515 3512 623 3567 viri
671 3513 939 3571 Ninitivze
989 3517 1090 3588 qui
1125 3519 1196 3572 ad
1249 3520 1547 3590 prophetae
1598 3522 1966 3593 praedicatio—

321 3617 454 3657 nem
487 3602 884 3670 crediderunt,
915 3611 1225 3676 surgentes
1259 3608 1315 3663 in
1339 3609 1568 3679 judicio
1612 3611 1968 3666 condemna-

322 3689 474 3746 bunt
501 3707 622 3759 eos,
646 3692 747 3762 qui
777 3694 971 3749 verbis
997 3695 1230 3752 Domini
1254 3699 1438 3753 nostri
1468 3701 1602 3756 Jesu
1635 3700 1852 3754 Christi
1875 3700 1966 3754 di-

320 3783 412 3835 cto
441 3780 748 3837 audientes
777 3798 906 3838 esse
939 3784 1276 3855 noluerunt,
1328 3789 1569 3844 omnino
1610 3789 1788 3844 etiam
1821 3805 1969 3861 gen-

319 3868 468 3925 tium
501 3870 928 3942 sapientes,qui
961 3872 1344 3946 philosophias
1386 3883 1677 3933 navarunt
1707 3895 1966 3949 operam,

315 3961 374 4012 et
404 3957 888 4015 mulierositatem
920 3963 1171 4017 aversati
1203 3968 1852 4032 sunt,condemnabunt
1869 3985 1970 4024 eos

317 4046 419 4117 qui
454 4047 511 4101 in
539 4063 674 4104 vera
703 4048 1076 4122 philosophia
1104 4061 1436 4125 versantur,
1488 4061 1547 4111 et
1589 4073 1724 4112 cum
1757 4059 1969 4114 intem-

318 4137 662 4206 perantibus
693 4138 1059 4196 mulierculis
1091 4141 1318 4213 seipsos
1349 4143 1968 4219 implicant,quoniam

318 4224 402 4281 illi
432 4243 536 4299 per
563 4229 1014 4300 grammaticam
1047 4229 1358 4288 scientiam
1390 4239 1448 4288 et
1495 4235 1847 4291 rhetoricam
1881 4237 1969 4291 fa-

317 4315 595 4374 cultatem
630 4321 786 4392 (quae
811 4319 1063 4376 stultitia
1092 4326 1182 4377 est
1219 4324 1374 4394 apud
1408 4324 1614 4396 Deum)
1663 4325 1970 4381 continen-

319 4406 462 4462 tiam
495 4409 701 4464 seotati
733 4412 1135 4476 sunt,tametsi
1160 4412 1439 4469 inanibus
1464 4415 1635 4470 idolis
1666 4416 1968 4472 servirent.

316 4496 426 4551 Sed
458 4501 516 4552 et
542 4497 628 4552 illi
658 4499 759 4570 qui
789 4498 850 4555 in
882 4501 1146 4557 stultitiae
1180 4504 1369 4558 stadio
1402 4510 1668 4573 currunt,
1700 4523 1733 4561 a
1768 4524 1828 4562 re
1859 4506 1968 4561 hu-

2075 3342 2176 3409 τήν
2227 3343 2325 3404 τῆς
2384 3335 2839 3412 ἀσπιδοχελώνης
2898 3334 3139 3391 ὕπουλον
3187 3333 3400 3407 ἀγάπην
3460 3334 3732 3406 προτιμᾷς

2076 3437 2177 3498 τῆς
2203 3433 2301 3483 τοῦ
2337 3427 2577 3505 ἀδελφοῦ
2606 3426 2828 3500 γνησίας
2860 3425 3078 3499 ἀγάπης
3100 3451 3114 3492 ;
3140 3422 3194 3478 τί
3222 3424 3284 3477 τὸ
3316 3418 3562 3476 ἀπόλλον
3599 3416 3729 3474 διώ-

2077 3539 2189 3586 κες,
2221 3519 2282 3572 τὸ
2329 3522 2502 3584 σῶζον
2544 3515 2970 3587 ἀπωθούμενος;
3017 3512 3080 3566 Εἰ
3127 3513 3230 3588 γὰρ
3276 3508 3466 3584 ἄνδρες
3517 3513 3729 3563 Νινευῐ-

2075 3628 2162 3661 ται
2213 3608 2265 3662 οἱ
2313 3605 2400 3661 ἐπὶ
2439 3609 2518 3676 τῷ
2561 3608 2659 3660 τοῦ
2705 3603 2992 3680 προφήτου
3043 3601 3355 3676 κηρύγματι
3403 3597 3728 3653 πιστεύσαν-

2077 3718 2188 3764 τες,
2221 3694 2535 3756 ἀναστάντες
2588 3693 2641 3748 ἐν
2671 3696 2742 3767 τῇ
2773 3691 2945 3767 κρίσει
2974 3693 3356 3764 κατακρινοῦσι
3410 3686 3538 3749 τοὺς
3590 3706 3728 3761 παρ-

2077 3785 2404 3847 ακούσαντας
2460 3789 2568 3840 τῶν
2624 3787 2722 3838 τοῦ
2773 3779 2976 3857 Κυρίου
3032 3783 3192 3853 ἡμῶν
3252 3782 3434 3848 Ἰησοῦ
3491 3779 3727 3852 Χριστοῦ

2081 3877 2363 3954 ῥημάτων,
2393 3877 2613 3935 πάντως
2671 3893 2778 3928 που
2807 3871 2898 3928 καὶ
2957 3871 3010 3926 οἱ
3065 3873 3172 3924 τῶν
3228 3866 3511 3940 Ἐλλήνων
3543 3865 3727 3954 σοφοὶ,

2079 3953 2132 4022 οἱ
2160 3967 2261 4035 τήν
2302 3963 2624 4044 φιλοσοφίαν
2675 3963 3024 4032 ἀσκήσαντες,
3086 3959 3176 4014 καὶ
3243 3959 3344 4028 τήν
3414 3953 3725 4044 μισογυνίαν

2079 4039 2359 4130 ἐλόμενοί,
2399 4039 2782 4129 κατακρινοῦσι
2826 4049 2956 4114 τοὺς
2993 4048 3043 4103 ἐν
3073 4051 3145 4122 τῇ
3175 4045 3415 4118 ἀληθινῇ
3445 4043 3606 4122 σοφίᾳ
3634 4039 3729 4098 ὅν-

2077 4168 2195 4213 τας,
2267 4144 2359 4199 καὶ
2426 4139 2945 4216 συμπεπλεγμένους
3023 4135 3391 4213 γυναικαρίοις
3458 4134 3726 4195 ἀσώτοις·

2079 4235 2164 4291 ὅτι
2196 4233 2390 4290 ἐκεῖνοι
2423 4230 2512 4287 διὰ
2540 4229 2932 4307 γραμματικὴν
2963 4225 3248 4301 ἐμπειρίαν
3291 4224 3378 4278 καὶ
3432 4221 3728 4298 ῥητορικὴν

2081 4323 2384 4393 δεινότητα,
2433 4321 2555 4391 ἥτις
2601 4319 2780 4395 μωρία
2826 4317 2975 4393 παρά
3017 4320 3098 4387 τῷ
3146 4314 3261 4386 Θεῷ
3309 4312 3476 4384 ἐστιν,
3530 4310 3731 4387 ἐγκρά-

2079 4436 2222 4471 τειαν
2273 4413 2542 4484 ἤσκησαν,
2601 4410 2794 4482 καίπερ
2857 4404 3114 4469 εῗδώλοις
3155 4405 3395 4478 ἀψύχοις
3437 4400 3728 4478 λατρεύον-

2077 4529 2185 4570 τες.
2220 4502 2396 4562 Ἀλλά
2440 4501 2531 4558 καὶ
2579 4501 2631 4556 οἱ
2663 4499 2714 4556 ἐν
2745 4502 2826 4570 τῷ
2861 4504 2962 4567 τῆς
2994 4495 3184 4570 μανίας
3212 4491 3414 4564 σταδίῳ
3442 4491 3731 4566 τρέχοντες

309 4585 576 4655 jusmodi
602 4592 955 4660 temperant,
989 4608 1060 4646 ne
1091 4591 1467 4662 respicientes
1490 4594 1727 4665 quidem
1762 4596 1967 4652 mulie-

2080 4599 2477 4671 καταφρονοῦσι
2522 4591 2618 4645 τοῦ
2662 4589 3003 4663 πράγματος,
3059 4581 3199 4658 μηδέ
3247 4583 3310 4637 τὸ
3345 4579 3607 4671 ’σύνολον
3649 4579 3725 4642 εἷς

319 4690 464 4743 rem,
497 4677 899 4749 corruptibilis
943 4680 1167 4750 praemii
1216 4684 1425 4751 gratia.
1477 4683 1591 4739 Vos
1633 4689 1831 4740 autem
1864 4685 1966 4756 qui

320 4765 808 4834 mysteriarerum
822 4766 1146 4823 ccelestium
1167 4771 1559 4838 noscitatis,et
1573 4774 1750 4828 futuri
1769 4773 1968 4830 saculi

317 4853 621 4910 horribilia
644 4855 938 4928 supplicia
961 4858 1727 4928 praeaudistis,honestatem
1753 4881 1970 4935 nequa-

318 4959 498 5014 quam
529 4945 944 5011 servastis,nec
965 4945 1388 5002 continentiam
1419 4949 1971 5018 custodistis,stulta

319 5032 544 5090 ratione
566 5034 818 5106 abrepti,
833 5046 1005 5090 contu
1014 5035 1274 5091 bernaliu
1285 5053 1341 5091 m
1355 5037 1625 5094 videlicet
1637 5041 1963 5097 sodalitate.

393 5126 480 5181 10.
515 5127 582 5182 Et
609 5143 868 5198 quonam
902 5134 1069 5201 pacto
1095 5131 1304 5200 poterit
1333 5131 1469 5201 quis
1501 5149 1568 5187 ex
1600 5134 1764 5190 vobis
1784 5135 1971 5192 Eccle-

319 5216 418 5271 site
449 5215 909 5275 sollicitudinem
947 5235 1166 5290 gerere,
1221 5226 1277 5276 et
1314 5221 1652 5278 imbuendis
1704 5225 1972 5281 doctrina

319 5303 622 5376 religionis
671 5307 1010 5363 hominibus
1060 5313 1260 5380 aptum
1317 5310 1376 5364 in
1446 5311 1696 5368 ecclesia
1758 5314 1972 5370 habere

319 5410 671 5462 sermonem,
705 5415 839 5452 cum
872 5397 997 5468 ipse
1029 5398 1086 5452 in
1117 5404 1490 5454 antecessum
1524 5403 1822 5474 prop-riam
1854 5420 1969 5459 non

319 5484 660 5556 expurgarit
688 5487 1110 5542 conscientiam
1143 5487 1170 5542 ?
1199 5489 1282 5543 Ad
1315 5505 1488 5558 quem
1521 5492 1731 5548 merito
1761 5493 1973 5548 dixerit

388 5599 435 5636 ⁸⁸
461 5599 588 5655 Jac.
621 5616 684 5669 ιι,
720 5601 806 5656 13.

388 5699 506 5770 (85)
525 5697 739 5756 Deesse
767 5699 1001 5757 videtur
1019 5703 1127 5757 τῶν
1159 5699 1288 5762 ὐπό.
1317 5704 1476 5763 Emr.

2075 4665 2298 4762 γυναῖκα
2343 4676 2732 4756 ἐμϐλέποντες,
2784 4676 3172 4762 τοῦῌφθαρτοῦ
3229 4665 3488 4762 βραϐείου
3536 4668 3723 4762 χάριν·

2080 4756 2237 4848 ύμεῖς
2290 4769 2348 4827 δὲ
2406 4770 2473 4825 τά
2539 4768 2809 4842 μυστήρια
2849 4760 2955 4818 τῶν
3011 4757 3342 4848 ἐπουρανίων
3393 4756 3724 4848 πραγμάτων

2078 4841 2414 4938 ἐπιγνόντες,
2445 4841 2632 4914 καὶτὰ
2657 4859 2754 4910 τοῦ
2790 4850 3088 4927 μέλλοντος
3119 4847 3318 4938 αἰῶνος
3352 4841 3567 4938 ’φοβερά
3606 4864 3725 4938 κρι-

2077 4934 2243 5029 τήρια
2272 4947 2729 5026 προακούσαντες,
2759 4944 2858 5012 τήν
2905 4937 3261 5018 σωφροσύνην
3311 4934 3409 4991 οὐκ
3455 4934 3729 5029 ἐτηρήσαῖ

2077 5021 2164 5112 τε,¹
2192 5021 2438 5109 οὐδὶττὴν
2485 5033 2792 5113 ἐγκράτειαν
2843 5029 3160 5110 ἐφυλάξατε,
3213 5025 3424 5100 ματαίῳ
3475 5021 3727 5100 λογισμῷ

2085 5129 2414 5206 ὑπαχθέντες
2543 5129 2649 5180 τῶν
2683 5123 3003 5196 ὁμοσκήνων
3037 5115 3289 5190 ἐταιρείᾳ.

2299 5219 2398 5273 Καὶ
2451 5199 2568 5279 πῶς
2623 5236 2707 5278 τις
2749 5213 2801 5283 ἐξ
2855 5212 3006 5285 ὑμῶν
3067 5204 3350 5274 δυνήσεται
3401 5199 3732 5270 Ἐκκλησίας

2081 5311 2524 5387 προνοήσασθαι,
2573 5303 2664 5360 καί
2712 5303 2805 5358 τὸν
2856 5300 2980 5373 περὶ
3035 5295 3394 5387 κατηχήσεως
3453 5287 3624 5387 λόγον
3674 5290 3727 5345 ἐν

2080 5381 2348 5468 ἐκκλησίᾳ
2395 5394 2657 5465 λαλῆσαι,
2703 5391 2862 5452 αὐτὸς
2911 5389 2989 5461 μὴ
3037 5381 3440 5460 προκαθαρίσας
3475 5384 3574 5452 τήν
3605 5381 3730 5468 ἐαυ-

2079 5491 2177 5543 τοῦ
2236 5466 2580 5556 συνείδησιν;
2638 5481 2781 5553 Πρὸς
2856 5472 2914 5532 ὅν
2989 5475 3049 5536 ἄν
3115 5495 3198 5538 τις
3257 5471 3500 5548 εὐλόγως
3549 5466 3724 5528 εἷ’ποι.
