4124 6396
373 385 494 445 825

371 515 663 591 ἰ’ποκριτὰ
697 558 712 584 ,
771 509 969 570 ἔκϐαλε
1064 517 1282 589 πρῶτον

371 603 664 680 ὀφθαλμοῦ
761 624 857 658 σου
894 649 908 670 ,
965 604 1058 657 καὶ
1131 603 1258 659 τότε
1343 600 1546 677 δυνήσῃ
1632 596 1880 656 ἐκϐαλεῖν
1964 597 2027 653 τό

369 694 576 772 κάρφος
631 694 695 748 τὸ
747 693 799 748 ἐν
848 696 927 764 τῷ
975 691 1248 769 ὀφθαλμῷ
1298 692 1395 747 τόῦ
1444 690 1682 766 ἀδελφοῦ
1742 710 1857 744 σου.
1903 691 2026 748 Πῶς

373 781 431 838 δῖε
491 784 580 838 καὶ
638 783 760 858 περὶ
814 782 1168 859 σωφροσύνης
1206 780 1510 855 τολμήσεις
1562 778 1824 845 λαλῆσαι,
1868 776 2026 838 αὐτὸς

367 873 772 947 γυναικομανία
803 869 1219 943 δεδουλωμένος
1246 891 1260 941 ;
1293 871 1328 940 ἢ
1355 875 1472 933 πῶς
1521 871 1589 925 τὰ
1645 869 1767 943 περὶ
1815 865 2026 921 δικαιο-

368 960 532 1031 σύνης
578 958 810 1030 διδάξαι,
844 959 1003 1022 αὐτὸς
1058 959 1162 1014 ὑπὸ
1208 967 1312 1030 τῆς
1360 957 1572 1020 ἀδικίας
1618 956 2024 1032 κρατούμενος;

370 1049 719 1126 θεραπευὲτω
747 1049 929 1104 τοίνυν
962 1053 1180 1124 πρῶτον
1211 1051 1274 1104 τὸ
1326 1050 1518 1104 ἑαυτοῦ
1573 1050 1789 1123 τραῦμα
1841 1046 1869 1099 ὁ
1919 1064 2030 1099 τοι·

378 1144 559 1207 οῦτος,
590 1139 680 1194 καὶ
709 1137 834 1195 τότε
865 1136 1150 1208 δυνήσεται
1180 1138 1272 1193 τὸν
1329 1142 1426 1193 τοῦ
1481 1133 1720 1213 ἀδελφοῦ
1777 1131 2029 1207 μώλωπα

369 1227 641 1292 ἰάσασθαι,
677 1225 868 1301 λόγοις
923 1225 1090 1290 θείοις
1117 1227 1218 1295 τήν
1252 1227 1437 1302 ψυχὴν
1491 1224 1654 1280 αὐτοῦ
1697 1220 2024 1299 ἐπιρρώσας·

369 1317 431 1372 τὸ
461 1315 562 1391 γὰρ
595 1321 694 1385 τῆς
719 1319 908 1391 ψυχῆς
957 1319 1176 1390 τραῦμα
1215 1321 1334 1380 τοῖς
1389 1314 1568 1390 ἁγίοις
1617 1313 1805 1388 Λόγοις
1859 1329 2028 1385 παρα-

373 1407 711 1480 μυθούμενον
770 1407 1114 1484 κουφίζεται.
1181 1405 1492 1481 Παρακάλει
1565 1404 1744 1460 τοίνυν
1822 1401 2024 1463 πάντας

361 1495 491 1558 τοὺς
525 1496 864 1573 ἀνθρώπους,
895 1496 1024 1558 τοὺς
1077 1496 1172 1570 μὶν
1220 1496 1620 1570 πυρουμένους,
1656 1493 1706 1549 εἴ
1760 1491 2025 1569 βούλοιν-

356 1606 445 1654 το,
473 1591 671 1661 γαμεῖν
731 1585 786 1640 ἐν
846 1590 1063 1657 Χριστῷ
1111 1586 1500 1660 (γινώσκοντας
1536 1585 1746 1658 μέντοι,
1796 1582 1871 1644 ὡς
1931 1581 2025 1654 μία

361 1673 438 1728 ὲνὶ
467 1671 737 1745 ἆπλάσθη,
771 1678 989 1751 πρῶτος
1022 1671 1080 1729 δὲ
1111 1674 1308 1751 Λάμεχ
1339 1672 1414 1730 ὢν
1455 1674 1514 1729 ἐκ
1561 1677 1658 1729 τοῦ
1703 1673 1860 1740 Κάῖν,
1897 1667 2023 1726 ἕλα-

362 1757 452 1817 ϐεν
513 1763 686 1835 ἑαυτῷ
745 1761 841 1818 δύο
898 1769 1182 1840 γυναῖκας·
1228 1765 1291 1820 τὸ
1351 1762 1410 1819 δὲ
1457 1764 1632 1834 ἑαυτῷ
1690 1755 1878 1817 λαϐεῖν
1911 1760 2022 1814 ἐστι

1466 383 1731 444 SEBMO
1775 381 1874 440 DE
1919 379 2708 443 CONTUBERNALIBUS.

1369 515 1468 584 τὴν
1549 513 1708 568 δοκὸν
1791 510 1853 566 ἐκ
1931 513 2020 563 τοῦ

2143 527 2436 568 nonnemo
2465 531 2477 569 :
2513 517 2826 586 Hypocrita,
2861 515 2994 582 εἰὶσε
3035 514 3284 585 primum
3326 511 3540 567 trabem
3567 526 3640 566 e1.-
3668 526 3799 567 ocu-

3676 377 3797 440 826

2139 605 2188 655 lo
2221 609 2332 667 luo,
2363 605 2412 656 et
2459 607 2590 657 tunc
2627 605 2828 674 poteris
2884 605 3082 674 ejicere
3135 604 3423 673 festucam,
3458 615 3582 671 quae
3615 608 3707 655 est
3739 602 3796 654 in

2139 690 2296 744 oculo
2326 693 2522 761 [ratris
2553 694 2638 746 tui
2685 693 2748 746 5°.
2800 693 3104 758 Quomodo
3137 707 3273 746 vero
3306 695 3362 746 et
3393 690 3462 744 de
3496 690 3802 744 honestate

2137 777 2295 850 loqui
2330 779 2597 848 audebis,
2631 783 2756 851 ipse
2780 781 3195 852 intemperanti
3221 778 3535 834 mulierum
3569 777 3799 832 insania

2139 875 2443 940 correptus
2466 870 2494 924 ?
2519 871 2634 924 Aut
2663 872 2960 941 quomodo
2994 888 3057 925 ea
3091 868 3528 942 quaejustitiam
3565 868 3794 933 decent,

2138 959 2399 1030 edocere,
2425 959 2549 1031 ipse
2581 960 2652 1015 ab
2684 959 2977 1030 injustitia
3009 959 3360 1014 devinctus?
3381 957 3801 1014 Medeaturita-

2139 1063 2251 1118 que
2284 1049 2540 1119 primum
2588 1049 2688 1121 qui
2743 1048 3090 1120 hujusmodi
3120 1053 3228 1117 est,
3261 1048 3400 1104 huic
3446 1045 3711 1112 vulneri;
3744 1049 3800 1100 et

2139 1141 2278 1192 tunc
2309 1138 2522 1208 poterit
2563 1138 2832 1193 fraternae
2879 1137 3052 1193 vibici
3111 1138 3386 1193 adbibere
3420 1136 3796 1201 medicinam,

2136 1226 2327 1281 verbis
2360 1227 2573 1282 divinis
2605 1227 2768 1282 illius
2819 1227 3077 1282 animam
3127 1226 3530 1282 corroborans.
3577 1224 3796 1280 Anima:

2137 1314 2350 1372 etenim
2381 1315 2594 1372 vulnus
2627 1316 2849 1372 sanctis
2880 1316 3073 1372 verbis
3117 1315 3450 1384 delinitum,
3492 1313 3793 1370 allevatur.

2135 1406 2528 1469 Quamobrem
2560 1405 2796 1461 hortare
2827 1422 3033 1461 omnes
3087 1404 3379 1471 homines,
3412 1420 3514 1460 eos
3561 1404 3795 1475 quidem

2137 1494 2238 1566 qui
2271 1498 2542 1564 uruntur,
2570 1500 2635 1550 ut
2660 1496 2708 1551 si
2740 1495 2938 1562 velint,
2965 1511 3204 1551 uxorem
3237 1495 3458 1549 ducant
3488 1493 3545 1547 in
3564 1493 3796 1549 Christo

2137 1584 2410 1656 (scientes
2452 1589 2650 1641 tamen
2698 1586 2853 1656 quod
2892 1602 3010 1640 una
3038 1584 3140 1640 uni
3175 1585 3423 1639 formata
3451 1583 3647 1652 fuerit,
3691 1587 3794 1638 La-

2135 1673 2304 1730 mech
2337 1690 2468 1729 vero
2501 1675 2752 1746 primus,
2785 1674 2886 1747 qui
2913 1692 2946 1730 a
2973 1675 3110 1729 Cain
3145 1689 3332 1744 genus
3363 1673 3796 1740 ducebat,acce-

2132 1773 2217 1835 ρει
2261 1763 2375 1819 sibi
2411 1764 2554 1818 duas
2603 1779 2803 1820 uxores
2831 1765 2902 1822 ⁸ο.
2957 1763 3076 1818 Sibi
3127 1768 3324 1819 autem
3375 1763 3657 1834 accipere,
3709 1764 3801 1816 est

359 1852 422 1906 τὸ
458 1853 533 1923 μὴ
566 1852 705 1907 κατά
735 1851 954 1926 θέλημα
983 1856 1136 1908 Θεοῦ.
1170 1853 1233 1906 ’11
1293 1853 1398 1927 γὰρ
1457 1849 1798 1926 πολυγαμία,
1833 1850 2019 1924 γάμου

2135 1869 2250 1907 non
2282 1854 2604 1908 secundum
2642 1853 2741 1909 Dei
2773 1852 3225 1926 beneplacitum.
3260 1851 3593 1924 Polygamia
3627 1867 3800 1906 nam-

367 1941 462 2012 μὲν
499 1936 617 2015 ἔχει
641 1941 704 1994 τὸ
735 1936 930 2014 ὄνομα,
964 1935 1076 1996 ἔστι
1110 1938 1167 1995 δὲ
1219 1937 1681 2017 φιλευπρόσωπος
1733 1937 1977 2015 πορνεία)
2005 1959 2017 1972 ⁸

361 2027 490 2090 τοὺς
521 2025 579 2083 δὲ
628 2027 1142 2105 ἐγκρατευομένους,
1175 2027 1399 2092 τελείως
1450 2029 1501 2084 ἐν
1547 2030 1762 2105 Χριστῷ
1818 2029 2020 2100 ἀσκεῖν,

367 2119 455 2172 καὶ
495 2118 570 2190 μὴ
601 2122 682 2190 τῷ
717 2119 812 2192 μὲν
865 2117 1093 2192 ὀνόματι
1154 2116 1496 2197 φιλοσοφεῖν,
1527 2119 1589 2173 τὸ
1622 2116 1679 2172 δὲ
1710 2116 1867 2192 ἔργον
1899 2115 2023 2172 επι-

361 2206 795 2280 κεκαλυμμένως
839 2207 1116 2284 πράττειν.
1152 2206 1312 2279 Μηδὲ
1369 2206 1536 2264 πάλιν
1593 2212 1711 2270 τοῖς
1765 2211 1874 2262 τῶν
1928 2206 2018 2261 ἀν-

362 2295 600 2371 θρώπων
638 2295 952 2373 ὀφθαλμοῖς
983 2298 1305 2374 προσέχετε,
1327 2296 1411 2352 ὅτι
1444 2296 1552 2373 οὐχ
1582 2298 1795 2373 ὁρᾶσθε,
1809 2294 2017 2372 τοίχων

369 2385 511 2457 ὑμᾶς
541 2385 880 2461 πανταχόθεν
930 2385 1373 2461 περικλειόντων⁸
1402 2385 1548 2442 ἀλλᾶ
1596 2387 1695 2455 τὴν
1743 2389 1840 2440 τοῦ
1887 2389 2020 2440 Θεοῦ

362 2472 596 2544 ἀπειλήν
658 2469 960 2553 φοϐήθητε,
989 2474 1074 2530 ὅτι
1122 2477 1297 2531 πάντα
1348 2475 1547 2550 γυμνὰ,
1605 2473 1695 2530 καὶ
1751 2494 2020 2550 τετραχη-

364 2561 598 2636 λισμένα
650 2563 879 2618 ἐνώπιον
944 2563 1108 2619 αὐτοῦ
1166 2565 1289 2633 εἰσι,
1320 2564 1387 2620 τὰ
1435 2563 1491 2619 έν
1541 2563 1690 2620 νυκτὶ
1721 2563 1810 2618 καὶ
1841 2564 2036 2640 ἡμέρᾳ-

367 2651 472 2706 ὑπὸ
501 2656 611 2707 τῶν
646 2653 945 2730 ἀνθρώπων
978 2655 1346 2729 πραττόμενα.

439 2832 526 2887 11.
558 2829 656 2886 Καί
690 2851 784 2904 μοι
843 2831 1113 2904 θαυμάσαι
1164 2829 1286 2887 λίαν
1337 2827 1538 2887 ἔπεισιν
1590 2829 2020 2905 ἆκπληττομὲνῳ

367 2918 468 2986 τὴν
501 2918 852 2991 ἀναισθησίαν
882 2925 990 2975 τῶν
1055 2921 1484 2994 μυωπαζόντων,
1515 2925 1634 2985 πῶς
1689 2922 1742 2976 αἱ
1803 2921 2019 2991 θήλειαι

366 3005 587 3080 ἑκουσίᾳ
613 3010 811 3085 γνώμη
867 3010 1058 3072 ἑαυτὰς
1111 3009 1188 3074 εἷς
1236 3007 1484 3065 δουλείαν
1539 3007 1888 3080 ὲκδεδώκασι,
1936 3031 2018 3063 τι-

368 3102 476 3169 μῆς
543 3097 647 3152 ὑπὸ
693 3102 791 3152 τοῦ
846 3097 1218 3171 τετιμηκότος
1278 3099 1682 3175 ἀγορασθεῖσαι.
1739 3097 2018 3161 Πολλάκις

365 3183 468 3259 γάρ
497 3205 581 3246 τις
611 3185 750 3260 κόρη
782 3192 900 3248 τοῖς
932 3184 1093 3249 ἰδίοις
1136 3190 1355 3261 γονεῦσι
1417 3189 1492 3261 μὴ
1551 3186 2020 3260 ἐξυπηρετησαμέ-

2133 1957 2264 2012 que,
2316 1941 2578 2014 conjugii
2638 1942 2878 2014 quidem
2933 1958 3144 1997 nomen
3195 1940 3388 2008 habet,
3421 1941 3521 1996 sed
3553 1940 3800 1996 honesta

2133 2031 2437 2087 fornicatio
2490 2035 2624 2099 est),
2658 2048 2756 2088 eos
2805 2048 2940 2105 vero
2990 2031 3092 2103 qui
3143 2029 3569 2087 continentiam
3620 2029 3796 2101 profi-

2130 2121 2351 2182 tentur,
2385 2122 2450 2174 ut
2493 2121 2741 2191 perfecte
2791 2120 2852 2176 in
2897 2120 3129 2176 Christo
3176 2123 3502 2184 exerceant,
3533 2134 3638 2174 nec
3667 2134 3796 2173 ver-

2133 2207 2204 2262 bo
2233 2207 2472 2278 quidem
2509 2208 3016 2281 phil030phentur,
3049 2225 3170 2264 rem
3199 2213 3394 2264 tamen
3427 2207 3795 2264 clandestino

2131 2301 2482 2368 perpetrent.
2521 2297 2717 2368 Neque
2747 2315 2958 2355 rursus
2987 2298 3252 2354 animum
3295 2296 3575 2352 humanis
3605 2296 3793 2352 oculis

2131 2385 2432 2454 advertite,
2461 2387 2616 2458 quod
2661 2404 2870 2460 nempe
2915 2405 3028 2443 non
3079 2386 3420 2454 videamini,
3468 2386 3792 2458 parietibus

2130 2491 2230 2531 vos
2261 2474 2719 2548 circumquaque
2749 2476 3240 2533 concludentibus
3273 2494 3286 2532 :
3331 2476 3431 2531 sed
3468 2475 3565 2530 Dei
3599 2475 3794 2531 minas

2131 2565 2395 2633 metuite,
2428 2567 2582 2637 quod
2615 2567 2801 2622 omnia
2831 2567 2982 2622 nuda
3029 2575 3081 2624 et
3125 2568 3448 2638 resupinato
3476 2580 3664 2621 coram
3694 2565 3792 2621 illo

2128 2659 2257 2710 sunt
2311 2655 2376 2723 εί,
2439 2671 2566 2728 quae
2627 2656 2880 2712 interdiu
2942 2660 2998 2712 et
3069 2661 3241 2712 noctu
3307 2655 3380 2712 ab
3447 2655 3790 2711 hominibus

2133 2745 2304 2800 ﬁunt

2205 2835 2288 2890 11.
2325 2840 2404 2890 Ac
2447 2835 2591 2891 mihi
2638 2835 2919 2892 admirari
2979 2836 3357 2893 vehementer
3407 2835 3592 2902 subit,
3645 2835 3787 2889 dum

2132 2923 2450 2980 stoliditate
2502 2940 2702 2980 eorum
2751 2925 3034 2997 percellor
3090 2925 3189 2997 qui
3250 2929 3551 2995 tantopere
3604 2939 3788 2978 caecu-

2129 3013 2286 3068 tiunt
2319 3030 2332 3067 :
2366 3029 2624 3084 quanam
2655 3014 2925 3070 videlicet
2971 3014 3194 3069 ratione
3250 3011 3605 3068 mulierculae
3638 3011 3791 3067 ultro

2132 3118 2195 3156 se
2237 3100 2378 3173 ipsa:
2423 3102 2482 3156 in
2534 3103 2875 3158 servitulem
2925 3103 3165 3173 dedant,
3218 3102 3399 3172 pretio
3453 3101 3525 3156 ab
3576 3118 3642 3156 eo
3691 3100 3794 3173 qui

2135 3189 2538 3260 aestimaverit,
2589 3197 2886 3264 coemptae.
2935 3193 3099 3264 Saepe
3141 3190 3297 3248 enim
3363 3191 3674 3263 contingit,
3729 3194 3795 3245 ut

363 3253 452 3344 νη,
482 3273 572 3328 καὶ
603 3253 840 3348 ἀμοιϐὰς
870 3272 1094 3331 δικαίων
1127 3253 1305 3331 πόνων
1344 3253 1427 3350 μὴ·
1479 3253 1861 3332 ἀποδεδώκυῖα
1907 3253 2020 3338 τοῖς

2135 3277 2332 3351 puella
2362 3253 2648 3352 quaepiam
2680 3253 2804 3338 suis
2828 3253 3172 3354 parentibus
3194 3253 3794 3352 nequaquamvl‘amu-

366 3363 560 3431 ἑαυτῆς
590 3365 969 3439 γεννήτορσιν,
1003 3364 1137 3436 αὕτη
1173 3362 1439 3420 σπουδαία
1469 3365 1547 3430 εἷς
1585 3367 1678 3420 τὸν
1738 3365 2024 3442 ἀγαπητὸν

366 3453 582 3531 εὑρέθη,
617 3454 707 3510 καί
759 3455 932 3511 πάντα
989 3456 1192 3528 τρόπον
1246 3456 1562 3532 ἀγωιίζεται
1614 3455 1761 3529 αύτῷ
1815 3457 2021 3532 ἀρέσαι,

362 3543 452 3598 καὶ
484 3543 617 3621 οὐχὶ
647 3549 763 3618 Θεῷ
797 3540 1031 3608 εὐσεϐῶς
1065 3543 1379 3616 δουλεῦσαι,
1412 3545 1622 3620 νύκτωρ
1652 3566 1711 3605 τε
1757 3546 1847 3601 καὶ
1907 3548 2024 3620 μεθ’

361 3632 569 3708 ἡμέραν
620 3631 1070 3710 ταλαιπωροῦσα,
1105 3634 1193 3690 καὶ
1248 3632 1450 3698 στολὰς
1509 3631 1876 3705 ἐξαλάσσουσα
1934 3634 2024 3690 αύ-

359 3725 440 3793 τῷ
469 3721 559 3776 καὶ
608 3721 1096 3792 κατασκευάζουσα·
1130 3723 1220 3778 καὶ
1278 3721 1470 3780 πολλά
1526 3721 1669 3780 ἄλλα
1725 3723 2024 3800 πράγματά

262 3872 265 3874 η
362 3807 524 3873 ἐστιν,
556 3808 589 3862 ’ἀ
622 3809 720 3864 οὐκ
749 3809 1078 3885 ἀγνοοῦμεν,
1111 3810 1258 3867 ἀλλά
1285 3816 1376 3866 νῦν
1409 3810 1590 3889 λέγειν
1639 3813 1703 3868 οὐ
1753 3812 2022 3888 βουλόμεο

366 3907 450 3960 θα·
486 3896 545 3952 ού
578 3899 683 3973 γὰρ
717 3899 872 3971 θέμις
929 3900 997 3954 τὰ
1042 3907 1220 3978 κρυφῇ
1274 3899 1534 3976 γινόμενα
1591 3902 1679 3956 ὑπ’
1709 3901 1883 3958 αὐτῶν
1947 3902 2024 3968 εἷς

366 3985 527 4059 μέσον
561 3988 729 4062 ἄγειν,
763 3987 796 4043 ’ἀ
824 3987 914 4044 καὶ
944 3993 1023 4061 τῷ
1072 3987 1248 4065 λέγειν
1294 3988 1499 4064 αἰσχρὰ
1545 3991 1828 4066 τυγχάνει.
1859 3991 1918 4045 '0
1963 3989 2021 4048 δὲ

363 4073 583 4149 λοιπὸν,
617 4077 796 4153 ὥσπερ
835 4098 919 4138 τις
977 4077 1139 4153 ἰχθὺς
1197 4073 1603 4156 ἀμφιϐλήστρῳ
1659 4083 1811 4152 κακῷ
1865 4101 2020 4156 περι-

364 4159 616 4236 ϐληθεὶς,
670 4163 760 4222 διὰ
807 4170 918 4222 τῶν
969 4166 1205 4240 ἱματίων
1289 4167 1380 4222 καὶ
1462 4173 1564 4238 τῆς
1641 4167 2020 4248 θανατηφόρου

369 4253 668 4328 ὑπηρεσίας
726 4258 828 4322 τῆς
905 4256 1042 4311 κατά
1117 4255 1623 4334 ἀνθρωπαρὲσκειαν
1699 4257 2018 4333 γινομένης,

360 4343 451 4398 καὶ
523 4345 586 4399 οὑ
645 4346 783 4399 κατὰ
855 4340 1192 4415 θεοσέϐειαν,
1255 4342 1590 4402 δεδούλωται
1659 4350 1740 4418 τῷ
1793 4347 2014 4423 γυναίῳ,

365 4430 581 4505 μεθύων
609 4431 673 4486 τὸ
705 4431 985 4510 φρόνημα,
1036 4433 1126 4489 καὶ
1169 4431 1595 4509 κραδαινόμενος
1627 4433 1772 4498 ὅλως
1829 4434 2014 4493 ἐκλύε-

358 4541 444 4574 ται
482 4521 584 4575 ὑπὸ
626 4524 735 4576 τῶν
775 4521 1094 4598 γυναικείων
1133 4521 1413 4600 ῥημάτων,
1439 4523 1531 4579 καὶ
1581 4520 1736 4579 οῧττε
1780 4545 2012 4600 προσευ-

2136 3367 2274 3437 lata,
2309 3385 2414 3426 nec
2445 3373 2683 3426 mutuas
2708 3371 3002 3440 justorum
3049 3369 3318 3427 laborum
3349 3369 3506 3425 vices
3539 3368 3794 3441 propriis

2135 3457 2498 3529 genitoribus
2531 3460 2804 3528 reddens,
2833 3476 2901 3516 ea
2931 3459 3198 3516 studiosa
3230 3459 3288 3515 in
3320 3458 3600 3514 dilectum
3633 3457 3794 3515 inve-

2136 3547 2350 3618 niatur,
2370 3552 2426 3604 et
2455 3565 2660 3605 omnes
2688 3565 2895 3605 nervos
2918 3549 3184 3604 intendat
3209 3553 3272 3604 ut
3301 3548 3352 3604 ei
3386 3547 3650 3621 placeat;
3675 3564 3792 3603 non

2131 3641 2328 3694 tamen
2363 3636 2477 3694 Deo
2509 3637 2779 3711 religiose
2809 3639 3135 3707 deserviat;
3169 3638 3267 3693 diu
3301 3641 3599 3710 noctuque
3633 3635 3792 3693 solli-

2133 3727 2267 3793 cita,
2301 3725 2472 3798 eique
2523 3727 2869 3784 indumenta
2900 3728 3150 3784 subinde
3182 3730 3526 3800 permutans
3557 3729 3613 3783 et
3644 3743 3786 3798 prae-

2132 3833 2368 3889 parans.
2405 3815 2562 3889 (Alia
2602 3820 2743 3872 sunt
2787 3816 2926 3873 item
2978 3834 3071 3873 res
3117 3816 3473 3889 complures,
3507 3833 3655 3888 quas
3689 3833 3794 3872 ne-

2131 3922 2425 3978 quaquam
2443 3904 2806 3977 ignoramus,
2834 3906 2936 3962 sed
2961 3923 3108 3980 quas
3140 3906 3334 3963 dicere
3364 3923 3520 3961 nunc
3546 3905 3791 3961 minime

2131 3993 2400 4051 volumus
2434 4011 2446 4049 :
2482 4011 2671 4068 neque
2714 3995 2873 4051 enim
2923 3995 3013 4052 fas
3061 4005 3171 4065 est,
3202 3998 3266 4052 ut
3311 4012 3440 4068 quae
3482 3994 3682 4049 furtim
3716 3993 3789 4049 ab

2129 4083 2248 4138 illis
2273 4083 2522 4150 ﬁunt,in
2555 4085 2813 4140 medium
2847 4085 3240 4157 proferantur,
3265 4102 3395 4141 cum
3419 4101 3486 4140 ea
3511 4083 3597 4139 vel
3629 4083 3790 4138 dictu

2129 4173 2250 4229 sint
2280 4173 2522 4246 turpia.)
2555 4173 2654 4230 Ille
2697 4191 2828 4230 vero
2869 4173 3036 4246 quasi
3088 4175 3334 4245 quidam
3383 4173 3564 4246 piscis
3616 4170 3789 4227 malis

2129 4261 2319 4335 plagis
2351 4261 2634 4329 irretitus,
2671 4279 2773 4335 per
2800 4263 3150 4318 vestimenta
3189 4265 3246 4318 et
3294 4261 3666 4317 mortiferum
3698 4261 3788 4317 fa-

2128 4351 2444 4423 mulatum,
2475 4351 2576 4424 qui
2607 4368 2673 4408 ea
2732 4356 2926 4409 mente
2976 4351 3285 4408 exhibetur
3338 4354 3403 4406 ut
3441 4349 3786 4406 hominibus

2123 4440 2444 4512 plaeeatur,
2479 4457 2593 4498 non
2643 4458 2777 4498 vero
2819 4442 3146 4497 secundum
3196 4440 3490 4513 pietatem,
3519 4439 3787 4509 captivus

2124 4531 2279 4587 cedit
2308 4530 2575 4599 mulieri;
2609 4535 2804 4586 mente
2831 4530 3290 4599 temulentus,ao
3321 4528 3562 4585 omnino
3595 4529 3789 4602 lapsa-

359 4617 470 4686 χῆς
500 4609 690 4684 καιρὸν
743 4608 938 4666 λοιπὸν
999 4609 1363 4689 ἐπιγινώσκει,
1396 4608 1520 4668 οὔτε
1576 4612 1662 4668 ἐὰν
1713 4613 1858 4690 κύψῃ
1916 4619 2014 4671 τοῦ

2132 4620 2358 4676 buudus
2389 4624 2702 4676 enervatur
2729 4638 2764 4676 a
2793 4619 3066 4676 muliebri
3100 4621 3332 4686 affectu,
3366 4623 3425 4676 et
3471 4636 3579 4676 nec
3620 4619 3787 4675 dein-

361 4698 777 4775 προσεύξασθαι,
831 4697 943 4755 οἶδε
995 4701 1048 4757 τί
1105 4706 1274 4770 ποιεῖ,
1322 4701 1776 4779 ἐνοπτριζόμενος
1835 4723 2016 4782 χαρα-

358 4794 537 4864 κτῆρα
568 4788 846 4864 ἑταιρικῆς
877 4786 1192 4854 διαθέσεως.
1223 4790 1299 4846 Τὰ
1343 4789 1512 4865 ὅμοια
1562 4789 1620 4847 δὲ
1665 4792 1755 4846 καὶ
1800 4793 1864 4848 τὸ
1919 4793 2012 4868 γύ-

357 4898 506 4933 ναιον
539 4879 854 4954 συμπάσχει
883 4883 964 4951 τῷ
1012 4879 1302 4955 πάσχοντι.
1337 4881 1442 4936 Καὶ
1490 4887 1708 4957 Γραφῆς
1754 4881 2014 4959 ἀναγινω-

359 4965 630 5041 σκομένης
659 4961 992 5023 άϐλεπτοῦσι
1044 4969 1144 5039 τὴν
1203 4966 1474 5025 διάνοιαν·
1509 4968 1599 5026 καί
1637 4969 1690 5025 ἐν
1749 4969 2017 5044 ἐκκλησίᾳ

358 5053 740 5130 προσομιλιῶν
774 5055 1158 5132 λαλουμένων,
1187 5058 1287 5113 οὐκ
1316 5057 1492 5114 οἷ’δασι
1526 5059 1580 5114 τί
1628 5059 1905 5133 ἀκούουσι,
1933 5062 2014 5135 τῷ

360 5143 626 5214 ἀλλήλων
659 5145 876 5222 αἰσχρῷ
906 5147 1063 5212 πάθει
1097 5146 1523 5222 δεδουλωμένοι·
1559 5148 1731 5212 οὕτως
1757 5147 1854 5205 τοῦ
1885 5148 2018 5227 ἔρω-

357 5236 513 5287 τικοῦ
557 5232 647 5288 καὶ
699 5233 1002 5308 μανιώδους
1045 5236 1251 5301 πάθους
1295 5238 1396 5308 τὴν
1450 5239 1636 5314 ψυχὴν
1679 5243 2012 5316 πηροῦντος,

360 5321 456 5392 ὡς,
490 5319 535 5376 εἰ
569 5318 815 5391 δυνατὸν,
846 5324 1070 5381 καὶτῶν
1121 5323 1276 5382 ἰδίων
1322 5327 1606 5401 ὀνομάτων
1654 5327 2012 5394 ἐπιλανθάνε-

360 5412 501 5468 σθαι.
533 5415 802 5466 Τοσοῦτον
841 5415 876 5483 ἠ
927 5415 1062 5490 γυνή
1112 5421 1436 5472 συνοικοῦσα
1484 5415 1564 5492 τῷ
1623 5415 1775 5492 ἀνδρὶ
1834 5416 2015 5494 ἐκτρέ-

357 5521 446 5556 πει
475 5500 567 5554 τὸν
599 5502 721 5554 νοῦν
754 5505 850 5555 τοῦ
899 5504 1212 5582 ἀνθρώπου·
1244 5511 1502 5564 τοσοῦτον
1537 5507 1567 5563 ὁ
1609 5508 1745 5584 ἀνὴρ
1801 5507 2013 5584 γυναικὶ

2127 4726 2265 4782 ceps
2294 4709 2578 4766 orationis
2607 4713 2842 4779 tempus
2873 4709 3194 4782 cognoscit,
3220 4725 3348 4778 nec,
3371 4709 3422 4765 si
3453 4709 3692 4780 quidem
3713 4710 3784 4764 ad

2127 4801 2415 4856 orandum
2463 4799 2834 4872 procumbat,
2865 4799 3006 4871 quid
3041 4798 3214 4855 faciat
3243 4797 3540 4870 intelligit,
3572 4796 3784 4869 imagi-

2126 4905 2260 4946 nem
2311 4887 2508 4945 animo
2556 4905 2798 4944 versans
2845 4887 3284 4945 contubernalis
3336 4886 3604 4943 rationis.
3657 4888 3782 4955 Quo

2125 4978 2300 5034 modo
2334 4976 2431 5034 ille
2472 4977 2747 5047 afﬁcitur,
2776 4977 2934 5034 haud
2977 4978 3147 5034 aliter
3176 4981 3233 5033 et
3258 4973 3612 5033 mulierculae
3643 4991 3787 5031 con-

2122 5067 2301 5140 tingit
2323 5082 2338 5123 :
2360 5071 2418 5124 et
2446 5068 2588 5124 dum
2613 5067 2921 5140 Scriptura
2945 5067 3180 5140 legitur,
3204 5064 3520 5122 caecutiunt
3541 5063 3738 5119 animo
3768 5083 3782 5132 ;

2125 5157 2387 5228 dumque
2406 5155 2465 5212 in
2484 5155 2730 5213 ecclesia
2749 5155 3002 5212 homiliae
3026 5153 3621 5223 habentur,nesciunt
3641 5152 3784 5224 quid

2125 5245 2387 5315 audiant,
2421 5245 2580 5319 turpi
2606 5245 2910 5302 affectione
2940 5245 3188 5302 invicem
3230 5243 3470 5316 captivi,
3503 5242 3589 5298 sic
3621 5259 3786 5298 amo-

2125 5334 2206 5390 ris
2229 5334 2566 5407 furorisque
2593 5335 2798 5391 morbo
2825 5335 3080 5390 animam
3104 5333 3563 5400 obtundenle,ut
3584 5331 3634 5388 si
3655 5330 3785 5386 fieri

2123 5427 2346 5494 posset,
2389 5440 2634 5480 suorum
2694 5424 2871 5481 etiam
2920 5423 3228 5479 nominum
3277 5421 3781 5478 obliviscerentur.

2122 5511 2394 5586 Eousque
2432 5512 2644 5570 mulier
2695 5528 2827 5568 cum
2876 5511 3111 5569 homine
3155 5512 3489 5582 convivens,
3524 5507 3780 5567 hominis

428 5699 473 5736 '°
503 5701 712 5764 Matth.
739 5721 842 5778 vn,
873 5706 1012 5780 3-5;
1043 5708 1182 5768 an.
1213 5725 1294 5781 γι,
1323 5709 1414 5782 41,
1445 5710 1535 5768 42.
1609 5710 1656 5748 ⁸ο
1684 5709 1896 5784 Genes,
1927 5727 2004 5784 iv,

2201 5711 2247 5751 ⁸⁸
2280 5713 2458 5772 Hebr.
2499 5729 2574 5784 ιν,
2610 5714 2693 5771 13.
