4124 6374
374 346 492 406 827

380 483 633 534 mentem
681 483 884 538 evertit

375 654 444 711 lit
477 675 490 712 :
523 673 782 732 eousque
805 666 994 732 potest
1026 661 1236 716 mulier
1265 677 1398 716 cum
1430 661 1552 717 viro
1583 660 2034 717 contubernium

376 744 620 818 habens,
646 749 731 805 vel
756 750 852 805 Dei
877 750 1064 823 ipsius
1087 750 1380 806 memoriae
1403 751 1754 806 oblivionem
1789 751 2034 805 induce-

378 849 460 888 re.
494 836 878 893 Facessamus
909 840 980 894 ab
1012 839 1300 910 gehenna,
1345 847 1401 894 et
1448 826 1582 911 igne
1626 839 1983 910 sempiterno
2017 838 2030 893 ι

379 922 449 978 Ut
478 924 616 995 quid
651 925 945 998 spirantes
977 929 1169 984 adhuc
1191 936 1413 984 vosmet
1434 929 1549 1001 ipsi
1580 928 1637 984 in
1670 944 1873 984 orcum
1907 929 2034 983 bor-

377 1011 721 1086 ribilemque
751 1021 1038 1072 tartarum
1072 1018 1350 1074 defoditis
1371 1018 1398 1073 ?
1441 1017 1548 1084 Qui
1583 1016 2034 1074 contubernales

377 1101 600 1158 habetis
649 1108 708 1160 et
750 1121 882 1161 cum
917 1106 1036 1162 illis
1079 1107 1533 1173 conversamini,
1567 1107 1849 1163 dediscite
1879 1106 2032 1163 hanc

373 1189 592 1246 malam
635 1193 986 1264 doctrinam,
1021 1213 1148 1268 quaa
1181 1197 1480 1252 interitum
1515 1196 1808 1268 propinat,
1840 1200 1897 1252 et
1937 1213 2032 1252 sa-

372 1277 556 1336 lutem
591 1282 805 1354 prodit.
839 1287 1148 1341 Imitemur
1169 1285 1498 1358 apostolos;
1544 1286 1848 1342 imitemur
1892 1302 2030 1358 pro-

373 1369 603 1442 phetas,
635 1377 692 1428 et
721 1391 824 1445 per
853 1375 1102 1447 vestigia
1144 1391 1344 1431 eorum
1389 1376 1751 1443 incedamns,
1785 1392 1892 1431 nec
1924 1393 2030 1431 nos

373 1459 628 1533 decipiat
657 1463 941 1519 feminina
969 1481 1122 1520 esca.
1153 1465 1270 1521 Nos
1309 1466 1422 1537 ipsi
1453 1482 1680 1532 rursus,
1715 1480 1785 1521 ne
1817 1465 2026 1521 mulie-

373 1565 493 1604 rem
537 1551 706 1622 quasi
740 1569 874 1608 esca
903 1555 962 1608 in
995 1555 1260 1610 fraudem
1295 1555 1644 1611 inducamus
1675 1555 1748 1610 ob
1789 1555 2024 1610 inanem

372 1636 644 1710 gloriam,
679 1646 735 1695 et
778 1643 1249 1714 superstitiosam
1301 1645 1722 1701 humilitatem.
1756 1645 1867 1700 Sed
1901 1661 2027 1700 om-

371 1726 470 1783 nia
500 1730 828 1785 secundum
860 1748 1056 1788 veram
1101 1733 1470 1806 solidamque
1499 1733 1895 1790 humilitatem
1927 1750 2024 1789 so-

1321 348 1714 410 APPENDIX
1759 347 2084 411 OPERUM
2131 349 2195 408 S.
2242 348 2526 410 BASlLlI
2573 350 2844 413 MAGNI.

935 502 948 539 :
1001 499 1260 554 eousque
1309 483 1395 537 vir
1447 499 1581 537 cum
1617 481 1836 537 femina
1862 481 2029 536 habi-

2146 478 2422 548 συαηνῶν
2479 480 2618 556 πρὸς
2663 481 2854 554 μανίαν
2903 482 3194 559 ιπιθυμίας
3239 488 3355 563 ἄγει
3397 492 3498 560 τὴν
3527 497 3802 566 γυναῖκα·

383 571 534 634 tans,
558 568 618 623 in
650 569 942 627 insaniam
974 571 1460 644 concupiscentiae
1492 571 1800 626 mulierem
1834 569 2037 642 impel-

3674 362 3801 423 828

2145 572 2401 622 τοσοῦτον
2434 569 2612 646 ἰσχύει
2645 573 2783 646 γυνή
2818 570 2970 648 ἀνδρὶ
3013 598 3356 649 συνοικουσα,
3401 581 3492 637 καὶ
3543 589 3645 651 τῆς
3701 588 3804 638 τοῦ

2145 661 2277 712 Θεοῦ
2339 660 2566 731 μνήμης
2616 658 2796 732 λήθην
2862 662 3182 737 ἐμποιῆσαι.
3239 668 3612 744 Ἐξελὰσωμεν
3675 670 3802 726 ἑαυ-

2141 745 2270 809 τοὺς
2303 747 2407 802 ἀπὸ
2437 750 2659 823 γεέννης
2687 750 2775 805 καὶ
2807 754 2980 828 πυρὸς
3021 755 3268 814 αἰωνίου.
3311 759 3377 816 Τί
3431 764 3626 829 ζῶντες
3676 762 3804 815 ἑαυ-

2141 835 2268 898 τοὺς
2299 836 2375 891 εἰς
2405 833 2538 908 ᾅδην
2589 840 2677 894 καὶ
2715 836 2946 918 φοϐερὸν
2991 844 3257 922 τάρταρον
3308 848 3701 922 κατορύσσετε;
3730 852 3804 908 Οἱ

2141 926 2237 989 τὰς
2296 927 2674 991 συνεισάκτους
2730 924 2975 1006 ἔχοντες.
3008 935 3097 990 καὶ
3159 935 3347 1000 αὐταῖς
3401 943 3802 1008 συνοικοῦντας,

2145 1015 2455 1089 ἀπομάθετι
2480 1017 2544 1072 τὸ
2573 1019 2738 1074 κακὸν
2789 1020 3040 1096 μάθημα,
3071 1024 3133 1078 τὸ
3176 1032 3278 1095 τῆς
3326 1025 3606 1090 ἀπωλείας
3656 1029 3802 1104 πρό-

2144 1105 2314 1178 ξενον,
2345 1106 2436 1160 καὶ
2463 1107 2526 1162 τὸ
2554 1115 2654 1178 τῆς
2704 1111 2980 1185 σωτηρίας
3021 1111 3370 1189 προδοτικόν.
3405 1119 3799 1191 Μιμησώμεθα

2139 1192 2269 1258 τοὺς
2326 1194 2689 1283 ἀποστόλους,
2753 1202 3123 1275 μιμησώμεθα
3173 1203 3300 1266 τοὺς
3354 1207 3662 1283 προφήτας,
3707 1208 3797 1263 καὶ

2139 1286 2259 1338 κατ’
2307 1282 2467 1359 ἴχνος
2509 1285 2683 1341 αὐτῶν
2748 1288 3043 1364 βαίνωμεν,
3068 1291 3158 1348 καὶ
3221 1294 3298 1367 μὴ
3357 1282 3507 1366 ἡμᾶς
3537 1297 3798 1352 ἀπατάτω

2135 1373 2200 1428 τὸ
2229 1380 2330 1443 τῆς
2361 1377 2618 1448 γυναικὸς
2677 1373 2890 1455 δέλεαρ·
2931 1377 3073 1453 μηδὶ
3127 1381 3292 1438 πάλιν
3349 1389 3578 1460 γυναῖκα
3627 1387 3792 1458 ἡμεῖς

2137 1463 2291 1517 αὐτοὶ
2324 1460 2664 1538 δελεάζωμεν
2698 1464 2787 1521 διὰ
2825 1475 2926 1538 τῆς
2957 1467 3287 1541 κενοδοξίας,
3320 1472 3410 1526 καὶ
3441 1472 3791 1537 ἐθελοταπει-

2137 1555 2496 1630 νοφροσύνης·
2529 1552 2673 1609 ἆ).λᾶ
2703 1555 2879 1611 πάντα
2907 1558 3043 1613 κατὰ
3102 1557 3373 1630 ἀληθινὴν
3418 1563 3504 1617 καὶ
3571 1559 3794 1639 βεϐαίαν

2134 1640 2631 1720 ταπεινοφροσύνην
2710 1645 3008 1721 σωφρόνως
3088 1648 3176 1725 ὑφ’
3231 1651 3394 1723 ἡμῶν
3475 1651 3798 1728 πραττέσθω

2136 1730 2188 1785 ἐν
2221 1735 2460 1807 Χρισρῷ,
2489 1730 2581 1787 ’ίνα
2629 1731 2945 1808 δυνηθῶμεν
3005 1735 3264 1812 ῥυσθῆναι
3314 1739 3375 1794 ιχ
3427 1745 3526 1796 τοῦ
3565 1739 3796 1797 ἐνεστῶ-

371 1814 496 1923 Ibrie
528 1834 561 1872 a
593 1818 761 1918 nobis
792 1825 1150 1894 peragantur
1196 1823 1253 1877 in
1304 1822 1534 1878 Christo
1560 1865 1574 1891 ,
1623 1828 1687 1877 ut
1729 1822 2024 1895 possimus

2139 1841 2226 1881 τος
2275 1824 2471 1894 καιροῦ
2526 1827 2797 1897 πονηροῦ,
2844 1826 2981 1880 κατᾶ
3033 1827 3096 1880 τὸ
3150 1825 3368 1901 θέλημα
3424 1833 3522 1884 τοῦ
3581 1832 3796 1908 [ἰατρὸς

370 1903 609 1961 liberari
633 1925 666 1962 a
688 1909 956 1979 praesenti
986 1916 1248 1983 tempore
1279 1912 1640 1983 malo,juxta
1667 1911 2028 1967 voluntatem

371 1995 582 2063 Patris,
609 2001 666 2052 et
695 1999 924 2054 Domini
958 2002 1143 2057 nostri
1175 2001 1314 2057 Jesu
1339 2001 1555 2058 Christi
1579 2000 1704 2056 Filii
1740 2001 1870 2072 ejus
1902 2000 2030 2056 uni-

369 2083 594 2156 geniti:
629 2103 731 2159 per
761 2105 936 2160 quem
977 2094 1034 2146 et
1079 2107 1213 2146 cum
1265 2108 1381 2163 quo
1429 2091 1634 2164 gloria,
1686 2089 2022 2162 imperium,

372 2174 556 2231 honor
585 2177 864 2234 invisibili
897 2180 1053 2235 Patri
1085 2197 1217 2236 cum
1250 2185 1452 2237 sancto
1482 2185 1538 2236 et
1569 2179 1860 2252 paracleto
1897 2179 2026 2252 Spi-

371 2263 511 2332 ritu,
547 2283 727 2335 nunc,
761 2273 818 2324 et
849 2269 904 2324 in
940 2270 1139 2326 omnia
1169 2270 1385 2327 secula
1413 2269 1784 2328 saeculorum.
1817 2271 2024 2326 Amen.

2135 1911 2319 1982 ἡμῶν,
2351 1909 2439 1964 καὶ
2472 1909 2680 1984 Κυρίου
2711 1913 2886 1980 Ἰησοῦ
2917 1916 3153 1987 Χριστοῦ
3200 1921 3298 1972 τοῦ
3342 1923 3663 1994 μονογενοῦς
3693 1919 3798 1976 αὖ-

2135 2003 2230 2053 τοῐδ
2289 1999 2438 2068 Υἱοῦ,
2473 1997 2543 2054 δι’
2585 2001 2648 2055 οὗ
2697 2002 2787 2056 καὶ
2850 2004 2967 2076 μεθ’
2998 2004 3064 2059 αὗ
3095 2001 3243 2076 δόξα,
3275 2006 3494 2083 κράτος,
3526 2011 3662 2080 τιμή
3713 2016 3799 2083 τῷ

2135 2087 2353 2163 ἀοράτῳ
2411 2090 2578 2166 Πατρὶ
2633 2090 2726 2146 σὺν
2788 2091 2925 2168 ἁγίῳ
2983 2094 3072 2148 καὶ
3121 2093 3462 2172 παρακλήτῳ
3493 2097 3797 2172 Πνεῦματι,

2135 2182 2226 2232 νῦν
2285 2177 2375 2232 καὶ
2429 2178 2505 2240 εἰς
2559 2180 2692 2243 τοὺς
2751 2181 3067 2255 σύμπαντας
3128 2183 3330 2249 αἰῶνας
3381 2190 3490 2241 τῶν
3546 2187 3790 2246 αἰώνων.

2137 2268 2335 2340 Ἀμήν.

3365 2449 3792 2462 ————————.

1248 2579 1364 2710 S.
1477 2578 2066 2709 BASlLlI
2175 2568 2894 2709 MAGNI‘"

743 2813 1324 2904 RATIONES
1391 2811 2265 2904 SYLLOGISTICZE
2334 2811 2795 2905 CONTRA
2860 2815 3395 2930 ARIANOS,

1464 2993 1643 3066 Quod
1675 2992 1870 3054 Filius
1898 2992 1962 3053 in
1994 2991 2223 3053 divinis
2252 2992 2334 3054 sit
2365 2994 2530 3055 Deus
2559 2993 2681 3074 (86)

681 3156 1028 3227 (lnterprete
1060 3153 1370 3210 Francisco
1399 3153 1706 3223 Turriano,
1738 3155 1797 3209 Β.
1821 3151 1858 3280 ἱῖ
1875 3195 1886 3208 .
1928 3153 2130 3279 -ῙΑιλ
2417 3153 2695 3210 Lectiones
2724 3155 3002 3227 antiquae,
3036 3155 3133 3212 ed.
3169 3154 3460 3227 Basnagii,

1847 3241 1965 3280 om.
2033 3266 2049 3296 ,
2082 3241 2140 3296 p.
2281 3265 2294 3280 .

1847 3241 1965 3280 om.
2003 3241 2049 3296 ι,
2082 3241 2140 3296 p.
2173 3241 2294 3280 ιον.

427 3558 468 3614 I.
503 3559 564 3615 Si
593 3558 776 3615 Filius
807 3563 897 3616 est
925 3564 1134 3616 natura
1168 3561 1336 3628 Deus,
1384 3564 1442 3615 et
1472 3559 1642 3615 Pater
1672 3563 1763 3615 est
1792 3561 2004 3614 natura
2033 3561 2076 3626 α
2115 3557 2287 3614 Pater
2313 3557 2486 3614 etiam
2510 3559 2598 3613 est
2619 3556 3138 3630 unigenitus,quia
3160 3557 3647 3631 incomparabilis
3667 3564 3785 3628 est,

354 3646 530 3715 Deus,
566 3664 681 3703 non
727 3653 816 3704 est
863 3647 1016 3705 alius
1049 3649 1202 3705 Deus
1232 3648 1434 3716 Filius,
1478 3649 1630 3704 alius
1684 3664 1817 3703 vero
1858 3647 2011 3703 Deus

351 3735 540 3793 Pater.
565 3737 668 3793 Sin
702 3742 896 3794 autem
930 3755 1045 3794 non
1079 3743 1168 3794 est
1199 3742 1409 3794 natura
1429 3738 1586 3794 Deus
1610 3737 1831 3793 Filius:
1857 3737 2012 3792 Deus

352 3825 590 3896 dicitur,
625 3827 780 3882 sicut
801 3827 901 3898 qui
925 3827 1071 3884 falso
1097 3828 1376 3883 dicuntur
1398 3827 1563 3898 dii,et
1586 3843 1700 3882 non
1724 3831 1814 3883 est
1834 3826 2008 3882 Deus.

425 3915 498 3970 II.
531 3917 588 3970 Si
622 3932 773 3971 unus
804 3916 1090 3973 Dominus
1127 3917 1311 3973 Filius
1344 3922 1576 3987 natura,
1601 3915 1887 3972 Dominus
1909 3932 2010 3971 au-

349 4008 468 4059 tem
499 4003 674 4060 etiam
708 4005 874 4062 Pater
904 4011 1134 4078 natura,
1167 4007 1547 4063 manifestum
1587 4010 1677 4062 est
1706 4005 1862 4077 quod
1895 4022 2012 4062 non

351 4093 468 4151 alia
497 4099 728 4150 natura.
781 4095 943 4160 Quod
985 4099 1033 4152 si
1066 4114 1220 4152 unus
1252 4101 1403 4152 Deus
1435 4099 1628 4162 Pater,
1659 4095 1876 4152 dicitur
1903 4112 2012 4152 au-

352 4186 473 4239 tem
507 4187 660 4240 Deus
689 4185 869 4240 etiam
899 4184 1105 4253 Filius,
1137 4203 1253 4242 non
1286 4183 1403 4240 alia
1427 4189 1658 4256 natura,
1693 4185 1791 4240 sed
1825 4201 1960 4240 una.

424 4274 525 4330 III.
557 4273 616 4328 Si
650 4291 805 4330 unus
836 4273 1124 4330 Dominus
1167 4278 1402 4341 natura,
1453 4291 1586 4330 cum
1638 4273 1808 4329 multi
1846 4271 2008 4340 eteae,

355 4361 467 4418 hoc
497 4368 606 4432 est,
640 4364 930 4436 positione
962 4380 1067 4420 seu
1117 4365 1429 4437 adoptione
1456 4369 1736 4420 vocentur
1764 4363 2010 4433 domini,

353 4455 413 4506 et
443 4468 599 4506 unus
633 4452 815 4509 Filius
841 4457 1070 4526 natura,
1106 4469 1238 4508 cum
1272 4452 1442 4509 multi
1475 4452 1854 4508 nominentur
1884 4451 2011 4524 lilii,

350 4538 452 4610 qui
485 4543 728 4596 vocatur
757 4541 1049 4613 positione
1080 4541 1358 4598 dominus
1395 4541 1485 4598 vel
1517 4541 1677 4597 ﬁlius
1709 4542 1780 4598 ad
1812 4540 2015 4596 imita-

350 4628 574 4685 tionem
605 4630 756 4701 ejus,
790 4632 892 4703 qui
925 4637 1157 4701 natura,
1190 4637 1430 4688 vocatur
1471 4648 1485 4689 :
1535 4631 1824 4704 positione
1853 4630 2010 4686 enim

350 4717 497 4774 nihil
529 4719 774 4789 dicetur,
801 4720 914 4777 nisi
947 4722 1273 4789 antecedat,
1301 4722 1455 4794 quod
1488 4726 1715 4776 natura.
1741 4720 1800 4777 Si
1832 4720 2014 4792 igitur

349 4825 460 4865 nos
491 4825 700 4866 sumus
733 4809 836 4865 ﬁlii
868 4811 965 4866 Dei
998 4811 1161 4878 θέσει,
1188 4811 1246 4866 id
1278 4815 1387 4880 est,
1413 4811 1746 4882 adoptione,
1770 4825 2013 4866 necesse

349 4902 442 4955 est
473 4899 637 4972 prius
669 4916 796 4956 esse
827 4904 1039 4956 natura
1071 4900 1302 4956 Filium.

425 4990 512 5046 IV.
547 4991 684 5056 Quae
711 5007 843 5047 vere
874 4993 1013 5046 sunt
1059 4991 1299 5046 omnina
1346 4988 1710 5060 substantiae,
1745 5006 1814 5045 ea
1861 4992 2011 5045 notas

346 5084 487 5135 sunt
513 5096 736 5149 eorum,
767 5098 1017 5153 quorum
1051 5085 1190 5136 sunt
1222 5079 1480 5137 nomina.
1523 5080 1760 5152 Proprie
1807 5084 2004 5136 autem

343 5172 402 5223 et
430 5185 562 5225 vere
582 5175 752 5226 Pater
780 5178 869 5227 est
891 5171 1044 5227 Deus
1071 5177 1128 5226 et
1158 5170 1340 5226 Filius
1371 5175 1428 5226 et
1447 5169 1698 5242 Spiritus
1731 5170 2002 5227 sanctus:

337 5258 542 5314 eadem
575 5259 755 5332 igitur
785 5261 1118 5316 substantia
1149 5259 1302 5316 sicut
1331 5264 1388 5316 et
1422 5260 1679 5316 nomina.

416 5347 482 5402 V.
521 5347 580 5403 Si
613 5366 727 5405 non
766 5355 854 5406 est
882 5350 1278 5423 generationis
1309 5349 1704 5423 unigenitum,
1737 5349 1838 5407 sed
1869 5363 2003 5421 pro-

345 5441 476 5510 pter
505 5437 1029 5513 incomparabilem
1061 5440 1468 5500 excellentiam
1501 5443 1592 5496 est
1638 5437 2003 5511 unigenitus,

2121 3651 2178 3702 et
2207 3647 2399 3704 omnis
2430 3651 2699 3704 creatura
2730 3663 2844 3703 non
2888 3647 3125 3716 similis,
3159 3649 3261 3704 sed
3313 3647 3624 3705 dissimilis
3671 3649 3788 3704 erit

2122 3735 2448 3809 unigenita,
2480 3735 2652 3792 multi
2685 3736 2866 3810 igitur
2895 3736 3181 3810 unigeniti
3213 3742 3388 3795 erunt
3418 3737 3572 3794 sicut
3600 3737 3792 3794 Filius

2122 3830 2212 3883 est
2233 3827 2329 3882 Dei
2361 3826 2726 3899 unigenitus.

2195 3918 2292 3972 VI.
2328 3914 2512 3972 Filius
2543 3933 2660 3972 non
2693 3915 3040 3989 simpliciter
3084 3919 3174 3974 est
3221 3915 3584 3988 unigenitus,
3614 3916 3718 3972 sed
3753 3933 3788 3972 a

2121 4007 2294 4061 Patre
2325 4003 2707 4077 unigenitus;
2757 4003 2940 4061 Filius
2989 4004 3174 4079 igitur
3212 4005 3556 4079 unigenitus
3586 4009 3697 4075 est,
3730 4009 3796 4062 et

2117 4094 2238 4150 non
2271 4099 2542 4150 creatura
2574 4094 2898 4167 unigenita.

2192 4186 2315 4241 VII.
2351 4183 2411 4240 Si
2458 4183 2596 4238 κατά
2648 4176 2964 4256 μετάϐασιν,
3015 4183 3076 4239 id
3122 4187 3214 4240 est
3262 4183 3694 4253 dimissionem,
3727 4189 3791 4241 et

2119 4272 2480 4345 permissum
2501 4271 2787 4341 Patris,et
2819 4289 2934 4328 non
2967 4273 3295 4329 secundum
3329 4277 3601 4330 naturam
3625 4277 3790 4330 creat

2123 4361 2328 4433 Filius,
2365 4360 2512 4417 nihil
2545 4361 2706 4417 aliud
2738 4378 2916 4434 quam
2961 4362 3157 4418 minor
3203 4363 3489 4418 creaturis
3537 4363 3610 4418 ab
3656 4361 3795 4434 ipso

2122 4451 2316 4518 factis,
2335 4451 2512 4506 etiam
2545 4452 2875 4508 secundum
2896 4456 3173 4508 naturam
3197 4455 3319 4520 est;
3345 4467 3597 4523 quorum
3622 4450 3789 4506 enim

2121 4555 2238 4596 non
2262 4543 2352 4596 est
2367 4542 2592 4595 creator
2612 4541 2940 4597 secundum
2963 4544 3260 4608 naturam,
3284 4539 3577 4612 quomodo
3595 4545 3798 4596 creata

2123 4630 2452 4687 secundum
2483 4634 2757 4686 naturam
2777 4629 2807 4685 ?
3722 4681 3728 4687 .

2190 4719 2341 4776 VIII.
2377 4717 2435 4774 Si
2466 4717 2624 4776 Deus
2653 4722 2949 4790 operatur,
2982 4717 3138 4774 sicut
3165 4717 3367 4775 nullus
3390 4718 3566 4789 alius,
3593 4722 3651 4775 et
3681 4733 3788 4790 ge-

2121 4825 2360 4878 nerans,
2383 4808 2541 4865 sicut
2570 4806 2773 4864 nullus
2804 4806 2956 4864 alius
2987 4807 3326 4879 generabit;
3360 4807 3516 4865 Deus
3544 4808 3700 4865 enim
3724 4809 3788 4864 in

2123 4899 2422 4967 omnibus,
2458 4902 2514 4954 et
2545 4898 2617 4954 ad
2648 4897 2850 4952 omnia
2879 4902 2968 4953 est
2997 4896 3480 4970 incomparabilis
3512 4902 3578 4954 ut
3609 4899 3788 4954 Deus.

2193 4988 2286 5045 IX.
2309 4987 2472 5053 Quod
2497 4987 2584 5055 ﬁt,
2603 5003 2720 5043 non
2742 4991 2832 5042 est
2851 5002 2920 5042 ex
2941 4987 3279 5044 substantia
3299 4987 3566 5043 facientis
3591 5003 3605 5054 ;
3628 4987 3789 5059 quod

2116 5082 2432 5151 generatur
2478 5092 2548 5133 ex
2595 5075 2934 5133 substantia
2976 5075 3312 5149 generantia
3361 5080 3452 5132 est
3481 5093 3495 5133 :
3524 5091 3642 5132 non
3697 5080 3797 5132 est

2115 5167 2297 5240 igitur
2326 5166 2483 5222 idem
2518 5166 2706 5222 facere
2736 5170 2795 5222 et
2825 5165 3086 5238 gignere.

2185 5256 2260 5311 Χ.
2292 5255 2352 5311 Si
2373 5254 2554 5312 Filius
2575 5258 2666 5311 est
2684 5272 2754 5311 ex
2775 5255 2914 5324 Deo,
2933 5270 3048 5310 non
3071 5257 3160 5309 est
3183 5255 3382 5309 autem
3403 5257 3689 5326 tanquam
3715 5269 3793 5308 ex

2117 5346 2305 5416 Patre,
2331 5346 2432 5403 sed
2456 5349 2744 5418 tanquam
2765 5361 2833 5401 ex
2853 5359 3242 5411 causa,causa
3265 5347 3463 5400 autem
3496 5348 3563 5399 ut
3593 5342 3792 5400 simus

2114 5435 2291 5492 etiam
2322 5451 2452 5504 nos,
2478 5435 2630 5510 Deus
2659 5437 2772 5502 est,
2792 5448 2863 5490 ex
2885 5432 3016 5505 ipso
3047 5432 3207 5490 enim
3231 5436 3372 5489 sunt
3401 5431 3638 5501 omnia;
3663 5447 3788 5488 non

418 5615 534 5692 (86)
568 5614 678 5692 Ill_a
724 5625 1073 5692 argumenta
1119 5637 1238 5680 non
1289 5619 1539 5692 digessit
1582 5615 1710 5691 ipse
1756 5612 2036 5688 Basilius,
2074 5613 2178 5673 sed
2210 5628 2280 5670 ex
2323 5613 2517 5689 ipsius
2565 5609 2844 5687 operibus
2891 5609 3071 5668 ducta
3116 5611 3258 5668 sunt
3306 5611 3365 5666 et
3412 5606 3475 5666 in
3505 5608 3782 5668 ordinem

349 5688 589 5747 redacta
619 5689 698 5746 BA
729 5707 787 5748 Ν.
