4124 6378
283 369 408 429 829

1368 361 1859 424 ARGUMENTA
1906 357 2219 419 CONTRA
2260 357 2627 417 ARIANOS.

3582 343 3705 405 830

288 501 469 573 igitur
497 499 665 555 aliter
695 498 867 554 Pater
895 496 1045 564 Filii,
1076 500 1133 552 et
1163 496 1332 552 aliter
1362 498 1579 565 noster,
1605 494 1707 549 sed
1740 493 1938 563 potius
1968 493 2023 557 Α
2052 488 2250 562 igitur,
2285 504 2419 543 cum
2454 488 2526 543 sit
2546 487 2826 559 splendor
2848 485 3058 552 Patris,
3085 499 3200 538 non
3233 478 3699 573 aliquando,-sed

292 588 608 655 similiter;
642 592 700 643 et
728 588 1023 660 quomodo
1058 602 1172 641 non
1204 589 1295 641 est
1325 584 1434 640 hoc
1467 581 1838 639 absurdum?

365 678 457 734 ΧΙ.
490 678 543 733 Si
580 677 726 732 nihil
758 681 849 732 est
877 675 1071 731 simile
1117 679 1174 730 et
1213 673 1436 745 aaquale
1466 673 1582 729 Deo
1613 676 1821 743 praeter
1849 670 1944 723 Fi-

295 769 465 835 lium,
499 770 557 821 et
583 783 699 822 non
731 770 822 822 est
840 764 1045 835 Filius,
1066 780 1257 835 neque
1292 765 1422 834 Deo,
1444 777 1632 835 neque
1662 758 1945 817 creaturis

296 857 406 913 erit
436 855 671 911 similis.

363 948 494 1002 XII.
528 944 691 1009 Quod
717 949 806 999 est
827 944 886 998 in
908 944 1097 999 forma
1126 942 1249 1009 Dei,
1270 942 1328 996 in
1353 941 1684 997 substantia
1707 939 1803 995 Dei
1826 942 1947 1006 est;

294 1052 410 1091 non
441 1034 602 1089 enim
634 1036 724 1089 est
753 1031 915 1088 aliud
950 1032 1157 1099 forma,
1190 1034 1247 1086 et
1278 1029 1434 1085 aliud
1469 1028 1803 1085 substantia
1822 1027 1946 1097 Dei,

294 1140 366 1180 ne
398 1123 756 1195 compositus
780 1121 877 1176 sit.
902 1121 1083 1192 Igitur
1102 1119 1197 1192 qui
1228 1123 1318 1175 est
1338 1119 1665 1175 secundum
1698 1119 1949 1174 formam

293 1210 561 1283 aqualis,
594 1213 653 1265 et
684 1210 1011 1265 secundum
1045 1208 1440 1264 substantiam
1474 1207 1602 1263 erit.

368 1296 516 1351 XIII.
550 1296 610 1351 Si
643 1296 879 1367 genitus
904 1294 1099 1351 minor
1119 1300 1209 1351 est
1238 1311 1326 1365 eo,
1345 1296 1443 1366 qui
1476 1294 1702 1367 genuit,
1726 1311 1841 1349 non
1865 1296 1955 1349 est

297 1385 691 1452 accusandus,
726 1384 826 1457 qui
857 1386 1095 1457 genitus
1128 1388 1253 1453 est;
1288 1383 1602 1439 infirmitas
1634 1388 1829 1438 autem
1866 1386 1956 1437 est

296 1474 604 1547 genitoris,
638 1480 739 1529 aut
782 1474 938 1529 enim
988 1474 1282 1539 invidens,
1316 1490 1431 1528 non
1484 1474 1617 1528 fecit
1644 1471 1952 1545 aequalem,

298 1569 401 1620 aut
432 1564 573 1635 quia
606 1580 722 1619 non
755 1564 965 1635 potuit,
1002 1580 1115 1618 non
1139 1562 1344 1635 genuit
1371 1562 1651 1619 similem.

368 1652 513 1708 XIV.
548 1652 608 1707 Si
653 1652 825 1708 Pater
872 1657 1008 1707 ante
1058 1652 1272 1708 Filium
1322 1658 1467 1719 erat,
1517 1651 1755 1707 omnino
1788 1655 1959 1708 Pater

295 1741 541 1799 alterius
572 1745 739 1809 erat;
774 1742 903 1797 sine
935 1741 1081 1797 Filio
1113 1741 1268 1797 enim
1303 1759 1417 1796 non
1450 1741 1743 1797 diceretur
1766 1741 1954 1795 Pater.

2053 582 2373 634 coaeternus
2406 582 2494 632 est
2526 593 2538 631 :
2575 593 2707 631 cum
2742 575 2818 632 sit
2848 576 3002 631 Deus
3032 578 3088 628 et
3110 570 3517 635 Paterlumen,
3549 568 3704 622 sicut

2053 666 2134 721 ait
2166 667 2335 722 David
2382 682 2394 721 :
2428 667 2489 720 In
2521 666 2732 721 lumine
2752 675 2845 721 tuo
2864 664 3163 720 videbimus
3192 660 3378 716 lumen
3401 659 3482 726 5‘;
3518 662 3575 711 et
3598 656 3702 711 Da-

2055 756 2170 812 niel
2204 774 2215 812 :
2252 758 2315 811 Et
2346 756 2527 811 lumen
2559 756 2731 827 ipsius
2750 755 2931 824 est“;
2964 761 3020 808 et
3046 750 3362 825 Apostolus
3396 765 3409 803 :
3445 748 3551 816 Qui
3578 762 3701 801 cum

2055 849 2127 903 sit
2154 846 2415 917 splendor
2444 846 2649 915 gloriae
2672 846 2735 912 ⁸⁷,
2772 850 2879 899 etc.

2129 936 2318 992 XXIV.
2353 937 2407 990 Si
2439 952 2673 1008 germen
2725 933 3057 990 substantia
3102 936 3212 999 est,
3265 931 3531 1003 ipsorum
3578 925 3706 998 Opi-

2060 1026 2233 1082 nione
2262 1026 2415 1082 sicut
2458 1024 2781 1095 ingenitum
2808 1044 2821 1092 ;
2868 1040 3104 1095 germen
3137 1026 3331 1077 autem
3365 1019 3462 1075 Dei
3495 1020 3586 1073 est
3614 1014 3706 1069 Fi-

2061 1115 2219 1185 lius;
2253 1118 2343 1170 est
2374 1114 2554 1187 igitur
2586 1112 2922 1169 substantia
2956 1112 3078 1167 Dei.

2132 1205 2298 1261 XXV.
2333 1204 2392 1259 Si
2426 1202 2745 1272 voluntate,
2781 1219 2895 1257 non
2945 1205 3156 1256 natura
3184 1198 3339 1254 Deus
3369 1195 3581 1252 Filium
3617 1210 3714 1266 ge-

2063 1295 2211 1365 nuit,
2243 1293 2331 1349 vel
2382 1310 2515 1349 cum
2560 1292 2742 1348 voluit
2787 1289 2989 1357 semel,
3033 1289 3309 1361 deinceps
3356 1304 3471 1343 non
3522 1284 3717 1356 potuit

2061 1383 2227 1451 velle,
2260 1382 2347 1438 vel
2371 1383 2585 1438 iterum
2616 1381 2820 1446 voluit,
2843 1384 2900 1435 et
2929 1379 3139 1433 iterum
3172 1376 3395 1449 genuit.
3427 1376 3483 1429 Si
3518 1378 3713 1429 autem

2064 1491 2181 1529 non
2230 1477 2320 1528 est
2366 1489 2485 1527 una
2527 1471 2799 1527 voluntas
2848 1470 2997 1539 ejus,
3031 1468 3128 1522 sed
3180 1466 3431 1531 diversa,
3464 1482 3579 1519 non
3622 1467 3715 1518 est

2065 1562 2348 1634 simplex;
2384 1578 2488 1617 nec
2520 1561 2697 1616 unius
2728 1565 2951 1624 auctor,
2985 1558 3108 1626 sed,
3144 1561 3207 1611 ut
3237 1554 3379 1622 vult,
3411 1554 3570 1609 facit.

2136 1652 2347 1708 XXVI.
2381 1651 2439 1705 Si
2471 1650 2623 1705 Deus
2656 1666 2769 1704 non
2798 1652 3057 1719 generat,
3082 1651 3183 1701 aut
3212 1645 3350 1717 quia
3381 1660 3494 1699 non
3528 1647 3718 1715 potest

2067 1742 2328 1807 omnino,
2364 1744 2465 1796 aut
2497 1742 2635 1811 quia
2658 1756 2773 1794 non
2804 1736 2971 1807 vult;
3003 1735 3103 1791 sed
3134 1734 3181 1790 si
3207 1734 3440 1806 quidem
3473 1749 3588 1788 non
3615 1748 3720 1804 po-

369 1830 483 1887 XV.
520 1830 580 1887 Si
613 1832 714 1903 qui
744 1830 959 1886 Filium
1011 1831 1284 1903 cognovit
1312 1831 1641 1886 secundum
1674 1830 1958 1885 subsi-an-
1992 1866 2037 1930 Β
2067 1838 2201 1905 test,
2236 1849 2351 1888 non
2400 1830 2589 1886 solum
2626 1846 2741 1885 non
2793 1832 3007 1900 potest,
3044 1827 3144 1882 sed
3176 1829 3416 1896 superat
3456 1840 3589 1925 eum
3623 1838 3720 1894 ge-

297 1919 467 1986 tiam,
501 1919 775 1991 cognovit
805 1920 984 1975 etiam
1034 1920 1289 1990 Patrem,
1320 1919 1381 1975 Si
1427 1934 1515 1974 me
1541 1921 1710 1985 enim,
1743 1919 1958 1991 inquit,

301 2010 709 2079 cognosceretis,
740 2013 794 2063 et
823 2009 1048 2064 Patrem
1094 2024 1279 2064 meum
1324 2008 1807 2077 cognoscentis“.
1850 2007 1961 2080 Igi-

305 2102 403 2153 tur
432 2093 730 2168 ὁμοούσιος
762 2100 851 2152 est
883 2097 1038 2152 Patri
1073 2097 1289 2167 Filius;
1324 2096 1471 2152 nihil
1504 2098 1661 2153 enim
1693 2097 1964 2170 incorpo-

306 2201 474 2242 reum
505 2203 573 2241 ex
603 2185 880 2241 dissimili
914 2187 1254 2243 substantia
1284 2187 1558 2259 cognosci
1591 2191 1799 2259 potest.

377 2273 518 2329 XVI.
549 2275 605 2328 Si
639 2275 876 2331 credere
904 2275 1202 2332 Christum
1235 2290 1365 2331 esse
1414 2275 1627 2331 Filium
1660 2276 1759 2332 Dei
1791 2275 1968 2331 habet

300 2363 510 2431 vitam,
543 2381 657 2420 non
690 2365 926 2421 credere
956 2365 1289 2421 necessario
1321 2364 1499 2420 habet
1531 2369 1802 2421 mortem.

374 2452 555 2509 XVII.
585 2453 847 2517 Quorum
880 2459 1021 2511 sunt
1049 2455 1261 2511 easdem
1295 2451 1583 2529 ἐνέργειαι,
1614 2454 1672 2509 id
1704 2458 1793 2510 est
1824 2469 1967 2525 ope-

304 2544 586 2615 rationes,
632 2544 843 2600 horum
899 2545 1077 2600 etiam
1122 2546 1460 2601 substantia
1510 2562 1670 2600 una:
1705 2545 1965 2616 operatio

303 2637 503 2688 autem
535 2632 726 2688 Patris
757 2639 815 2689 et
844 2632 976 2688 Filii
1007 2650 1146 2704 una,
1179 2638 1247 2689 ut
1275 2633 1420 2690 illud
1446 2650 1458 2689 :
1486 2636 1774 2690 Faciamus
1795 2634 1968 2689 homi-

301 2737 429 2778 nem
446 2722 493 2757 ⁸³
519 2726 625 2791 ;.et
653 2738 860 2778 rursus
894 2740 908 2780 :
943 2722 1078 2791 Qua
1121 2725 1292 2793 faciet
1321 2725 1510 2793 Pater,
1550 2726 1669 2781 haec
1696 2728 1749 2780 et
1777 2724 1968 2783 Filius

302 2811 569 2867 similiter
610 2811 846 2883 facit“;
898 2829 1017 2869 una
1065 2812 1247 2886 igitur
1292 2813 1627 2871 substantia
1676 2814 1868 2870 Patris
1908 2819 1965 2871 et

304 2900 457 2955 Filii.

376 2988 584 3046 XVIII.
620 2989 681 3047 Si
709 2990 965 3064 cognitio
996 2990 1187 3047 Patris
1216 2995 1273 3048 et
1305 2991 1433 3047 Filii
1455 2992 1576 3047 vita
1606 2997 1823 3049 mterna
1852 2998 1966 3066 est,

304 3094 542 3134 necesse
573 3084 664 3135 est
712 3080 891 3136 unius
937 3080 1113 3137 etiam
1163 3085 1384 3136 naturae
1415 3096 1586 3152 esse;
1637 3098 1764 3153 quae
1807 3082 1965 3138 enim

304 3167 547 3224 diversa
578 3168 926 3225 substantiae
957 3174 1116 3237 sunt,
1139 3186 1254 3225 non
1287 3187 1405 3225 una
1426 3169 1763 3242 cognitione
1787 3171 1965 3245 perci-

301 3255 567 3327 piuntur,
601 3273 791 3329 neque
822 3257 1098 3314 similiter
1124 3258 1416 3314 vivificare
1450 3264 1719 3331 possunt.

371 3345 520 3402 XIX.
555 3346 614 3402 Si
646 3346 842 3419 imago
868 3346 1060 3403 Patris
1098 3363 1228 3405 vere
1261 3353 1352 3405 est
1382 3348 1591 3416 Filius,
1633 3349 1827 3405 omnis
1860 3366 1962 3406 au-

298 3436 417 3490 tem
449 3434 644 3507 imago
666 3435 753 3491 vel
775 3435 1125 3493 substantias
1161 3440 1272 3502 est,
1297 3436 1383 3492 vel
1405 3437 1629 3499 formae.
1651 3439 1739 3494 vel
1764 3439 1963 3511 figuris

295 3521 384 3579 vel
415 3524 653 3596 speciei,
688 3523 776 3580 vel
807 3524 1021 3581 coloris
1049 3525 1242 3597 imago
1272 3542 1285 3582 :
1310 3524 1462 3581 Deus
1494 3530 1693 3583 autem
1718 3527 1776 3582 in
1804 3527 1965 3585 nullo

296 3610 507 3668 horum
540 3618 649 3681 est,
693 3614 794 3670 sed
826 3613 885 3669 in
918 3614 1258 3671 substantia
1289 3615 1483 3671 solum
1522 3632 1535 3671 :
1570 3615 1755 3673 Filius
1787 3616 1967 3689 igitur

298 3716 435 3755 cum
468 3701 548 3755 sit
577 3701 773 3774 imago
805 3704 1175 3772 substantiae,
1208 3705 1475 3776 ejusdem
1508 3706 1851 3763 substantia:
1875 3699 1968 3763 est

302 3805 438 3844 cum
472 3793 667 3847 Patre.

375 3880 507 3933 XX.
538 3877 596 3933 Si
629 3878 798 3934 Pater
843 3879 1087 3937 omnino
1137 3897 1254 3937 non
1305 3886 1500 3955 potest
1545 3884 1795 3940 conferri
1828 3900 1964 3941 cum

302 3965 470 4037 Filio,
504 3966 562 4021 in
596 3968 877 4025 omnibus
911 3974 1105 4026 autem
1136 3970 1309 4028 etiam
1344 3972 1593 4028 conferri
1626 3990 1741 4029 non
1773 3979 1966 4045 potest

303 4070 436 4111 cum
468 4060 776 4125 creatura;
811 4073 927 4116 non
958 4058 1129 4114 aliter
1179 4076 1315 4116 eum
1362 4060 1529 4129 Filio,
1564 4060 1735 4117 aliter
1764 4068 1963 4120 autem

301 4159 436 4199 cum
469 4149 761 4214 creatura,
808 4147 911 4203 sed
943 4146 1256 4218 similiter;
1291 4166 1408 4205 non
1457 4149 1641 4223 igitur
1669 4155 1757 4208 est
1788 4151 1962 4207 dissi-

301 4231 462 4288 milis
491 4234 672 4305 Patri,
706 4235 808 4292 sed
859 4240 918 4291 et
964 4236 1180 4294 similis
1229 4242 1509 4295 creaturae
1558 4243 1614 4295 et
1664 4241 1961 4312 quomodo

304 4336 423 4376 non
455 4326 544 4379 est
578 4321 689 4378 hoc
721 4323 1048 4380 absurdum
1072 4324 1101 4379 ?

373 4412 530 4467 XXI.
565 4411 625 4467 Si
657 4428 793 4467 cum
825 4413 1033 4470 dicunt
1060 4414 1268 4471 Filium
1298 4432 1429 4474 esse
1457 4420 1809 4488 creaturam,
1844 4436 1960 4476 non

296 4502 579 4571 tanquam
614 4517 794 4557 unam
826 4517 894 4557 ex
925 4504 1211 4561 creaturis
1232 4506 1456 4577 dicunt,
1491 4523 1672 4579 quare
1693 4524 1825 4564 cum
1853 4526 1960 4566 nos

2075 1922 2337 1978 nerativa
2385 1926 2442 1975 et
2491 1921 2751 1993 perfecta
2795 1923 3042 1985 natura;
3093 1916 3403 1984 inﬁrmior,
3454 1914 3721 1984 inquam,

2073 2016 2182 2080 est,
2217 2027 2395 2083 quam
2426 2015 2635 2065 natura
2663 2024 2944 2078 generans
2977 2010 3033 2061 et
3084 2006 3359 2077 perfecta.
3394 2004 3493 2059 Sin
3529 2006 3724 2058 autem

2075 2118 2204 2157 cum
2238 2099 2460 2169 alioqui
2488 2104 2702 2171 posset,
2726 2096 3166 2163 noluittamen;
3201 2095 3353 2166 quod
3390 2096 3597 2148 natura
3619 2108 3725 2163 po-

2077 2191 2207 2261 tuit,
2238 2189 2537 2245 voluntate
2559 2186 2843 2243 cohibuit.
2864 2185 3051 2248 Quare
3072 2184 3179 2239 etsi
3205 2182 3462 2238 nondum
3497 2179 3725 2253 genuit,

2074 2280 2257 2354 igitur
2283 2278 2482 2334 volens
2513 2275 2818 2350 generabit
2848 2274 3187 2347 aliquando.

2148 2369 2367 2425 XXVII.
2399 2368 2454 2423 Si
2485 2366 2795 2438 aliquando
2818 2382 2933 2420 non
2959 2364 3067 2419 fuit
3094 2363 3294 2433 Filius,
3327 2362 3523 2434 ipsum
3556 2359 3728 2426 illud,

2076 2458 2411 2530 aliquando,
2447 2457 2556 2513 erit
2586 2460 2719 2530 post
2749 2455 2936 2525 illum,
2969 2454 3070 2527 qui
3123 2453 3444 2526 generavit,
3478 2466 3595 2505 non
3626 2465 3728 2503 au-

2075 2553 2194 2604 tem
2230 2552 2547 2620 antequam
2582 2547 2818 2618 genitus
2848 2545 2965 2613 sit;
3000 2561 3114 2599 non
3158 2543 3339 2614 igitur
3369 2546 3503 2597 ante
3533 2539 3735 2595 omnia

2075 2636 2257 2693 Filius
2289 2637 2417 2693 sine
2446 2637 2635 2701 Patre,
2670 2637 2769 2691 sed
2820 2639 2951 2707 post
2998 2633 3167 2704 illud,
3200 2631 3538 2703 aliquando,
3572 2643 3734 2700 repe-

2076 2726 2263 2781 rietur
2296 2741 2309 2779 :
2344 2729 2401 2781 et
2431 2724 2724 2796 quomodo
2764 2739 2881 2778 non
2920 2722 3029 2778 hoc
3060 2720 3385 2776 absurdum
3419 2717 3549 2773 est?

2146 2814 2413 2870 XXVIII.
2447 2813 2594 2868 Cum
2626 2828 2734 2867 nos
2764 2810 3018 2866 dicimus
3049 2810 3278 2864 Patrem
3314 2822 3568 2877 semper,
3620 2820 3727 2859 ne-

2077 2920 2241 2959 cesse
2283 2906 2373 2959 est
2424 2902 2601 2958 etiam
2652 2917 2879 2973 semper
2927 2916 3055 2955 esse
3106 2897 3338 2953 Filium.
3372 2896 3552 2951 Aiunt
3590 2892 3726 2949 illi:

2078 2992 2264 3064 Igitur
2294 2990 2432 3063 quia
2475 3006 2710 3062 semper
2755 2993 2844 3044 est
2892 2987 3096 3055 Filius,
3144 2988 3381 3043 Greater
3409 2989 3468 3040 et
3514 2983 3730 3038 creatio

2079 3097 2331 3152 semper,
2364 3084 2536 3151 atque
2562 3078 2642 3134 ita
2672 3078 2783 3135 erit
2813 3076 3026 3133 creatio
3058 3079 3344 3131 coaeterna
3374 3072 3526 3129 Patri
3560 3076 3616 3127 et
3648 3072 3733 3126 Fi-

2078 3169 2176 3225 lio.
2210 3174 2284 3225 At
2316 3168 2415 3241 qui
2449 3168 2590 3224 dicit
2633 3168 2991 3237 Creatorem,
3025 3183 3142 3221 non
3191 3162 3370 3221 simul
3401 3162 3545 3218 dicit
3572 3177 3731 3217 crea-

2076 3258 2297 3314 tionem
2335 3275 2349 3314 :
2381 3275 2497 3314 non
2529 3258 2687 3313 enim
2719 3273 2852 3312 cum
2884 3256 3232 3311 aedificatore
3262 3252 3441 3309 simul
3472 3254 3563 3307 est
3592 3251 3731 3306 aedi-

2078 3348 2640 3419 ficium,nequeeum
2657 3346 2862 3419 opifice
2876 3344 3090 3418 navigii
3107 3342 3386 3400 simulest
3407 3340 3728 3414 navigium.

2076 3436 2303 3493 Creatio
2330 3437 2487 3493 enim
2519 3436 2577 3491 in
2611 3441 2869 3493 creatore
2890 3439 2980 3491 est
3012 3452 3024 3490 :
3060 3434 3219 3507 quod
3245 3436 3442 3489 autem
3472 3434 3726 3500 creatur,

2079 3532 2212 3600 post
2241 3530 2560 3583 creatorem
2595 3530 2685 3583 est
2717 3544 2730 3582 ε
2765 3531 2988 3598 patrem
3008 3532 3200 3580 autem
3228 3522 3439 3591 dicere,
3477 3538 3591 3578 non
3623 3538 3725 3593 po-

2079 3617 2191 3672 sito
2224 3616 2365 3684 ﬁlio,
2397 3614 2766 3688 impossibile
2788 3619 2876 3671 est
2909 3632 2920 3670 :
2957 3618 3016 3670 et
3034 3613 3131 3684 qui
3164 3617 3385 3685 patrem
3420 3610 3586 3680 dixit,
3610 3626 3726 3664 non

2078 3705 2430 3778 simpliciter
2460 3704 2625 3771 dixit,
2660 3705 2760 3761 sed
2792 3703 3043 3776 alicujus
3076 3706 3300 3775 patrem
3334 3701 3500 3757 dixit.

2148 3794 2356 3850 XXIX.
2389 3794 2544 3849 Deus
2576 3798 2634 3850 et
2675 3794 2984 3858 Dominus,
3028 3798 3085 3848 et
3114 3792 3507 3865 omnipotens,
3542 3794 3598 3846 et
3625 3794 3731 3845 Sa-

2076 3883 2257 3939 baoth
2287 3887 2344 3939 et
2374 3883 2623 3952 Adonai,
2656 3887 2713 3939 et
2732 3882 2855 3938 Eloi
2887 3882 3105 3938 dicitur
3133 3882 3192 3937 in
3216 3881 3530 3954 Scripturis
3552 3880 3728 3946 Deus,

2074 3973 2374 4045 ingenitus
2404 3990 2540 4029 vero
2586 3990 2980 4045 nequaquam.
3034 3974 3094 4029 Si
3127 3973 3261 4044 quis
3290 3988 3424 4028 vero
3454 3971 3563 4027 hoc
3594 3987 3731 4026 con-

2076 4062 2262 4131 cedet,
2298 4066 2364 4118 ut
2392 4063 2713 4135 ingenitus,
2745 4067 2801 4119 et
2850 4062 2984 4119 aliis
3038 4062 3380 4118 nominibus
3411 4059 3729 4133 propositis

2075 4151 2328 4221 dicatur,
2361 4152 2829 4209 accommodabit
2876 4152 2998 4209 haec
3026 4151 3266 4217 Judaais,
3313 4156 3371 4207 et
3412 4149 3726 4215 omnibus;

2076 4239 2219 4296 solis
2249 4255 2381 4296 vero
2408 4240 2761 4299 Christianis
2783 4241 3251 4297 accommodabit
3274 4240 3466 4295 dicere
3495 4239 3727 4294 Patrem

2074 4329 2309 4386 Christi.
2343 4329 2401 4386 Si
2432 4330 2617 4405 igitur
2646 4331 2801 4403 quod
2834 4331 3024 4387 solum
3060 4347 3166 4386 nos
3207 4330 3279 4385 ab
3311 4328 3442 4385 aliis
3474 4332 3730 4399 separat,

2073 4418 2287 4476 falsum
2319 4425 2428 4490 est,
2462 4424 2520 4477 et
2551 4438 2667 4478 non
2711 4438 2913 4478 verum
2941 4438 2954 4490 ;
2987 4425 3044 4477 et
3094 4436 3309 4476 nomen
3358 4425 3444 4475 est
3478 4417 3641 4485 θέσει,
3671 4417 3732 4472 id

2071 4513 2183 4581 est,
2218 4509 2535 4582 positione,
2567 4516 2624 4567 et
2670 4528 2786 4567 non
2837 4527 2928 4567 res
2962 4515 3194 4579 natura,
3248 4508 3397 4565 falsa
3447 4512 3535 4564 est
3564 4508 3729 4576 fides,

299 4587 559 4645 dicimus
614 4606 745 4645 esse
798 4589 1063 4665 γέννημα,
1119 4593 1176 4648 id
1227 4598 1320 4650 est
1370 4610 1632 4665 germen,
1678 4601 1961 4671 tanquam
1996 4604 2222 4669 Dvana
2251 4605 2343 4656 est
2385 4616 2540 4673 spes.
2587 4600 2764 4672 Cujus
2812 4600 2967 4656 enim
3012 4592 3380 4673 principium
3432 4602 3523 4655 est
3568 4596 3731 4652 inﬂr-

300 4694 489 4734 unum
521 4695 589 4735 ex
619 4679 991 4751 germinibus
1023 4680 1412 4755 intelligunt?

368 4766 542 4824 XXII.
573 4768 632 4823 Si
658 4784 773 4824 non
825 4769 1017 4843 gignit
1067 4776 1239 4840 Deus,
1273 4787 1346 4829 ne
1375 4772 1689 4832 ﬂuxionem
1723 4776 1951 4845 subeat,

295 4870 487 4929 neque
512 4855 705 4927 κτὶζει,
750 4858 809 4913 id
842 4863 953 4931 est,
986 4866 1165 4931 creat,
1199 4861 1319 4919 sive
1367 4862 1525 4935 facit,
1559 4880 1631 4920 ne
1671 4864 1952 4939 defatige-

293 4948 393 5001 tur
420 4964 436 5015 ;
464 4946 556 5002 sin
589 4951 784 5003 autem
816 4954 977 5005 creat
1019 4949 1166 5006 nihil
1211 4952 1509 5025 patiendo,
1544 4952 1731 5011 multo
1764 4956 1954 5029 magis

295 5031 449 5089 nihil
481 5036 760 5106 patiendo
790 5036 1007 5110 gignit.

362 5121 566 5179 XXIII.
596 5125 655 5178 Si
686 5125 839 5182 sicut
870 5126 1151 5199 splendor
1179 5145 1246 5186 ex
1278 5131 1439 5187 omni
1464 5132 1689 5189 lumine
1717 5149 1955 5206 genera-

286 5212 407 5276 tur,
439 5211 524 5267 sic
553 5229 623 5269 ex
652 5214 819 5272 Patre
850 5215 1111 5288 quidem,
1138 5218 1362 5277 lumine
1387 5226 1583 5279 autem
1618 5240 1734 5280 non
1767 5240 1953 5297 quan-

283 5299 498 5371 doque,
523 5302 625 5357 sed
654 5303 779 5360 sine
797 5305 1236 5381 intercapedine
1255 5310 1562 5383 temporis,
1586 5316 1645 5368 et
1667 5319 1953 5372 coeterne

281 5402 420 5446 cum
453 5386 577 5463 illo,
602 5407 718 5449 non
740 5392 897 5451 enim
917 5400 1008 5453 est
1027 5396 1231 5457 lumen
1252 5398 1381 5457 sine
1403 5400 1745 5474 splendore;
1768 5402 1951 5462 Filius

349 5627 398 5663 “
427 5627 596 5686 Joan.
645 5643 758 5694 xxv,
806 5628 862 5684 7.

288 5698 310 5753 Ι
349 5628 402 5755 ’ἑ
427 5628 596 5686 Joan.
645 5643 758 5694 xxv,
806 5628 862 5684 7.
974 5628 1020 5667 ⁸³
1065 5630 1211 5691 Gen.
1265 5650 1304 5703 ι,
1353 5636 1444 5694 26.

319 5740 335 5767 ,
410 5738 422 5753 .

1557 5636 1798 5696 “Joan.
1850 5655 1907 5712 v,
1958 5640 2043 5698 19.

2068 4704 2256 4759 mum,
2288 4688 2466 4745 etiam
2502 4688 2637 4746 finis
2666 4693 2756 4746 est
2785 4688 3015 4746 debilis.

2134 4777 2298 4835 XXX.
2332 4782 2558 4835 Rursus
2580 4779 2946 4852 interrogant
2970 4778 3169 4835 Ariani
3196 4797 3209 4835 :
3234 4778 3628 4843 Exsistensne,
3648 4793 3721 4831 an

2065 4882 2183 4922 non
2214 4867 2505 4924 exsistens
2534 4868 2770 4942 genitus
2802 4872 2892 4925 est
2924 4868 3105 4925 Filius
3127 4868 3155 4924 ?
3179 4868 3441 4925 Obscura
3473 4872 3530 4922 et
3559 4867 3725 4921 rudis

2062 4954 2475 5031 interrogatio;
2498 4958 2636 5030 quia
2653 4958 2810 5015 enim
2830 4960 3012 5031 pudet
3026 4958 3388 5031 interrogare
3407 4955 3725 5029 quando,et

2062 5045 2123 5101 in
2143 5051 2402 5120 tempore
2419 5048 2573 5105 688
2590 5048 2871 5105 dicunt-:6
2892 5041 2988 5117 ὤν,
3011 5050 3068 5103 id
3092 5048 3519 5116 est,exsistens.
3536 5045 3723 5100 Vicis-

2063 5138 2175 5193 sim
2223 5137 2405 5211 igitur
2452 5140 2852 5213 interrogandi
2909 5143 3096 5195 sunt:
3142 5138 3518 5193 Etsistensne
3569 5136 3725 5191 Deus

2061 5230 2235 5283 Pater
2265 5228 2477 5285 Filium
2524 5230 2748 5302 genuit,
2802 5248 2875 5284 an
2911 5246 3024 5285 non
3076 5228 3367 5284 exsistens
3414 5225 3628 5281 Pater?
3659 5225 3719 5281 Si

2062 5317 2217 5374 enim
2250 5320 2542 5375 exsistens
2576 5320 2763 5389 Pater,
2792 5318 3168 5375 exsistentem
3193 5317 3396 5390 genuit
3426 5334 3440 5371 :
3477 5317 3568 5372 sin
3589 5331 3721 5371 vero

2062 5423 2177 5463 non
2226 5409 2537 5479 exsistens,
2586 5409 2843 5482 genitus,
2895 5414 2954 5465 et
3001 5425 3117 5465 non
3169 5411 3381 5464 natura
3409 5406 3579 5463 Pater
3607 5409 3718 5463 est.

2157 5642 2203 5680 “
2235 5642 2387 5701 Psal.
2438 5659 2630 5711 xxxv1,
2679 5644 2733 5700 9.
2849 5644 2893 5681 ⁸⁸
2942 5644 3084 5702 Dan.
3144 5661 3208 5711 ιι,
3258 5645 3350 5701 22.
3462 5644 3508 5680 ⁸⁷
3540 5640 3717 5700 Hebr.

2849 5644 2893 5681 ⁸⁸
2942 5644 3084 5702 Dan.
3144 5661 3208 5716 ιι,
3258 5645 3350 5701 22.
