  <div class='ocr_page' id='page_1' title='image "/cluster/home/n/w/nwhite01/storage/ocr_20150623/30:no.2/coo.31924054873116/429.png"; bbox 0 0 4124 6384; ppageno 0'>
   <div class='ocr_carea' id='block_1_1' title="bbox 411 345 524 404">
    <p class='ocr_par' dir='ltr' id='par_1_1' title="bbox 411 345 524 404">
     <span class='ocr_line' id='line_1_1' title="bbox 411 345 524 404; baseline 0 0"><span class='ocrx_word' id='word_1_1' title='bbox 411 345 524 404; x_wconf 76' lang='grc'><strong>831</strong></span> 
     </span>
    </p>
   </div>
   <div class='ocr_carea' id='block_1_2' title="bbox 1361 338 2892 404">
    <p class='ocr_par' dir='ltr' id='par_1_2' title="bbox 1361 338 2892 404">
     <span class='ocr_line' id='line_1_2' title="bbox 1361 338 2892 404; baseline -0.005 0"><span class='ocrx_word' id='word_1_2' title='bbox 1361 343 1755 404; x_wconf 83' lang='lat' dir='ltr'><strong>APPENDIX</strong></span> <span class='ocrx_word' id='word_1_3' title='bbox 1797 339 2128 403; x_wconf 79' lang='lat' dir='ltr'><strong>OPERUM</strong></span> <span class='ocrx_word' id='word_1_4' title='bbox 2172 338 2240 400; x_wconf 91' lang='lat' dir='ltr'><strong>S.</strong></span> <span class='ocrx_word' id='word_1_5' title='bbox 2289 339 2568 400; x_wconf 83' lang='lat' dir='ltr'><strong>BASlLlI</strong></span> <span class='ocrx_word' id='word_1_6' title='bbox 2615 339 2892 401; x_wconf 80' lang='lat' dir='ltr'><strong>MAGNI.</strong></span> 
     </span>
    </p>
   </div>
   <div class='ocr_carea' id='block_1_3' title="bbox 3721 350 3855 410">
    <p class='ocr_par' dir='ltr' id='par_1_3' title="bbox 3721 350 3855 410">
     <span class='ocr_line' id='line_1_3' title="bbox 3721 350 3855 410; baseline 0 -1"><span class='ocrx_word' id='word_1_7' title='bbox 3721 350 3855 410; x_wconf 75' lang='lat'><strong>832</strong></span> 
     </span>
    </p>
   </div>
   <div class='ocr_carea' id='block_1_4' title="bbox 413 469 3850 551">
    <p class='ocr_par' dir='ltr' id='par_1_4' title="bbox 413 469 3850 551">
     <span class='ocr_line' id='line_1_4' title="bbox 413 469 3850 551; baseline 0.001 -19"><span class='ocrx_word' id='word_1_8' title='bbox 413 477 659 532; x_wconf 82' lang='lat' dir='ltr'><strong>Omnem</strong></span> <span class='ocrx_word' id='word_1_9' title='bbox 679 483 875 532; x_wconf 86' lang='lat' dir='ltr'><strong>autem</strong></span> <span class='ocrx_word' id='word_1_10' title='bbox 900 479 1331 532; x_wconf 80' lang='lat' dir='ltr'><strong>contentionem</strong></span> <span class='ocrx_word' id='word_1_11' title='bbox 1353 473 1900 530; x_wconf 72' lang='lat' dir='ltr'><strong>excluduntdivinar</strong></span> <span class='ocrx_word' id='word_1_12' title='bbox 1919 472 2068 528; x_wconf 87' lang='lat' dir='ltr'><strong>Seri-</strong></span> <span class='ocrx_word' id='word_1_13' title='bbox 2096 473 2150 538; x_wconf 73' lang='grc' dir='ltr'>Α</span> <span class='ocrx_word' id='word_1_14' title='bbox 2182 470 2358 525; x_wconf 88' lang='lat' dir='ltr'><strong>ﬁnem</strong></span> <span class='ocrx_word' id='word_1_15' title='bbox 2402 470 2600 536; x_wconf 81' lang='lat' dir='ltr'><strong>habet,</strong></span> <span class='ocrx_word' id='word_1_16' title='bbox 2649 469 2952 542; x_wconf 72' lang='lat' dir='ltr'><strong>inquiunt,</strong></span> <span class='ocrx_word' id='word_1_17' title='bbox 2996 473 3177 528; x_wconf 87' lang='lat' dir='ltr'><strong>etiam</strong></span> <span class='ocrx_word' id='word_1_18' title='bbox 3232 473 3407 532; x_wconf 84' lang='lat' dir='ltr'><strong>habet</strong></span> <span class='ocrx_word' id='word_1_19' title='bbox 3455 477 3850 551; x_wconf 81' lang='lat' dir='ltr'><strong>principium.</strong></span> 
     </span>
    </p>
   </div>
   <div class='ocr_carea' id='block_1_5' title="bbox 412 561 2070 639">
    <p class='ocr_par' dir='ltr' id='par_1_5' title="bbox 412 561 2070 639">
     <span class='ocr_line' id='line_1_5' title="bbox 412 561 2070 639; baseline -0.003 -18"><span class='ocrx_word' id='word_1_20' title='bbox 412 571 618 639; x_wconf 67' lang='lat' dir='ltr'><strong>pturaz,</strong></span> <span class='ocrx_word' id='word_1_21' title='bbox 649 583 785 621; x_wconf 91' lang='lat' dir='ltr'><strong>cum</strong></span> <span class='ocrx_word' id='word_1_22' title='bbox 810 567 1039 638; x_wconf 84' lang='lat' dir='ltr'><strong>Moyses</strong></span> <span class='ocrx_word' id='word_1_23' title='bbox 1070 565 1226 620; x_wconf 84' lang='lat' dir='ltr'><strong>clare</strong></span> <span class='ocrx_word' id='word_1_24' title='bbox 1247 565 1401 619; x_wconf 80' lang='lat' dir='ltr'><strong>dicat</strong></span> <span class='ocrx_word' id='word_1_25' title='bbox 1424 580 1436 618; x_wconf 91' lang='lat'>:</span> <span class='ocrx_word' id='word_1_26' title='bbox 1465 565 1580 634; x_wconf 83' lang='lat' dir='ltr'><strong>Qui</strong></span> <span class='ocrx_word' id='word_1_27' title='bbox 1599 573 1698 629; x_wconf 71' lang='lat' dir='ltr'><strong>est,</strong></span> <span class='ocrx_word' id='word_1_28' title='bbox 1721 562 1874 616; x_wconf 79' lang='lat' dir='ltr'><strong>misit</strong></span> <span class='ocrx_word' id='word_1_29' title='bbox 1896 561 2070 625; x_wconf 71' lang='lat' dir='ltr'><strong>me“;</strong></span> 
     </span>
    </p>
   </div>
   <div class='ocr_carea' id='block_1_6' title="bbox 411 653 2072 726">
    <p class='ocr_par' dir='ltr' id='par_1_6' title="bbox 411 653 2072 726">
     <span class='ocr_line' id='line_1_6' title="bbox 411 653 2072 726; baseline -0.004 -16"><span class='ocrx_word' id='word_1_30' title='bbox 411 661 468 710; x_wconf 88' lang='lat' dir='ltr'><strong>et</strong></span> <span class='ocrx_word' id='word_1_31' title='bbox 497 654 872 726; x_wconf 84' lang='lat' dir='ltr'><strong>Evangelium</strong></span> <span class='ocrx_word' id='word_1_32' title='bbox 907 672 920 709; x_wconf 87' lang='lat'><strong>:</strong></span> <span class='ocrx_word' id='word_1_33' title='bbox 957 659 1025 712; x_wconf 81' lang='lat' dir='ltr'><strong><em>In</em></strong></span> <span class='ocrx_word' id='word_1_34' title='bbox 1052 654 1331 725; x_wconf 79' lang='lat' dir='ltr'><strong>principio</strong></span> <span class='ocrx_word' id='word_1_35' title='bbox 1361 663 1480 709; x_wconf 80' lang='lat' dir='ltr'><strong>erat</strong></span> <span class='ocrx_word' id='word_1_36' title='bbox 1514 653 1746 708; x_wconf 84' lang='lat' dir='ltr'><strong>Verbum</strong></span> <span class='ocrx_word' id='word_1_37' title='bbox 1762 653 1843 718; x_wconf 71' lang='lat'><strong>‘9;</strong></span> <span class='ocrx_word' id='word_1_38' title='bbox 1876 656 2072 705; x_wconf 88' lang='lat' dir='ltr'><strong>etnon</strong></span> 
     </span>
    </p>
   </div>
   <div class='ocr_carea' id='block_1_7' title="bbox 414 741 2074 814">
    <p class='ocr_par' dir='ltr' id='par_1_7' title="bbox 414 741 2074 814">
     <span class='ocr_line' id='line_1_7' title="bbox 414 741 2074 814; baseline -0.004 -15"><span class='ocrx_word' id='word_1_39' title='bbox 414 743 593 800; x_wconf 81' lang='lat' dir='ltr'><strong>semel</strong></span> <span class='ocrx_word' id='word_1_40' title='bbox 627 748 767 813; x_wconf 84' lang='lat' dir='ltr'><strong>erat,</strong></span> <span class='ocrx_word' id='word_1_41' title='bbox 807 744 906 798; x_wconf 88' lang='lat' dir='ltr'><strong>sed</strong></span> <span class='ocrx_word' id='word_1_42' title='bbox 941 748 1170 814; x_wconf 82' lang='lat' dir='ltr'><strong>quater.</strong></span> <span class='ocrx_word' id='word_1_43' title='bbox 1206 743 1274 797; x_wconf 91' lang='lat' dir='ltr'><strong>Et</strong></span> <span class='ocrx_word' id='word_1_44' title='bbox 1305 759 1508 797; x_wconf 84' lang='lat' dir='ltr'><strong>rursus</strong></span> <span class='ocrx_word' id='word_1_45' title='bbox 1539 741 1688 796; x_wconf 90' lang='lat' dir='ltr'><strong>alias</strong></span> <span class='ocrx_word' id='word_1_46' title='bbox 1717 757 1728 794; x_wconf 93' lang='lat'>:</span> <span class='ocrx_word' id='word_1_47' title='bbox 1762 743 1873 809; x_wconf 83' lang='lat' dir='ltr'><strong>Qui</strong></span> <span class='ocrx_word' id='word_1_48' title='bbox 1899 743 1977 794; x_wconf 81' lang='lat' dir='ltr'><strong>est</strong></span> <span class='ocrx_word' id='word_1_49' title='bbox 2004 755 2074 794; x_wconf 71' lang='lat' dir='ltr'><strong>ex</strong></span> 
     </span>
    </p>
   </div>
   <div class='ocr_carea' id='block_1_8' title="bbox 415 827 2063 900">
    <p class='ocr_par' dir='ltr' id='par_1_8' title="bbox 415 827 2063 900">
     <span class='ocr_line' id='line_1_8' title="bbox 415 827 2063 900; baseline -0.004 -12"><span class='ocrx_word' id='word_1_50' title='bbox 415 835 518 888; x_wconf 87' lang='lat' dir='ltr'><strong>Deo</strong></span> <span class='ocrx_word' id='word_1_51' title='bbox 538 833 622 899; x_wconf 77' lang='lat'><strong>1°;</strong></span> <span class='ocrx_word' id='word_1_52' title='bbox 656 847 711 887; x_wconf 75' lang='lat' dir='ltr'><strong>et</strong></span> <span class='ocrx_word' id='word_1_53' title='bbox 745 849 757 886; x_wconf 89' lang='lat'><strong>:</strong></span> <span class='ocrx_word' id='word_1_54' title='bbox 792 832 898 900; x_wconf 85' lang='lat' dir='ltr'><strong>Qui</strong></span> <span class='ocrx_word' id='word_1_55' title='bbox 920 838 998 885; x_wconf 79' lang='lat' dir='ltr'><strong>est</strong></span> <span class='ocrx_word' id='word_1_56' title='bbox 1022 833 1080 884; x_wconf 84' lang='lat' dir='ltr'><strong>in</strong></span> <span class='ocrx_word' id='word_1_57' title='bbox 1101 833 1234 886; x_wconf 84' lang='lat' dir='ltr'><strong>sinu</strong></span> <span class='ocrx_word' id='word_1_58' title='bbox 1264 833 1454 885; x_wconf 81' lang='lat' dir='ltr'><strong>Putris</strong></span> <span class='ocrx_word' id='word_1_59' title='bbox 1472 831 1515 865; x_wconf 81' lang='grc' dir='ltr'><strong>τί</strong></span> <span class='ocrx_word' id='word_1_60' title='bbox 1543 850 1556 898; x_wconf 89' lang='lat'><strong>;</strong></span> <span class='ocrx_word' id='word_1_61' title='bbox 1593 830 1728 884; x_wconf 97' lang='lat' dir='ltr'><strong>etin</strong></span> <span class='ocrx_word' id='word_1_62' title='bbox 1761 829 1874 882; x_wconf 88' lang='lat' dir='ltr'><strong>alio</strong></span> <span class='ocrx_word' id='word_1_63' title='bbox 1899 827 2063 882; x_wconf 89' lang='lat' dir='ltr'><strong>loco:</strong></span> 
     </span>
    </p>
   </div>
   <div class='ocr_carea' id='block_1_9' title="bbox 414 919 2073 992">
    <p class='ocr_par' dir='ltr' id='par_1_9' title="bbox 414 919 2073 992">
     <span class='ocr_line' id='line_1_9' title="bbox 414 919 2073 992; baseline -0.004 -15"><span class='ocrx_word' id='word_1_64' title='bbox 414 923 521 991; x_wconf 85' lang='lat' dir='ltr'><strong>Qui</strong></span> <span class='ocrx_word' id='word_1_65' title='bbox 549 931 625 977; x_wconf 79' lang='lat' dir='ltr'><strong>est</strong></span> <span class='ocrx_word' id='word_1_66' title='bbox 654 924 717 976; x_wconf 83' lang='lat' dir='ltr'><strong>in</strong></span> <span class='ocrx_word' id='word_1_67' title='bbox 746 921 878 975; x_wconf 73' lang='lat' dir='ltr'><strong>caelo</strong></span> <span class='ocrx_word' id='word_1_68' title='bbox 899 920 982 987; x_wconf 67' lang='grc' dir='ltr'><strong>τίς</strong></span> <span class='ocrx_word' id='word_1_69' title='bbox 1016 924 1072 974; x_wconf 89' lang='lat' dir='ltr'><strong>et</strong></span> <span class='ocrx_word' id='word_1_70' title='bbox 1104 921 1162 974; x_wconf 91' lang='lat' dir='ltr'><strong>in</strong></span> <span class='ocrx_word' id='word_1_71' title='bbox 1210 919 1556 992; x_wconf 77' lang='lat' dir='ltr'><strong>Apocalypsi</strong></span> <span class='ocrx_word' id='word_1_72' title='bbox 1594 935 1607 974; x_wconf 89' lang='lat'><strong>:</strong></span> <span class='ocrx_word' id='word_1_73' title='bbox 1643 920 1749 987; x_wconf 85' lang='lat' dir='ltr'><strong>Qui</strong></span> <span class='ocrx_word' id='word_1_74' title='bbox 1768 922 1865 986; x_wconf 76' lang='lat' dir='ltr'><strong>est,</strong></span> <span class='ocrx_word' id='word_1_75' title='bbox 1897 921 1948 972; x_wconf 84' lang='lat' dir='ltr'><strong>et</strong></span> <span class='ocrx_word' id='word_1_76' title='bbox 1976 919 2073 988; x_wconf 87' lang='lat' dir='ltr'><strong>qui</strong></span> 
     </span>
    </p>
   </div>
   <div class='ocr_carea' id='block_1_10' title="bbox 409 1007 2074 1080">
    <p class='ocr_par' dir='ltr' id='par_1_10' title="bbox 409 1007 2074 1080">
     <span class='ocr_line' id='line_1_10' title="bbox 409 1007 2074 1080; baseline -0.004 -14"><span class='ocrx_word' id='word_1_77' title='bbox 409 1019 548 1080; x_wconf 75' lang='lat' dir='ltr'><strong>erat,</strong></span> <span class='ocrx_word' id='word_1_78' title='bbox 587 1013 638 1065; x_wconf 82' lang='lat' dir='ltr'><strong>et</strong></span> <span class='ocrx_word' id='word_1_79' title='bbox 662 1012 759 1080; x_wconf 87' lang='lat' dir='ltr'><strong>qui</strong></span> <span class='ocrx_word' id='word_1_80' title='bbox 789 1013 1052 1064; x_wconf 78' lang='lat' dir='ltr'><strong>venturus</strong></span> <span class='ocrx_word' id='word_1_81' title='bbox 1083 1018 1160 1064; x_wconf 76' lang='lat' dir='ltr'><strong>est</strong></span> <span class='ocrx_word' id='word_1_82' title='bbox 1182 1010 1266 1078; x_wconf 72' lang='lat'><strong>“‘3;</strong></span> <span class='ocrx_word' id='word_1_83' title='bbox 1318 1013 1376 1062; x_wconf 86' lang='lat' dir='ltr'><strong>et</strong></span> <span class='ocrx_word' id='word_1_84' title='bbox 1408 1009 1615 1064; x_wconf 90' lang='lat' dir='ltr'><strong>beatus</strong></span> <span class='ocrx_word' id='word_1_85' title='bbox 1666 1007 1884 1061; x_wconf 86' lang='lat' dir='ltr'><strong>Paulus</strong></span> <span class='ocrx_word' id='word_1_86' title='bbox 1918 1023 1931 1060; x_wconf 92' lang='lat'>:</span> <span class='ocrx_word' id='word_1_87' title='bbox 1967 1007 2074 1074; x_wconf 86' lang='lat' dir='ltr'><strong>Qui</strong></span> 
     </span>
    </p>
   </div>
   <div class='ocr_carea' id='block_1_11' title="bbox 411 1096 2068 1170">
    <p class='ocr_par' dir='ltr' id='par_1_11' title="bbox 411 1096 2068 1170">
     <span class='ocr_line' id='line_1_11' title="bbox 411 1096 2068 1170; baseline -0.004 -14"><span class='ocrx_word' id='word_1_88' title='bbox 411 1107 489 1156; x_wconf 78' lang='lat' dir='ltr'><strong>est</strong></span> <span class='ocrx_word' id='word_1_89' title='bbox 516 1099 776 1170; x_wconf 79' lang='lat' dir='ltr'><strong>splendor</strong></span> <span class='ocrx_word' id='word_1_90' title='bbox 805 1100 1001 1167; x_wconf 55' lang='lat' dir='ltr'><strong>gloria</strong></span> <span class='ocrx_word' id='word_1_91' title='bbox 1022 1099 1068 1132; x_wconf 75' lang='lat'><strong>7‘</strong></span> <span class='ocrx_word' id='word_1_92' title='bbox 1092 1116 1106 1167; x_wconf 93' lang='lat'><strong>;</strong></span> <span class='ocrx_word' id='word_1_93' title='bbox 1139 1102 1195 1152; x_wconf 86' lang='lat' dir='ltr'><strong>et</strong></span> <span class='ocrx_word' id='word_1_94' title='bbox 1227 1115 1240 1154; x_wconf 87' lang='lat'><strong>:</strong></span> <span class='ocrx_word' id='word_1_95' title='bbox 1276 1098 1412 1153; x_wconf 78' lang='lat' dir='ltr'><strong>Cum</strong></span> <span class='ocrx_word' id='word_1_96' title='bbox 1433 1098 1492 1151; x_wconf 83' lang='lat' dir='ltr'><strong>in</strong></span> <span class='ocrx_word' id='word_1_97' title='bbox 1514 1098 1698 1169; x_wconf 83' lang='lat' dir='ltr'><strong>forma</strong></span> <span class='ocrx_word' id='word_1_98' title='bbox 1718 1097 1816 1151; x_wconf 85' lang='lat' dir='ltr'><strong>Dei</strong></span> <span class='ocrx_word' id='word_1_99' title='bbox 1837 1104 1971 1151; x_wconf 82' lang='lat' dir='ltr'><strong>esset</strong></span> <span class='ocrx_word' id='word_1_100' title='bbox 1987 1096 2030 1129; x_wconf 80' lang='grc'><strong>⁷⁵</strong></span> <span class='ocrx_word' id='word_1_101' title='bbox 2054 1113 2068 1162; x_wconf 89' lang='lat'><strong>;</strong></span> 
     </span>
    </p>
   </div>
   <div class='ocr_carea' id='block_1_12' title="bbox 411 1186 2074 1257">
    <p class='ocr_par' dir='ltr' id='par_1_12' title="bbox 411 1186 2074 1257">
     <span class='ocr_line' id='line_1_12' title="bbox 411 1186 2074 1257; baseline -0.002 -14"><span class='ocrx_word' id='word_1_102' title='bbox 411 1193 467 1243; x_wconf 90' lang='lat' dir='ltr'><strong>et</strong></span> <span class='ocrx_word' id='word_1_103' title='bbox 497 1188 710 1242; x_wconf 82' lang='lat' dir='ltr'><strong>iterum</strong></span> <span class='ocrx_word' id='word_1_104' title='bbox 744 1187 815 1242; x_wconf 90' lang='lat' dir='ltr'><strong>de</strong></span> <span class='ocrx_word' id='word_1_105' title='bbox 855 1186 1000 1242; x_wconf 90' lang='lat' dir='ltr'><strong>Filio</strong></span> <span class='ocrx_word' id='word_1_106' title='bbox 1031 1202 1044 1241; x_wconf 90' lang='lat'>:</span> <span class='ocrx_word' id='word_1_107' title='bbox 1082 1187 1193 1254; x_wconf 87' lang='lat' dir='ltr'><strong>Qui</strong></span> <span class='ocrx_word' id='word_1_108' title='bbox 1237 1195 1313 1241; x_wconf 77' lang='lat' dir='ltr'><strong>est</strong></span> <span class='ocrx_word' id='word_1_109' title='bbox 1339 1202 1504 1257; x_wconf 77' lang='lat' dir='ltr'><strong>super</strong></span> <span class='ocrx_word' id='word_1_110' title='bbox 1547 1189 1730 1242; x_wconf 84' lang='lat' dir='ltr'><strong>omnia</strong></span> <span class='ocrx_word' id='word_1_111' title='bbox 1781 1190 1942 1250; x_wconf 83' lang='lat' dir='ltr'><strong>Deus,</strong></span> <span class='ocrx_word' id='word_1_112' title='bbox 1975 1187 2074 1256; x_wconf 86' lang='lat' dir='ltr'><strong>qui</strong></span> 
     </span>
    </p>
   </div>
   <div class='ocr_carea' id='block_1_13' title="bbox 411 1276 1464 1332">
    <p class='ocr_par' dir='ltr' id='par_1_13' title="bbox 411 1276 1464 1332">
     <span class='ocr_line' id='line_1_13' title="bbox 411 1276 1464 1332; baseline -0.002 0"><span class='ocrx_word' id='word_1_113' title='bbox 411 1281 493 1332; x_wconf 79' lang='lat' dir='ltr'><strong>est</strong></span> <span class='ocrx_word' id='word_1_114' title='bbox 524 1276 834 1332; x_wconf 79' lang='lat' dir='ltr'><strong>benedictus</strong></span> <span class='ocrx_word' id='word_1_115' title='bbox 867 1277 925 1330; x_wconf 84' lang='lat' dir='ltr'><strong>in</strong></span> <span class='ocrx_word' id='word_1_116' title='bbox 955 1276 1180 1332; x_wconf 70' lang='lat' dir='ltr'><strong>saecula.</strong></span> <span class='ocrx_word' id='word_1_117' title='bbox 1209 1276 1382 1330; x_wconf 80' lang='lat' dir='ltr'><strong>Amen</strong></span> <span class='ocrx_word' id='word_1_118' title='bbox 1401 1276 1464 1330; x_wconf 79' lang='grc'><strong>⁷⁸.</strong></span> 
     </span>
    </p>
   </div>
   <div class='ocr_carea' id='block_1_14' title="bbox 485 1363 2070 1431">
    <p class='ocr_par' dir='ltr' id='par_1_14' title="bbox 485 1363 2070 1431">
     <span class='ocr_line' id='line_1_14' title="bbox 485 1363 2070 1431; baseline -0.003 -9"><span class='ocrx_word' id='word_1_119' title='bbox 485 1365 685 1422; x_wconf 81' lang='lat' dir='ltr'>XXXI.</span> <span class='ocrx_word' id='word_1_120' title='bbox 721 1366 776 1420; x_wconf 81' lang='lat' dir='ltr'><strong>Si</strong></span> <span class='ocrx_word' id='word_1_121' title='bbox 813 1381 986 1420; x_wconf 83' lang='lat' dir='ltr'><strong>verus</strong></span> <span class='ocrx_word' id='word_1_122' title='bbox 1030 1373 1119 1420; x_wconf 89' lang='lat' dir='ltr'><strong>est</strong></span> <span class='ocrx_word' id='word_1_123' title='bbox 1151 1369 1327 1430; x_wconf 89' lang='lat' dir='ltr'><strong>Deus,</strong></span> <span class='ocrx_word' id='word_1_124' title='bbox 1356 1367 1414 1418; x_wconf 91' lang='lat' dir='ltr'><strong>et</strong></span> <span class='ocrx_word' id='word_1_125' title='bbox 1442 1364 1666 1431; x_wconf 88' lang='lat' dir='ltr'><strong>lumen,</strong></span> <span class='ocrx_word' id='word_1_126' title='bbox 1700 1369 1758 1418; x_wconf 84' lang='lat' dir='ltr'><strong>et</strong></span> <span class='ocrx_word' id='word_1_127' title='bbox 1788 1363 2070 1419; x_wconf 87' lang='lat' dir='ltr'><strong>immuta-</strong></span> 
     </span>
    </p>
   </div>
   <div class='ocr_carea' id='block_1_15' title="bbox 409 1452 2069 1523">
    <p class='ocr_par' dir='ltr' id='par_1_15' title="bbox 409 1452 2069 1523">
     <span class='ocr_line' id='line_1_15' title="bbox 409 1452 2069 1523; baseline -0.002 -13"><span class='ocrx_word' id='word_1_128' title='bbox 409 1455 570 1523; x_wconf 82' lang='lat' dir='ltr'><strong>bilis,</strong></span> <span class='ocrx_word' id='word_1_129' title='bbox 603 1461 659 1510; x_wconf 89' lang='lat' dir='ltr'><strong>et</strong></span> <span class='ocrx_word' id='word_1_130' title='bbox 691 1455 902 1518; x_wconf 83' lang='lat' dir='ltr'><strong>bonus,</strong></span> <span class='ocrx_word' id='word_1_131' title='bbox 933 1460 990 1509; x_wconf 91' lang='lat' dir='ltr'><strong>et</strong></span> <span class='ocrx_word' id='word_1_132' title='bbox 1038 1459 1302 1520; x_wconf 88' lang='lat' dir='ltr'><strong>sanctus,</strong></span> <span class='ocrx_word' id='word_1_133' title='bbox 1333 1458 1390 1508; x_wconf 89' lang='lat' dir='ltr'><strong>et</strong></span> <span class='ocrx_word' id='word_1_134' title='bbox 1433 1453 1743 1519; x_wconf 87' lang='lat' dir='ltr'><strong>Dominus,</strong></span> <span class='ocrx_word' id='word_1_135' title='bbox 1777 1459 1833 1508; x_wconf 89' lang='lat' dir='ltr'><strong>et</strong></span> <span class='ocrx_word' id='word_1_136' title='bbox 1863 1452 2069 1522; x_wconf 89' lang='lat' dir='ltr'><strong>Filius,</strong></span> 
     </span>
    </p>
   </div>
   <div class='ocr_carea' id='block_1_16' title="bbox 412 1542 2074 1609">
    <p class='ocr_par' dir='ltr' id='par_1_16' title="bbox 412 1542 2074 1609">
     <span class='ocr_line' id='line_1_16' title="bbox 412 1542 2074 1609; baseline -0.003 -9"><span class='ocrx_word' id='word_1_137' title='bbox 412 1545 534 1602; x_wconf 68' lang='lat' dir='ltr'><strong>haec</strong></span> <span class='ocrx_word' id='word_1_138' title='bbox 562 1551 758 1600; x_wconf 86' lang='lat' dir='ltr'><strong>autem</strong></span> <span class='ocrx_word' id='word_1_139' title='bbox 793 1561 926 1600; x_wconf 90' lang='lat' dir='ltr'><strong>cum</strong></span> <span class='ocrx_word' id='word_1_140' title='bbox 980 1547 1152 1598; x_wconf 86' lang='lat' dir='ltr'><strong>Pater</strong></span> <span class='ocrx_word' id='word_1_141' title='bbox 1198 1543 1373 1598; x_wconf 74' lang='lat' dir='ltr'><strong>etiam</strong></span> <span class='ocrx_word' id='word_1_142' title='bbox 1409 1542 1506 1609; x_wconf 84' lang='lat' dir='ltr'><strong>sit,</strong></span> <span class='ocrx_word' id='word_1_143' title='bbox 1535 1559 1646 1597; x_wconf 92' lang='lat' dir='ltr'><strong>non</strong></span> <span class='ocrx_word' id='word_1_144' title='bbox 1682 1542 1956 1598; x_wconf 75' lang='lat' dir='ltr'><strong>similiter</strong></span> <span class='ocrx_word' id='word_1_145' title='bbox 1985 1547 2074 1596; x_wconf 88' lang='lat' dir='ltr'><strong>est</strong></span> 
     </span>
    </p>
   </div>
   <div class='ocr_carea' id='block_1_17' title="bbox 413 1630 2067 1704">
    <p class='ocr_par' dir='ltr' id='par_1_17' title="bbox 413 1630 2067 1704">
     <span class='ocr_line' id='line_1_17' title="bbox 413 1630 2067 1704; baseline -0.003 -15"><span class='ocrx_word' id='word_1_146' title='bbox 413 1634 557 1703; x_wconf 69' lang='lat' dir='ltr'><strong>haec,</strong></span> <span class='ocrx_word' id='word_1_147' title='bbox 590 1634 688 1689; x_wconf 86' lang='lat' dir='ltr'><strong>sed</strong></span> <span class='ocrx_word' id='word_1_148' title='bbox 729 1630 1016 1704; x_wconf 79' lang='grc' dir='ltr'><strong>μειζόνως,</strong></span> <span class='ocrx_word' id='word_1_149' title='bbox 1041 1633 1096 1686; x_wconf 92' lang='lat' dir='ltr'><strong>id</strong></span> <span class='ocrx_word' id='word_1_150' title='bbox 1131 1637 1220 1686; x_wconf 89' lang='lat' dir='ltr'><strong>est</strong></span> <span class='ocrx_word' id='word_1_151' title='bbox 1242 1631 1467 1699; x_wconf 73' lang='lat' dir='ltr'><strong>magis;</strong></span> <span class='ocrx_word' id='word_1_152' title='bbox 1500 1633 1772 1699; x_wconf 82' lang='lat' dir='ltr'><strong>eritergo</strong></span> <span class='ocrx_word' id='word_1_153' title='bbox 1792 1631 1930 1685; x_wconf 88' lang='lat' dir='ltr'><strong>talis</strong></span> <span class='ocrx_word' id='word_1_154' title='bbox 1953 1647 2067 1685; x_wconf 89' lang='lat' dir='ltr'><strong>non</strong></span> 
     </span>
    </p>
   </div>
   <div class='ocr_carea' id='block_1_18' title="bbox 411 1719 2069 1796">
    <p class='ocr_par' dir='ltr' id='par_1_18' title="bbox 411 1719 2069 1796">
     <span class='ocr_line' id='line_1_18' title="bbox 411 1719 2069 1796; baseline -0.003 -18"><span class='ocrx_word' id='word_1_155' title='bbox 411 1729 650 1796; x_wconf 85' lang='lat' dir='ltr'><strong>propter</strong></span> <span class='ocrx_word' id='word_1_156' title='bbox 665 1721 1008 1778; x_wconf 76' lang='lat' dir='ltr'><strong>substantia:</strong></span> <span class='ocrx_word' id='word_1_157' title='bbox 1029 1721 1427 1793; x_wconf 71' lang='lat' dir='ltr'><strong>praestantiam</strong></span> <span class='ocrx_word' id='word_1_158' title='bbox 1453 1724 1511 1775; x_wconf 87' lang='lat' dir='ltr'><strong>et</strong></span> <span class='ocrx_word' id='word_1_159' title='bbox 1527 1719 1953 1789; x_wconf 78' lang='lat' dir='ltr'><strong>excellentiam,</strong></span> <span class='ocrx_word' id='word_1_160' title='bbox 1968 1720 2069 1774; x_wconf 89' lang='lat' dir='ltr'><strong>sed</strong></span> 
     </span>
    </p>
   </div>
   <div class='ocr_carea' id='block_1_19' title="bbox 412 1807 2147 1902">
    <p class='ocr_par' dir='ltr' id='par_1_19' title="bbox 412 1807 2147 1902">
     <span class='ocr_line' id='line_1_19' title="bbox 412 1807 2147 1902; baseline -0.003 -35"><span class='ocrx_word' id='word_1_161' title='bbox 412 1811 716 1883; x_wconf 81' lang='lat' dir='ltr'><strong>qualitati</strong></span> <span class='ocrx_word' id='word_1_162' title='bbox 736 1827 876 1866; x_wconf 83' lang='lat' dir='ltr'><strong>exsu</strong></span> <span class='ocrx_word' id='word_1_163' title='bbox 889 1813 1244 1880; x_wconf 84' lang='lat' dir='ltr'><strong>perationem</strong></span> <span class='ocrx_word' id='word_1_164' title='bbox 1269 1829 1283 1876; x_wconf 87' lang='lat'><strong>;</strong></span> <span class='ocrx_word' id='word_1_165' title='bbox 1317 1809 1651 1864; x_wconf 83' lang='lat' dir='ltr'><strong>substantia</strong></span> <span class='ocrx_word' id='word_1_166' title='bbox 1675 1809 1832 1863; x_wconf 90' lang='lat' dir='ltr'><strong>enim</strong></span> <span class='ocrx_word' id='word_1_167' title='bbox 1855 1825 1968 1863; x_wconf 90' lang='lat' dir='ltr'><strong>non</strong></span> <span class='ocrx_word' id='word_1_168' title='bbox 1989 1807 2072 1861; x_wconf 84' lang='lat' dir='ltr'><strong>di-</strong></span> <span class='ocrx_word' id='word_1_169' title='bbox 2101 1839 2147 1902; x_wconf 78' lang='grc' dir='ltr'><strong>Β</strong></span> 
     </span>
    </p>
   </div>
   <div class='ocr_carea' id='block_1_20' title="bbox 410 1897 2068 1973">
    <p class='ocr_par' dir='ltr' id='par_1_20' title="bbox 410 1897 2068 1973">
     <span class='ocr_line' id='line_1_20' title="bbox 410 1897 2068 1973; baseline -0.003 -17"><span class='ocrx_word' id='word_1_170' title='bbox 410 1901 563 1956; x_wconf 90' lang='lat' dir='ltr'><strong>citur</strong></span> <span class='ocrx_word' id='word_1_171' title='bbox 588 1900 797 1973; x_wconf 86' lang='lat' dir='ltr'><strong>magis,</strong></span> <span class='ocrx_word' id='word_1_172' title='bbox 825 1904 928 1954; x_wconf 90' lang='lat' dir='ltr'><strong>aut</strong></span> <span class='ocrx_word' id='word_1_173' title='bbox 951 1898 1149 1954; x_wconf 89' lang='lat' dir='ltr'><strong>minus</strong></span> <span class='ocrx_word' id='word_1_174' title='bbox 1174 1897 1288 1952; x_wconf 89' lang='lat' dir='ltr'><strong>alia</strong></span> <span class='ocrx_word' id='word_1_175' title='bbox 1311 1897 1644 1952; x_wconf 85' lang='lat' dir='ltr'><strong>substantia</strong></span> <span class='ocrx_word' id='word_1_176' title='bbox 1672 1918 1686 1964; x_wconf 85' lang='lat'><strong>;</strong></span> <span class='ocrx_word' id='word_1_177' title='bbox 1724 1899 1913 1954; x_wconf 89' lang='lat' dir='ltr'><strong>bonus</strong></span> <span class='ocrx_word' id='word_1_178' title='bbox 1936 1913 2068 1952; x_wconf 86' lang='lat' dir='ltr'><strong>vero</strong></span> 
     </span>
    </p>
   </div>
   <div class='ocr_carea' id='block_1_21' title="bbox 411 1987 2067 2060">
    <p class='ocr_par' dir='ltr' id='par_1_21' title="bbox 411 1987 2067 2060">
     <span class='ocr_line' id='line_1_21' title="bbox 411 1987 2067 2060; baseline -0.002 -15"><span class='ocrx_word' id='word_1_179' title='bbox 411 1991 587 2058; x_wconf 89' lang='lat' dir='ltr'><strong>bono,</strong></span> <span class='ocrx_word' id='word_1_180' title='bbox 617 1995 675 2045; x_wconf 90' lang='lat' dir='ltr'><strong>et</strong></span> <span class='ocrx_word' id='word_1_181' title='bbox 698 1991 901 2060; x_wconf 88' lang='lat' dir='ltr'><strong>justus</strong></span> <span class='ocrx_word' id='word_1_182' title='bbox 926 1989 1091 2060; x_wconf 88' lang='lat' dir='ltr'><strong>justo</strong></span> <span class='ocrx_word' id='word_1_183' title='bbox 1127 1987 1317 2058; x_wconf 85' lang='lat' dir='ltr'><strong>magis</strong></span> <span class='ocrx_word' id='word_1_184' title='bbox 1366 1988 1582 2043; x_wconf 91' lang='lat' dir='ltr'><strong>dicitur</strong></span> <span class='ocrx_word' id='word_1_185' title='bbox 1615 2005 1626 2043; x_wconf 91' lang='lat'>:</span> <span class='ocrx_word' id='word_1_186' title='bbox 1661 1987 1838 2059; x_wconf 86' lang='lat' dir='ltr'><strong>igilur</strong></span> <span class='ocrx_word' id='word_1_187' title='bbox 1863 2003 2067 2042; x_wconf 90' lang='lat' dir='ltr'><strong>eorum</strong></span> 
     </span>
    </p>
   </div>
   <div class='ocr_carea' id='block_1_22' title="bbox 413 2076 2068 2152">
    <p class='ocr_par' dir='ltr' id='par_1_22' title="bbox 413 2076 2068 2152">
     <span class='ocr_line' id='line_1_22' title="bbox 413 2076 2068 2152; baseline -0.002 -18"><span class='ocrx_word' id='word_1_188' title='bbox 413 2079 514 2152; x_wconf 92' lang='lat' dir='ltr'><strong>qui</strong></span> <span class='ocrx_word' id='word_1_189' title='bbox 545 2079 722 2152; x_wconf 81' lang='lat' dir='ltr'><strong>geniti</strong></span> <span class='ocrx_word' id='word_1_190' title='bbox 757 2083 918 2143; x_wconf 88' lang='lat' dir='ltr'><strong>sunt,</strong></span> <span class='ocrx_word' id='word_1_191' title='bbox 949 2077 1152 2133; x_wconf 88' lang='lat' dir='ltr'><strong>eadem</strong></span> <span class='ocrx_word' id='word_1_192' title='bbox 1177 2081 1268 2132; x_wconf 88' lang='lat' dir='ltr'><strong>est</strong></span> <span class='ocrx_word' id='word_1_193' title='bbox 1292 2081 1502 2132; x_wconf 88' lang='lat' dir='ltr'><strong>natura</strong></span> <span class='ocrx_word' id='word_1_194' title='bbox 1533 2077 1703 2146; x_wconf 89' lang='lat' dir='ltr'><strong>cujus</strong></span> <span class='ocrx_word' id='word_1_195' title='bbox 1734 2080 1822 2131; x_wconf 90' lang='lat' dir='ltr'><strong>est</strong></span> <span class='ocrx_word' id='word_1_196' title='bbox 1849 2076 1948 2148; x_wconf 91' lang='lat' dir='ltr'><strong>qui</strong></span> <span class='ocrx_word' id='word_1_197' title='bbox 1970 2092 2068 2147; x_wconf 88' lang='lat' dir='ltr'><strong>ge-</strong></span> 
     </span>
    </p>
   </div>
   <div class='ocr_carea' id='block_1_23' title="bbox 411 2165 2065 2239">
    <p class='ocr_par' dir='ltr' id='par_1_23' title="bbox 411 2165 2065 2239">
     <span class='ocr_line' id='line_1_23' title="bbox 411 2165 2065 2239; baseline -0.002 -14"><span class='ocrx_word' id='word_1_198' title='bbox 411 2169 562 2235; x_wconf 85' lang='lat' dir='ltr'><strong>nuit,</strong></span> <span class='ocrx_word' id='word_1_199' title='bbox 594 2168 704 2224; x_wconf 88' lang='lat' dir='ltr'><strong>etsi</strong></span> <span class='ocrx_word' id='word_1_200' title='bbox 743 2167 915 2224; x_wconf 87' lang='lat' dir='ltr'><strong>aliter</strong></span> <span class='ocrx_word' id='word_1_201' title='bbox 943 2167 1180 2239; x_wconf 85' lang='lat' dir='ltr'><strong>genitus</strong></span> <span class='ocrx_word' id='word_1_202' title='bbox 1228 2166 1440 2221; x_wconf 84' lang='lat' dir='ltr'><strong>habeat</strong></span> <span class='ocrx_word' id='word_1_203' title='bbox 1467 2165 1530 2220; x_wconf 82' lang='grc' dir='ltr'><strong>τὸ</strong></span> <span class='ocrx_word' id='word_1_204' title='bbox 1560 2165 1693 2218; x_wconf 77' lang='grc' dir='ltr'>εἶναι</span> <span class='ocrx_word' id='word_1_205' title='bbox 1729 2183 1742 2196; x_wconf 72' lang='grc' dir='ltr'><strong>ο</strong></span> <span class='ocrx_word' id='word_1_206' title='bbox 1777 2182 1881 2221; x_wconf 89' lang='lat' dir='ltr'><strong>nec</strong></span> <span class='ocrx_word' id='word_1_207' title='bbox 1912 2167 2065 2221; x_wconf 90' lang='lat' dir='ltr'><strong>enim</strong></span> 
     </span>
    </p>
   </div>
   <div class='ocr_carea' id='block_1_24' title="bbox 410 2254 2070 2328">
    <p class='ocr_par' dir='ltr' id='par_1_24' title="bbox 410 2254 2070 2328">
     <span class='ocr_line' id='line_1_24' title="bbox 410 2254 2070 2328; baseline -0.002 -15"><span class='ocrx_word' id='word_1_208' title='bbox 410 2256 551 2313; x_wconf 81' lang='lat' dir='ltr'><strong>Abel</strong></span> <span class='ocrx_word' id='word_1_209' title='bbox 583 2257 684 2328; x_wconf 90' lang='lat' dir='ltr'><strong>qui</strong></span> <span class='ocrx_word' id='word_1_210' title='bbox 715 2274 784 2312; x_wconf 77' lang='lat' dir='ltr'><strong>ex</strong></span> <span class='ocrx_word' id='word_1_211' title='bbox 831 2255 1249 2326; x_wconf 84' lang='lat' dir='ltr'><strong>conjunctione</strong></span> <span class='ocrx_word' id='word_1_212' title='bbox 1295 2255 1402 2310; x_wconf 88' lang='lat' dir='ltr'><strong>viri</strong></span> <span class='ocrx_word' id='word_1_213' title='bbox 1433 2259 1491 2311; x_wconf 91' lang='lat' dir='ltr'><strong>et</strong></span> <span class='ocrx_word' id='word_1_214' title='bbox 1537 2254 1803 2310; x_wconf 80' lang='lat' dir='ltr'><strong>mulieris</strong></span> <span class='ocrx_word' id='word_1_215' title='bbox 1833 2255 2070 2327; x_wconf 83' lang='lat' dir='ltr'><strong>genitus</strong></span> 
     </span>
    </p>
   </div>
   <div class='ocr_carea' id='block_1_25' title="bbox 410 2344 2070 2416">
    <p class='ocr_par' dir='ltr' id='par_1_25' title="bbox 410 2344 2070 2416">
     <span class='ocr_line' id='line_1_25' title="bbox 410 2344 2070 2416; baseline -0.002 -14"><span class='ocrx_word' id='word_1_216' title='bbox 410 2351 523 2413; x_wconf 87' lang='lat' dir='ltr'><strong>est,</strong></span> <span class='ocrx_word' id='word_1_217' title='bbox 556 2345 800 2401; x_wconf 69' lang='lat' dir='ltr'><strong>diversa:</strong></span> <span class='ocrx_word' id='word_1_218' title='bbox 831 2350 1052 2401; x_wconf 62' lang='lat' dir='ltr'><strong>natura:</strong></span> <span class='ocrx_word' id='word_1_219' title='bbox 1086 2344 1199 2398; x_wconf 83' lang='lat' dir='ltr'><strong>fuit</strong></span> <span class='ocrx_word' id='word_1_220' title='bbox 1247 2360 1424 2415; x_wconf 90' lang='lat' dir='ltr'><strong>quam</strong></span> <span class='ocrx_word' id='word_1_221' title='bbox 1476 2344 1664 2399; x_wconf 83' lang='lat' dir='ltr'><strong>Adam</strong></span> <span class='ocrx_word' id='word_1_222' title='bbox 1699 2344 1798 2416; x_wconf 89' lang='lat' dir='ltr'><strong>qui</strong></span> <span class='ocrx_word' id='word_1_223' title='bbox 1832 2360 1947 2399; x_wconf 93' lang='lat' dir='ltr'><strong>non</strong></span> <span class='ocrx_word' id='word_1_224' title='bbox 1980 2349 2070 2399; x_wconf 90' lang='lat' dir='ltr'><strong>est</strong></span> 
     </span>
    </p>
   </div>
   <div class='ocr_carea' id='block_1_26' title="bbox 410 2435 1154 2509">
    <p class='ocr_par' dir='ltr' id='par_1_26' title="bbox 410 2435 1154 2509">
     <span class='ocr_line' id='line_1_26' title="bbox 410 2435 1154 2509; baseline -0.004 -18"><span class='ocrx_word' id='word_1_225' title='bbox 410 2437 672 2509; x_wconf 83' lang='lat' dir='ltr'><strong>genitus,</strong></span> <span class='ocrx_word' id='word_1_226' title='bbox 705 2435 805 2491; x_wconf 88' lang='lat' dir='ltr'><strong>sed</strong></span> <span class='ocrx_word' id='word_1_227' title='bbox 843 2435 1154 2490; x_wconf 77' lang='lat' dir='ltr'><strong>formatus.</strong></span> 
     </span>
    </p>
   </div>
   <div class='ocr_carea' id='block_1_27' title="bbox 481 2522 2068 2596">
    <p class='ocr_par' dir='ltr' id='par_1_27' title="bbox 481 2522 2068 2596">
     <span class='ocr_line' id='line_1_27' title="bbox 481 2522 2068 2596; baseline -0.003 -14"><span class='ocrx_word' id='word_1_228' title='bbox 481 2526 728 2582; x_wconf 81' lang='lat' dir='ltr'><strong>XXXII.</strong></span> <span class='ocrx_word' id='word_1_229' title='bbox 761 2524 816 2580; x_wconf 86' lang='lat' dir='ltr'><strong>Si</strong></span> <span class='ocrx_word' id='word_1_230' title='bbox 848 2524 1004 2596; x_wconf 90' lang='lat' dir='ltr'><strong>quod</strong></span> <span class='ocrx_word' id='word_1_231' title='bbox 1029 2528 1121 2579; x_wconf 88' lang='lat' dir='ltr'><strong>est</strong></span> <span class='ocrx_word' id='word_1_232' title='bbox 1151 2540 1349 2594; x_wconf 86' lang='lat' dir='ltr'><strong>causa,</strong></span> <span class='ocrx_word' id='word_1_233' title='bbox 1373 2527 1464 2578; x_wconf 90' lang='lat' dir='ltr'><strong>est</strong></span> <span class='ocrx_word' id='word_1_234' title='bbox 1486 2523 1680 2594; x_wconf 87' lang='lat' dir='ltr'><strong>majus</strong></span> <span class='ocrx_word' id='word_1_235' title='bbox 1705 2526 1762 2578; x_wconf 90' lang='lat' dir='ltr'><strong>et</strong></span> <span class='ocrx_word' id='word_1_236' title='bbox 1793 2522 2068 2578; x_wconf 63' lang='lat' dir='ltr'><strong>differens</strong></span> 
     </span>
    </p>
   </div>
   <div class='ocr_carea' id='block_1_28' title="bbox 411 2612 2071 2685">
    <p class='ocr_par' dir='ltr' id='par_1_28' title="bbox 411 2612 2071 2685">
     <span class='ocr_line' id='line_1_28' title="bbox 411 2612 2071 2685; baseline -0.002 -15"><span class='ocrx_word' id='word_1_237' title='bbox 411 2612 745 2670; x_wconf 84' lang='lat' dir='ltr'><strong>substantia</strong></span> <span class='ocrx_word' id='word_1_238' title='bbox 763 2614 833 2668; x_wconf 88' lang='lat' dir='ltr'><strong>ab</strong></span> <span class='ocrx_word' id='word_1_239' title='bbox 852 2630 942 2680; x_wconf 92' lang='lat' dir='ltr'><strong>eo,</strong></span> <span class='ocrx_word' id='word_1_240' title='bbox 957 2614 1126 2684; x_wconf 87' lang='lat' dir='ltr'><strong>cujus</strong></span> <span class='ocrx_word' id='word_1_241' title='bbox 1144 2629 1321 2668; x_wconf 85' lang='lat' dir='ltr'><strong>causa</strong></span> <span class='ocrx_word' id='word_1_242' title='bbox 1339 2618 1457 2681; x_wconf 91' lang='lat' dir='ltr'><strong>est;</strong></span> <span class='ocrx_word' id='word_1_243' title='bbox 1480 2613 1674 2667; x_wconf 90' lang='lat' dir='ltr'><strong>omnis</strong></span> <span class='ocrx_word' id='word_1_244' title='bbox 1693 2616 1884 2668; x_wconf 89' lang='lat' dir='ltr'><strong>autem</strong></span> <span class='ocrx_word' id='word_1_245' title='bbox 1907 2618 2071 2685; x_wconf 80' lang='lat' dir='ltr'><strong>pater</strong></span> 
     </span>
    </p>
   </div>
   <div class='ocr_carea' id='block_1_29' title="bbox 410 2701 2068 2773">
    <p class='ocr_par' dir='ltr' id='par_1_29' title="bbox 410 2701 2068 2773">
     <span class='ocr_line' id='line_1_29' title="bbox 410 2701 2068 2773; baseline -0.001 -13"><span class='ocrx_word' id='word_1_246' title='bbox 410 2709 501 2760; x_wconf 88' lang='lat' dir='ltr'><strong>est</strong></span> <span class='ocrx_word' id='word_1_247' title='bbox 531 2721 733 2771; x_wconf 88' lang='lat' dir='ltr'><strong>causa,</strong></span> <span class='ocrx_word' id='word_1_248' title='bbox 761 2708 820 2758; x_wconf 93' lang='lat' dir='ltr'><strong>et</strong></span> <span class='ocrx_word' id='word_1_249' title='bbox 851 2702 1044 2758; x_wconf 91' lang='lat' dir='ltr'><strong>omnis</strong></span> <span class='ocrx_word' id='word_1_250' title='bbox 1067 2701 1225 2757; x_wconf 89' lang='lat' dir='ltr'><strong>ﬁlius</strong></span> <span class='ocrx_word' id='word_1_251' title='bbox 1251 2707 1342 2757; x_wconf 90' lang='lat' dir='ltr'><strong>est</strong></span> <span class='ocrx_word' id='word_1_252' title='bbox 1372 2717 1440 2756; x_wconf 85' lang='lat' dir='ltr'><strong>ex</strong></span> <span class='ocrx_word' id='word_1_253' title='bbox 1471 2718 1648 2756; x_wconf 89' lang='lat' dir='ltr'><strong>causa</strong></span> <span class='ocrx_word' id='word_1_254' title='bbox 1682 2718 1694 2756; x_wconf 89' lang='lat'><strong>:</strong></span> <span class='ocrx_word' id='word_1_255' title='bbox 1729 2706 1928 2773; x_wconf 90' lang='lat' dir='ltr'><strong>patres</strong></span> <span class='ocrx_word' id='word_1_256' title='bbox 1958 2701 2068 2773; x_wconf 84' lang='lat' dir='ltr'><strong>igi-</strong></span> 
     </span>
    </p>
   </div>
   <div class='ocr_carea' id='block_1_30' title="bbox 410 2791 2068 2863">
    <p class='ocr_par' dir='ltr' id='par_1_30' title="bbox 410 2791 2068 2863">
     <span class='ocr_line' id='line_1_30' title="bbox 410 2791 2068 2863; baseline -0.002 -13"><span class='ocrx_word' id='word_1_257' title='bbox 410 2801 507 2850; x_wconf 88' lang='lat' dir='ltr'><strong>tur</strong></span> <span class='ocrx_word' id='word_1_258' title='bbox 540 2795 790 2863; x_wconf 87' lang='lat' dir='ltr'><strong>majores</strong></span> <span class='ocrx_word' id='word_1_259' title='bbox 821 2797 879 2848; x_wconf 91' lang='lat' dir='ltr'><strong>et</strong></span> <span class='ocrx_word' id='word_1_260' title='bbox 922 2791 1257 2847; x_wconf 83' lang='lat' dir='ltr'><strong>diﬁerentes</strong></span> <span class='ocrx_word' id='word_1_261' title='bbox 1310 2791 1646 2846; x_wconf 84' lang='lat' dir='ltr'><strong>substantia</strong></span> <span class='ocrx_word' id='word_1_262' title='bbox 1673 2796 1815 2847; x_wconf 89' lang='lat' dir='ltr'><strong>sunt</strong></span> <span class='ocrx_word' id='word_1_263' title='bbox 1842 2809 1873 2846; x_wconf 87' lang='lat' dir='ltr'><strong>a</strong></span> <span class='ocrx_word' id='word_1_264' title='bbox 1906 2791 2068 2861; x_wconf 90' lang='lat' dir='ltr'><strong>ﬁliis,</strong></span> 
     </span>
    </p>
   </div>
   <div class='ocr_carea' id='block_1_31' title="bbox 412 2880 2004 2940">
    <p class='ocr_par' dir='ltr' id='par_1_31' title="bbox 412 2880 2004 2940">
     <span class='ocr_line' id='line_1_31' title="bbox 412 2880 2004 2940; baseline -0.003 0"><span class='ocrx_word' id='word_1_265' title='bbox 412 2889 471 2940; x_wconf 90' lang='lat' dir='ltr'><strong>et</strong></span> <span class='ocrx_word' id='word_1_266' title='bbox 501 2900 617 2939; x_wconf 91' lang='lat' dir='ltr'><strong>non</strong></span> <span class='ocrx_word' id='word_1_267' title='bbox 653 2883 829 2938; x_wconf 91' lang='lat' dir='ltr'><strong>unius</strong></span> <span class='ocrx_word' id='word_1_268' title='bbox 861 2881 1206 2938; x_wconf 68' lang='lat' dir='ltr'><strong>substantiis</strong></span> <span class='ocrx_word' id='word_1_269' title='bbox 1241 2897 1254 2937; x_wconf 91' lang='lat'>:</span> <span class='ocrx_word' id='word_1_270' title='bbox 1288 2885 1348 2936; x_wconf 89' lang='lat' dir='ltr'><strong>at</strong></span> <span class='ocrx_word' id='word_1_271' title='bbox 1377 2897 1492 2936; x_wconf 92' lang='lat' dir='ltr'><strong>non</strong></span> <span class='ocrx_word' id='word_1_272' title='bbox 1523 2887 1614 2936; x_wconf 91' lang='lat' dir='ltr'><strong>est</strong></span> <span class='ocrx_word' id='word_1_273' title='bbox 1641 2897 1840 2936; x_wconf 90' lang='lat' dir='ltr'><strong>verum</strong></span> <span class='ocrx_word' id='word_1_274' title='bbox 1874 2880 2004 2937; x_wconf 90' lang='lat' dir='ltr'><strong>hoc.</strong></span> 
     </span>
    </p>
   </div>
   <div class='ocr_carea' id='block_1_32' title="bbox 481 2969 2068 3042">
    <p class='ocr_par' dir='ltr' id='par_1_32' title="bbox 481 2969 2068 3042">
     <span class='ocr_line' id='line_1_32' title="bbox 481 2969 2068 3042; baseline -0.002 -14"><span class='ocrx_word' id='word_1_275' title='bbox 481 2971 738 3028; x_wconf 85' lang='lat' dir='ltr'>XXXIII.</span> <span class='ocrx_word' id='word_1_276' title='bbox 773 2972 1142 3042; x_wconf 82' lang='lat' dir='ltr'><strong>Interrogant</strong></span> <span class='ocrx_word' id='word_1_277' title='bbox 1185 2969 1405 3036; x_wconf 81' lang='lat' dir='ltr'><strong>Ariani,</strong></span> <span class='ocrx_word' id='word_1_278' title='bbox 1439 2986 1511 3024; x_wconf 92' lang='lat' dir='ltr'><strong>an</strong></span> <span class='ocrx_word' id='word_1_279' title='bbox 1565 2970 1756 3037; x_wconf 86' lang='lat' dir='ltr'><strong>Pater,</strong></span> <span class='ocrx_word' id='word_1_280' title='bbox 1789 2974 2068 3040; x_wconf 82' lang='lat' dir='ltr'><strong>generato</strong></span> 
     </span>
    </p>
   </div>
   <div class='ocr_carea' id='block_1_33' title="bbox 411 3058 2063 3132">
    <p class='ocr_par' dir='ltr' id='par_1_33' title="bbox 411 3058 2063 3132">
     <span class='ocr_line' id='line_1_33' title="bbox 411 3058 2063 3132; baseline -0.002 -15"><span class='ocrx_word' id='word_1_281' title='bbox 411 3059 829 3131; x_wconf 86' lang='lat' dir='ltr'><strong>Filio,desierit</strong></span> <span class='ocrx_word' id='word_1_282' title='bbox 855 3075 1171 3132; x_wconf 88' lang='lat' dir='ltr'><strong>generare;</strong></span> <span class='ocrx_word' id='word_1_283' title='bbox 1207 3060 1254 3114; x_wconf 87' lang='lat' dir='ltr'><strong>si</strong></span> <span class='ocrx_word' id='word_1_284' title='bbox 1285 3060 1672 3131; x_wconf 88' lang='lat' dir='ltr'><strong>respondetur</strong></span> <span class='ocrx_word' id='word_1_285' title='bbox 1697 3058 2063 3127; x_wconf 88' lang='lat' dir='ltr'><strong>desiisse,in-</strong></span> 
     </span>
    </p>
   </div>
   <div class='ocr_carea' id='block_1_34' title="bbox 410 3147 2068 3224">
    <p class='ocr_par' dir='ltr' id='par_1_34' title="bbox 410 3147 2068 3224">
     <span class='ocr_line' id='line_1_34' title="bbox 410 3147 2068 3224; baseline -0.002 -18"><span class='ocrx_word' id='word_1_286' title='bbox 410 3149 630 3224; x_wconf 77' lang='lat' dir='ltr'><strong>ferunt,</strong></span> <span class='ocrx_word' id='word_1_287' title='bbox 662 3148 909 3222; x_wconf 79' lang='lat' dir='ltr'><strong>empisse</strong></span> <span class='ocrx_word' id='word_1_288' title='bbox 940 3147 1124 3221; x_wconf 82' lang='lat' dir='ltr'><strong>igitur</strong></span> <span class='ocrx_word' id='word_1_289' title='bbox 1167 3164 1483 3221; x_wconf 87' lang='lat' dir='ltr'><strong>generare;</strong></span> <span class='ocrx_word' id='word_1_290' title='bbox 1517 3163 1688 3205; x_wconf 88' lang='lat' dir='ltr'><strong>omne</strong></span> <span class='ocrx_word' id='word_1_291' title='bbox 1719 3148 1877 3204; x_wconf 87' lang='lat' dir='ltr'><strong>enim</strong></span> <span class='ocrx_word' id='word_1_292' title='bbox 1911 3148 2068 3220; x_wconf 92' lang='lat' dir='ltr'><strong>quod</strong></span> 
     </span>
    </p>
   </div>
   <div class='ocr_carea' id='block_1_35' title="bbox 2183 560 3852 639">
    <p class='ocr_par' dir='ltr' id='par_1_35' title="bbox 2183 560 3852 639">
     <span class='ocr_line' id='line_1_35' title="bbox 2183 560 3852 639; baseline 0.007 -26"><span class='ocrx_word' id='word_1_293' title='bbox 2183 561 2407 625; x_wconf 86' lang='lat' dir='ltr'><strong>Quibus</strong></span> <span class='ocrx_word' id='word_1_294' title='bbox 2438 560 2953 630; x_wconf 87' lang='lat' dir='ltr'><strong>respondebimus,</strong></span> <span class='ocrx_word' id='word_1_295' title='bbox 2984 561 3034 616; x_wconf 89' lang='lat' dir='ltr'><strong>si</strong></span> <span class='ocrx_word' id='word_1_296' title='bbox 3085 579 3323 620; x_wconf 86' lang='lat' dir='ltr'><strong>necesse</strong></span> <span class='ocrx_word' id='word_1_297' title='bbox 3353 570 3462 632; x_wconf 90' lang='lat' dir='ltr'><strong>est,</strong></span> <span class='ocrx_word' id='word_1_298' title='bbox 3497 569 3655 639; x_wconf 90' lang='lat' dir='ltr'><strong>quod</strong></span> <span class='ocrx_word' id='word_1_299' title='bbox 3687 569 3852 626; x_wconf 87' lang='lat' dir='ltr'><strong>desi-</strong></span> 
     </span>
    </p>
   </div>
   <div class='ocr_carea' id='block_1_36' title="bbox 2184 649 3853 727">
    <p class='ocr_par' dir='ltr' id='par_1_36' title="bbox 2184 649 3853 727">
     <span class='ocr_line' id='line_1_36' title="bbox 2184 649 3853 727; baseline 0.007 -23"><span class='ocrx_word' id='word_1_300' title='bbox 2184 650 2290 715; x_wconf 88' lang='lat' dir='ltr'><strong>nit,</strong></span> <span class='ocrx_word' id='word_1_301' title='bbox 2327 649 2678 720; x_wconf 85' lang='lat' dir='ltr'><strong>principium</strong></span> <span class='ocrx_word' id='word_1_302' title='bbox 2706 650 2954 717; x_wconf 86' lang='lat' dir='ltr'><strong>babere;</strong></span> <span class='ocrx_word' id='word_1_303' title='bbox 2989 654 3048 706; x_wconf 87' lang='lat' dir='ltr'><strong>et</strong></span> <span class='ocrx_word' id='word_1_304' title='bbox 3079 654 3234 724; x_wconf 88' lang='lat' dir='ltr'><strong>quod</strong></span> <span class='ocrx_word' id='word_1_305' title='bbox 3255 653 3613 727; x_wconf 89' lang='lat' dir='ltr'><strong>principium</strong></span> <span class='ocrx_word' id='word_1_306' title='bbox 3646 657 3853 724; x_wconf 84' lang='lat' dir='ltr'><strong>habet,</strong></span> 
     </span>
    </p>
   </div>
   <div class='ocr_carea' id='block_1_37' title="bbox 2185 737 3856 816">
    <p class='ocr_par' dir='ltr' id='par_1_37' title="bbox 2185 737 3856 816">
     <span class='ocr_line' id='line_1_37' title="bbox 2185 737 3856 816; baseline 0.007 -25"><span class='ocrx_word' id='word_1_307' title='bbox 2185 754 2422 793; x_wconf 80' lang='lat' dir='ltr'><strong>necesse</strong></span> <span class='ocrx_word' id='word_1_308' title='bbox 2454 737 2591 792; x_wconf 88' lang='lat' dir='ltr'><strong>item</strong></span> <span class='ocrx_word' id='word_1_309' title='bbox 2625 737 2842 794; x_wconf 89' lang='lat' dir='ltr'><strong>habere</strong></span> <span class='ocrx_word' id='word_1_310' title='bbox 2873 739 3074 795; x_wconf 90' lang='lat' dir='ltr'><strong>ﬁnem.</strong></span> <span class='ocrx_word' id='word_1_311' title='bbox 3111 742 3300 813; x_wconf 85' lang='lat' dir='ltr'><strong>Igitur</strong></span> <span class='ocrx_word' id='word_1_312' title='bbox 3328 744 3523 816; x_wconf 85' lang='lat' dir='ltr'><strong>angeli</strong></span> <span class='ocrx_word' id='word_1_313' title='bbox 3554 750 3614 801; x_wconf 88' lang='lat' dir='ltr'><strong>et</strong></span> <span class='ocrx_word' id='word_1_314' title='bbox 3645 748 3856 803; x_wconf 87' lang='lat' dir='ltr'><strong>omnia</strong></span> 
     </span>
    </p>
   </div>
   <div class='ocr_carea' id='block_1_38' title="bbox 2185 826 3853 900">
    <p class='ocr_par' dir='ltr' id='par_1_38' title="bbox 2185 826 3853 900">
     <span class='ocr_line' id='line_1_38' title="bbox 2185 826 3853 900; baseline 0.007 -21"><span class='ocrx_word' id='word_1_315' title='bbox 2185 826 2550 897; x_wconf 84' lang='lat' dir='ltr'><strong>incorporea,</strong></span> <span class='ocrx_word' id='word_1_316' title='bbox 2583 843 2710 897; x_wconf 61' lang='lat' dir='ltr'><strong>quae</strong></span> <span class='ocrx_word' id='word_1_317' title='bbox 2760 835 3064 900; x_wconf 66' lang='lat' dir='ltr'><strong>eruperunt</strong></span> <span class='ocrx_word' id='word_1_318' title='bbox 3111 846 3262 898; x_wconf 89' lang='lat' dir='ltr'><strong>esse,</strong></span> <span class='ocrx_word' id='word_1_319' title='bbox 3297 848 3537 888; x_wconf 86' lang='lat' dir='ltr'><strong>necesse</strong></span> <span class='ocrx_word' id='word_1_320' title='bbox 3564 838 3659 889; x_wconf 89' lang='lat' dir='ltr'><strong>est</strong></span> <span class='ocrx_word' id='word_1_321' title='bbox 3688 837 3853 892; x_wconf 86' lang='lat' dir='ltr'><strong>desi-</strong></span> 
     </span>
    </p>
   </div>
   <div class='ocr_carea' id='block_1_39' title="bbox 2183 915 3848 997">
    <p class='ocr_par' dir='ltr' id='par_1_39' title="bbox 2183 915 3848 997">
     <span class='ocr_line' id='line_1_39' title="bbox 2183 915 3848 997; baseline 0.008 -29"><span class='ocrx_word' id='word_1_322' title='bbox 2183 930 2320 970; x_wconf 88' lang='lat' dir='ltr'><strong>nere</strong></span> <span class='ocrx_word' id='word_1_323' title='bbox 2349 931 2478 970; x_wconf 88' lang='lat' dir='ltr'><strong>esse</strong></span> <span class='ocrx_word' id='word_1_324' title='bbox 2506 931 2519 970; x_wconf 92' lang='lat'>:</span> <span class='ocrx_word' id='word_1_325' title='bbox 2555 920 2616 970; x_wconf 91' lang='lat' dir='ltr'><strong>at</strong></span> <span class='ocrx_word' id='word_1_326' title='bbox 2633 915 2742 972; x_wconf 89' lang='lat' dir='ltr'><strong>hoc</strong></span> <span class='ocrx_word' id='word_1_327' title='bbox 2768 918 3097 974; x_wconf 90' lang='lat' dir='ltr'><strong>absurdum</strong></span> <span class='ocrx_word' id='word_1_328' title='bbox 3119 925 3229 974; x_wconf 88' lang='lat' dir='ltr'><strong>est.</strong></span> <span class='ocrx_word' id='word_1_329' title='bbox 3255 920 3453 977; x_wconf 84' lang='lat' dir='ltr'><strong>Potest</strong></span> <span class='ocrx_word' id='word_1_330' title='bbox 3482 921 3667 994; x_wconf 81' lang='lat' dir='ltr'><strong>igitur</strong></span> <span class='ocrx_word' id='word_1_331' title='bbox 3687 927 3848 997; x_wconf 90' lang='lat' dir='ltr'><strong>quod</strong></span> 
     </span>
    </p>
   </div>
   <div class='ocr_carea' id='block_1_40' title="bbox 2181 1003 3851 1081">
    <p class='ocr_par' dir='ltr' id='par_1_40' title="bbox 2181 1003 3851 1081">
     <span class='ocr_line' id='line_1_40' title="bbox 2181 1003 3851 1081; baseline 0.007 -23"><span class='ocrx_word' id='word_1_332' title='bbox 2181 1003 2352 1074; x_wconf 77' lang='lat' dir='ltr'><strong>coepit</strong></span> <span class='ocrx_word' id='word_1_333' title='bbox 2383 1019 2536 1070; x_wconf 85' lang='lat' dir='ltr'><strong>esse,</strong></span> <span class='ocrx_word' id='word_1_334' title='bbox 2567 1020 2682 1059; x_wconf 89' lang='lat' dir='ltr'><strong>non</strong></span> <span class='ocrx_word' id='word_1_335' title='bbox 2715 1005 3007 1078; x_wconf 87' lang='lat' dir='ltr'><strong>desinere,</strong></span> <span class='ocrx_word' id='word_1_336' title='bbox 3037 1012 3095 1063; x_wconf 90' lang='lat' dir='ltr'><strong>et</strong></span> <span class='ocrx_word' id='word_1_337' title='bbox 3115 1010 3269 1079; x_wconf 89' lang='lat' dir='ltr'><strong>quod</strong></span> <span class='ocrx_word' id='word_1_338' title='bbox 3303 1010 3546 1081; x_wconf 86' lang='lat' dir='ltr'><strong>desinit,</strong></span> <span class='ocrx_word' id='word_1_339' title='bbox 3576 1029 3696 1068; x_wconf 91' lang='lat' dir='ltr'><strong>non</strong></span> <span class='ocrx_word' id='word_1_340' title='bbox 3729 1031 3851 1070; x_wconf 67' lang='lat' dir='ltr'><strong>cna-</strong></span> 
     </span>
    </p>
   </div>
   <div class='ocr_carea' id='block_1_41' title="bbox 2183 1093 3842 1174">
    <p class='ocr_par' dir='ltr' id='par_1_41' title="bbox 2183 1093 3842 1174">
     <span class='ocr_line' id='line_1_41' title="bbox 2183 1093 3842 1174; baseline 0.007 -27"><span class='ocrx_word' id='word_1_341' title='bbox 2183 1093 2361 1164; x_wconf 89' lang='lat' dir='ltr'><strong>pisse.</strong></span> <span class='ocrx_word' id='word_1_342' title='bbox 2394 1093 2555 1156; x_wconf 90' lang='lat' dir='ltr'><strong>Quod</strong></span> <span class='ocrx_word' id='word_1_343' title='bbox 2607 1095 2655 1148; x_wconf 90' lang='lat' dir='ltr'><strong>si</strong></span> <span class='ocrx_word' id='word_1_344' title='bbox 2689 1111 2807 1150; x_wconf 90' lang='lat' dir='ltr'><strong>non</strong></span> <span class='ocrx_word' id='word_1_345' title='bbox 2842 1111 2855 1149; x_wconf 92' lang='lat'>:</span> <span class='ocrx_word' id='word_1_346' title='bbox 2891 1095 3018 1167; x_wconf 85' lang='lat' dir='ltr'><strong>ipse</strong></span> <span class='ocrx_word' id='word_1_347' title='bbox 3067 1098 3248 1154; x_wconf 90' lang='lat' dir='ltr'><strong>etiam</strong></span> <span class='ocrx_word' id='word_1_348' title='bbox 3301 1098 3504 1166; x_wconf 83' lang='lat' dir='ltr'><strong>Filius,</strong></span> <span class='ocrx_word' id='word_1_349' title='bbox 3535 1101 3586 1157; x_wconf 90' lang='lat' dir='ltr'><strong>si</strong></span> <span class='ocrx_word' id='word_1_350' title='bbox 3617 1103 3842 1174; x_wconf 86' lang='lat' dir='ltr'><strong>princi-</strong></span> 
     </span>
    </p>
   </div>
   <div class='ocr_carea' id='block_1_42' title="bbox 2183 1181 3837 1263">
    <p class='ocr_par' dir='ltr' id='par_1_42' title="bbox 2183 1181 3837 1263">
     <span class='ocr_line' id='line_1_42' title="bbox 2183 1181 3837 1263; baseline 0.008 -28"><span class='ocrx_word' id='word_1_351' title='bbox 2183 1183 2343 1254; x_wconf 91' lang='lat' dir='ltr'><strong>pium</strong></span> <span class='ocrx_word' id='word_1_352' title='bbox 2377 1181 2575 1251; x_wconf 88' lang='lat' dir='ltr'><strong>habet,</strong></span> <span class='ocrx_word' id='word_1_353' title='bbox 2615 1187 2672 1238; x_wconf 88' lang='lat' dir='ltr'><strong>et</strong></span> <span class='ocrx_word' id='word_1_354' title='bbox 2704 1184 2880 1240; x_wconf 89' lang='lat' dir='ltr'><strong>ﬁnem</strong></span> <span class='ocrx_word' id='word_1_355' title='bbox 2934 1185 3196 1256; x_wconf 87' lang='lat' dir='ltr'><strong>habebit,</strong></span> <span class='ocrx_word' id='word_1_356' title='bbox 3231 1187 3494 1259; x_wconf 89' lang='lat' dir='ltr'><strong>ipsorum</strong></span> <span class='ocrx_word' id='word_1_357' title='bbox 3546 1193 3837 1263; x_wconf 86' lang='lat' dir='ltr'><strong>opinione.</strong></span> 
     </span>
    </p>
   </div>
   <div class='ocr_carea' id='block_1_43' title="bbox 2252 1271 3851 1353">
    <p class='ocr_par' dir='ltr' id='par_1_43' title="bbox 2252 1271 3851 1353">
     <span class='ocr_line' id='line_1_43' title="bbox 2252 1271 3851 1353; baseline 0.008 -27"><span class='ocrx_word' id='word_1_358' title='bbox 2252 1271 2486 1328; x_wconf 81' lang='lat' dir='ltr'>XXXIV.</span> <span class='ocrx_word' id='word_1_359' title='bbox 2533 1273 2748 1328; x_wconf 84' lang='lat' dir='ltr'><strong>Eadem</strong></span> <span class='ocrx_word' id='word_1_360' title='bbox 2800 1279 2891 1330; x_wconf 89' lang='lat' dir='ltr'><strong>est</strong></span> <span class='ocrx_word' id='word_1_361' title='bbox 2939 1282 3152 1332; x_wconf 90' lang='lat' dir='ltr'><strong>natura</strong></span> <span class='ocrx_word' id='word_1_362' title='bbox 3195 1293 3424 1345; x_wconf 89' lang='lat' dir='ltr'><strong>eorum,</strong></span> <span class='ocrx_word' id='word_1_363' title='bbox 3471 1296 3600 1350; x_wconf 71' lang='lat' dir='ltr'><strong>quas</strong></span> <span class='ocrx_word' id='word_1_364' title='bbox 3646 1285 3851 1353; x_wconf 87' lang='lat' dir='ltr'><strong>genita</strong></span> 
     </span>
    </p>
   </div>
   <div class='ocr_carea' id='block_1_44' title="bbox 2182 1363 3841 1442">
    <p class='ocr_par' dir='ltr' id='par_1_44' title="bbox 2182 1363 3841 1442">
     <span class='ocr_line' id='line_1_44' title="bbox 2182 1363 3841 1442; baseline 0.008 -27"><span class='ocrx_word' id='word_1_365' title='bbox 2182 1366 2342 1430; x_wconf 90' lang='lat' dir='ltr'><strong>sunt,</strong></span> <span class='ocrx_word' id='word_1_366' title='bbox 2375 1365 2432 1416; x_wconf 90' lang='lat' dir='ltr'><strong>et</strong></span> <span class='ocrx_word' id='word_1_367' title='bbox 2478 1363 2840 1433; x_wconf 86' lang='lat' dir='ltr'><strong>generantis,</strong></span> <span class='ocrx_word' id='word_1_368' title='bbox 2873 1365 3142 1436; x_wconf 84' lang='lat' dir='ltr'><strong>quamvis</strong></span> <span class='ocrx_word' id='word_1_369' title='bbox 3190 1365 3359 1422; x_wconf 88' lang='lat' dir='ltr'><strong>aliter</strong></span> <span class='ocrx_word' id='word_1_370' title='bbox 3409 1370 3646 1442; x_wconf 71' lang='lat' dir='ltr'><strong>coeperit</strong></span> <span class='ocrx_word' id='word_1_371' title='bbox 3667 1371 3841 1441; x_wconf 68' lang='lat' dir='ltr'><strong>(esse,</strong></span> 
     </span>
    </p>
   </div>
   <div class='ocr_carea' id='block_1_45' title="bbox 2181 1450 3842 1532">
    <p class='ocr_par' dir='ltr' id='par_1_45' title="bbox 2181 1450 3842 1532">
     <span class='ocr_line' id='line_1_45' title="bbox 2181 1450 3842 1532; baseline 0.007 -28"><span class='ocrx_word' id='word_1_372' title='bbox 2181 1451 2282 1521; x_wconf 90' lang='lat' dir='ltr'><strong>qui</strong></span> <span class='ocrx_word' id='word_1_373' title='bbox 2313 1450 2550 1522; x_wconf 88' lang='lat' dir='ltr'><strong>genitus</strong></span> <span class='ocrx_word' id='word_1_374' title='bbox 2579 1457 2706 1521; x_wconf 89' lang='lat' dir='ltr'><strong>est;</strong></span> <span class='ocrx_word' id='word_1_375' title='bbox 2738 1469 2852 1508; x_wconf 89' lang='lat' dir='ltr'><strong>non</strong></span> <span class='ocrx_word' id='word_1_376' title='bbox 2885 1455 3043 1510; x_wconf 89' lang='lat' dir='ltr'><strong>enim</strong></span> <span class='ocrx_word' id='word_1_377' title='bbox 3075 1455 3219 1512; x_wconf 85' lang='lat' dir='ltr'><strong>Abel</strong></span> <span class='ocrx_word' id='word_1_378' title='bbox 3254 1461 3430 1513; x_wconf 89' lang='lat' dir='ltr'><strong>natus</strong></span> <span class='ocrx_word' id='word_1_379' title='bbox 3459 1475 3530 1514; x_wconf 83' lang='lat' dir='ltr'><strong>ex</strong></span> <span class='ocrx_word' id='word_1_380' title='bbox 3560 1460 3842 1532; x_wconf 86' lang='lat' dir='ltr'><strong>conjunc-</strong></span> 
     </span>
    </p>
   </div>
   <div class='ocr_carea' id='block_1_46' title="bbox 2181 1539 3846 1616">
    <p class='ocr_par' dir='ltr' id='par_1_46' title="bbox 2181 1539 3846 1616">
     <span class='ocr_line' id='line_1_46' title="bbox 2181 1539 3846 1616; baseline 0.007 -22"><span class='ocrx_word' id='word_1_381' title='bbox 2181 1540 2362 1605; x_wconf 90' lang='lat' dir='ltr'><strong>tione,</strong></span> <span class='ocrx_word' id='word_1_382' title='bbox 2395 1539 2510 1596; x_wconf 89' lang='lat' dir='ltr'><strong>alia</strong></span> <span class='ocrx_word' id='word_1_383' title='bbox 2563 1548 2776 1596; x_wconf 89' lang='lat' dir='ltr'><strong>natura</strong></span> <span class='ocrx_word' id='word_1_384' title='bbox 2823 1543 2934 1599; x_wconf 86' lang='lat' dir='ltr'><strong>fuit</strong></span> <span class='ocrx_word' id='word_1_385' title='bbox 2984 1550 3196 1616; x_wconf 68' lang='lat' dir='ltr'><strong>praeter</strong></span> <span class='ocrx_word' id='word_1_386' title='bbox 3241 1551 3516 1603; x_wconf 88' lang='lat' dir='ltr'><strong>naturam</strong></span> <span class='ocrx_word' id='word_1_387' title='bbox 3562 1549 3698 1605; x_wconf 61' lang='lat' dir='ltr'><strong>Adae</strong></span> <span class='ocrx_word' id='word_1_388' title='bbox 3725 1567 3846 1605; x_wconf 88' lang='lat' dir='ltr'><strong>non</strong></span> 
     </span>
    </p>
   </div>
   <div class='ocr_carea' id='block_1_47' title="bbox 2181 1629 2884 1700">
    <p class='ocr_par' dir='ltr' id='par_1_47' title="bbox 2181 1629 2884 1700">
     <span class='ocr_line' id='line_1_47' title="bbox 2181 1629 2884 1700; baseline 0.006 -17"><span class='ocrx_word' id='word_1_389' title='bbox 2181 1629 2466 1700; x_wconf 75' lang='lat' dir='ltr'><strong>generati,</strong></span> <span class='ocrx_word' id='word_1_390' title='bbox 2499 1631 2599 1686; x_wconf 88' lang='lat' dir='ltr'><strong>sed</strong></span> <span class='ocrx_word' id='word_1_391' title='bbox 2629 1631 2884 1687; x_wconf 83' lang='lat' dir='ltr'><strong>formati.</strong></span> 
     </span>
    </p>
   </div>
   <div class='ocr_carea' id='block_1_48' title="bbox 2252 1712 3846 1797">
    <p class='ocr_par' dir='ltr' id='par_1_48' title="bbox 2252 1712 3846 1797">
     <span class='ocr_line' id='line_1_48' title="bbox 2252 1712 3846 1797; baseline 0.006 -26"><span class='ocrx_word' id='word_1_392' title='bbox 2252 1717 2482 1772; x_wconf 83' lang='lat' dir='ltr'>XXXV.</span> <span class='ocrx_word' id='word_1_393' title='bbox 2516 1719 2679 1784; x_wconf 87' lang='lat' dir='ltr'><strong>Quod</strong></span> <span class='ocrx_word' id='word_1_394' title='bbox 2711 1712 2770 1773; x_wconf 89' lang='lat' dir='ltr'><strong>in</strong></span> <span class='ocrx_word' id='word_1_395' title='bbox 2794 1718 3160 1793; x_wconf 87' lang='lat' dir='ltr'><strong>ineorporeis</strong></span> <span class='ocrx_word' id='word_1_396' title='bbox 3185 1726 3274 1778; x_wconf 81' lang='lat' dir='ltr'><strong>est</strong></span> <span class='ocrx_word' id='word_1_397' title='bbox 3294 1739 3479 1780; x_wconf 89' lang='lat' dir='ltr'><strong>unum</strong></span> <span class='ocrx_word' id='word_1_398' title='bbox 3503 1725 3846 1797; x_wconf 80' lang='lat' dir='ltr'><strong>operatione</strong></span> 
     </span>
    </p>
   </div>
   <div class='ocr_carea' id='block_1_49' title="bbox 2181 1805 3842 1877">
    <p class='ocr_par' dir='ltr' id='par_1_49' title="bbox 2181 1805 3842 1877">
     <span class='ocr_line' id='line_1_49' title="bbox 2181 1805 3842 1877; baseline 0.007 -17"><span class='ocrx_word' id='word_1_399' title='bbox 2181 1812 2240 1860; x_wconf 90' lang='lat' dir='ltr'><strong>et</strong></span> <span class='ocrx_word' id='word_1_400' title='bbox 2268 1805 2582 1877; x_wconf 90' lang='lat' dir='ltr'><strong>voluntate,</strong></span> <span class='ocrx_word' id='word_1_401' title='bbox 2597 1807 2812 1863; x_wconf 90' lang='lat' dir='ltr'><strong>dicitur</strong></span> <span class='ocrx_word' id='word_1_402' title='bbox 2833 1809 3172 1868; x_wconf 87' lang='lat' dir='ltr'><strong>substantia</strong></span> <span class='ocrx_word' id='word_1_403' title='bbox 3193 1829 3398 1868; x_wconf 88' lang='lat' dir='ltr'><strong>unum.</strong></span> <span class='ocrx_word' id='word_1_404' title='bbox 3422 1813 3692 1871; x_wconf 82' lang='lat' dir='ltr'><strong>Salvator</strong></span> <span class='ocrx_word' id='word_1_405' title='bbox 3706 1831 3842 1871; x_wconf 90' lang='lat' dir='ltr'><strong>cum</strong></span> 
     </span>
    </p>
   </div>
   <div class='ocr_carea' id='block_1_50' title="bbox 2178 1894 3842 1975">
    <p class='ocr_par' dir='ltr' id='par_1_50' title="bbox 2178 1894 3842 1975">
     <span class='ocr_line' id='line_1_50' title="bbox 2178 1894 3842 1975; baseline 0.007 -26"><span class='ocrx_word' id='word_1_406' title='bbox 2178 1894 2324 1950; x_wconf 82' lang='lat' dir='ltr'><strong>dixit</strong></span> <span class='ocrx_word' id='word_1_407' title='bbox 2347 1912 2360 1951; x_wconf 90' lang='lat'>:</span> <span class='ocrx_word' id='word_1_408' title='bbox 2393 1900 2503 1967; x_wconf 82' lang='lat' dir='ltr'><strong>Ego</strong></span> <span class='ocrx_word' id='word_1_409' title='bbox 2523 1903 2578 1952; x_wconf 78' lang='lat' dir='ltr'><strong>et</strong></span> <span class='ocrx_word' id='word_1_410' title='bbox 2599 1897 2768 1953; x_wconf 84' lang='lat' dir='ltr'><strong>Pater</strong></span> <span class='ocrx_word' id='word_1_411' title='bbox 2785 1914 2958 1954; x_wconf 88' lang='lat' dir='ltr'><strong>unum</strong></span> <span class='ocrx_word' id='word_1_412' title='bbox 2985 1916 3181 1955; x_wconf 84' lang='lat' dir='ltr'><strong>sumus</strong></span> <span class='ocrx_word' id='word_1_413' title='bbox 3203 1901 3409 1968; x_wconf 74' lang='lat' dir='ltr'><strong>7&quot;,uno</strong></span> <span class='ocrx_word' id='word_1_414' title='bbox 3432 1903 3711 1975; x_wconf 85' lang='lat' dir='ltr'><strong>quopiam</strong></span> <span class='ocrx_word' id='word_1_415' title='bbox 3741 1920 3842 1960; x_wconf 85' lang='lat' dir='ltr'><strong>eo-</strong></span> 
     </span>
    </p>
   </div>
   <div class='ocr_carea' id='block_1_51' title="bbox 2181 1986 3836 2065">
    <p class='ocr_par' dir='ltr' id='par_1_51' title="bbox 2181 1986 3836 2065">
     <span class='ocr_line' id='line_1_51' title="bbox 2181 1986 3836 2065; baseline 0.007 -27"><span class='ocrx_word' id='word_1_416' title='bbox 2181 2001 2334 2055; x_wconf 88' lang='lat' dir='ltr'><strong>rum,</strong></span> <span class='ocrx_word' id='word_1_417' title='bbox 2369 2001 2498 2058; x_wconf 66' lang='lat' dir='ltr'><strong>quas</strong></span> <span class='ocrx_word' id='word_1_418' title='bbox 2531 1989 2668 2042; x_wconf 90' lang='lat' dir='ltr'><strong>ante</strong></span> <span class='ocrx_word' id='word_1_419' title='bbox 2703 1986 2922 2059; x_wconf 86' lang='lat' dir='ltr'><strong>scripta</strong></span> <span class='ocrx_word' id='word_1_420' title='bbox 2953 1993 3114 2060; x_wconf 87' lang='lat' dir='ltr'><strong>sunt,</strong></span> <span class='ocrx_word' id='word_1_421' title='bbox 3141 1990 3308 2046; x_wconf 85' lang='lat' dir='ltr'><strong>dixit.</strong></span> <span class='ocrx_word' id='word_1_422' title='bbox 3341 1991 3529 2064; x_wconf 85' lang='lat' dir='ltr'><strong>Igitur</strong></span> <span class='ocrx_word' id='word_1_423' title='bbox 3556 1993 3607 2048; x_wconf 90' lang='lat' dir='ltr'><strong>si</strong></span> <span class='ocrx_word' id='word_1_424' title='bbox 3629 2009 3836 2065; x_wconf 86' lang='lat' dir='ltr'><strong>opera-</strong></span> 
     </span>
    </p>
   </div>
   <div class='ocr_carea' id='block_1_52' title="bbox 2178 2074 3836 2150">
    <p class='ocr_par' dir='ltr' id='par_1_52' title="bbox 2178 2074 3836 2150">
     <span class='ocr_line' id='line_1_52' title="bbox 2178 2074 3836 2150; baseline 0.006 -22"><span class='ocrx_word' id='word_1_425' title='bbox 2178 2074 2335 2130; x_wconf 88' lang='lat' dir='ltr'><strong>tione</strong></span> <span class='ocrx_word' id='word_1_426' title='bbox 2367 2091 2551 2130; x_wconf 91' lang='lat' dir='ltr'><strong>unum</strong></span> <span class='ocrx_word' id='word_1_427' title='bbox 2585 2076 2811 2148; x_wconf 89' lang='lat' dir='ltr'><strong>dicunt,</strong></span> <span class='ocrx_word' id='word_1_428' title='bbox 2858 2093 3097 2134; x_wconf 88' lang='lat' dir='ltr'><strong>necesse</strong></span> <span class='ocrx_word' id='word_1_429' title='bbox 3125 2083 3238 2150; x_wconf 88' lang='lat' dir='ltr'><strong>est,</strong></span> <span class='ocrx_word' id='word_1_430' title='bbox 3270 2079 3606 2137; x_wconf 88' lang='lat' dir='ltr'><strong>substantia</strong></span> <span class='ocrx_word' id='word_1_431' title='bbox 3655 2099 3836 2139; x_wconf 89' lang='lat' dir='ltr'><strong>unum</strong></span> 
     </span>
    </p>
   </div>
   <div class='ocr_carea' id='block_1_53' title="bbox 2179 2164 3836 2238">
    <p class='ocr_par' dir='ltr' id='par_1_53' title="bbox 2179 2164 3836 2238">
     <span class='ocr_line' id='line_1_53' title="bbox 2179 2164 3836 2238; baseline 0.005 -20"><span class='ocrx_word' id='word_1_432' title='bbox 2179 2164 2377 2219; x_wconf 90' lang='lat' dir='ltr'><strong>dicant</strong></span> <span class='ocrx_word' id='word_1_433' title='bbox 2399 2182 2412 2232; x_wconf 91' lang='lat'><strong>;</strong></span> <span class='ocrx_word' id='word_1_434' title='bbox 2445 2181 2648 2220; x_wconf 90' lang='lat' dir='ltr'><strong>eorum</strong></span> <span class='ocrx_word' id='word_1_435' title='bbox 2673 2166 2855 2235; x_wconf 90' lang='lat' dir='ltr'><strong>enim,</strong></span> <span class='ocrx_word' id='word_1_436' title='bbox 2879 2183 3010 2238; x_wconf 72' lang='lat' dir='ltr'><strong>quae</strong></span> <span class='ocrx_word' id='word_1_437' title='bbox 3041 2173 3181 2223; x_wconf 88' lang='lat' dir='ltr'><strong>sunt</strong></span> <span class='ocrx_word' id='word_1_438' title='bbox 3207 2169 3448 2225; x_wconf 63' lang='lat' dir='ltr'><strong>diversae</strong></span> <span class='ocrx_word' id='word_1_439' title='bbox 3471 2171 3836 2238; x_wconf 57' lang='lat' dir='ltr'><strong>substantia,</strong></span> 
     </span>
    </p>
   </div>
   <div class='ocr_carea' id='block_1_54' title="bbox 2179 2253 3840 2325">
    <p class='ocr_par' dir='ltr' id='par_1_54' title="bbox 2179 2253 3840 2325">
     <span class='ocr_line' id='line_1_54' title="bbox 2179 2253 3840 2325; baseline 0.005 -18"><span class='ocrx_word' id='word_1_440' title='bbox 2179 2269 2481 2324; x_wconf 90' lang='lat' dir='ltr'><strong>nunquam</strong></span> <span class='ocrx_word' id='word_1_441' title='bbox 2506 2253 2617 2309; x_wconf 88' lang='lat' dir='ltr'><strong>erit</strong></span> <span class='ocrx_word' id='word_1_442' title='bbox 2639 2255 2899 2325; x_wconf 85' lang='lat' dir='ltr'><strong>operatio</strong></span> <span class='ocrx_word' id='word_1_443' title='bbox 2923 2255 3138 2312; x_wconf 89' lang='lat' dir='ltr'><strong>similis</strong></span> <span class='ocrx_word' id='word_1_444' title='bbox 3165 2272 3178 2311; x_wconf 89' lang='lat'>:</span> <span class='ocrx_word' id='word_1_445' title='bbox 3203 2257 3296 2313; x_wconf 88' lang='lat' dir='ltr'><strong>sin</strong></span> <span class='ocrx_word' id='word_1_446' title='bbox 3316 2264 3512 2315; x_wconf 87' lang='lat' dir='ltr'><strong>autem</strong></span> <span class='ocrx_word' id='word_1_447' title='bbox 3532 2259 3840 2316; x_wconf 90' lang='lat' dir='ltr'><strong>voluntate</strong></span> 
     </span>
    </p>
   </div>
   <div class='ocr_carea' id='block_1_55' title="bbox 2180 2341 3841 2418">
    <p class='ocr_par' dir='ltr' id='par_1_55' title="bbox 2180 2341 3841 2418">
     <span class='ocr_line' id='line_1_55' title="bbox 2180 2341 3841 2418; baseline 0.005 -22"><span class='ocrx_word' id='word_1_448' title='bbox 2180 2359 2390 2409; x_wconf 91' lang='lat' dir='ltr'><strong>unum,</strong></span> <span class='ocrx_word' id='word_1_449' title='bbox 2425 2359 2536 2397; x_wconf 91' lang='lat' dir='ltr'><strong>non</strong></span> <span class='ocrx_word' id='word_1_450' title='bbox 2568 2341 2762 2398; x_wconf 90' lang='lat' dir='ltr'><strong>solum</strong></span> <span class='ocrx_word' id='word_1_451' title='bbox 2811 2361 3181 2418; x_wconf 66' lang='lat' dir='ltr'><strong>quaecunque</strong></span> <span class='ocrx_word' id='word_1_452' title='bbox 3211 2347 3378 2404; x_wconf 85' lang='lat' dir='ltr'><strong>Pater</strong></span> <span class='ocrx_word' id='word_1_453' title='bbox 3416 2347 3565 2416; x_wconf 90' lang='lat' dir='ltr'><strong>vult,</strong></span> <span class='ocrx_word' id='word_1_454' title='bbox 3600 2365 3841 2405; x_wconf 83' lang='lat' dir='ltr'><strong>necesse</strong></span> 
     </span>
    </p>
   </div>
   <div class='ocr_carea' id='block_1_56' title="bbox 2178 2431 3840 2510">
    <p class='ocr_par' dir='ltr' id='par_1_56' title="bbox 2178 2431 3840 2510">
     <span class='ocr_line' id='line_1_56' title="bbox 2178 2431 3840 2510; baseline 0.003 -23"><span class='ocrx_word' id='word_1_455' title='bbox 2178 2435 2268 2487; x_wconf 90' lang='lat' dir='ltr'><strong>est</strong></span> <span class='ocrx_word' id='word_1_456' title='bbox 2297 2435 2353 2486; x_wconf 88' lang='lat' dir='ltr'><strong>et</strong></span> <span class='ocrx_word' id='word_1_457' title='bbox 2386 2431 2604 2488; x_wconf 90' lang='lat' dir='ltr'><strong>Filium</strong></span> <span class='ocrx_word' id='word_1_458' title='bbox 2653 2431 2839 2502; x_wconf 87' lang='lat' dir='ltr'><strong>velle;</strong></span> <span class='ocrx_word' id='word_1_459' title='bbox 2889 2436 2989 2490; x_wconf 78' lang='lat' dir='ltr'><strong>sed</strong></span> <span class='ocrx_word' id='word_1_460' title='bbox 3032 2436 3208 2492; x_wconf 88' lang='lat' dir='ltr'><strong>etiam</strong></span> <span class='ocrx_word' id='word_1_461' title='bbox 3257 2453 3624 2510; x_wconf 68' lang='lat' dir='ltr'><strong>quaecunque</strong></span> <span class='ocrx_word' id='word_1_462' title='bbox 3654 2437 3840 2493; x_wconf 86' lang='lat' dir='ltr'><strong>Filius</strong></span> 
     </span>
    </p>
   </div>
   <div class='ocr_carea' id='block_1_57' title="bbox 2177 2521 3838 2600">
    <p class='ocr_par' dir='ltr' id='par_1_57' title="bbox 2177 2521 3838 2600">
     <span class='ocr_line' id='line_1_57' title="bbox 2177 2521 3838 2600; baseline 0.004 -25"><span class='ocrx_word' id='word_1_463' title='bbox 2177 2521 2320 2592; x_wconf 83' lang='lat' dir='ltr'><strong>vult,</strong></span> <span class='ocrx_word' id='word_1_464' title='bbox 2355 2536 2592 2577; x_wconf 89' lang='lat' dir='ltr'><strong>necesse</strong></span> <span class='ocrx_word' id='word_1_465' title='bbox 2624 2526 2712 2578; x_wconf 90' lang='lat' dir='ltr'><strong>est</strong></span> <span class='ocrx_word' id='word_1_466' title='bbox 2742 2527 2801 2578; x_wconf 89' lang='lat' dir='ltr'><strong>et</strong></span> <span class='ocrx_word' id='word_1_467' title='bbox 2829 2524 3058 2580; x_wconf 79' lang='lat' dir='ltr'><strong>Patrem</strong></span> <span class='ocrx_word' id='word_1_468' title='bbox 3085 2525 3252 2582; x_wconf 89' lang='lat' dir='ltr'><strong>velle.</strong></span> <span class='ocrx_word' id='word_1_469' title='bbox 3289 2525 3531 2583; x_wconf 86' lang='lat' dir='ltr'><strong>Jubebit</strong></span> <span class='ocrx_word' id='word_1_470' title='bbox 3577 2543 3714 2600; x_wconf 88' lang='lat' dir='ltr'><strong>ergo</strong></span> <span class='ocrx_word' id='word_1_471' title='bbox 3745 2528 3838 2582; x_wconf 83' lang='lat' dir='ltr'><strong>Fi-</strong></span> 
     </span>
    </p>
   </div>
   <div class='ocr_carea' id='block_1_58' title="bbox 2177 2609 3839 2687">
    <p class='ocr_par' dir='ltr' id='par_1_58' title="bbox 2177 2609 3839 2687">
     <span class='ocr_line' id='line_1_58' title="bbox 2177 2609 3839 2687; baseline 0.002 -21"><span class='ocrx_word' id='word_1_472' title='bbox 2177 2609 2293 2666; x_wconf 90' lang='lat' dir='ltr'><strong>lius</strong></span> <span class='ocrx_word' id='word_1_473' title='bbox 2322 2609 2502 2678; x_wconf 86' lang='lat' dir='ltr'><strong>Patri,</strong></span> <span class='ocrx_word' id='word_1_474' title='bbox 2525 2611 2596 2666; x_wconf 92' lang='lat' dir='ltr'><strong>de</strong></span> <span class='ocrx_word' id='word_1_475' title='bbox 2616 2611 2835 2682; x_wconf 90' lang='lat' dir='ltr'><strong>quibus</strong></span> <span class='ocrx_word' id='word_1_476' title='bbox 2856 2612 3002 2679; x_wconf 91' lang='lat' dir='ltr'><strong>vult,</strong></span> <span class='ocrx_word' id='word_1_477' title='bbox 3024 2618 3082 2670; x_wconf 88' lang='lat' dir='ltr'><strong>et</strong></span> <span class='ocrx_word' id='word_1_478' title='bbox 3107 2616 3179 2670; x_wconf 91' lang='lat' dir='ltr'><strong>de</strong></span> <span class='ocrx_word' id='word_1_479' title='bbox 3211 2615 3718 2687; x_wconf 88' lang='lat' dir='ltr'><strong>quibusjubetur;</strong></span> <span class='ocrx_word' id='word_1_480' title='bbox 3745 2615 3839 2671; x_wconf 87' lang='lat' dir='ltr'><strong>sin</strong></span> 
     </span>
    </p>
   </div>
   <div class='ocr_carea' id='block_1_59' title="bbox 2179 2699 3840 2771">
    <p class='ocr_par' dir='ltr' id='par_1_59' title="bbox 2179 2699 3840 2771">
     <span class='ocr_line' id='line_1_59' title="bbox 2179 2699 3840 2771; baseline 0.002 -16"><span class='ocrx_word' id='word_1_481' title='bbox 2179 2705 2375 2755; x_wconf 89' lang='lat' dir='ltr'><strong>autem</strong></span> <span class='ocrx_word' id='word_1_482' title='bbox 2407 2699 2596 2756; x_wconf 91' lang='lat' dir='ltr'><strong>solum</strong></span> <span class='ocrx_word' id='word_1_483' title='bbox 2614 2699 2885 2771; x_wconf 86' lang='lat' dir='ltr'><strong>jubetur,</strong></span> <span class='ocrx_word' id='word_1_484' title='bbox 2907 2707 3167 2770; x_wconf 88' lang='lat' dir='ltr'><strong>coactus,</strong></span> <span class='ocrx_word' id='word_1_485' title='bbox 3190 2707 3248 2760; x_wconf 89' lang='lat' dir='ltr'><strong>et</strong></span> <span class='ocrx_word' id='word_1_486' title='bbox 3279 2720 3390 2760; x_wconf 92' lang='lat' dir='ltr'><strong>non</strong></span> <span class='ocrx_word' id='word_1_487' title='bbox 3421 2702 3628 2759; x_wconf 88' lang='lat' dir='ltr'><strong>volens</strong></span> <span class='ocrx_word' id='word_1_488' title='bbox 3650 2703 3840 2759; x_wconf 90' lang='lat' dir='ltr'><strong>mini—</strong></span> 
     </span>
    </p>
   </div>
   <div class='ocr_carea' id='block_1_60' title="bbox 2179 2788 3840 2862">
    <p class='ocr_par' dir='ltr' id='par_1_60' title="bbox 2179 2788 3840 2862">
     <span class='ocr_line' id='line_1_60' title="bbox 2179 2788 3840 2862; baseline 0.001 -18"><span class='ocrx_word' id='word_1_489' title='bbox 2179 2792 2343 2844; x_wconf 89' lang='lat' dir='ltr'><strong>strat.</strong></span> <span class='ocrx_word' id='word_1_490' title='bbox 2376 2789 2430 2842; x_wconf 94' lang='lat' dir='ltr'><strong>Si</strong></span> <span class='ocrx_word' id='word_1_491' title='bbox 2463 2805 2599 2845; x_wconf 92' lang='lat' dir='ltr'><strong>vero</strong></span> <span class='ocrx_word' id='word_1_492' title='bbox 2630 2805 2818 2862; x_wconf 90' lang='lat' dir='ltr'><strong>neque</strong></span> <span class='ocrx_word' id='word_1_493' title='bbox 2846 2788 3163 2857; x_wconf 84' lang='lat' dir='ltr'><strong>voluntate,</strong></span> <span class='ocrx_word' id='word_1_494' title='bbox 3189 2807 3294 2846; x_wconf 89' lang='lat' dir='ltr'><strong>nec</strong></span> <span class='ocrx_word' id='word_1_495' title='bbox 3323 2792 3659 2862; x_wconf 86' lang='lat' dir='ltr'><strong>operatione</strong></span> <span class='ocrx_word' id='word_1_496' title='bbox 3689 2796 3840 2846; x_wconf 85' lang='lat' dir='ltr'><strong>sunt</strong></span> 
     </span>
    </p>
   </div>
   <div class='ocr_carea' id='block_1_61' title="bbox 2179 2878 3826 2950">
    <p class='ocr_par' dir='ltr' id='par_1_61' title="bbox 2179 2878 3826 2950">
     <span class='ocr_line' id='line_1_61' title="bbox 2179 2878 3826 2950; baseline 0 -17"><span class='ocrx_word' id='word_1_497' title='bbox 2179 2895 2387 2947; x_wconf 89' lang='lat' dir='ltr'><strong>unum,</strong></span> <span class='ocrx_word' id='word_1_498' title='bbox 2420 2880 2691 2950; x_wconf 89' lang='lat' dir='ltr'><strong>sequitur</strong></span> <span class='ocrx_word' id='word_1_499' title='bbox 2711 2879 2970 2950; x_wconf 88' lang='lat' dir='ltr'><strong>ipsorum</strong></span> <span class='ocrx_word' id='word_1_500' title='bbox 2994 2879 3287 2949; x_wconf 91' lang='lat' dir='ltr'><strong>opinione,</strong></span> <span class='ocrx_word' id='word_1_501' title='bbox 3312 2894 3439 2934; x_wconf 86' lang='lat' dir='ltr'><strong>esse</strong></span> <span class='ocrx_word' id='word_1_502' title='bbox 3469 2895 3654 2934; x_wconf 91' lang='lat' dir='ltr'><strong>unum</strong></span> <span class='ocrx_word' id='word_1_503' title='bbox 3679 2878 3826 2933; x_wconf 85' lang='lat' dir='ltr'><strong>sub-</strong></span> 
     </span>
    </p>
   </div>
   <div class='ocr_carea' id='block_1_62' title="bbox 2178 2965 3831 3038">
    <p class='ocr_par' dir='ltr' id='par_1_62' title="bbox 2178 2965 3831 3038">
     <span class='ocr_line' id='line_1_62' title="bbox 2178 2965 3831 3038; baseline -0.001 -16"><span class='ocrx_word' id='word_1_504' title='bbox 2178 2967 2419 3034; x_wconf 86' lang='lat' dir='ltr'><strong>stantia,</strong></span> <span class='ocrx_word' id='word_1_505' title='bbox 2451 2967 2508 3022; x_wconf 90' lang='lat' dir='ltr'><strong>id</strong></span> <span class='ocrx_word' id='word_1_506' title='bbox 2541 2971 2652 3035; x_wconf 89' lang='lat' dir='ltr'><strong>est,</strong></span> <span class='ocrx_word' id='word_1_507' title='bbox 2683 2965 2974 3036; x_wconf 82' lang='grc' dir='ltr'><strong>ὁμουὺσιον</strong></span> <span class='ocrx_word' id='word_1_508' title='bbox 3006 2970 3264 3036; x_wconf 88' lang='lat' dir='ltr'><strong>Patrem,</strong></span> <span class='ocrx_word' id='word_1_509' title='bbox 3292 2970 3349 3024; x_wconf 89' lang='lat' dir='ltr'><strong>et</strong></span> <span class='ocrx_word' id='word_1_510' title='bbox 3389 2966 3625 3037; x_wconf 89' lang='lat' dir='ltr'><strong>Filium,</strong></span> <span class='ocrx_word' id='word_1_511' title='bbox 3660 2967 3831 3038; x_wconf 86' lang='lat' dir='ltr'><strong>quod</strong></span> 
     </span>
    </p>
   </div>
   <div class='ocr_carea' id='block_1_63' title="bbox 2179 3054 3130 3129">
    <p class='ocr_par' dir='ltr' id='par_1_63' title="bbox 2179 3054 3130 3129">
     <span class='ocr_line' id='line_1_63' title="bbox 2179 3054 3130 3129; baseline 0.002 -18"><span class='ocrx_word' id='word_1_512' title='bbox 2179 3056 2293 3129; x_wconf 90' lang='lat' dir='ltr'><strong>ipsi</strong></span> <span class='ocrx_word' id='word_1_513' title='bbox 2327 3056 2550 3124; x_wconf 89' lang='lat' dir='ltr'><strong>dicunt,</strong></span> <span class='ocrx_word' id='word_1_514' title='bbox 2585 3054 2946 3129; x_wconf 87' lang='lat' dir='ltr'><strong>impossibile</strong></span> <span class='ocrx_word' id='word_1_515' title='bbox 2975 3072 3130 3114; x_wconf 87' lang='lat' dir='ltr'><strong>esse.</strong></span> 
     </span>
    </p>
   </div>
   <div class='ocr_carea' id='block_1_64' title="bbox 1455 3407 2774 3490">
    <p class='ocr_par' dir='ltr' id='par_1_64' title="bbox 1455 3407 2774 3490">
     <span class='ocr_line' id='line_1_64' title="bbox 1455 3407 2774 3490; baseline -0.006 -16"><span class='ocrx_word' id='word_1_516' title='bbox 1455 3409 1752 3490; x_wconf 87' lang='lat' dir='ltr'><strong>Ejusdem</strong></span> <span class='ocrx_word' id='word_1_517' title='bbox 1785 3411 1850 3472; x_wconf 93' lang='lat' dir='ltr'><strong>S.</strong></span> <span class='ocrx_word' id='word_1_518' title='bbox 1885 3408 2098 3471; x_wconf 87' lang='lat' dir='ltr'><strong>Basilii</strong></span> <span class='ocrx_word' id='word_1_519' title='bbox 2127 3415 2346 3470; x_wconf 86' lang='lat' dir='ltr'><strong>contra</strong></span> <span class='ocrx_word' id='word_1_520' title='bbox 2374 3407 2774 3480; x_wconf 82' lang='lat' dir='ltr'><strong>Eunomium,</strong></span> 
     </span>
    </p>
   </div>
   <div class='ocr_carea' id='block_1_65' title="bbox 918 3526 3326 3608">
    <p class='ocr_par' dir='ltr' id='par_1_65' title="bbox 918 3526 3326 3608">
     <span class='ocr_line' id='line_1_65' title="bbox 918 3526 3326 3608; baseline -0.004 -16"><span class='ocrx_word' id='word_1_521' title='bbox 918 3535 1075 3608; x_wconf 83' lang='lat' dir='ltr'><strong>Quod</strong></span> <span class='ocrx_word' id='word_1_522' title='bbox 1104 3537 1419 3608; x_wconf 74' lang='lat' dir='ltr'><strong>ingenitum</strong></span> <span class='ocrx_word' id='word_1_523' title='bbox 1445 3553 1558 3590; x_wconf 85' lang='lat' dir='ltr'><strong>non</strong></span> <span class='ocrx_word' id='word_1_524' title='bbox 1592 3535 1988 3601; x_wconf 76' lang='lat' dir='ltr'><strong>substantiam,</strong></span> <span class='ocrx_word' id='word_1_525' title='bbox 2018 3532 2113 3590; x_wconf 80' lang='lat' dir='ltr'><strong>sed</strong></span> <span class='ocrx_word' id='word_1_526' title='bbox 2142 3528 2388 3608; x_wconf 77' lang='grc' dir='ltr'><strong>ὕπαρξιν,</strong></span> <span class='ocrx_word' id='word_1_527' title='bbox 2422 3532 2480 3590; x_wconf 84' lang='lat' dir='ltr'><strong>id</strong></span> <span class='ocrx_word' id='word_1_528' title='bbox 2510 3537 2589 3590; x_wconf 82' lang='lat' dir='ltr'><strong>est</strong></span> <span class='ocrx_word' id='word_1_529' title='bbox 2614 3529 3024 3600; x_wconf 66' lang='lat' dir='ltr'><strong>assistentium,</strong></span> <span class='ocrx_word' id='word_1_530' title='bbox 3055 3526 3326 3585; x_wconf 76' lang='lat' dir='ltr'><strong>declarat.</strong></span> 
     </span>
    </p>
   </div>
   <div class='ocr_carea' id='block_1_66' title="bbox 482 3789 3114 3872">
    <p class='ocr_par' dir='ltr' id='par_1_66' title="bbox 482 3789 3114 3872">
     <span class='ocr_line' id='line_1_66' title="bbox 482 3789 3114 3872; baseline -0.005 -15"><span class='ocrx_word' id='word_1_531' title='bbox 482 3800 524 3857; x_wconf 93' lang='lat' dir='ltr'><strong>I.</strong></span> <span class='ocrx_word' id='word_1_532' title='bbox 558 3799 617 3856; x_wconf 91' lang='lat' dir='ltr'><strong>Si</strong></span> <span class='ocrx_word' id='word_1_533' title='bbox 671 3797 1000 3872; x_wconf 89' lang='lat' dir='ltr'><strong>ingenitum</strong></span> <span class='ocrx_word' id='word_1_534' title='bbox 1035 3801 1126 3854; x_wconf 84' lang='lat' dir='ltr'><strong>est</strong></span> <span class='ocrx_word' id='word_1_535' title='bbox 1172 3798 1533 3865; x_wconf 84' lang='lat' dir='ltr'><strong>substantia,</strong></span> <span class='ocrx_word' id='word_1_536' title='bbox 1573 3801 1632 3854; x_wconf 91' lang='lat' dir='ltr'><strong>et</strong></span> <span class='ocrx_word' id='word_1_537' title='bbox 1678 3796 1940 3869; x_wconf 89' lang='lat' dir='ltr'><strong>genitum</strong></span> <span class='ocrx_word' id='word_1_538' title='bbox 1984 3801 2070 3852; x_wconf 90' lang='lat' dir='ltr'><strong>est</strong></span> <span class='ocrx_word' id='word_1_539' title='bbox 2101 3800 2145 3867; x_wconf 72' lang='grc' dir='ltr'><strong>ί]</strong></span> <span class='ocrx_word' id='word_1_540' title='bbox 2185 3795 2360 3851; x_wconf 92' lang='lat' dir='ltr'><strong>modo</strong></span> <span class='ocrx_word' id='word_1_541' title='bbox 2393 3811 2508 3850; x_wconf 92' lang='lat' dir='ltr'><strong>non</strong></span> <span class='ocrx_word' id='word_1_542' title='bbox 2537 3797 2626 3849; x_wconf 88' lang='lat' dir='ltr'><strong>est</strong></span> <span class='ocrx_word' id='word_1_543' title='bbox 2656 3789 3114 3863; x_wconf 87' lang='lat' dir='ltr'><strong>blasphemum?</strong></span> 
     </span>
    </p>
   </div>
   <div class='ocr_carea' id='block_1_67' title="bbox 408 3885 2071 3958">
    <p class='ocr_par' dir='ltr' id='par_1_67' title="bbox 408 3885 2071 3958">
     <span class='ocr_line' id='line_1_67' title="bbox 408 3885 2071 3958; baseline -0.002 -14"><span class='ocrx_word' id='word_1_544' title='bbox 408 3889 764 3957; x_wconf 86' lang='lat' dir='ltr'><strong>substantia,</strong></span> <span class='ocrx_word' id='word_1_545' title='bbox 790 3891 848 3942; x_wconf 90' lang='lat' dir='ltr'><strong>et</strong></span> <span class='ocrx_word' id='word_1_546' title='bbox 876 3885 1099 3943; x_wconf 92' lang='lat' dir='ltr'><strong>idcirco</strong></span> <span class='ocrx_word' id='word_1_547' title='bbox 1122 3904 1235 3943; x_wconf 92' lang='lat' dir='ltr'><strong>non</strong></span> <span class='ocrx_word' id='word_1_548' title='bbox 1262 3891 1402 3943; x_wconf 86' lang='lat' dir='ltr'><strong>sunt</strong></span> <span class='ocrx_word' id='word_1_549' title='bbox 1430 3887 1694 3958; x_wconf 88' lang='lat' dir='ltr'><strong>ejusdem</strong></span> <span class='ocrx_word' id='word_1_550' title='bbox 1729 3885 2071 3942; x_wconf 64' lang='lat' dir='ltr'><strong>substantiae</strong></span> 
     </span>
    </p>
   </div>
   <div class='ocr_carea' id='block_1_68' title="bbox 2254 3871 3846 3956">
    <p class='ocr_par' dir='ltr' id='par_1_68' title="bbox 2254 3871 3846 3956">
     <span class='ocr_line' id='line_1_68' title="bbox 2254 3871 3846 3956; baseline -0.008 -16"><span class='ocrx_word' id='word_1_551' title='bbox 2254 3887 2326 3941; x_wconf 93' lang='grc' dir='ltr'><strong>ΙΙ.</strong></span> <span class='ocrx_word' id='word_1_552' title='bbox 2359 3882 2417 3939; x_wconf 76' lang='grc' dir='ltr'>ΒΞ</span> <span class='ocrx_word' id='word_1_553' title='bbox 2449 3882 2780 3956; x_wconf 87' lang='lat' dir='ltr'><strong>ingenitum</strong></span> <span class='ocrx_word' id='word_1_554' title='bbox 2827 3877 2966 3954; x_wconf 84' lang='grc' dir='ltr'>πρὸς</span> <span class='ocrx_word' id='word_1_555' title='bbox 3013 3879 3104 3932; x_wconf 79' lang='grc' dir='ltr'><strong>τὸν</strong></span> <span class='ocrx_word' id='word_1_556' title='bbox 3153 3875 3413 3952; x_wconf 81' lang='grc' dir='ltr'>γεννητὸν</span> <span class='ocrx_word' id='word_1_557' title='bbox 3458 3873 3573 3928; x_wconf 77' lang='grc' dir='ltr'><strong>υἱὸν</strong></span> <span class='ocrx_word' id='word_1_558' title='bbox 3605 3871 3846 3929; x_wconf 77' lang='grc' dir='ltr'><strong>ἀντιδια-</strong></span> 
     </span>
    </p>
   </div>
   <div class='ocr_carea' id='block_1_69' title="bbox 408 3964 2068 4049">
    <p class='ocr_par' dir='ltr' id='par_1_69' title="bbox 408 3975 2068 4049">
     <span class='ocr_line' id='line_1_69' title="bbox 408 3975 2068 4049; baseline -0.001 -15"><span class='ocrx_word' id='word_1_559' title='bbox 408 3978 582 4034; x_wconf 86' lang='lat' dir='ltr'><strong>Pater</strong></span> <span class='ocrx_word' id='word_1_560' title='bbox 609 3983 667 4034; x_wconf 90' lang='lat' dir='ltr'><strong>et</strong></span> <span class='ocrx_word' id='word_1_561' title='bbox 697 3977 902 4044; x_wconf 88' lang='lat' dir='ltr'><strong>Filius,</strong></span> <span class='ocrx_word' id='word_1_562' title='bbox 952 3993 1194 4032; x_wconf 89' lang='lat' dir='ltr'><strong>necesse</strong></span> <span class='ocrx_word' id='word_1_563' title='bbox 1243 3981 1334 4033; x_wconf 90' lang='lat' dir='ltr'><strong>est</strong></span> <span class='ocrx_word' id='word_1_564' title='bbox 1364 3977 1598 4048; x_wconf 90' lang='lat' dir='ltr'><strong>penitus</strong></span> <span class='ocrx_word' id='word_1_565' title='bbox 1649 3975 1848 4032; x_wconf 89' lang='lat' dir='ltr'><strong>omnia</strong></span> <span class='ocrx_word' id='word_1_566' title='bbox 1877 3977 2068 4049; x_wconf 88' lang='lat' dir='ltr'><strong>genita</strong></span> 
     </span>
    </p>
   </div>
   <div class='ocr_carea' id='block_1_70' title="bbox 2190 3964 3848 4049">
    <p class='ocr_par' dir='ltr' id='par_1_70' title="bbox 2190 3964 3848 4045">
     <span class='ocr_line' id='line_1_70' title="bbox 2190 3964 3848 4045; baseline -0.007 -17"><span class='ocrx_word' id='word_1_567' title='bbox 2190 3969 2553 4045; x_wconf 81' lang='grc' dir='ltr'><strong>στελλόμενον</strong></span> <span class='ocrx_word' id='word_1_568' title='bbox 2584 3977 2675 4028; x_wconf 88' lang='lat' dir='ltr'><strong>est</strong></span> <span class='ocrx_word' id='word_1_569' title='bbox 2716 3969 3076 4035; x_wconf 88' lang='lat' dir='ltr'><strong>substantia,</strong></span> <span class='ocrx_word' id='word_1_570' title='bbox 3110 3973 3167 4024; x_wconf 90' lang='lat' dir='ltr'><strong>et</strong></span> <span class='ocrx_word' id='word_1_571' title='bbox 3215 3968 3534 4023; x_wconf 88' lang='lat' dir='ltr'><strong>inoreatum</strong></span> <span class='ocrx_word' id='word_1_572' title='bbox 3573 3964 3710 4037; x_wconf 85' lang='grc' dir='ltr'><strong>πρὸς</strong></span> <span class='ocrx_word' id='word_1_573' title='bbox 3738 3964 3848 4033; x_wconf 78' lang='grc' dir='ltr'>τήν</span> 
     </span>
    </p>
   </div>
   <div class='ocr_carea' id='block_1_71' title="bbox 410 4063 2072 4138">
    <p class='ocr_par' dir='ltr' id='par_1_71' title="bbox 410 4063 2072 4138">
     <span class='ocr_line' id='line_1_71' title="bbox 410 4063 2072 4138; baseline -0.001 -16"><span class='ocrx_word' id='word_1_574' title='bbox 410 4067 589 4124; x_wconf 88' lang='lat' dir='ltr'><strong>unius</strong></span> <span class='ocrx_word' id='word_1_575' title='bbox 620 4066 980 4124; x_wconf 69' lang='lat' dir='ltr'><strong>substantiae</strong></span> <span class='ocrx_word' id='word_1_576' title='bbox 1015 4067 1324 4122; x_wconf 87' lang='lat' dir='ltr'><strong>esse.Sunt</strong></span> <span class='ocrx_word' id='word_1_577' title='bbox 1352 4066 1531 4137; x_wconf 86' lang='lat' dir='ltr'><strong>igitur</strong></span> <span class='ocrx_word' id='word_1_578' title='bbox 1557 4066 1755 4138; x_wconf 89' lang='lat' dir='ltr'><strong>genita</strong></span> <span class='ocrx_word' id='word_1_579' title='bbox 1785 4063 2072 4138; x_wconf 83' lang='grc' dir='ltr'><strong>ὁμοούσια,</strong></span> 
     </span>
    </p>
   </div>
   <div class='ocr_carea' id='block_1_72' title="bbox 409 4155 2076 4229">
    <p class='ocr_par' dir='ltr' id='par_1_72' title="bbox 409 4155 2076 4229">
     <span class='ocr_line' id='line_1_72' title="bbox 409 4155 2076 4229; baseline 0.001 -17"><span class='ocrx_word' id='word_1_580' title='bbox 409 4156 466 4213; x_wconf 91' lang='lat' dir='ltr'><strong>id</strong></span> <span class='ocrx_word' id='word_1_581' title='bbox 501 4161 610 4226; x_wconf 90' lang='lat' dir='ltr'><strong>est,</strong></span> <span class='ocrx_word' id='word_1_582' title='bbox 641 4157 910 4229; x_wconf 89' lang='lat' dir='ltr'><strong>ejusdem</strong></span> <span class='ocrx_word' id='word_1_583' title='bbox 943 4155 1292 4213; x_wconf 74' lang='lat' dir='ltr'><strong>substantiae</strong></span> <span class='ocrx_word' id='word_1_584' title='bbox 1323 4172 1449 4212; x_wconf 90' lang='lat' dir='ltr'><strong>cum</strong></span> <span class='ocrx_word' id='word_1_585' title='bbox 1480 4155 1626 4213; x_wconf 83' lang='lat' dir='ltr'><strong>Filio</strong></span> <span class='ocrx_word' id='word_1_586' title='bbox 1670 4156 1767 4213; x_wconf 88' lang='lat' dir='ltr'><strong>Dei</strong></span> <span class='ocrx_word' id='word_1_587' title='bbox 1793 4175 1807 4226; x_wconf 88' lang='lat'><strong>;</strong></span> <span class='ocrx_word' id='word_1_588' title='bbox 1837 4160 1897 4212; x_wconf 90' lang='lat' dir='ltr'><strong>et</strong></span> <span class='ocrx_word' id='word_1_589' title='bbox 1929 4173 2076 4229; x_wconf 88' lang='lat' dir='ltr'><strong>quo-</strong></span> 
     </span>
    </p>
   </div>
   <div class='ocr_carea' id='block_1_73' title="bbox 2183 4053 3854 4132">
    <p class='ocr_par' dir='ltr' id='par_1_73' title="bbox 2183 4053 3854 4132">
     <span class='ocr_line' id='line_1_73' title="bbox 2183 4053 3854 4132; baseline -0.006 -14"><span class='ocrx_word' id='word_1_590' title='bbox 2183 4063 2357 4118; x_wconf 84' lang='grc' dir='ltr'>κτίσιν</span> <span class='ocrx_word' id='word_1_591' title='bbox 2390 4053 2973 4132; x_wconf 77' lang='grc' dir='ltr'><strong>ἀντιδιαστελλόμενον</strong></span> <span class='ocrx_word' id='word_1_592' title='bbox 3020 4055 3356 4114; x_wconf 83' lang='lat' dir='ltr'><strong>substantia</strong></span> <span class='ocrx_word' id='word_1_593' title='bbox 3380 4059 3508 4126; x_wconf 89' lang='lat' dir='ltr'><strong>est;</strong></span> <span class='ocrx_word' id='word_1_594' title='bbox 3541 4060 3632 4112; x_wconf 89' lang='lat' dir='ltr'><strong>est</strong></span> <span class='ocrx_word' id='word_1_595' title='bbox 3661 4054 3854 4126; x_wconf 78' lang='lat' dir='ltr'><strong>igitur</strong></span> 
     </span>
    </p>
   </div>
   <div class='ocr_carea' id='block_1_74' title="bbox 2186 4148 3284 4227">
    <p class='ocr_par' dir='ltr' id='par_1_74' title="bbox 2186 4148 3284 4227">
     <span class='ocr_line' id='line_1_74' title="bbox 2186 4148 3284 4227; baseline -0.008 -16"><span class='ocrx_word' id='word_1_596' title='bbox 2186 4153 2519 4227; x_wconf 88' lang='lat' dir='ltr'><strong>ingenitum</strong></span> <span class='ocrx_word' id='word_1_597' title='bbox 2551 4149 2887 4208; x_wconf 88' lang='lat' dir='ltr'><strong>substantia</strong></span> <span class='ocrx_word' id='word_1_598' title='bbox 2917 4152 2976 4206; x_wconf 86' lang='lat' dir='ltr'><strong>et</strong></span> <span class='ocrx_word' id='word_1_599' title='bbox 3002 4148 3284 4204; x_wconf 88' lang='lat' dir='ltr'><strong>inereata.</strong></span> 
     </span>
    </p>
   </div>
   <div class='ocr_carea' id='block_1_75' title="bbox 1887 4281 2354 4340">
    <p class='ocr_par' dir='ltr' id='par_1_75' title="bbox 1887 4281 2354 4340">
     <span class='ocr_line' id='line_1_75' title="bbox 1887 4281 2354 4340; baseline -0.004 -2"><span class='ocrx_word' id='word_1_600' title='bbox 1887 4281 2100 4340; x_wconf 55' lang='lat' dir='ltr'><strong>Caetera</strong></span> <span class='ocrx_word' id='word_1_601' title='bbox 2131 4281 2354 4339; x_wconf 79' lang='lat' dir='ltr'><strong>desunt.</strong></span> 
     </span>
    </p>
   </div>
   <div class='ocr_carea' id='block_1_76' title="bbox 481 4383 1492 4456">
    <p class='ocr_par' dir='ltr' id='par_1_76' title="bbox 481 4383 1492 4456">
     <span class='ocr_line' id='line_1_76' title="bbox 481 4383 1492 4456; baseline -0.002 -16"><span class='ocrx_word' id='word_1_602' title='bbox 481 4385 526 4421; x_wconf 73' lang='grc'><strong>⁸⁸</strong></span> <span class='ocrx_word' id='word_1_603' title='bbox 555 4385 731 4441; x_wconf 84' lang='lat' dir='ltr'><strong>Exod.</strong></span> <span class='ocrx_word' id='word_1_604' title='bbox 763 4402 848 4454; x_wconf 86' lang='lat'><strong>111,</strong></span> <span class='ocrx_word' id='word_1_605' title='bbox 883 4384 970 4441; x_wconf 73' lang='grc'><strong>44.</strong></span> <span class='ocrx_word' id='word_1_606' title='bbox 1063 4384 1138 4456; x_wconf 16' lang='grc' dir='ltr'><strong>ν⁶⁹</strong></span> <span class='ocrx_word' id='word_1_607' title='bbox 1161 4383 1331 4440; x_wconf 88' lang='lat' dir='ltr'><strong>Joan.</strong></span> <span class='ocrx_word' id='word_1_608' title='bbox 1366 4401 1404 4456; x_wconf 92' lang='lat'><strong>1,</strong></span> <span class='ocrx_word' id='word_1_609' title='bbox 1439 4383 1492 4440; x_wconf 77' lang='grc'>4.</span> 
     </span>
    </p>
   </div>
   <div class='ocr_carea' id='block_1_77' title="bbox 411 4455 1398 4529">
    <p class='ocr_par' dir='ltr' id='par_1_77' title="bbox 411 4455 1398 4529">
     <span class='ocr_line' id='line_1_77' title="bbox 411 4455 1398 4529; baseline 0 -17"><span class='ocrx_word' id='word_1_610' title='bbox 411 4455 456 4490; x_wconf 69' lang='grc'><strong>⁷⁸</strong></span> <span class='ocrx_word' id='word_1_611' title='bbox 485 4457 658 4512; x_wconf 89' lang='lat' dir='ltr'><strong>Hebr.</strong></span> <span class='ocrx_word' id='word_1_612' title='bbox 692 4473 733 4524; x_wconf 85' lang='lat'><strong>1,</strong></span> <span class='ocrx_word' id='word_1_613' title='bbox 763 4458 817 4512; x_wconf 88' lang='grc'>3.</span> <span class='ocrx_word' id='word_1_614' title='bbox 893 4457 938 4492; x_wconf 75' lang='grc' dir='ltr'><strong>τ’</strong></span> <span class='ocrx_word' id='word_1_615' title='bbox 968 4455 1223 4529; x_wconf 88' lang='lat' dir='ltr'><strong>Philipp.</strong></span> <span class='ocrx_word' id='word_1_616' title='bbox 1256 4472 1320 4525; x_wconf 91' lang='lat'><strong>11,</strong></span> <span class='ocrx_word' id='word_1_617' title='bbox 1346 4455 1398 4512; x_wconf 88' lang='lat'><strong>6.</strong></span> 
     </span>
    </p>
   </div>
   <div class='ocr_carea' id='block_1_78' title="bbox 1604 4384 2160 4448">
    <p class='ocr_par' dir='ltr' id='par_1_78' title="bbox 1604 4384 2160 4448">
     <span class='ocr_line' id='line_1_78' title="bbox 1604 4384 2160 4448; baseline 0.002 -8"><span class='ocrx_word' id='word_1_618' title='bbox 1604 4385 1650 4420; x_wconf 77' lang='lat'><strong>7°</strong></span> <span class='ocrx_word' id='word_1_619' title='bbox 1676 4387 1846 4440; x_wconf 85' lang='lat' dir='ltr'><strong>Joan.</strong></span> <span class='ocrx_word' id='word_1_620' title='bbox 1896 4401 2018 4448; x_wconf 86' lang='lat' dir='ltr'><strong>vm,</strong></span> <span class='ocrx_word' id='word_1_621' title='bbox 2070 4384 2160 4441; x_wconf 83' lang='grc'>47.</span> 
     </span>
    </p>
   </div>
   <div class='ocr_carea' id='block_1_79' title="bbox 1478 4455 2452 4528">
    <p class='ocr_par' dir='ltr' id='par_1_79' title="bbox 1478 4455 2452 4528">
     <span class='ocr_line' id='line_1_79' title="bbox 1478 4455 2452 4528; baseline -0.002 -15"><span class='ocrx_word' id='word_1_622' title='bbox 1478 4457 1522 4492; x_wconf 75' lang='lat'><strong>7°</strong></span> <span class='ocrx_word' id='word_1_623' title='bbox 1551 4459 1719 4513; x_wconf 85' lang='lat' dir='ltr'><strong>Rom.</strong></span> <span class='ocrx_word' id='word_1_624' title='bbox 1754 4474 1832 4528; x_wconf 86' lang='lat' dir='ltr'><strong>1x,</strong></span> <span class='ocrx_word' id='word_1_625' title='bbox 1864 4456 1920 4511; x_wconf 88' lang='grc'><strong>5.</strong></span> <span class='ocrx_word' id='word_1_626' title='bbox 1995 4457 2038 4492; x_wconf 77' lang='grc'>⁷⁷</span> <span class='ocrx_word' id='word_1_627' title='bbox 2065 4459 2234 4514; x_wconf 88' lang='lat' dir='ltr'><strong>Joan.</strong></span> <span class='ocrx_word' id='word_1_628' title='bbox 2267 4473 2324 4523; x_wconf 83' lang='lat' dir='ltr'><strong>x,</strong></span> <span class='ocrx_word' id='word_1_629' title='bbox 2355 4455 2452 4511; x_wconf 89' lang='grc'><strong>30.</strong></span> 
     </span>
    </p>
   </div>
   <div class='ocr_carea' id='block_1_80' title="bbox 2271 4371 3853 4450">
    <p class='ocr_par' dir='ltr' id='par_1_80' title="bbox 2271 4371 3853 4450">
     <span class='ocr_line' id='line_1_80' title="bbox 2271 4371 3853 4450; baseline -0.009 -11"><span class='ocrx_word' id='word_1_630' title='bbox 2271 4383 2313 4418; x_wconf 85' lang='grc'>⁷¹</span> <span class='ocrx_word' id='word_1_631' title='bbox 2345 4383 2517 4438; x_wconf 86' lang='lat' dir='ltr'><strong>Joan.</strong></span> <span class='ocrx_word' id='word_1_632' title='bbox 2549 4395 2592 4450; x_wconf 89' lang='lat'><strong>1,</strong></span> <span class='ocrx_word' id='word_1_633' title='bbox 2626 4379 2712 4435; x_wconf 90' lang='grc'><strong>18.</strong></span> <span class='ocrx_word' id='word_1_634' title='bbox 2824 4377 2870 4412; x_wconf 79' lang='grc'>⁷²</span> <span class='ocrx_word' id='word_1_635' title='bbox 2896 4379 3062 4435; x_wconf 88' lang='lat' dir='ltr'><strong>Joan.</strong></span> <span class='ocrx_word' id='word_1_636' title='bbox 3095 4389 3182 4443; x_wconf 86' lang='lat'><strong>111,</strong></span> <span class='ocrx_word' id='word_1_637' title='bbox 3234 4373 3321 4429; x_wconf 85' lang='grc'><strong>13.</strong></span> <span class='ocrx_word' id='word_1_638' title='bbox 3431 4372 3476 4407; x_wconf 73' lang='grc'><strong>’³³</strong></span> <span class='ocrx_word' id='word_1_639' title='bbox 3505 4372 3682 4444; x_wconf 89' lang='lat' dir='ltr'><strong>Apoc.</strong></span> <span class='ocrx_word' id='word_1_640' title='bbox 3716 4387 3758 4441; x_wconf 91' lang='lat'><strong>1,</strong></span> <span class='ocrx_word' id='word_1_641' title='bbox 3793 4371 3853 4425; x_wconf 83' lang='grc'><strong>4.</strong></span> 
     </span>
    </p>
   </div>
   <div class='ocr_carea' id='block_1_81' title="bbox 2989 4602 3162 4611">
    <p class='ocr_par' dir='ltr' id='par_1_81' title="bbox 2989 4602 3162 4611">
     <span class='ocr_line' id='line_1_81' title="bbox 2989 4602 3162 4611; baseline -0.017 0"><span class='ocrx_word' id='word_1_642' title='bbox 2989 4602 3162 4611; x_wconf 80' lang='lat'><strong>—-——</strong></span> 
     </span>
    </p>
   </div>
   <div class='ocr_carea' id='block_1_82' title="bbox 1671 4718 2586 4782">
    <p class='ocr_par' dir='ltr' id='par_1_82' title="bbox 1671 4718 2586 4782">
     <span class='ocr_line' id='line_1_82' title="bbox 1671 4718 2586 4782; baseline -0.003 -1"><span class='ocrx_word' id='word_1_643' title='bbox 1671 4721 2080 4782; x_wconf 85' lang='lat' dir='ltr'><strong>EXPOSI&#39;I‘IO</strong></span> <span class='ocrx_word' id='word_1_644' title='bbox 2127 4720 2240 4782; x_wconf 89' lang='lat' dir='ltr'><strong>SS.</strong></span> <span class='ocrx_word' id='word_1_645' title='bbox 2286 4721 2407 4780; x_wconf 89' lang='lat' dir='ltr'><strong>PP.</strong></span> <span class='ocrx_word' id='word_1_646' title='bbox 2454 4718 2586 4778; x_wconf 88' lang='lat' dir='ltr'><strong>NN.</strong></span> 
     </span>
    </p>
   </div>
   <div class='ocr_carea' id='block_1_83' title="bbox 849 4855 3414 4971">
    <p class='ocr_par' dir='ltr' id='par_1_83' title="bbox 849 4855 3414 4971">
     <span class='ocr_line' id='line_1_83' title="bbox 849 4855 3414 4971; baseline -0.005 -8"><span class='ocrx_word' id='word_1_647' title='bbox 849 4868 1252 4964; x_wconf 84' lang='lat' dir='ltr'>MAGNI</span> <span class='ocrx_word' id='word_1_648' title='bbox 1319 4870 1779 4966; x_wconf 88' lang='lat' dir='ltr'>BASILII</span> <span class='ocrx_word' id='word_1_649' title='bbox 1849 4871 2004 4966; x_wconf 91' lang='lat' dir='ltr'><strong>ET</strong></span> <span class='ocrx_word' id='word_1_650' title='bbox 2075 4865 2675 4965; x_wconf 85' lang='lat' dir='ltr'>GBEGORII</span> <span class='ocrx_word' id='word_1_651' title='bbox 2741 4855 3414 4971; x_wconf 89' lang='lat' dir='ltr'><strong>THEOLOGI,</strong></span> 
     </span>
    </p>
   </div>
   <div class='ocr_carea' id='block_1_84' title="bbox 1643 5047 2622 5114">
    <p class='ocr_par' dir='ltr' id='par_1_84' title="bbox 1643 5047 2622 5114">
     <span class='ocr_line' id='line_1_84' title="bbox 1643 5047 2622 5114; baseline -0.007 0"><span class='ocrx_word' id='word_1_652' title='bbox 1643 5054 1733 5114; x_wconf 91' lang='lat' dir='ltr'><strong>De</strong></span> <span class='ocrx_word' id='word_1_653' title='bbox 1763 5058 1977 5114; x_wconf 85' lang='lat' dir='ltr'><strong>saneta</strong></span> <span class='ocrx_word' id='word_1_654' title='bbox 2004 5057 2067 5114; x_wconf 87' lang='lat' dir='ltr'><strong>et</strong></span> <span class='ocrx_word' id='word_1_655' title='bbox 2094 5049 2447 5114; x_wconf 84' lang='lat' dir='ltr'><strong>orthodoxa</strong></span> <span class='ocrx_word' id='word_1_656' title='bbox 2474 5047 2622 5111; x_wconf 88' lang='lat' dir='ltr'><strong>ﬁde.</strong></span> 
     </span>
    </p>
   </div>
   <div class='ocr_carea' id='block_1_85' title="bbox 487 5323 3865 5411">
    <p class='ocr_par' dir='ltr' id='par_1_85' title="bbox 487 5323 3865 5411">
     <span class='ocr_line' id='line_1_85' title="bbox 487 5323 3865 5411; baseline -0.004 -22"><span class='ocrx_word' id='word_1_657' title='bbox 487 5334 646 5392; x_wconf 73' lang='lat'><strong>089</strong></span> <span class='ocrx_word' id='word_1_658' title='bbox 679 5334 863 5391; x_wconf 90' lang='lat' dir='ltr'><strong>Credo</strong></span> <span class='ocrx_word' id='word_1_659' title='bbox 895 5336 953 5391; x_wconf 92' lang='lat' dir='ltr'><strong>in</strong></span> <span class='ocrx_word' id='word_1_660' title='bbox 1003 5337 1255 5405; x_wconf 89' lang='lat' dir='ltr'><strong>Patrem,</strong></span> <span class='ocrx_word' id='word_1_661' title='bbox 1304 5339 1362 5393; x_wconf 87' lang='lat' dir='ltr'><strong>et</strong></span> <span class='ocrx_word' id='word_1_662' title='bbox 1409 5334 1649 5408; x_wconf 88' lang='lat' dir='ltr'><strong>Filium,</strong></span> <span class='ocrx_word' id='word_1_663' title='bbox 1699 5341 1758 5394; x_wconf 89' lang='lat' dir='ltr'><strong>et</strong></span> <span class='ocrx_word' id='word_1_664' title='bbox 1797 5338 2080 5411; x_wconf 89' lang='lat' dir='ltr'><strong>Spiritum</strong></span> <span class='ocrx_word' id='word_1_665' title='bbox 2111 5340 2162 5407; x_wconf 89' lang='lat' dir='ltr'><strong>D</strong></span> <span class='ocrx_word' id='word_1_666' title='bbox 2191 5339 2559 5411; x_wconf 84' lang='lat' dir='ltr'><strong>bypostases,</strong></span> <span class='ocrx_word' id='word_1_667' title='bbox 2591 5328 3008 5406; x_wconf 89' lang='lat' dir='ltr'><strong>respondebis,</strong></span> <span class='ocrx_word' id='word_1_668' title='bbox 3047 5324 3205 5398; x_wconf 88' lang='lat' dir='ltr'><strong>quod</strong></span> <span class='ocrx_word' id='word_1_669' title='bbox 3255 5339 3534 5395; x_wconf 89' lang='lat' dir='ltr'><strong>personas</strong></span> <span class='ocrx_word' id='word_1_670' title='bbox 3564 5323 3865 5393; x_wconf 87' lang='lat' dir='ltr'><strong>interpre-</strong></span> 
     </span>
    </p>
   </div>
   <div class='ocr_carea' id='block_1_86' title="bbox 413 5421 2080 5501">
    <p class='ocr_par' dir='ltr' id='par_1_86' title="bbox 413 5421 2080 5501">
     <span class='ocr_line' id='line_1_86' title="bbox 413 5421 2080 5501; baseline 0.007 -26"><span class='ocrx_word' id='word_1_671' title='bbox 413 5421 718 5496; x_wconf 89' lang='lat' dir='ltr'><strong>Sanetum,</strong></span> <span class='ocrx_word' id='word_1_672' title='bbox 751 5423 1103 5483; x_wconf 89' lang='lat' dir='ltr'><strong>Trinitatem</strong></span> <span class='ocrx_word' id='word_1_673' title='bbox 1129 5423 1448 5501; x_wconf 79' lang='grc' dir='ltr'><strong>ὁμοούσιον,</strong></span> <span class='ocrx_word' id='word_1_674' title='bbox 1482 5424 1902 5498; x_wconf 87' lang='lat' dir='ltr'><strong>inseparatam,</strong></span> <span class='ocrx_word' id='word_1_675' title='bbox 1925 5429 2080 5486; x_wconf 89' lang='lat' dir='ltr'><strong>indi-</strong></span> 
     </span>
    </p>
   </div>
   <div class='ocr_carea' id='block_1_87' title="bbox 411 5511 2082 5587">
    <p class='ocr_par' dir='ltr' id='par_1_87' title="bbox 411 5511 2082 5587">
     <span class='ocr_line' id='line_1_87' title="bbox 411 5511 2082 5587; baseline 0.008 -23"><span class='ocrx_word' id='word_1_676' title='bbox 411 5511 624 5583; x_wconf 87' lang='lat' dir='ltr'><strong>visam,</strong></span> <span class='ocrx_word' id='word_1_677' title='bbox 657 5512 1054 5583; x_wconf 86' lang='lat' dir='ltr'><strong>ineonfusam,</strong></span> <span class='ocrx_word' id='word_1_678' title='bbox 1087 5521 1145 5572; x_wconf 92' lang='lat' dir='ltr'><strong>et</strong></span> <span class='ocrx_word' id='word_1_679' title='bbox 1175 5513 1733 5587; x_wconf 86' lang='lat' dir='ltr'><strong>ineomprebensam</strong></span> <span class='ocrx_word' id='word_1_680' title='bbox 1767 5535 1947 5576; x_wconf 88' lang='lat' dir='ltr'><strong>unam</strong></span> <span class='ocrx_word' id='word_1_681' title='bbox 1978 5537 2082 5576; x_wconf 89' lang='lat' dir='ltr'><strong>na-</strong></span> 
     </span>
    </p>
   </div>
   <div class='ocr_carea' id='block_1_88' title="bbox 408 5599 2084 5680">
    <p class='ocr_par' dir='ltr' id='par_1_88' title="bbox 408 5599 2084 5680">
     <span class='ocr_line' id='line_1_88' title="bbox 408 5599 2084 5680; baseline 0.006 -26"><span class='ocrx_word' id='word_1_682' title='bbox 408 5602 632 5675; x_wconf 87' lang='lat' dir='ltr'><strong>turam,</strong></span> <span class='ocrx_word' id='word_1_683' title='bbox 665 5603 722 5656; x_wconf 87' lang='lat' dir='ltr'><strong>et</strong></span> <span class='ocrx_word' id='word_1_684' title='bbox 772 5599 1196 5677; x_wconf 87' lang='lat' dir='ltr'><strong>substantiam,</strong></span> <span class='ocrx_word' id='word_1_685' title='bbox 1224 5609 1282 5662; x_wconf 90' lang='lat' dir='ltr'><strong>et</strong></span> <span class='ocrx_word' id='word_1_686' title='bbox 1323 5617 1596 5676; x_wconf 89' lang='lat' dir='ltr'><strong>regnum,</strong></span> <span class='ocrx_word' id='word_1_687' title='bbox 1627 5608 1748 5664; x_wconf 88' lang='lat' dir='ltr'><strong>tres</strong></span> <span class='ocrx_word' id='word_1_688' title='bbox 1777 5624 2084 5680; x_wconf 85' lang='lat' dir='ltr'><strong>personas.</strong></span> 
     </span>
    </p>
   </div>
   <div class='ocr_carea' id='block_1_89' title="bbox 2188 5412 3870 5491">
    <p class='ocr_par' dir='ltr' id='par_1_89' title="bbox 2188 5412 3870 5491">
     <span class='ocr_line' id='line_1_89' title="bbox 2188 5412 3870 5491; baseline -0.011 -8"><span class='ocrx_word' id='word_1_689' title='bbox 2188 5431 2388 5484; x_wconf 89' lang='lat' dir='ltr'><strong>tamur</strong></span> <span class='ocrx_word' id='word_1_690' title='bbox 2416 5429 2700 5491; x_wconf 85' lang='lat' dir='ltr'><strong>mentem,</strong></span> <span class='ocrx_word' id='word_1_691' title='bbox 2732 5421 3000 5488; x_wconf 88' lang='lat' dir='ltr'><strong>verbum,</strong></span> <span class='ocrx_word' id='word_1_692' title='bbox 3023 5419 3081 5473; x_wconf 91' lang='lat' dir='ltr'><strong>et</strong></span> <span class='ocrx_word' id='word_1_693' title='bbox 3109 5413 3410 5486; x_wconf 87' lang='lat' dir='ltr'><strong>spiritum.</strong></span> <span class='ocrx_word' id='word_1_694' title='bbox 3431 5412 3593 5468; x_wconf 86' lang='lat' dir='ltr'><strong>Mens</strong></span> <span class='ocrx_word' id='word_1_695' title='bbox 3617 5415 3870 5484; x_wconf 87' lang='lat' dir='ltr'><strong>generat</strong></span> 
     </span>
    </p>
   </div>
   <div class='ocr_carea' id='block_1_90' title="bbox 2191 5498 3866 5585">
    <p class='ocr_par' dir='ltr' id='par_1_90' title="bbox 2191 5498 3866 5585">
     <span class='ocr_line' id='line_1_90' title="bbox 2191 5498 3866 5585; baseline -0.012 -11"><span class='ocrx_word' id='word_1_696' title='bbox 2191 5515 2461 5585; x_wconf 85' lang='lat' dir='ltr'><strong>verbum,</strong></span> <span class='ocrx_word' id='word_1_697' title='bbox 2492 5519 2552 5573; x_wconf 89' lang='lat' dir='ltr'><strong>et</strong></span> <span class='ocrx_word' id='word_1_698' title='bbox 2581 5512 2826 5569; x_wconf 88' lang='lat' dir='ltr'><strong>verbum</strong></span> <span class='ocrx_word' id='word_1_699' title='bbox 2857 5511 2988 5567; x_wconf 89' lang='lat' dir='ltr'><strong>sine</strong></span> <span class='ocrx_word' id='word_1_700' title='bbox 3019 5504 3233 5579; x_wconf 86' lang='lat' dir='ltr'><strong>spiritu</strong></span> <span class='ocrx_word' id='word_1_701' title='bbox 3265 5517 3383 5558; x_wconf 91' lang='lat' dir='ltr'><strong>non</strong></span> <span class='ocrx_word' id='word_1_702' title='bbox 3431 5500 3766 5575; x_wconf 85' lang='lat' dir='ltr'><strong>egreditur;</strong></span> <span class='ocrx_word' id='word_1_703' title='bbox 3798 5498 3866 5555; x_wconf 90' lang='lat' dir='ltr'><strong>in</strong></span> 
     </span>
    </p>
   </div>
   <div class='ocr_carea' id='block_1_91' title="bbox 2195 5591 3870 5677">
    <p class='ocr_par' dir='ltr' id='par_1_91' title="bbox 2195 5591 3870 5677">
     <span class='ocr_line' id='line_1_91' title="bbox 2195 5591 3870 5677; baseline -0.011 -14"><span class='ocrx_word' id='word_1_704' title='bbox 2195 5622 2263 5664; x_wconf 91' lang='lat' dir='ltr'><strong>eo</strong></span> <span class='ocrx_word' id='word_1_705' title='bbox 2311 5604 2470 5662; x_wconf 87' lang='lat' dir='ltr'><strong>enim</strong></span> <span class='ocrx_word' id='word_1_706' title='bbox 2526 5601 2872 5677; x_wconf 74' lang='lat' dir='ltr'><strong>agnoscitur</strong></span> <span class='ocrx_word' id='word_1_707' title='bbox 2925 5599 3085 5658; x_wconf 85' lang='lat' dir='ltr'><strong>Deus</strong></span> <span class='ocrx_word' id='word_1_708' title='bbox 3130 5592 3348 5664; x_wconf 83' lang='lat' dir='ltr'><strong>vivere,</strong></span> <span class='ocrx_word' id='word_1_709' title='bbox 3403 5591 3561 5665; x_wconf 89' lang='lat' dir='ltr'><strong>quod</strong></span> <span class='ocrx_word' id='word_1_710' title='bbox 3617 5593 3870 5663; x_wconf 87' lang='lat' dir='ltr'><strong>generat</strong></span> 
     </span>
    </p>
   </div>
   <div class='ocr_carea' id='block_1_92' title="bbox 411 5678 3871 5768">
    <p class='ocr_par' dir='ltr' id='par_1_92' title="bbox 411 5678 3871 5768">
     <span class='ocr_line' id='line_1_92' title="bbox 411 5678 3871 5768; baseline -0.003 -21"><span class='ocrx_word' id='word_1_711' title='bbox 411 5689 477 5747; x_wconf 80' lang='lat' dir='ltr'><strong>Si</strong></span> <span class='ocrx_word' id='word_1_712' title='bbox 510 5694 714 5748; x_wconf 85' lang='lat' dir='ltr'><strong>autem</strong></span> <span class='ocrx_word' id='word_1_713' title='bbox 740 5687 1302 5764; x_wconf 83' lang='lat' dir='ltr'><strong>interrogeris,quid</strong></span> <span class='ocrx_word' id='word_1_714' title='bbox 1327 5689 1630 5750; x_wconf 86' lang='lat' dir='ltr'><strong>declarent</strong></span> <span class='ocrx_word' id='word_1_715' title='bbox 1659 5678 1943 5768; x_wconf 67' lang='lat' dir='ltr'><strong>personae,</strong></span> <span class='ocrx_word' id='word_1_716' title='bbox 1968 5697 2090 5755; x_wconf 87' lang='lat' dir='ltr'><strong>sive</strong></span> <span class='ocrx_word' id='word_1_717' title='bbox 2194 5694 2442 5755; x_wconf 85' lang='lat' dir='ltr'><strong>verbum</strong></span> <span class='ocrx_word' id='word_1_718' title='bbox 2471 5693 2717 5758; x_wconf 80' lang='grc' dir='ltr'>ἀπαθῶς.</span> <span class='ocrx_word' id='word_1_719' title='bbox 2752 5689 2920 5761; x_wconf 87' lang='lat' dir='ltr'><strong>Quod</strong></span> <span class='ocrx_word' id='word_1_720' title='bbox 2951 5689 3002 5749; x_wconf 88' lang='lat' dir='ltr'><strong>si</strong></span> <span class='ocrx_word' id='word_1_721' title='bbox 3050 5686 3142 5746; x_wconf 85' lang='lat' dir='ltr'><strong>vis</strong></span> <span class='ocrx_word' id='word_1_722' title='bbox 3189 5680 3475 5755; x_wconf 83' lang='lat' dir='ltr'><strong>exemplis</strong></span> <span class='ocrx_word' id='word_1_723' title='bbox 3503 5679 3721 5739; x_wconf 87' lang='lat' dir='ltr'><strong>clarius</strong></span> <span class='ocrx_word' id='word_1_724' title='bbox 3747 5678 3871 5738; x_wconf 81' lang='lat' dir='ltr'><strong>hoc</strong></span> 
     </span>
    </p>
   </div>
  </div>
