4124 6378
219 364 338 426 833

1253 348 1355 410 DE
1402 349 1707 408 SANCTA
1758 352 1853 407 ΕΤ
1899 351 2380 411 Olt'l‘HODOXA
2427 354 2667 411 FIDE.-

3546 355 3667 415 834

222 498 469 561 discere,
523 489 663 547 audi
697 504 711 542 :
745 490 932 543 Homo
985 483 1161 540 habet
1207 485 1488 547 mentem,
1537 486 1597 537 et
1640 481 1885 536 verbum
1918 486 1974 550 Α
2004 482 2217 538 Filium
2240 485 2589 540 salvatorem
2615 485 2848 551 mundi;
2873 484 3052 540 Filius
3074 489 3271 541 autem
3298 485 3664 556 unigenitus,

222 588 496 649 insitum,
531 580 652 636 sive
684 573 951 633 naturale
1007 578 1066 629 et
1097 571 1373 645 spiritum
1406 570 1640 625 vitalem
1676 588 1689 626 :
1724 585 1885 641 egre-

227 677 395 732 diens
430 670 672 728 verbum
706 667 776 723 ab
808 664 1048 720 homine
1079 662 1221 718 facit
1258 660 1618 716 voluntatem
1651 660 1804 730 ejus,
1835 662 1893 714 et

226 766 300 821 ab
322 764 451 836 ipso
475 776 592 816 non
618 762 960 828 separatur:
987 752 1072 808 sic
1093 755 1149 806 et
1182 750 1334 806 Deus
1364 750 1623 805 Verbum
1656 748 1893 821 genitus

233 871 267 909 a
298 853 468 908 Patre
488 848 613 904 sine
641 851 907 915 tempore
948 840 1086 896 fecit
1116 854 1484 912 quascunque
1514 837 1698 893 voluit
1729 838 1897 892 Pater

228 948 514 1013 tanquam
538 932 838 1007 ὁμοούσιος
861 930 1033 999 illi,et
1055 929 1127 984 ab
1144 928 1272 1000 ipso
1298 945 1413 982 non
1436 931 1527 983 est
1544 930 1853 999 separatus
1877 943 1890 993 ;

233 1029 520 1101 aut,sicut
549 1024 637 1081 sol
669 1026 756 1078 est
787 1019 1065 1086 circulus,
1099 1022 1157 1073 et
1177 1018 1355 1073 habet
1378 1017 1637 1071 medium
1670 1015 1894 1084 lumen,

234 1125 292 1177 et
321 1136 389 1174 ex
412 1115 636 1172 lumine
667 1110 929 1185 procedit
957 1108 1274 1169 radiuszet
1303 1121 1495 1178 neque
1527 1122 1684 1161 unus
1715 1104 1894 1160 homo

234 1210 453 1265 dicitur
484 1210 602 1261 tres
633 1201 928 1265 homines,
960 1199 1100 1271 quia
1132 1196 1208 1252 sit
1236 1212 1428 1263 mens,
1453 1199 1511 1251 et
1539 1196 1807 1262 verbum,
1840 1198 1897 1249 et

231 1297 513 1370 spiritus;
549 1307 740 1364 neque
788 1306 946 1344 unus
990 1286 1077 1342 sol
1109 1290 1229 1341 tres
1278 1285 1454 1355 soles,
1487 1283 1624 1356 quia
1670 1285 1750 1338 sit
1779 1283 1894 1340 cir-

230 1386 422 1451 culus,
455 1388 513 1439 ct
542 1381 759 1449 lumen,
791 1382 850 1435 et
880 1376 1083 1433 radius
1110 1393 1123 1444 ;
1158 1375 1260 1431 sed
1290 1375 1487 1447 potius
1509 1391 1665 1429 unus
1696 1374 1895 1442 homo,

228 1479 285 1532 et
316 1491 472 1531 unus
520 1471 608 1528 sol
640 1489 654 1539 ;
688 1469 771 1525 sic
822 1484 977 1523 unus
1034 1471 1185 1521 Deus
1236 1469 1347 1531 est,
1377 1465 1434 1519 id
1469 1468 1581 1531 est,
1617 1464 1806 1531 Pater,
1842 1467 1898 1517 et

231 1565 436 1629 Filius,
469 1566 527 1617 et
558 1560 815 1630 Spiritus
848 1560 1112 1620 sanctus,
1145 1558 1267 1610 tres
1302 1571 1476 1622 unus,
1511 1558 1569 1609 et
1598 1570 1754 1608 unus
1777 1556 1896 1607 tres

228 1652 568 1717 indivise,et
590 1648 915 1705 inconfuse.
940 1645 1070 1700 Haec
1093 1647 1183 1699 est
1207 1648 1405 1699 autem
1429 1642 1896 1709 indivisibilitas,

232 1743 386 1815 quod
434 1740 611 1796 Filius
646 1754 762 1793 non
798 1740 1109 1808 separatur
1137 1750 1171 1787 a
1200 1734 1385 1789 Patre.
1420 1732 1575 1787 sicut
1606 1746 1791 1800 neque
1824 1732 1895 1785 ab

2002 576 2060 626 et
2092 571 2189 626 Dei
2238 575 2483 629 verbum
2534 573 2901 645 beneplacito
2950 574 3161 641 Patris,
3195 579 3252 629 et
3303 573 3538 646 propria
3566 592 3663 631 vo-

2001 659 2249 729 luntate,
2296 668 2355 718 et
2401 664 2659 734 Spiritus
2709 662 2898 717 sancti
2957 664 3366 733 cooperatione
3425 680 3662 718 carnem

2003 753 2262 823 sumpsit
2298 758 2515 821 mente,
2568 757 2627 807 et
2675 751 2895 820 anima,
2947 768 3011 805 ac
3060 751 3283 807 ratione
3333 752 3665 823 praeditam,

2004 847 2061 897 et
2091 843 2279 898 univit
2325 861 2455 898 eam
2505 860 2640 898 cum
2691 842 2929 915 propria
2978 859 3084 896 sua
3131 859 3381 913 persona
3430 844 3665 909 divina;

2006 947 2120 986 non
2180 932 2337 987 enim
2398 933 2565 987 Pater
2623 933 2961 986 incarnatus
3020 935 3127 1000 est,
3162 946 3353 1003 neque
3409 933 3666 1003 Spiritus

2006 1027 2269 1088 sanctus,
2304 1022 2405 1076 sed
2435 1022 2714 1090 Verbum,
2745 1026 2801 1075 et
2835 1020 3013 1075 Filius
3047 1020 3144 1075 Dei
3179 1020 3234 1075 in
3265 1021 3504 1092 propria
3535 1038 3665 1092 per-

2007 1126 2170 1174 sona,
2205 1112 2305 1181 qui
2340 1110 2633 1165 deificavit
2663 1127 2849 1182 genus
2880 1110 3214 1164 hominum.
3262 1113 3405 1164 Caro
3446 1109 3669 1180 alioqui

2007 1198 2429 1271 corruptibilis,
2460 1216 2635 1271 quam
2670 1200 2926 1271 sumpsit
2955 1199 3243 1254 Dominus
3274 1203 3473 1254 noster
3500 1200 3672 1254 .lesus

2006 1288 2296 1358 Christus,
2346 1288 2687 1360 incorrupta
2735 1289 2957 1343 mansit
2995 1304 3098 1359 per
3145 1292 3399 1344 mortem
3452 1287 3672 1354 crucis,

2008 1383 2065 1433 et
2094 1378 2623 1445 resurrectionem;
2654 1378 2762 1432 etsi
2813 1377 2972 1433 enim
3006 1377 3203 1433 cibum
3246 1377 3507 1448 gustavit
3537 1385 3673 1450 post

2008 1466 2519 1530 resurrectionem,
2547 1483 2660 1521 non
2694 1471 2892 1522 tamen
2926 1466 3051 1537 lege
3082 1466 3487 1538 corporis,sed
3521 1484 3676 1523 ceco-

2009 1557 2261 1621 nomice,
2291 1563 2357 1610 ut
2387 1557 2661 1627 probaret
2690 1572 2925 1611 carnem
2976 1555 3132 1610 illam
3172 1571 3321 1619 esse,
3368 1572 3496 1628 qua:
3551 1562 3678 1613 erat

2009 1647 2143 1698 ante
2191 1643 2703 1707 resurrectionem,
2738 1648 2796 1698 et
2846 1659 2957 1697 non
3005 1642 3223 1711 aliam;
3260 1660 3375 1699 non
3424 1644 3583 1701 enim
3615 1644 3675 1700 in

2006 1736 2294 1797 ventrem,
2345 1736 2403 1787 et
2455 1731 2757 1798 intestina,
2818 1736 2994 1803 atque
3046 1731 3107 1786 in
3165 1748 3464 1788 secessum
3524 1734 3671 1804 ibat,

236 1831 479 1888 homine
509 1832 819 1901 separatur
843 1825 1112 1888 verbum,
1136 1820 1323 1895 λόγος,
1358 1821 1480 1876 sive
1512 1820 1661 1875 ratio
1689 1838 1701 1886 ;
1738 1826 1836 1874 aut
1867 1835 1899 1872 a
1931 1856 1980 1920 Β
2012 1819 2200 1875 absit!
2232 1822 2356 1875 Imo
2390 1837 2521 1876 caro
2553 1820 2751 1877 divina
2769 1827 2900 1893 post
2931 1821 3417 1877 resurrectionem
3449 1828 3678 1880 mutata

236 1920 364 1977 sole
394 1916 695 1973 lumen.Et
718 1918 781 1968 ut
802 1912 1005 1967 lumen
1026 1911 1332 1982 egrediens
1355 1926 1425 1964 ex
1455 1909 1575 1964 sole
1607 1907 1905 1963 illuminat

253 2007 571 2073 mundum,
622 2004 705 2059 sic
763 1999 1102 2073 unigenitus
1150 1999 1335 2054 Filius
1385 2002 1442 2053 et
1489 1998 1745 2053 Verbum
1792 2014 1908 2051 non

253 2099 561 2169 separatus
591 2110 625 2148 a
656 2093 820 2148 Patre
850 2092 1125 2162 operatus
1173 2091 1263 2142 est
1310 2086 1680 2142 admirabilia
1711 2103 1906 2157 opera,

251 2184 486 2249 cmlum,
546 2187 603 2238 et
656 2185 898 2249 terram,
943 2182 1001 2233 et
1060 2193 1422 2248 qurecunque
1478 2176 1536 2230 in
1579 2176 1663 2231 eis
1720 2180 1906 2230 sunt:

252 2276 393 2329 item
424 2288 573 2344 opus
605 2266 1035 2325 incarnationis
1083 2283 1265 2338 supra
1295 2266 1493 2321 omnia
1522 2264 1907 2332 admirabile;

250 2379 497 2419 manens
523 2360 678 2417 enim
728 2358 787 2412 in
820 2361 1013 2422 Patre,
1058 2372 1166 2410 nec
1208 2359 1515 2426 separatus
1548 2354 1619 2408 ab
1657 2371 1723 2409 eo
1756 2353 1910 2409 Deus

250 2454 503 2509 Verbum
534 2449 733 2505 divino
783 2447 1186 2502 condescensu
1235 2442 1394 2499 venit
1445 2444 1517 2498 ad
1546 2459 1673 2510 nos,
1706 2447 1764 2498 et
1793 2442 1911 2497 sal-

248 2541 402 2597 vavit
420 2538 627 2605 Israel,
645 2541 701 2592 et
723 2540 928 2608 gentes
948 2535 1276 2589 secundum
1299 2549 1466 2587 veras
1489 2531 1911 2604 promissiones

250 2630 374 2694 Dei,
408 2645 556 2699 quas
588 2626 679 2682 lex
709 2630 767 2680 et
797 2623 1093 2697 propheta:
1126 2621 1617 2693 praedicarunt,et
1647 2620 1912 2676 doctrina

252 2716 652 2790 apostolorum
714 2717 770 2768 et
827 2715 1167 2768 sanctorum
1223 2711 1461 2765 Patrum
1515 2709 1774 2765 tradidit.
1812 2710 1910 2764 ln-

253 2804 522 2862 conl’usio
581 2806 775 2859 autem
824 2805 915 2857 est
968 2800 1111 2865 haec,
1153 2798 1405 2871 primum
1462 2798 1721 2870 quidem,
1773 2798 1913 2870 quia

254 2900 423 2950 Pater
470 2910 583 2949 non
634 2896 726 2947 est
771 2889 976 2954 Filius,
1007 2905 1197 2960 neque
1238 2904 1492 2959 unquam
1546 2887 1675 2957 erit,
1722 2904 1912 2959 neque

252 2983 437 3040 Filius
485 2986 677 3049 Pater,
711 2996 903 3051 neque
958 2977 1209 3050 Spiritus
1267 2982 1509 3032 sanctus
1566 2981 1655 3031 est
1707 2975 1910 3047 Filius,

253 3073 340 3128 vel
385 3075 577 3137 Pater,
613 3068 890 3141 quoniam
944 3066 1272 3138 proprietas
1322 3068 1609 3137 cujusque
1652 3080 1910 3135 personis

253 3162 495 3230 sancte,
523 3163 580 3214 et
609 3159 791 3213 beata
821 3154 1130 3210 Trinitatis
1163 3154 1410 3209 immota
1449 3157 1666 3217 manet,
1699 3156 1756 3207 et
1786 3169 1911 3209 ser-

2019 1914 2109 1965 est
2139 1927 2172 1964 a
2201 1909 2489 1965 materiali
2552 1910 2612 1964 in
2662 1910 3135 1978 immaterialem,
3170 1915 3226 1965 et
3257 1928 3290 1965 a
3316 1912 3587 1983 passibili
3618 1912 3680 1968 in

2020 1998 2450 2069 impassibilem
2479 2016 2493 2066 ;
2528 2016 2643 2055 non
2698 2004 2893 2055 tamen
2943 1999 3545 2072 incircumscriptam,
3579 2007 3685 2057 aut

2022 2087 2456 2158 intangibilem,
2513 2088 2604 2143 vel
2664 2088 3042 2159 invisibilem,
3102 2089 3319 2160 alioqui
3388 2091 3682 2161 quomodo

2018 2178 2183 2233 visus
2215 2182 2371 2233 esset
2421 2177 2729 2250 discipulis
2780 2183 2914 2249 post
2962 2179 3683 2244 resurrectionem?Quo-

2024 2267 2196 2321 modo
2229 2267 2474 2321 dixisset
2515 2267 2749 2321 Thomzc
2786 2283 2798 2322 :
2828 2269 3028 2339 Tange
3069 2285 3163 2322 me
3192 2268 3234 2302 ⁷⁸
3261 2267 3287 2322 ?
3316 2267 3494 2323 Cibus
3520 2283 3682 2335 vero,

2022 2372 2199 2427 quem
2233 2356 2493 2428 sumpsit
2540 2373 2735 2411 coram
2788 2356 3117 2428 discipulis,
3154 2357 3200 2411 si
3253 2358 3388 2429 quis
3437 2361 3683 2429 quaerat,

2023 2460 2140 2515 quo
2190 2445 2418 2515 abierit,
2470 2446 2922 2517 respondemus,
2956 2446 3128 2500 sicuti
3179 2463 3310 2501 cera
3359 2447 3681 2518 appropin-

2022 2550 2215 2605 quans
2248 2533 2369 2605 igni
2418 2532 2667 2605 liqueﬁt,
2720 2538 2777 2588 et
2819 2534 3036 2589 desinit
3075 2551 3235 2601 esse;
3269 2535 3352 2589 sic
3384 2535 3550 2590 cibus
3582 2536 3678 2590 ille

2022 2622 2323 2677 adhibitus
2399 2623 2561 2677 carni
2629 2622 3063 2693 incorruptibili
3123 2629 3179 2679 et
3250 2621 3515 2698 πυρφόρῳ
3573 2623 3673 2680 Dei

2022 2711 2376 2766 resuscitati.
2413 2711 2546 2766 Post
2574 2713 3081 2771 resurrectionem
3111 2729 3244 2768 vero
3296 2718 3676 2769 conversatus

2022 2800 2211 2872 spatio
2243 2800 2635 2872 quadraginta
2665 2802 2895 2856 dierum
2930 2817 3066 2855 cum
3097 2801 3426 2874 discipulis,
3458 2818 3678 2858 assum-

2018 2900 2145 2961 ptus
2172 2897 2253 2945 est
2285 2892 2361 2943 in
2410 2892 2606 2945 calum
2652 2891 2972 2945 videntibus
3019 2891 3157 2960 illis,
3193 2895 3259 2945 ut
3298 2890 3680 2963 Evangelium

2021 2983 2291 3046 testatur,
2325 2986 2378 3034 et
2404 2979 2542 3034 sedit
2591 2979 2660 3033 ad
2698 2978 2984 3035 dexteram
3013 2980 3116 3034 Dei
3142 2979 3208 3034 7’.
3240 2981 3451 3035 Sedere
3484 2984 3681 3036 autem

2022 3068 2094 3123 ad
2128 3068 2425 3122 dexteram
2457 3067 2558 3121 Dei
2586 3083 2701 3121 non
2734 3066 2993 3122 declarat
3033 3067 3257 3139 aliquid
3290 3085 3637 3141 corporeum
3666 3085 3681 3138 ;

2026 3160 2174 3210 Deus
2233 3156 2389 3211 enim
2440 3156 2724 3228 corporis,
2756 3160 2813 3211 et
2863 3156 3082 3228 figurae,
3115 3161 3172 3211 et
3215 3157 3430 3228 speciei
3480 3174 3684 3229 expers

254 3255 448 3317 vatur,
476 3222 536 3304 id
568 3251 679 3317 est,
711 3247 771 3301 in
810 3246 974 3301 Patre
1007 3244 1248 3316 quidem
1282 3243 1609 3316 proprietas
1639 3242 1910 3315 ingeniti,
1942 3222 1984 3288 Ο
2023 3250 2151 3309 est;
2182 3246 2282 3299 sed
2319 3244 2514 3315 potius
2544 3222 3191 3316 honorem,etvgloriam
3226 3222 3283 3300 in
3316 3244 3477 3302 ccelis
3509 3222 3687 3320 signi-

256 3339 315 3394 in
348 3337 493 3393 Filio
524 3340 720 3392 autem
774 3334 1103 3407 proprietas
1134 3333 1337 3404 geniti,
1370 3332 1644 3404 quoniam
1678 3332 1910 3402 genitus

254 3432 345 3484 est
374 3444 407 3483 a
436 3430 606 3482 Patre
638 3425 767 3480 sine
796 3422 1245 3494 tempore,sicut
1275 3421 1475 3477 lumen
1510 3439 1543 3477 a
1574 3420 1913 3477 sole.Simul

254 3516 407 3572 enim
455 3516 644 3583 Pater,
678 3512 860 3569 simul
891 3511 1094 3579 Filius,
1126 3510 1306 3567 simul
1338 3510 1595 3582 Spiritus
1645 3514 1911 3579 sanctus,

253 3608 486 3661 servata
514 3605 761 3660 immota
793 3602 1081 3672 cujusque
1113 3616 1375 3671 personae
1426 3599 1796 3670 proprietate.
1835 3602 1914 3653 Ac

252 3696 325 3751 de
355 3694 555 3749 divina
602 3691 840 3763 quidem
882 3695 938 3745 et
968 3688 1286 3744 immortali
1336 3692 1548 3743 natura
1594 3688 1678 3742 sic
1732 3688 1912 3741 senti-

256 3799 435 3848 mus;
469 3797 585 3835 non
616 3779 771 3835 enim
807 3776 1081 3846 dicimus,
1130 3782 1196 3831 ut
1245 3776 1390 3831 fatui
1421 3775 1694 3848 gentiles,
1727 3775 1911 3831 solem

256 3885 389 3926 esse
417 3868 625 3935 Deum,
660 3866 761 3921 sed
813 3868 1094 3936 tanquam
1133 3864 1455 3936 imaginem
1508 3864 1914 3920 assimilamus

260 3956 768 4027 incircumscripte
799 3959 855 4011 et
904 3954 1412 4026 incomprehense,
1446 3954 1727 4025 quoniam
1764 3958 1914 4009 Deus

257 4052 347 4102 est
377 4045 733 4114 inﬁnitus,et
759 4062 792 4099 a
819 4043 1054 4099 nemine
1077 4047 1270 4115 potest
1297 4042 1737 4114 comprehendi.
1763 4041 1913 4098 Illud

256 4141 454 4192 autem
486 4134 705 4190 dicitur
734 4132 1153 4204 comprehendi
1188 4148 1300 4187 non
1338 4148 1530 4203 posse,
1556 4131 1710 4202 quod
1743 4147 1914 4202 expe-

257 4224 472 4280 rientia
503 4222 855 4295 cognitionis
888 4238 1004 4277 non
1060 4226 1250 4294 potest
1284 4220 1523 4293 percipi,
1560 4224 1626 4276 ut
1657 4224 1747 4276 est
1775 4220 1917 4275 divi-

256 4314 412 4369 nitas
445 4313 699 4385 proprie,
742 4320 804 4367 ut
833 4328 902 4367 ex
943 4311 1215 4366 universa
1243 4311 1546 4383 Scriptura
1595 4309 1913 4366 didicimus

258 4406 387 4458 tum
421 4404 765 4468 vetere,tum
798 4416 947 4457 nova
979 4417 991 4455 :
1028 4398 1228 4454 nullus
1259 4400 1417 4455 enim
1448 4416 1480 4455 a
1512 4399 1723 4455 saeculo
1754 4416 1914 4456 sanc-

254 4496 455 4547 torum
487 4489 678 4562 potuit
707 4488 920 4559 dicere,
954 4504 1085 4559 qua:
1114 4488 1453 4543 substantia
1484 4488 1559 4544 sit
1591 4488 1744 4543 Deus
1771 4505 1784 4555 ;
1819 4493 1911 4544 ta-

2024 3334 2159 3389 ﬁcat
2186 3334 2366 3401 ;hanc
2398 3334 2553 3388 enim
2574 3333 2784 3388 habuit
2814 3339 3159 3405 assumptus
3193 3333 3251 3389 in
3272 3334 3483 3391 coelum
3510 3335 3682 3393 homo

2022 3422 2146 3493 Dei,
2180 3422 2236 3477 id
2287 3427 2397 3488 est,
2430 3439 2562 3477 caro
2609 3426 2896 3495 sumpta:
2931 3422 3049 3478 illic
3094 3424 3250 3479 enim
3302 3429 3509 3480 sancta
3554 3427 3684 3497 ejus

2023 3512 2219 3568 anima
2249 3512 2714 3568 conversationis
2747 3529 2866 3567 suae
2912 3512 2969 3567 in
3009 3516 3161 3568 terra
3183 3515 3542 3582 recordatur,
3574 3520 3687 3571 est-

2026 3617 2140 3673 que
2165 3600 2554 3667 rationalis,et
2575 3600 3149 3673 intelligenslnsunt
3172 3607 3450 3673 praeterea
3482 3609 3684 3661 sancto

2024 3690 2253 3762 corpori
2286 3692 2415 3761 ejus
2445 3707 2562 3744 sum
2597 3692 2984 3761 proprietates
3027 3690 3348 3755 naturales,
3386 3697 3446 3747 ut
3477 3693 3686 3766 triplex

2025 3778 2318 3835 dimensio
2351 3779 3195 3850 longitudinis,latitudinis,et
3225 3781 3680 3853 profunditatis;

2022 3867 2161 3923 item
2195 3868 2441 3940 species,
2476 3867 2752 3940 qualitas,
2788 3872 2844 3923 et
2882 3870 3205 3940 quantitas,
3239 3873 3294 3924 et
3327 3870 3441 3925 alia
3472 3870 3683 3942 hujus-

2026 3957 2223 4026 modi;
2258 3973 2372 4011 non
2406 3956 2563 4011 enim
2596 3957 2798 4013 amisit
2847 3957 2968 4012 haec
3018 3961 3363 4030 assumptus
3392 3957 3683 4016 Christus.

2027 4044 2152 4101 Non
2184 4062 2320 4118 ergo
2372 4045 2563 4101 locum
2612 4044 2791 4101 habet
2842 4046 2931 4101 hic
2979 4046 3176 4101 fabula
3207 4046 3684 4116 Manichaeorum,

2026 4135 2124 4206 qui
2157 4135 2344 4201 aiunt,
2370 4135 2525 4203 quod
2560 4139 2906 4207 assumptus
2937 4135 3207 4191 Christus
3243 4136 3299 4188 in
3334 4136 3458 4191 sole
3492 4138 3688 4207 posuit

2024 4240 2198 4280 suum
2230 4240 2467 4296 corpus,
2499 4229 2555 4279 et
2606 4230 2756 4279 Deus
2804 4224 3000 4278 nudus
3050 4224 3316 4279 ascendit
3349 4241 3360 4277 :
3397 4224 3452 4278 id
3487 4227 3684 4280 autem

2023 4313 2204 4369 stulte
2235 4315 2486 4385 probant
2534 4313 2883 4369 auctoritate
2938 4312 3110 4367 David
3146 4313 3397 4368 dicentis
3433 4330 3445 4368 :
3483 4315 3546 4369 In
3574 4316 3688 4369 sole

2018 4403 2205 4474 posuit
2252 4403 2675 4457 tabernaculum
2727 4418 2888 4456 suum
2910 4402 2975 4457 ⁸ο.
3008 4402 3233 4465 Quibus
3286 4419 3391 4457 nos
3442 4419 3683 4475 respon-

2029 4492 2237 4546 demus
2270 4509 2282 4547 :
2316 4490 2359 4547 Ο
2390 4491 2605 4558 insani,
2639 4496 2697 4547 et
2719 4491 2891 4546 vani!
2930 4507 3041 4545 non
3094 4490 3351 4562 appellat
3401 4491 3689 4563 PrOpheta

260 4583 434 4635 metsi
476 4578 726 4634 insanus
772 4576 1109 4633 Eutolmius
1159 4576 1267 4633 hoc
1318 4593 1500 4632 ausus
1549 4585 1636 4633 est
1683 4578 1913 4650 nugari,
1942 4590 1988 4654 Β
2021 4577 2464 4634 tabernaculum
2499 4578 2639 4634 solis
2664 4595 2900 4634 carnem
2933 4596 2965 4634 a
2995 4579 3184 4635 Verbo
3218 4579 3320 4635 Dei
3351 4585 3684 4652 sumptam;

258 4667 361 4741 qui
411 4684 525 4724 non
576 4666 771 4724 solum
802 4682 836 4722 a
864 4665 1085 4722 sanctis
1125 4666 1466 4722 doctoribus
1518 4666 1914 4738 redarguitur,

259 4757 364 4813 sed
395 4757 467 4812 ab
499 4756 629 4828 ipsa
659 4760 871 4812 natura
899 4756 958 4811 et
987 4755 1429 4828 consequentia.

331 4845 411 4901 De
450 4844 858 4901 lncarnatione
885 4858 1019 4899 vero
1050 4844 1401 4899 confitemur
1431 4843 1749 4899 Dominum
1783 4859 1919 4898 nos-

256 4939 418 4990 trum
465 4934 673 4991 Jesum
721 4932 1019 4990 Christum
1068 4949 1256 4989 unum
1309 4950 1378 4989 ex
1424 4933 1700 5000 indivisa,
1744 4937 1918 5004 atque

260 5024 570 5079 inconfusa
598 5022 880 5078 Trinitate
912 5023 1063 5078 duas
1095 5027 1425 5093 naturas,et
1449 5024 1595 5078 duas
1626 5022 1918 5093 energies,

263 5113 530 5185 duasque
579 5110 879 5169 naturales
922 5111 1255 5168 voluntates
1307 5113 1542 5183 habere,
1575 5118 1633 5167 et
1678 5111 1920 5166 Mariam

263 5202 583 5274 Virginem,
614 5219 739 5274 quae
790 5218 926 5257 eum
978 5203 1226 5273 peperit,
1264 5201 1519 5274 proprie,
1552 5207 1608 5257 et
1657 5217 1787 5256 vere
1820 5199 1921 5255 Dei

262 5297 508 5348 matrem
536 5307 703 5361 esse;
736 5307 927 5362 neque
957 5291 1112 5347 690
1145 5308 1315 5363 posse
1366 5291 1644 5363 explicari
1675 5291 1917 5347 modum

264 5380 691 5439 lncarnationis
746 5385 953 5451 praeter
995 5380 1101 5437 hoc
1132 5380 1348 5451 solum,
1383 5381 1541 5452 quod
1590 5397 1659 5437 ex
1688 5380 1923 5453 Virgine

262 5475 437 5528 natus
468 5474 556 5527 est
589 5484 693 5541 per
713 5467 997 5541 Spiritum
1033 5475 1342 5540 sanctum;
1374 5469 1540 5526 Pater
1570 5469 1727 5526 enim
1760 5469 1924 5527 misit

2027 4684 2156 4739 quae
2188 4685 2322 4723 cum
2373 4668 2500 4739 ipso
2551 4667 2692 4722 Filio
2746 4668 2845 4723 Dei
2897 4668 2955 4723 in
3007 4668 3222 4724 crnlum
3268 4670 3553 4738 ascendit,
3585 4669 3687 4725 sed

2029 4758 2223 4829 potius
2245 4758 2691 4813 tabernaculum
2718 4757 2860 4813 solis
2885 4754 3145 4830 appeilat
3167 4758 3511 4830 speciem,et
3542 4775 3688 4831 qua-

2026 4847 2252 4903 litatem
2288 4845 2447 4903 orbis
2498 4846 2732 4915 solaris,
2766 4846 2823 4902 id
2859 4851 2969 4915 est,
3002 4848 3223 4914 lumen,
3273 4850 3428 4920 quod
3479 4852 3689 4919 quarto

2030 4937 2125 4993 die
2146 4936 2302 4992 Deus
2327 4937 2533 4991 mundi
2571 4936 2887 4992 labricator
2920 4937 2979 4993 in
3010 4954 3076 4993 eo
3110 4938 3308 5010 posuit
3340 4954 3353 4994 :
3389 4954 3503 4992 non
3534 4937 3689 4992 enim

2032 5024 2318 5097 Propheta
2366 5025 2717 5096 loquebatur
2766 5026 2858 5080 hic
2906 5027 2977 5080 de
3030 5025 3456 5097 assumptione,
3490 5026 3591 5081 sed
3619 5027 3691 5082 de

2031 5116 2319 5170 creaturis
2345 5115 2467 5183 Dei,
2488 5116 2985 5185 quemadmodum
3013 5120 3291 5187 perpetuo
3316 5114 3558 5185 gloriam
3593 5114 3695 5172 Dei

2033 5208 2294 5260 narrent.
2328 5208 2540 5260 Postea
2560 5219 2690 5259 vero
2714 5204 2906 5257 vcniet
2927 5203 2987 5257 in
3012 5202 3333 5259 novissimo
3376 5202 3468 5259 die
3500 5219 3692 5260 resur-

2029 5294 2306 5349 rectionis
2330 5292 2867 5363 omnium,quando
2901 5292 3039 5347 tuba
3069 5296 3241 5348 canet
3272 5309 3486 5365 magno
3523 5292 3689 5349 clan-

2031 5388 2254 5456 gore,et
2275 5388 2553 5453 tanquam
2582 5398 2653 5437 ex
2678 5397 2883 5436 somno
2910 5387 3155 5453 surgent
3177 5398 3404 5451 omnes,
3427 5386 3484 5439 et
3513 5382 3699 5439 aderit

2029 5472 2217 5529 Judex
2249 5472 2587 5528 animarum
2613 5471 2914 5541 justorum
2947 5476 3006 5527 et
3036 5471 3560 5543 peccatorum,sive
3591 5472 3698 5528 ad-

334 5692 380 5728 ’⁸⁸
407 5691 577 5749 Joan.
608 5706 703 5760 xx,
737 5686 827 5743 27.
905 5688 950 5723 7°
978 5690 1302 5762 Marc.'xv1,
1338 5688 1446 5760 19;
1479 5691 1605 5748 Act.
1639 5705 1681 5761 ι,
1711 5690 1768 5752 9.
1843 5690 1889 5727 ⁸ο
1918 5690 2072 5748 Psal.
2105 5708 2267 5759 xvm,
2298 5691 2353 5745 6.
