4124 6366
378 308 496 368 839
1319 308 1714 368 APPENDIX
1762 307 2084 368 OPEltUM
2134 310 2198 368 S.
2250 309 2535 371 BASILlI
2583 313 2854 373 MAGNI.
3691 327 3820 391 840

379 455 514 514 erga
547 439 848 496 veritatem
883 441 1099 512 affecti,
1133 441 1202 496 de
1233 440 1307 494 iis
1339 455 1465 512 qua:
1498 439 1780 495 dicuntur
1799 438 2095 510 judicium
2127 439 2357 500 feratis.
2401 443 2625 499 Etenim
2654 445 2724 500 ad
2758 445 3010 503 solidam
3041 450 3318 508 veritatis‘
3340 456 3735 527 cognitionem
3757 465 3821 517 et

378 530 861 602 dijudicationem
894 529 1213 602 plurimum
1248 530 1404 586 facit.
1441 529 1488 584 si
1523 529 1656 602 quis
1686 528 1878 601 ipsius
1909 528 2174 585 veritatis
2205 537 2488 603 tanquam
2524 534 2846 590 domestica
2879 536 3282 597 familiaritate
3321 543 3663 603 delectetur.

447 621 499 674 3.
537 620 817 675 Praeterea
835 635 1219 690 rogamus,ne
1245 619 1412 674 nobis
1436 617 1850 690 indignemini,
1873 618 2028 689 quod
2060 645 2075 685 λ

2189 621 2270 711 .3.
2333 621 2476 688 Πρὸς
2507 618 2825 711 δήλτούτοις
3005 623 3135 699 μηδ’
3168 631 3306 702 ἡμῖν
3341 631 3723 711 χαλεπαίνειν,
3758 638 3812 693 εἷ

376 725 566 781 neque
598 709 805 777 fastus,
838 723 1028 778 neque
1071 711 1264 762 metus
1313 707 1600 762 rationem
1635 706 1818 761 ullam
1851 707 2000 761 habe

2185 704 2311 782 Ξφου
2347 709 2444 781 μὶν
2472 707 2849 782 ἀμελήσαντες
2877 713 2968 768 καὶ
3001 711 3196 792 φόϐου,
3239 704 3451 788 τῆς-*δὲ
3498 704 3813 800 παραυτίκα

377 815 531 868 mus,
565 798 666 854 sed
715 798 874 852 omni
925 796 1234 867 temporali
1285 797 1482 868 gratia:
1526 801 1580 851 et
1613 794 2005 867 tranquillitat

2187 796 2369 871 ἀριτος
2399 798 2489 852 καὶ
2523 798 2822 876 ἀσφαλείας
2854 803 2957 870 τήν
2983 803 3117 881 ὑπὲρ
3138 811 3248 861 τῶν
3277 794 3597 881 μελλόντων
3623 811 3812 871 ὰδνειειν

375 886 534 941 illam
570 887 846 941 ﬁduciam
900 885 1082 940 animi
1116 885 1397 957 intrepidi
1451 885 1870 957 praeponimus,
1902 901 2003 955 qua

2184 889 2578 963 ροτιμήσαντες
2613 933 2627 958 ,
2694 890 2783 944 καὶ
2862 893 3044 964 πάσης
3119 895 3358 972 ἐπιγείου
3433 905 3807 969 κακοπαθείας

375 981 610 1048 propter
657 976 920 1030 futurum
969 981 1186 1030 statum
1238 991 1416 1046 penes
1449 976 1651 1031 ﬁdeles
1700 979 1812 1044 est,
1842 979 1900 1029 et
1930 974 2003 1029 ill:

2177 979 2369 1063 ανατου
2408 999 2466 1032 τε
2521 981 2864 1056 προσκαίρου
2925 979 3305 1063 φοϐερωτέραν
3363 991 3464 1058 τήν
3510 993 3648 1048 κατὰ
3692 999 3805 1050 τῶν

374 1066 547 1136 mala,
582 1081 707 1137 qua:
742 1070 894 1120 Deus
925 1065 1128 1136 impiis
1159 1070 1320 1120 certo
1352 1065 1640 1133 minatur,
1672 1066 1863 1137 magis
1895 1080 1996 1118 een

2180 1061 2349 1153 σεϐᾦν
2394 1067 2701 1141 ὡρισμένην
2760 1069 2994 1142 ἀπειλήν
3047 1075 3181 1129 εἶναι
3211 1061 3508 1153 κρίναντες
3538 1124 3552 1152 ,
3599 1085 3808 1147 παντὸς

368 1170 566 1209 scmus
615 1155 900 1221 timenda,
934 1169 1110 1226 quam
1146 1152 1470 1225 quamlibet
1510 1158 1802 1208 terrenam
1843 1153 1996 1209 afﬁic

2173 1152 2592 1229 πικαλύμματος
2663 1160 2878 1234 γυμνὴν
2942 1152 3275 1238 ἐκτιθέμεθα
3329 1168 3430 1236 τὴν
3511 1169 3801 1241 ἀλήθειαν.

364 1243 609 1314 tionem,
631 1242 944 1315 ipsamque
966 1244 1109 1298 adeo
1131 1242 1514 1313 temporalem
1547 1249 1791 1297 mortem
1818 1262 1831 1311 ;
1864 1247 1923 1297 et
1943 1242 1990 1297 si

2173 1242 2274 1299 ’ὅτε
2314 1245 2441 1320 γὰρ,
2503 1249 2641 1302 κατά
2695 1249 2788 1303 τὸν
2840 1250 3181 1308 Ἀπόστολον
3213 1254 3405 1325 εἰπεῖν,
3452 1255 3574 1328 ἄξια
3601 1260 3669 1315 τὰ
3693 1283 3801 1316 πα-

366 1331 556 1403 ipsam
586 1333 893 1387 veritatem
945 1332 1106 1387 omni
1152 1332 1436 1387 velamine
1483 1333 1822 1387 destitutam
1858 1348 1994 1403 expo

2170 1335 2355 1406 ἤματα
2441 1339 2538 1389 τοῦ
2623 1340 2716 1392 νῦν
2800 1344 2994 1413 καιροῦ
3078 1343 3216 1414 πρὸς
3299 1345 3398 1414 τήν
3487 1344 3796 1419 μέλλουσαν

367 1421 585 1475 nimus.
619 1423 806 1494 Neque
831 1422 1000 1487 enim,
1030 1426 1093 1474 ut
1124 1436 1254 1475 cum
1289 1421 1565 1492 Apostolo
1588 1421 1812 1491 loquar,
1843 1421 1995 1491 digna

2163 1421 2612 1488 ιποκαλόπτεσθαι
2697 1423 2877 1499 δόξαν.
2962 1426 3092 1486 Οὐδ’
3180 1433 3207 1485 ὁ
3287 1431 3507 1506 σύμπας
3589 1437 3791 1509 κόσμος

362 1519 490 1565 sunt
537 1511 864 1579 afﬂictiones
912 1513 1202 1581 praesentis
1259 1511 1450 1565 saeculi
1495 1510 1565 1565 ad
1611 1527 1731 1566 eam
1789 1512 1990 1581 gloria:

2163 1510 2269 1586 πρὸς
2325 1509 2622 1567 ἀπόλαυσιν
2657 1515 2734 1586 (1)
2763 1515 2854 1568 καὶ
2887 1513 3225 1586 δεσποτείαν,
3260 1518 3559 1596 ίσόῤῥοπον
3591 1522 3791 1578 ἀντάλ-

360 1615 481 1671 (Ιαω
514 1599 819 1671 aliquando
849 1599 1274 1655 revelabitur"
1309 1599 1509 1670 Neque
1541 1616 1682 1654 sane
1713 1600 1988 1654 universu

2159 1621 2318 1675 .αγμα
2345 1607 2448 1669 τῆς
2480 1598 2618 1664 ἰδίας
2652 1602 2881 1656 ἑκάστου
2913 1607 3120 1680 ψυχῆς,
3154 1607 3304 1663 πολὺ
3355 1611 3477 1664 καθ’
3535 1612 3787 1686 ἑκάτερον

361 1687 455 1742 hic
488 1689 747 1743 mundus
796 1688 1012 1758 dignus
1062 1691 1170 1758 est,
1201 1689 1302 1759 qui
1351 1689 1688 1744 conferatur
1735 1701 1868 1744 cum
1923 1688 1983 1743 ill

2169 1686 2432 1744 πόλαυσίν
2464 1710 2524 1744 τε
2551 1691 2640 1745 καὶ
2671 1691 2899 1747 κόλασιν
2937 1689 3396 1771 ὑπερϐαλλόντων
3448 1700 3516 1755 τὰ
3543 1702 3793 1777 παρόντα

358 1778 664 1833 commodo
695 1781 754 1833 et
800 1777 1082 1844 dominio,
1117 1794 1245 1849 quas
1277 1781 1561 1849 tanquam
1596 1794 1823 1848 mquam
1859 1794 1986 1833 com

1139 1794 1245 1849 [uae
1277 1781 1561 1849 tanquam
1596 1794 1823 1848 mquam
1859 1794 2018 1833 com-
2125 1781 2234 1831 τῶν
2266 1776 2767 1852 προσδοκωμένων.

357 1866 760 1939 pensationem
795 1866 1031 1938 propria
1063 1866 1534 1939 uniuscujusque
1579 1868 1777 1922 anima
1809 1868 2054 1939 accipiet
2086 1883 2099 1922 :
2129 1884 2261 1923 cum
2296 1869 2369 1924 ab
2414 1869 2488 1925 ii
2540 1887 2668 1942 quae
2720 1871 2998 1945 utrinque
3040 1878 3434 1948 exspectanda
3463 1883 3627 1952 sunt,
3657 1884 3787 1938 tum

358 1957 548 2028 quoad
585 1956 844 2028 prmmia,
878 1961 1004 2012 tum
1039 1957 1228 2028 quoad
1265 1973 1518 2029 pzenam,
1552 1955 1724 2028 longe
1755 1957 2065 2029 praesentia
2097 1962 2473 2030 superentur.

425 2046 476 2100 Ιι.
510 2046 621 2101 Sed
657 2063 749 2109 ne,
785 2046 923 2100 dum
957 2045 1118 2101 hisce
1148 2045 1371 2102 diutius
1403 2048 1568 2117 justo
1603 2047 2010 2115 immoramur,
2046 2060 2053 2125 }

2194 2049 2248 2103 4.
2283 2044 2444 2102 Ἀλλ’
2480 2046 2573 2102 ’ἶνα
2619 2069 2681 2124 γε
2711 2049 2787 2122 μὴ
2818 2049 3038 2114 τούτοις
3071 2049 3160 2106 ἐπὶ
3189 2051 3383 2110 πλεῖον
3415 2053 3777 2135 ἔνδιατρίϐον·

351 2151 684 2192 sermonem
710 2133 961 2190 nimium
989 2136 1408 2206 producamus,
1433 2137 1503 2191 ad
1529 2137 1721 2208 ipsam
1747 2153 1853 2192 nos
1878 2153 1979 2192 con

2159 2154 2234 2204 ες,
2266 2137 2404 2211 πέρα
2541 2141 2639 2193 τοῦ
2691 2137 2892 2214 μέτρου
2928 2139 3258 2216 μηκύνωμεν
3307 2142 3400 2199 τὸν
3452 2133 3640 2223 λόγον,
3703 2148 3787 2204 ἐπ’

351 2224 635 2280 vertimus
687 2223 821 2278 ﬁdei
872 2225 1326 2294 confessionem,
1359 2240 1429 2280 ex
1477 2242 1594 2298 qua
1641 2226 1736 2294 iis,
1779 2224 1880 2297 qui
1915 2242 1979 2280 nc

2156 2224 2290 2314 ότὴν
2321 2223 2430 2314 ἤδη
2470 2227 2800 2302 τρεψώμεθα
2849 2235 2948 2299 τῆς
3002 2228 3238 2297 πίστεως
3291 2234 3392 2302 τὴν
3456 2234 3782 2314 ὁμολογίαν,

350 2318 531 2369 stram
565 2312 746 2368 velint
785 2313 935 2368 scire
965 2313 1346 2383 sententiam,
1384 2319 1720 2386 promptum
1754 2317 1811 2369 et
1839 2331 1978 2386 expc

2155 2313 2265 2384 ξῆς
2296 2313 2542 2389 εὐμαρὴς
2586 2315 2677 2370 καὶ
2729 2314 2888 2392 ῥᾳδία
2933 2318 3136 2393 γένοιτ’
3175 2319 3237 2376 ἂν
3267 2327 3384 2386 τοῖς
3423 2311 3783 2399 βουλομένοις

351 2403 537 2458 ditum
562 2402 673 2456 erit
692 2418 820 2457 eam
851 2418 1188 2474 agnoscere.
1215 2402 1626 2459 Necessarium
1650 2407 1846 2460 autem
1871 2420 1979 2475 quo

2153 2406 2218 2468 ἧς
2293 2403 2566 2480 ἡμετέρας
2629 2405 2860 2480 γνώμης
2937 2409 3285 2480 κατανόησις.
3348 2413 3665 2490 Ἀναγκαῖον
3723 2413 3781 2472 δὶ

350 2509 465 2564 que
497 2492 763 2548 fortassis
789 2492 965 2548 fuerit
989 2493 1298 2566 nobis,qui
1333 2496 1405 2549 de
1437 2494 1599 2549 hisce
1629 2495 1805 2550 rebus
1835 2494 1978 2549 verba

2148 2512 2250 2556 πως
2272 2491 2401 2554 τοὺς
2429 2493 2554 2567 περὶ
2578 2493 2789 2550 τούτων
2820 2493 3023 2571 λόγους
3069 2501 3452 2574 ποιουμένους,
3483 2501 3573 2558 καί
3612 2503 3776 2579 δόξης

349 2581 621 2649 facimus,
666 2587 724 2638 et
773 2583 1019 2654 propriae
1071 2583 1373 2638 sententiae
1429 2584 1714 2639 rationem
1767 2584 1977 2638 reddes

2141 2579 2319 2644 »ῗκείας
2377 2582 2599 2645 εὐθύνας
2661 2583 2968 2660 ὑπίχοντας
3007 2633 3020 2657 ,
3081 2591 3160 2662 μὴ
3205 2595 3325 2653 ταῖς
3379 2597 3488 2647 τῶν
3543 2592 3769 2650 πολλῶν

349 2675 640 2737 tenemur,
675 2686 746 2726 ne
777 2675 998 2726 temere
1029 2672 1210 2726 semel
1259 2670 1661 2727 multitudinis
1688 2689 1796 2727 nos
1827 2673 1973 2728 deda

2141 2669 2341 2742 ιμελῶς
2370 2670 2593 2735 ἑαυτοὺς
2623 2674 2703 2743 (3)
2735 2671 3002 2731 ἐκδιδόναι
3054 2679 3324 2753 γνώμαις,
3372 2682 3474 2750 τήν
3524 2678 3582 2736 δὲ
3637 2703 3769 2757 κρα-

348 2776 482 2816 mus
514 2759 931 2831 opinionibus;
965 2761 1065 2815 sed
1100 2765 1168 2815 ut
1210 2761 1366 2832 piam
1401 2760 1561 2815 illam
1605 2761 1976 2817 traditionem

2141 2763 2312 2814 ὀὖσαν
2345 2762 2425 2834 (4)
2484 2758 2684 2825 ἄνωθεν
2739 2762 2798 2818 ἐκ
2842 2768 2950 2819 τῶν
3002 2767 3254 2841 Πατέρων
3302 2764 3494 2834 εὐσεϐῆ
3525 2768 3769 2845 παράδο-

346 2867 474 2923 quze
509 2856 658 2904 retro
707 2849 1018 2921 cogitando
1067 2849 1203 2904 inde
1237 2866 1269 2904 a
1302 2849 1572 2905 Patribus
1619 2867 1805 2922 usque
1853 2850 1972 2905 obti

2129 2869 2218 2919 rw,
2253 2849 2432 2924 ὥσπερ
2486 2851 2606 2904 τινὰ
2649 2850 2908 2926 γνώμονα
2954 2856 3029 2926 (5)
3075 2857 3166 2908 καί
3222 2855 3422 2910 κανόνα
3445 2859 3757 2929 προεκτιθε-

345 2939 494 3006 nuit,
522 2937 680 2994 velut
701 2939 1020 3010 quamdam
1049 2949 1140 2993 am
1155 2939 1338 2993 ussim
1363 2955 1428 2993 ac
1458 2938 1715 3010 regulam
1746 2940 1968 3010 pramit

2127 2937 2338 3011 μένους,
2401 2934 2615 3013 ἀκριϐεῖ
2667 2939 2844 3013 τούτῳ
2885 2948 3191 3018 συγχωρεῖν
3221 2946 3458 3020 χρῆσθαι
3485 2944 3755 3021 κριτηρίῳ

341 3033 561 3096 tamus,
593 3031 770 3099 atque
808 3043 877 3083 ea
897 3026 1105 3084 deinde
1154 3043 1254 3084 ceu
1307 3032 1510 3083 exacta
1549 3028 1760 3100 judicii
1796 3044 1961 3083 norm

1557 3028 1760 3100 judicii
1796 3044 2003 3084 norma
2111 3028 2246 3103 πρὸς
2273 3029 2373 3097 τὴν
2404 3033 2514 3084 τῶν
2548 3026 2859 3105 λεγομενων
2897 3029 3185 3090 ἐπίκοισιν.

342 3118 426 3174 uti
461 3116 647 3173 cuivis
677 3117 1090 3189 permittamus
1121 3117 1191 3172 ad
1219 3131 1417 3172 eorum
1446 3134 1576 3188 quae
1607 3117 1889 3172 dicuntur
1917 3118 2004 3172 di-

336 3207 794 3277 judicationem.

407 3295 463 3349 5.
498 3295 801 3351 Credimus
834 3296 893 3350 in
938 3311 1116 3350 unum
1168 3299 1364 3360 Deum,
1398 3296 1622 3351 Patrem
1649 3296 1997 3367 omnipoten-

2174 3299 2229 3353 5.
2302 3295 2632 3370 Πιστεόομεν
2703 3300 2780 3372 (6)
2861 3314 2938 3361 εις
2999 3293 3090 3353 ἕνα
3142 3299 3295 3366 Θεὸν,
3353 3295 3565 3373 Πατίρα
3619 3317 3758 3352 παν-

336 3391 466 3449 tem,
497 3399 570 3438 ex
597 3398 700 3454 quo
728 3392 857 3438 sunt
887 3384 1096 3439 omnia.
1133 3383 1198 3439 Et
1228 3386 1287 3438 in
1321 3400 1496 3439 unum
1526 3387 1880 3453 unigenitum
1909 3387 1964 3439 F1

2127 3385 2428 3461 τοκράτορα,
2463 3385 2513 3459 ἐξ
2555 3385 2617 3441 οὗ
2672 3387 2738 3441 τὰ
2793 3386 2984 3444 πάντα.
3045 3388 3144 3442 Καὶ
3203 3387 3279 3450 εἷς
3335 3384 3428 3442 ἕνα
3487 3391 3755 3462 μονογενῆ

337 3473 474 3527 lium
510 3473 628 3539 Dei,
662 3473 832 3527 Deum
887 3474 1138 3542 Verbum,
1173 3474 1467 3529 Dominum
1517 3479 1767 3529 nostrum
1813 3475 1965 3530 lesun

2129 3445 2228 3530 ’ἱὸν
2286 3438 2385 3529 “curii
2415 3438 2596 3544 ,GEO'S,
2631 3476 2758 3531 Θεὸν
2791 3476 2988 3551 Λόγον,
3035 3477 3128 3530 τὸν
3164 3438 3362 3551 Κύριον
3423 3438 3584 3548 ἡμῶν
3640 3438 3757 3545 ⁸Ἰτλέ

335 3560 632 3627 Christum,
661 3575 762 3631 per
800 3576 958 3632 quem
985 3569 1116 3616 sunt
1149 3563 1355 3616 omnia.
1406 3563 1471 3616 Et
1521 3564 1580 3616 in
1609 3578 1784 3617 unum
1813 3564 1963 3634 Spiri

2127 3568 2228 3619 roiiv
2263 3564 2516 3640 Χριστὸν⁶
2548 3561 2618 3618 δι’
2671 3565 2732 3618 οὗ
2788 3564 2854 3619 τὰ
2910 3566 3101 3621 πάντα.
3153 3564 3260 3620 Καὶ
3292 3563 3370 3626 εἰς
3423 3561 3478 3619 ἓν
3530 3568 3755 3637 Πνεῦμα

331 3657 446 3705 tum
497 3653 752 3706 sanctum
796 3651 1167 3718 Paraeletum,
1201 3651 1264 3706 in
1315 3666 1418 3722 quo
1465 3652 1741 3708 universae
1786 3654 1959 3722 gratia

2121 3656 2266 3729 Ξγιον,
2296 3653 2388 3708 τὸν
2421 3653 2802 3730 Παράκλητον,
2838 3653 2889 3708 ἐν
2935 3656 2980 3727 ᾧ
3009 3655 3186 3724 πάσης
3235 3655 3466 3729 χάριτος
3511 3651 3749 3726 διανομὴ

328 3738 649 3795 distributio
699 3740 866 3812 juxta
913 3741 1320 3811 praportionem
1377 3745 1541 3811 prout
1591 3741 1808 3812 expedit
1851 3744 1956 3796 uni

2125 3742 2230 3796 uti
2255 3742 2354 3810 τὴν
2385 3742 2724 3820 συμμετρίαν
2754 3743 2890 3818 πρὸς
2908 3743 2970 3798 τὸ
3002 3744 3275 3822 συμφέρον
3300 3743 3510 3814 ἑκάστῳ
3541 3739 3753 3797 δίδοται

327 3831 524 3898 cuique
551 3829 721 3883 datur
748 3833 1096 3883 sanctorum.

794 3833 1074 3883 motarum
1085 3870 1096 3882 .
2095 3836 2202 3886 τῶν
2236 3831 2399 3907 ἁγίων
2410 3874 2422 3888 .

398 3918 452 3971 6.
489 3917 618 3972 Haec
650 3915 827 3986 igitur
856 3922 942 3972 est
977 3917 1078 3972 illa
1100 3915 1427 3990 simplicior
1447 3917 1759 3985 confessio,
1780 3923 1837 3974 et
1866 3935 1986 3974 om-

2165 3923 2218 3978 6.
2278 3921 2340 3977 Ἡ
2405 3920 2500 3994 μὲν
2588 3919 2678 3975 οὖν
2755 3919 3100 3996 ἁπλουστέρα
3156 3919 3247 3976 καὶ
3303 3921 3466 3990 κοικῆ
3528 3917 3751 3974 πάντων

331 4005 518 4073 nium,
553 4006 1000 4078 quibuscunque
1033 4006 1144 4062 hoc
1173 4022 1328 4062 curae
1357 4011 1445 4062 est
1475 4007 1868 4063 utvideantur
1898 4025 1959 4064 ve

2127 4010 2295 4082 πίστις,
2329 4006 2475 4073 ὅσοις
2507 4011 2568 4064 τὸ
2601 4008 2780 4066 δοκεῖν
2814 4013 2850 4082 ἢ
2896 4011 2962 4067 τὸ
2993 4012 3126 4066 εἶναι
3157 4013 3500 4082 Χριστιανοῖς
3561 4007 3755 4080 ἐπιμε-

331 4093 449 4150 sint
477 4094 822 4161 Christiani,
856 4094 1192 4150 communis
1224 4094 1391 4165 ﬁdes,
1425 4099 1492 4149 ut
1543 4097 1888 4167 compendio
1919 4114 1959 4152 an

2127 4098 2211 4171 ὶς,
2243 4100 2318 4161 ὡς
2351 4097 2403 4152 ἐν
2450 4096 2726 4174 ἐπιδρομῇ
2778 4096 3315 4178 κεφαλαιωδίπερον
3350 4099 3542 4166 εἰπεῖν,
3589 4096 3755 4166 αὕτη,

325 4183 662 4257 generalius
676 4184 1458 4256 aliquantodicam,omissis
1472 4185 1696 4240 caeteris
1709 4202 1953 4256 quorum

2134 4189 2438 4260 ειπομὲνων
2473 4186 2550 4244 ἔτι
2581 4193 2689 4244 τῶν
2721 4186 3006 4265 δευτέρων,
3039 4189 3113 4242 ὦν
3169 4185 3258 4242 διὰ
3305 4187 3369 4242 τὸ
3401 4187 3539 4250 τᾶως
3578 4187 3756 4258 ἀναμ-

325 4273 462 4345 quia
500 4274 695 4329 adhuc
745 4278 908 4329 extra
955 4273 1414 4329 controversiam
1464 4279 1790 4346 versantur,
1827 4293 1953 4331 men

2127 4271 2432 4346 ιισϐήτητον
2491 4280 2570 4351 (7)
2625 4275 2915 4351 παρέλκειν
2991 4275 3276 4353 ἡγούμεθα
3343 4276 3442 4344 τήν
3504 4276 3755 4348 μνήμην.

326 4363 542 4418 tionem
579 4364 765 4419 facere
815 4363 1179 4434 superﬂuum
1223 4362 1585 4433 judicamus.
1621 4364 1739 4421 Nos
1768 4381 1902 4420 vero
1934 4383 1954 4421 ε

2129 4369 2277 4439 ipsi:
2329 4363 2375 4420 δ’
2417 4366 2462 4420 εί
2516 4366 2614 4440 μὲν
2663 4367 2920 4443 ἑωρῶμεν
2972 4365 3264 4442 ἐπάναγκες
3301 4365 3588 4426 εἶναιτοῖς
3615 4364 3757 4435 ἅπαξ

322 4452 560 4523 quidem
592 4452 928 4508 videremus
979 4453 1306 4508 necessario
1338 4452 1681 4509 incumbere
1711 4453 1848 4522 illis,
1884 4473 1950 4526 qu

2128 4455 2185 4518 ὰς
2251 4456 2428 4529 φωνὰς
2499 4454 2987 4531 παραδεξαμένοις,
3059 4454 3470 4530 ἀπαράτρεπτον
3535 4449 3756 4508 συνδια-

323 4540 504 4597 semel
538 4541 699 4614 ipsas
729 4558 898 4598 voces
933 4547 1090 4598 ratas
1113 4542 1467 4610 habuerunt,
1494 4548 1551 4598 et
1572 4560 1689 4599 una
1711 4560 1841 4599 cum
1878 4563 1951 4600 no

2131 4545 2282 4613 ώζειν
2336 4550 2453 4607 τοῖς
2510 4545 2741 4619 ὀνόμασι
2806 4547 2906 4614 τήν
2967 4543 3146 4614 ἀληθῆ
3209 4541 3485 4612 διάνοιαν,
3540 4543 3575 4611 ἢ
3623 4540 3759 4604 τοὺς

323 4629 586 4686 minibus
617 4647 815 4686 verum
851 4648 1088 4704 quoque
1136 4648 1378 4688 sensum
1431 4631 1794 4688 indivulsum
1827 4639 1951 4690 tene

2135 4638 2238 4706 μᾶς
2269 4629 2517 4698 ἀσεϐείας
2563 4635 2773 4714 γραφὴν
2827 4634 3210 4709 γραψαμένους
3273 4632 3412 4705 μετὰ
3466 4633 3566 4701 τὴν
3607 4631 3757 4704 ὁμο-

393 4801 440 4838 “
471 4802 634 4859 Rom.
668 4819 793 4870 VIII,
827 4804 914 4859 18.

393 4990 524 5068 (99)-
540 4990 814 5068 Basilius,
849 5007 983 5064 pag.
1013 4991 1140 5046 211.
1165 5062 1178 5068 _
1249 5058 1284 5068 Α
2011 4999 2058 5064 D
2094 4995 2242 5052 terre
2275 4994 2610 5068 symbolum
2640 4995 2797 5067 quod
2836 4997 3025 5052 exstat
3053 4994 3348 5052 Constitui.
3380 4993 3615 5065 apostol.
3649 5010 3757 5062 vn,

398 5058 590 5134 (1)'lta
621 5058 983 5120 rectius-ms.
1019 5081 1122 5134 pro
1159 5058 1511 5134 6nd).uucw._
2011 5058 2048 5064 ””
2096 5069 2182 5123 41.

396 5132 601 5216 (2)..8ἱο
633 5152 744 5192 ms.
801 5132 1192 5208 Lindenbrog.
1242 5151 1345 5206 pro
1375 5132 1539 5209 παρά,
1573 5137 1726 5205 quod
1759 5137 1983 5194 Caveas
2091 5208 2106 5216 _
2164 5139 2242 5216 (_7)
2276 5142 2362 5216 I_ta
2395 5143 2550 5216 recte
2590 5155 2733 5195 mss.
2785 5134 3209 5216 quatinspexi,
3240 5133 3377 5216 licet
3403 5134 3762 5216 Wbistonus

330 5204 566 5286 οάἓρβις.
721 5277 733 5286 .
821 5277 834 5286 .
929 5276 940 5286 ,
1142 5204 1168 5208 ’
1244 5204 1259 5206 “

2135 5204 2234 5282 agit
2256 5209 2726 5286 γᾷμφισοῄτητον,
2775 5204 2952 5286 νὀιζιίι
2997 5204 3155 5286 enim
3189 5204 3514 5286 i_,0mi_tliug
3543 5215 3600 5262 at
3626 5224 3763 5286 pre-

399 5277 472 5346 (3)
505 5277 618 5341 Αι.,
651 5277 737 5330 καὶ
774 5276 997 5338 αὐτούς.

2127 5276 2211 5335 εἴη
2245 5276 2336 5337 the
2363 5276 2686 5339 additional
2711 5276 2937 5339 articles
2982 5278 3159 5334 which
3201 5278 3336 5334 have
3367 5276 3501 5334 been
3527 5276 3755 5335 con—tro—

398 5347 476 5428 (ἑ)
507 5348 947 5428 limitis..st
980 5349 1104 5428 212-
1214 5419 1248 5428 ..
1419 5421 1493 5428 _.
1673 5419 1718 5428 _.
1895 5423 1909 5428 _

2129 5352 2303 5428 ersed.
2337 5353 2448 5409 Sed
2469 5371 2586 5428 per
2611 5354 2680 5409 τὰ
2710 5351 2959 5428 δεύτερα*
2975 5349 3299 5428 Eunomius
3349 5349 3625 5428 intelligit
3655 5367 3757 5428 ca-

400 5419 636 5498 (5)11ac_
676 5419 832 5498 ﬁdei
869 5419 1141 5498 formula
1173 5419 1351 5475 etiam
1398 5421 1604 5498 Arium
1655 5419 1983 5498 alexandro
2095 5423 2219 5495 pita
2263 5419 2588 5495 posteriora
2635 5444 2763 5498 quas
2814 5419 2874 5480 in
2926 5421 3204 5498 Symbolo
3252 5419 3653 5498 sequebantur
3680 5424 3759 5478 de

326 5487 719 5566 gleXandrino
778 5493 978 5550 fucum
1039 5492 1247 5548 fecisse
1314 5496 1479 5548 notat
1535 5492 1790 5549 Basilius
1849 5511 1981 5566 pag.
2095 5487 2527 5553 resurrectione
2554 5503 2612 5554 et
2647 5487 2767 5553 vita
2797 5487 3037 5565 aeterna,
3069 5493 3141 5548 de
3171 5487 3388 5566 quibus
3420 5493 3759 5566 nullaitunc

326 5561 538 5638 21.2.21
1025 5635 1114 5638 A__
1199 5633 1228 5638 λ
1422 5637 1430 5638 ί
1499 5633 1554 5638 __
1603 5636 1609 5638 _
2094 5561 3762 5638 eratcontroversiaEratautem'gravissimadeFilioDei

398 5632 475 5705 (6)
508 5630 781 5706 Basilius,
833 5651 966 5707 pag.
1016 5635 1142 5706 212,
1189 5633 1252 5690 Ο.
1302 5664 1370 5676 ~—
1421 5633 1774 5692 Whistonus
1815 5636 1987 5708 jubet
2093 5644 2150 5696 et
2169 5638 2385 5712 Spiritu
2408 5646 2634 5709 sancto,
2655 5634 2726 5728 de
2745 5640 2963 5713 quibus
2982 5630 3162 5698 verba
3181 5636 3427 5711 symboli
3451 5637 3760 5710 ascripsit.
