4124 6360
344 408 456 470 8H

1417 405 1752 470 EUNOMII
1795 405 2025 466 LIBER
2067 405 2687 468 APOLOGETICUS.

3647 401 3770 467 842

344 539 538 616 λογίαν
590 541 792 611 ταύτην
854 538 1170 615 ἐλευθέρυυς
1224 539 1473 617 ἀφιέντας
1543 542 1649 594 τῶν
1710 537 1993 616 ἔγκλημά-

2110 544 2257 607 rent,
2284 540 2478 612 parive
2528 540 2881 597 necessitate
2912 541 3180 611 oportere
3230 554 3352 604 eos,
3377 538 3478 610 qui
3511 553 3619 594 nos
3651 535 3769 592 im-

344 651 475 702 των,
506 629 907 706 καθαρευούσης
956 629 1131 684 αὑτῶν
1188 635 1289 698 τῆς
1350 626 1590 690 διανοίας
1647 629 1825 699 πάσης
1883 634 2002 691 καθ’

344 723 505 793 ἡμῶν
539 725 780 796 πονηρᾶς
820 719 1101 788 ὑπονοίας,
1132 722 1324 773 τοῦτον
1358 719 1482 793 ὅρον
1539 719 1628 773 καὶ
1680 719 1846 794 πέρας
1890 722 1996 772 τῶν

344 807 500 865 ῒδίων
557 807 617 863 ἂν
669 807 1043 882 ἐποιησάμεθα
1101 807 1304 884 λόγων,
1338 805 1554 886 ἀσφαλῆ
1611 809 1710 878 τὴν
1762 807 1997 882 ἡσυχίαν

345 901 482 972 ἡμῖν
541 896 891 974 ἐγγυωμένης
945 904 1046 966 τῆς
1102 895 1431 972 ὁμολογίας.
1464 893 1686 965 Ἐπειδὴ
1745 893 1802 951 δὲ
1865 899 2003 969 μήτε

347 986 440 1043 διὰ
488 987 778 1042 κακόνοιαν
835 983 872 1056 ἤ
926 1008 1048 1042 τινα
1103 987 1332 1060 γνώμης
1413 986 1726 1061 μοχθηρίαν
1798 984 1999 1060 ἑτέραν,

344 1075 709 1156 παρατρέπειν
767 1073 857 1130 καὶ
911 1072 1237 1151 διαφθείρειν
1315 1074 1414 1142 τὴν
1488 1072 1696 1128 ἔννοιαν
1783 1072 1999 1149 ἐπιχει-

329 1169 554 1240 ροῦσιν,
613 1163 888 1238 αὐτάρκης
947 1162 1084 1238 πρὸς
1138 1162 1399 1217 πίστωσιν
1458 1165 1558 1231 τῆς
1619 1162 1881 1232 ἀληθείας
1914 1162 2000 1235 (ού

346 1254 449 1330 γὰρ
507 1250 566 1308 ἃν
624 1247 930 1315 Σαϐέλλιος
989 1253 1017 1306 ὁ
1066 1247 1249 1324 Λίϐυς,
1281 1250 1370 1306 καὶ
1405 1250 1734 1327 Μάρκελλος
1763 1252 1790 1306 ὁ
1824 1250 1999 1307 Γαλάο

347 1363 465 1412 της,
498 1342 588 1397 καὶ
619 1341 916 1412 Φωτεινὸς,
947 1339 983 1410 ἤ
1013 1362 1097 1403 τις
1123 1339 1293 1405 ἄλλος
1323 1345 1431 1396 τῶν
1459 1343 1558 1410 τήν
1591 1339 1758 1411 αὐτὴν
1785 1340 2003 1406 τούτοις

352 1432 542 1507 μανίαν
579 1429 872 1504 μανέντων,
906 1428 1190 1507 συλλόγων
1238 1431 1525 1506 ἱερατικῶν
1575 1430 1664 1485 καὶ
1713 1430 2002 1492 κοινωνίας

352 1519 687 1595 μυστηρίων,
718 1521 806 1574 καὶ
841 1515 1151 1595 περιϐόλων
1185 1517 1649 1588 έκκλησιαστικῶν
1701 1517 1998 1594 ε’ίργοντο),

351 1611 626 1684 μήθ’-ἡμῖν
645 1609 800 1678 ἱκανὴ
827 1609 964 1683 πρὸς
990 1606 1236 1663 διάλυσιν
1256 1612 1364 1662 τῶν
1382 1608 1780 1683 ἐπενεχθέντων
1803 1608 2002 1684 ἐγκλη-

350 1701 556 1774 μάτων·
589 1696 735 1754 ἀλλὰ
765 1696 847 1752 δεῖ
873 1719 1036 1752 τινων
1067 1693 1462 1774 ἀκριϐεστέρων
1497 1697 1679 1774 λόγων
1713 1698 1850 1773 πρὸς
1894 1699 2001 1768 τὴν

342 1796 442 1859 τῆς
479 1785 718 1850 διανοίας
761 1786 1086 1858 έξάπλωσιν·
1120 1787 1510 1862 πειρασόμεθα,
1545 1789 1620 1851 ὡς
1678 1787 1737 1841 ἂν
1788 1786 1898 1842 οἷοί
1943 1809 2002 1842 τε

2112 629 2346 703 pietatis
2369 634 2741 700 accusarunt,
2763 634 2892 702 post
2915 629 3133 685 editam
3159 628 3312 684 hanc
3334 627 3767 683 confessionem

2110 722 2181 777 ab
2206 719 2510 776 intentatis
2529 720 2874 774 criminibus
2897 736 3136 774 rursum
3162 735 3269 774 nos
3292 715 3616 784 absolvere,
3632 733 3766 788 pur-

2109 813 2242 882 gato
2269 808 2549 864 nimirum
2573 809 2835 880 ipsorum
2863 809 3059 864 animo
3084 809 3156 863 ab
3180 807 3340 863 omni
3364 823 3541 879 prava
3562 809 3768 860 contra

2112 916 2218 955 nos
2257 896 2591 970 suspicione
2626 916 2638 953 :
2673 915 2982 969 possemus
3025 898 3264 969 quidem
3296 896 3608 952 verborum
3660 911 3766 950 no-

2110 993 2367 1044 strorum
2401 987 2602 1042 statim
2639 987 2811 1042 ﬁnem
2850 991 2905 1041 et
2943 987 3262 1042 terminum
3295 987 3390 1042 hic
3423 986 3632 1052 facere,
3665 989 3768 1039 tu-

2110 1081 2236 1132 tum
2261 1077 2412 1132 693
2449 1075 2820 1148 quietemque
2847 1077 3170 1145 spondente
3197 1075 3367 1129 nobis
3397 1075 3600 1129 eadem
3633 1089 3769 1128 con-

2111 1166 2384 1222 fessione.
2419 1165 2628 1222 Verum
2663 1164 2802 1236 quia
2834 1179 3024 1235 neque
3055 1164 3193 1231 illis,
3227 1164 3324 1234 qui
3358 1162 3768 1218 malevolentia

2111 1261 2213 1311 aut
2243 1255 2354 1310 alio
2386 1256 2643 1327 quodam
2675 1255 2813 1310 vitio
2842 1271 3046 1310 verum
3087 1270 3326 1309 sensum
3355 1258 3681 1324 pervertere
3712 1255 3769 1308 et

2109 1361 2484 1418 corrumpere
2515 1348 2826 1411 conantur,
2850 1345 2920 1398 ad
2965 1344 3138 1399 ﬁdem
3175 1343 3402 1398 veritati
3442 1343 3768 1398 faciendam

2109 1434 2332 1489 sufﬁcit
2361 1433 2604 1506 (alioqui
2635 1434 2791 1488 enim
2821 1432 3116 1489 Sabellius
3149 1432 3340 1504 Libys,
3374 1435 3433 1488 et
3461 1431 3768 1486 Marcellus
3833 1468 3838 1473 η

2110 1522 2336 1586 Galata,
2361 1527 2418 1578 et
2447 1522 2754 1588 Photinus,
2779 1525 2880 1582 aut
2912 1521 3228 1594 quisquam
3255 1519 3406 1575 alius
3436 1534 3506 1574 ex
3526 1518 3643 1574 illis
3669 1520 3772 1588 qui

2111 1613 2314 1667 eodem
2347 1628 2480 1666 cum
2521 1611 2670 1682 ipsis
2715 1612 2905 1666 furore
2939 1609 3366 1676 insaniverunt,
3401 1611 3709 1679 propterea
3738 1623 3772 1662 a

2111 1701 2296 1757 sacris
2344 1701 2733 1757 conventibus
2767 1705 2823 1755 et
2861 1699 3280 1771 mysteriorum
3333 1696 3768 1763 communione,

2111 1791 2372 1861 adeoque
2403 1790 2820 1846 ecclesiasticis
2849 1789 3034 1861 septis
3078 1805 3194 1842 non
3247 1785 3632 1856 arcerentur),
3664 1801 3768 1840 ne-

346 1879 492 1952 ὧμεν
552 1877 628 1939 εἷς
679 1876 987 1954 τούμφανὲς
1036 1875 1245 1950 ἀνάγειν
1301 1877 1364 1944 ἣν
1420 1875 1573 1930 αὐτοὶ
1619 1875 1743 1951 περὶ
1791 1875 1993 1930 τούτων

505 1966 516 1981 1
721 1960 745 1981 ,Ι
977 1962 1000 1981 ᾗ
1020 1964 1060 1981 IL
1187 1962 1212 1981 Ἰ
1492 1964 1540 1981 Al
1733 1965 1747 1981 \
1827 1964 1846 1981 κ
1872 1967 1916 1981 11-

2112 1896 2225 1951 que
2256 1880 2427 1936 nobis
2456 1882 2524 1934 ad
2563 1880 2722 1934 illata
2752 1883 2954 1934 contra
2986 1895 3093 1934 nos
3123 1876 3372 1932 crimina
3394 1874 3770 1930 dissolvenda

345 1966 688 2042 νυγχάνομεν
719 1960 940 2041 ἔχοντες
973 1962 1151 2038 δόξαν,
1176 1962 1301 2034 ἤτοι
1326 1964 1663 2040 προτιθέντες
1687 1965 1786 2034 τὴν
1827 1964 1993 2038 λέξιν,

349 2056 443 2119 εἶθ’
471 2054 690 2130 ὕστερον
746 2052 1175 2116 ἐκκαλύπτοντες
1229 2054 1330 2122 τὴν
1387 2051 1618 2125 ἔννοιαν,
1650 2054 1685 2123 ἢ
1727 2055 1817 2108 καὶ
1863 2075 2000 2128 προ-

341 2145 616 2217 κειμέναις
676 2148 794 2205 ταῖς
853 2141 1081 2208 ἐννοίαις
1134 2144 1229 2206 τὰς
1263 2145 1443 2222 φωνὰς
1476 2142 1898 2221 ἐφαρμόζοντες,
1936 2144 1997 2200 οὐ

345 2231 753 2306 λυμαινομένης
781 2236 848 2306 τῇ
883 2230 1111 2304 ἀληθείᾳ
1137 2236 1240 2303 τῆς
1290 2234 1428 2288 κατά
1483 2235 1584 2302 τὴν
1616 2233 1762 2303 τάξιν
1795 2232 1994 2304 ταύτην

342 2319 670 2398 έναλλαγῆς,
701 2320 1016 2398 ἀρκούντων
1047 2319 1262 2391 δηλαδὴ
1289 2327 1396 2376 τῶν
1431 2321 1607 2376 αὐτῶν
1663 2324 1799 2395 ἡμῖν
1859 2323 1996 2397 πρός

339 2431 397 2465 τε
421 2411 520 2478 τήν
550 2411 816 2485 ἡμετέραν
849 2409 1023 2465 αὐτῶν
1055 2409 1384 2486 ἀπολογίαν,
1417 2410 1507 2466 καὶ
1552 2412 1647 2466 τὸν
1695 2416 1802 2465 τῶν
1848 2413 1998 2484 ἡμᾶς

340 2499 705 2573 γραψαμένων
736 2497 988 2576 ἔλεγχον.

2111 1968 2414 2024 sufﬁciens
2445 1967 2622 2024 fuerit
2655 1985 2667 2023 :
2699 1984 2904 2024 verum
2954 1983 3104 2039 opus
3150 1969 3239 2021 est
3286 1963 3766 2034 exquisitioribus

2111 2062 2168 2112 et
2207 2057 2587 2113 solidioribus
2641 2057 2995 2130 quibusdam
3049 2055 3380 2110 rationibus
3431 2054 3503 2108 ad
3554 2069 3768 2108 sensus

2109 2147 2229 2202 veri
2261 2146 2709 2218 explicationem
2743 2171 2757 2203 :
2791 2145 3140 2202 conabimur
3172 2144 3371 2214 itaque
3402 2142 3594 2214 quoad
3628 2158 3766 2212 pos-

2109 2253 2317 2291 sumus
2347 2236 2405 2291 in
2440 2237 2814 2292 manifestam
2863 2235 3054 2290 lucem
3103 2233 3363 2304 proferre
3409 2248 3537 2287 eam
3588 2247 3766 2301 quam

2108 2325 2220 2396 ipsi
2260 2330 2532 2380 tenemus
2593 2325 2755 2380 hisce
2800 2326 2869 2379 de
2919 2323 3096 2378 rebus
3143 2320 3522 2387 sententiam,
3557 2318 3645 2374 vel
3703 2323 3768 2374 ut

2108 2413 2368 2484 primum
2400 2414 2754 2482 infmedium
2801 2413 3115 2469 aﬁ‘eramus
3144 2411 3320 2467 verba
3351 2409 3763 2474 confessionis,

2106 2508 2164 2558 et
2195 2502 2274 2558 ita
2321 2503 2532 2558 deinde
2564 2519 2632 2558 ex
2672 2503 2757 2558 eis
2806 2517 3086 2557 eruamus
3116 2515 3318 2556 verum
3371 2513 3642 2565 sensum;
3675 2496 3765 2552 vel

338 2591 516 2646 etiam
552 2594 616 2644 ut
647 2591 937 2662 prasjactis
969 2589 1280 2646 sententiis
1320 2594 1590 2662 aptemus
1617 2607 1788 2646 voces
1823 2608 1836 2647 :
1869 2606 1985 2646 non
2017 2596 2084 2648 ut
2132 2593 2439 2649 veritatem
2483 2592 2773 2650 convellat
2801 2592 2923 2647 haec
2948 2592 3152 2661 juxsta
3183 2589 3395 2644 seriem
3426 2588 3580 2643 hanc
3611 2604 3644 2642 a
3672 2603 3762 2643 me

337 2677 614 2733 instituta
642 2679 1047 2748 commutatio,
1072 2679 1174 2734 sed
1206 2683 1272 2734 ut
1301 2679 1424 2734 hzec
1455 2679 1586 2751 ipsa
1616 2679 1700 2735 ita
1728 2684 1975 2735 tractata
2004 2681 2075 2735 ad
2111 2685 2430 2753 utrumque
2456 2681 2778 2752 sufﬁciant,
2811 2679 3094 2736 nimirum
3127 2682 3192 2734 ut
3219 2682 3277 2734 et
3303 2679 3567 2732 nostram
3601 2681 3762 2732 tuea-

338 2784 474 2822 mur
502 2765 858 2838 apologiam,
890 2771 948 2822 et
978 2783 1077 2823 eos
1109 2784 1364 2840 quoque,
1399 2769 1499 2838 qui
1533 2785 1639 2824 nos
1671 2773 2047 2840 accusarunt,
2081 2786 2488 2842 coargaamus.

409 2859 460 2908 7.
493 2857 571 2926 (8)
619 2857 715 2917 Εἷς
772 2854 952 2909 τοίνυν
1020 2855 1155 2909 κατά
1205 2875 1263 2910 τε
1319 2857 1550 2933 φυσικὴν
1608 2852 1841 2928 ἔννοιαν,
1900 2857 1990 2912 καὶ

336 2945 471 2997 κατά
500 2943 598 3011 τὴν
625 2947 732 2997 τῶν
766 2943 1019 3019 Πατέρων
1051 2941 1404 3000 διδασκαλίαν
1438 2947 1574 3018 ἡμῖν
1625 2945 1989 3020 ὡμολόγηται

337 3030 485 3092 Θεός·
523 3033 659 3105 μήτε
713 3034 841 3109 παρ’
896 3034 1111 3102 ἑαυτοῦ,
1147 3035 1287 3106 μήτε
1342 3035 1469 3109 παρ’
1528 3035 1714 3108 έτέρου
1771 3035 1993 3108 γενόμε-

336 3139 446 3181 νος.
482 3118 767 3194 Ἑκάτερον
812 3121 914 3195 γὰρ
972 3119 1147 3174 αὐτῶν
1203 3118 1396 3190 ἐπίσης
1454 3117 1740 3174 ἀδύνατον⁶
1801 3117 1987 3190 ἐπειδή

2172 2859 2228 2916 7.
2265 2860 2456 2916 Unum
2491 2859 2671 2931 igitur
2699 2863 2820 2914 tam
2850 2859 3178 2914 secundum
3211 2854 3539 2912 naturalem
3572 2853 3760 2909 notio-

2102 2965 2260 3020 nem,
2283 2965 2462 3020 quam
2495 2949 2821 3004 secundum
2862 2952 3100 3002 Patrum
3133 2946 3461 3010 doctrinam
3504 2943 3758 2999 confessi

2103 3055 2308 3093 sumus
2342 3039 2547 3105 Deum,
2573 3037 2674 3108 qui
2707 3052 2896 3106 neque
2927 3052 2959 3090 a
2985 3034 3180 3104 seipso
3206 3049 3398 3104 neque
3429 3032 3502 3086 ab
3527 3030 3642 3087 alio
3674 3037 3762 3086 est

2103 3127 2311 3182 factus.
2346 3127 2675 3198 Utrumque
2707 3125 2866 3180 enim
2917 3125 3125 3179 horum
3176 3139 3340 3194 reque
3371 3119 3758 3192 impossibile,

336 3228 400 3282 γε
457 3205 538 3262 δεῖ
590 3207 730 3262 κατὰ
784 3207 1043 3278 ἀλήθειαν
1102 3207 1163 3262 τό
1219 3228 1278 3262 τε
1333 3209 1526 3262 ποιοῦν
1569 3213 1666 3262 τοῦ
1696 3209 1988 3284 γινομένου

2107 3216 2583 3287 quandoquidem
2618 3215 2749 3286 ipsa
2768 3214 2981 3268 veritas
3010 3211 3282 3284 requirit,
3306 3215 3370 3266 ut
3394 3226 3570 3265 causa
3602 3208 3762 3280 prior

339 3297 736 3372 προϋπάρχειν,
769 3297 858 3352 καὶ
887 3298 950 3352 τὸ
979 3296 1308 3369 ποιούμενον
1362 3301 1460 3352 τοῦ
1516 3301 1805 3362 ποιοῦντος
1853 3298 1986 3352 εἶναι

341 3381 612 3460 δεύτερον·
652 3387 790 3458 μήτε
847 3381 905 3439 δὶ
962 3385 1094 3440 αὐτὸ
1154 3386 1348 3440 ἑαυτοῦ
1400 3386 1663 3462 πρότερον
1696 3388 1731 3457 ἢ
1765 3385 1985 3460 ὕστερον

337 3475 469 3528 εἶναι
533 3471 812 3541 δύνασθαι,
877 3476 1016 3548 μήτε
1069 3471 1252 3549 ἕτερόν
1309 3496 1362 3528 τι
1414 3476 1520 3550 πρὸ
1577 3481 1670 3530 τοῦ
1715 3480 1870 3530 Θεοῦ.
1921 3481 1990 3531 Ἥ

332 3562 435 3638 γὰρ
465 3565 524 3618 ἂν
564 3562 738 3618 έκεῖνο
765 3563 870 3638 πρὸ
909 3567 1008 3618 τοῦ
1040 3560 1292 3638 δευτέρου
1322 3563 1384 3617 τὸ
1414 3570 1512 3632 τῆς
1541 3563 1798 3633 θεότητος
1830 3558 1986 3640 ἔσχεν

332 3651 566 3723 ἀξίωμα,
598 3654 677 3708 Τὸ
731 3652 832 3726 γάρ
887 3672 973 3706 τοι
1033 3647 1252 3706 δυνατὸν
1301 3652 1434 3706 εἶναι
1467 3651 1645 3727 λέγειν
1683 3653 1769 3720 ὑφ’
1803 3651 1988 3728 ἐτέρου

333 3759 384 3793 τι
442 3738 683 3813 γίνεσθαι
743 3739 944 3808 ἀληθὲς
992 3737 1074 3807 ὃν,
1109 3739 1196 3794 ἐπὶ
1217 3745 1457 3816 γενητῶν
1493 3739 1552 3794 ἂν
1607 3739 1728 3817 ἔχοι
1772 3743 1986 3817 χώραν,

335 3827 467 3881 κάπὶ
524 3832 631 3881 τῶν
692 3829 792 3882 ὑπὸ
850 3833 983 3882 Θεοῦ
1036 3829 1342 3902 γενομένων
1413 3830 1662 3886 τάττοιτο
1739 3830 1986 3895 δικαίως.

338 3919 542 3974 Οὐκοῦν
583 3919 659 3990 (9)
691 3917 736 3971 εί
773 3920 912 3990 μήτε
935 3918 1096 3980 αὐτὸς
1126 3918 1338 3985 ὲαυθοῦ,
1377 3922 1506 3992 μήθ’
1543 3919 1725 3994 ἕτερόν
1780 3943 1832 3977 τι
1889 3922 1988 3977 αύ-

337 4007 433 4060 τοῦ
486 4005 859 4082 προϋπάρχειν
919 4004 1206 4076 δέδεικται,
1249 4009 1355 4084 πρὸ
1413 4007 1471 4064 δὲ
1529 4009 1743 4065 πάντων
1803 4011 1984 4072 αὐτός·

340 4094 636 4150 ἀκολουθεῖ
687 4096 868 4169 τούτῳ
930 4097 993 4151 τὸ
1045 4098 1374 4172 ἀγέννητον·
1439 4097 1652 4171 μᾶλλον
1714 4097 1772 4154 δὲ
1827 4100 1988 4163 αὐτὸς

337 4185 480 4240 ἐστιν
510 4185 666 4240 οὐσία
695 4185 1014 4260 ἀγέννητος.
1051 4186 1306 4261 Περιττὸν
1369 4187 1462 4259 μὶν
1517 4185 1655 4251 τίσως
1713 4187 1803 4244 καί
1851 4210 1989 4265 παρ-

339 4273 498 4329 έλκον
551 4272 690 4345 δόξει
747 4275 858 4330 τισὶ
927 4275 995 4329 τὰ
1049 4273 1286 4337 πολλοῖς
1348 4274 1771 4352 ὁμολογούμενα
1825 4300 1991 4335 κατα-

338 4365 613 4432 σκευάζειν
670 4364 744 4426 ὠς
803 4359 1107 4440 ἀμφίϐολα.
1143 4363 1220 4420 Ού
1275 4365 1381 4436 μήν
1433 4364 1577 4421 ἀλλά
1605 4387 1668 4441 γε
1725 4365 1814 4422 διὰ
1860 4369 1990 4433 τοὺς

337 4451 524 4528 σοφίαν
559 4451 844 4525 οἲομένους
867 4455 966 4522 τὴν
996 4453 1132 4528 πρὸς
1178 4453 1245 4507 τὰ
1287 4455 1489 4531 φανερὰ
1544 4457 1750 4532 μάχην,
1784 4459 1819 4528 ἢ
1851 4459 1987 4532 πρὸς

2101 3305 2178 3360 sit
2207 3305 2435 3372 effectu,
2461 3309 2517 3359 et
2547 3308 2614 3358 ut
2646 3305 2862 3358 factum
2895 3302 2973 3358 sit
3003 3301 3294 3374 porterius
3325 3299 3452 3372 ipso
3485 3299 3756 3354 faciente.

2103 3395 2215 3451 Nec
2247 3395 2369 3450 ﬁeri
2401 3398 2594 3465 potest
2623 3398 2687 3448 ut
2715 3409 2899 3448 unum
2927 3392 3253 3462 quidquam
3286 3394 3342 3444 et
3372 3389 3529 3444 idem
3563 3388 3640 3444 sit
3665 3405 3756 3444 se-

2097 3483 2225 3554 ipso
2249 3483 2412 3555 prius
2432 3488 2534 3538 aut
2554 3482 2870 3554 posterius,
2898 3480 3055 3536 sicut
3075 3485 3130 3534 et
3151 3479 3355 3534 eadem
3382 3477 3606 3533 ratione
3629 3476 3755 3532 ﬁeri

2098 3573 2323 3644 nequit,
2344 3581 2408 3627 ut
2430 3572 2588 3627 aliud
2614 3571 2941 3642 quidquam
2967 3569 3148 3624 Deum
3174 3566 3590 3623 antecesserit:
3618 3566 3757 3622 alio-

2099 3663 2200 3734 qui
2233 3662 2391 3718 enim
2427 3661 2535 3717 hoc
2567 3661 2760 3732 ipsum
2785 3658 3108 3714 divinitatis
3135 3657 3482 3729 dignitatem
3505 3655 3752 3711 habuis-

2099 3756 2188 3806 set
2209 3755 2338 3806 ante
2359 3750 2504 3805 illud
2529 3751 2684 3821 quod
2710 3747 3002 3820 posterius
3024 3751 3134 3802 est.
3152 3747 3290 3814 Hoc,
3307 3747 3751 3816 inquam,asque

2099 3839 2463 3912 impossibile
2507 3844 2615 3894 est.
2662 3837 2889 3892 Etenim
2941 3837 3237 3892 afﬁrmare
3287 3834 3411 3889 ﬁeri
3465 3849 3658 3905 posse,
3692 3837 3756 3887 ut

2099 3930 2255 3999 quod
2288 3944 2418 3985 vere
2449 3931 2560 3998 est,
2585 3928 2656 3982 ab
2685 3927 2799 3982 alio
2823 3926 3041 3981 factum
3067 3925 3164 3991 sit,
3190 3923 3384 3979 locum
3407 3924 3465 3978 id
3490 3921 3667 3977 habet
3696 3921 3756 3976 in

2099 4018 2172 4072 iis
2202 4035 2326 4088 quae
2377 4016 2643 4090 generari
2675 4021 2732 4071 et
2772 4014 2896 4072 ﬁeri
2948 4017 3218 4087 possunt,
3251 4027 3473 4082 suoque
3512 4012 3649 4081 jure
3679 4011 3762 4065 ita

2099 4105 2316 4159 dicitur
2353 4105 2424 4160 de
2470 4104 2545 4158 iis
2594 4119 2720 4174 qua;
2755 4119 2788 4158 a
2821 4107 2932 4157 Deo
2966 4102 3116 4156 facta
3167 4104 3326 4155 sunt.
3371 4099 3676 4164 Quocirca,
3710 4098 3760 4153 si

2100 4209 2208 4248 nec
2233 4193 2361 4264 ipse
2390 4193 2584 4264 seipso
2617 4192 2778 4264 prior
2818 4191 2948 4257 fuit,
2981 4205 3172 4261 neque
3201 4187 3360 4243 aliud
3392 4188 3532 4258 quid
3563 4187 3759 4258 ipsum

2100 4281 2440 4350 antecessit,
2484 4286 2548 4336 ut
2587 4282 2711 4352 jam
2746 4285 2837 4336 est
2883 4280 3381 4343 demonstratum,
3415 4276 3585 4347 sique
3635 4276 3760 4346 ipse

2101 4377 2236 4426 ante
2265 4371 2463 4426 omnia
2491 4371 2725 4426 exsistit
2749 4387 2762 4425 :
2786 4383 3152 4439 consequens
3185 4369 3275 4420 est
3306 4365 3502 4436 ipsum
3535 4364 3760 4436 ingeni-

2099 4466 2225 4516 tum
2258 4477 2389 4516 esse
2420 4477 2433 4515 :
2467 4459 2586 4514 imo
2642 4459 2837 4530 potius
2881 4457 3009 4530 ipse
3039 4460 3130 4511 est
3160 4454 3421 4510 essentia
3469 4454 3754 4525 ingenita.

340 4543 546 4615 μέμψιν
580 4541 668 4596 καὶ
719 4541 1073 4619 συκοφαντίαν
1123 4542 1682 4616 παρεσκευασμένους,
1714 4543 1796 4601 δεῖ
1839 4569 1987 4611 τινος

2107 4551 2174 4606 Su
2187 4564 2611 4622 pervacaneum
2635 4547 2875 4619 quidem
2905 4545 3174 4601 fortassis
3196 4551 3251 4599 et
3275 4543 3584 4598 abundans
3615 4559 3761 4597 non-

335 4627 718 4707 ἀκριϐεστέρας
745 4633 1176 4708 παρατηρήσεως
1200 4633 1360 4705 ἡμῖν.

2019 4599 2066 4663 D

2099 4639 2278 4695 nullis
2309 4639 2621 4705 videbitur,
2646 4637 2748 4691 illa
2790 4653 2918 4708 quae
2968 4635 3123 4706 apud
3172 4633 3482 4706 plerosque
3530 4637 3670 4687 sunt
3701 4632 3759 4686 in

335 4721 620 4789 confesso,
651 4722 735 4778 ita
781 4726 1032 4778 tractare
1063 4739 1130 4777 ac
1160 4723 1211 4778 si
1240 4727 1440 4778 essent
1488 4724 1688 4780 dubia.
1727 4727 1934 4784 Verum
1966 4728 2122 4784 enim
2156 4745 2292 4784 vero
2345 4731 2583 4800 propter
2619 4725 2752 4780 illos
2803 4725 2901 4797 qui
2953 4723 3305 4796 sapientiam
3338 4737 3467 4778 esse
3498 4726 3760 4788 censent,

333 4815 538 4866 contra
570 4826 695 4865 rem
727 4811 1102 4867 manifestam
1134 4827 1418 4884 pugnare,
1451 4812 1542 4868 vel
1573 4815 1744 4870 etiam
1777 4823 2014 4888 propter
2044 4818 2190 4874 alios
2221 4818 2320 4890 qui
2355 4818 2426 4872 ad
2459 4815 2852 4871 vellicandum
2884 4818 2942 4869 et
2970 4813 3454 4869 calumniandum
3485 4808 3762 4866 instructi

332 4903 493 4964 sunt,
527 4914 763 4954 necesse
793 4902 879 4954 est
912 4903 977 4953 ut
1005 4900 1410 4956 observatione
1442 4905 1681 4957 utamur
1713 4906 2098 4962 accuratiore.

403 4989 458 5041 8.
490 4986 808 5062 Ἀγέννητον
839 4983 896 5040 δὶ
926 4984 1201 5060 λέγοντες,
1234 4987 1337 5041 οὐκ
1386 4987 1614 5060 ὀνόματι
1652 4990 1816 5063 μόνον
1875 4994 1994 5048 κατ’

336 5072 579 5128 ἐπίνοιαν
638 5074 982 5148 ἀνθρωπίνην
1037 5075 1311 5147 σεμνύνειν
1369 5077 1600 5148 οἰόμεθα
1658 5077 1787 5147 δεῖν,
1847 5081 1988 5136 ἀπο-

335 5161 577 5218 τιννύναι
608 5161 665 5218 δὶ
692 5165 808 5219 κατ’
839 5162 1101 5235 ἀλήθειαν
1127 5167 1236 5238 (10)
1266 5167 1328 5219 τὸ
1367 5166 1582 5220 πάντων
1633 5168 1987 5244 ἀναγκαιότα-

331 5271 427 5306 τον
460 5247 689 5329 ὅφλημα
715 5257 794 5324 τῷ
825 5259 942 5326 Θεῷ
971 5255 1069 5324 τὴν
1098 5258 1195 5308 τοῖ’)
1241 5254 1370 5309 εἶναι
1404 5256 1434 5309 δ
1463 5255 1605 5310 ιστιν
1659 5258 1987 5335 ὁμολογίαν.

333 5341 410 5396 Τὰ
435 5340 534 5416 γάρ
585 5362 671 5396 τοι
717 5343 834 5396 κατ’
869 5341 1109 5397 έπίνοιαν
1155 5342 1426 5418 λεγόμενα
1471 5344 1522 5398 ἐν
1586 5345 1825 5420 ὀνόμασι
1890 5350 1988 5417 μό-

327 5451 419 5485 νον
453 5432 563 5503 (11)
593 5430 683 5484 καὶ
735 5436 990 5506 προφορᾷ
1043 5434 1106 5486 τὸ
1162 5433 1296 5487 εἶναι
1346 5431 1568 5509 ἔχοντα,
1599 5441 1720 5497 ταῖς
1781 5445 1991 5514 φωναῖς

506 5574 764 5660 Basilius
796 5593 929 5660 pag.
955 5579 1083 5634 214.

405 5648 480 5730 ζ9)
511 5649 680 5730 ᾼρυᾶ
724 5648 1028 5720 Basilium,
1075 5666 1208 5723 pag.
1249 5651 1377 5719 215,
1429 5648 1512 5726 ἄρ’
1563 5672 1677 5726 ουν,
1729 5657 1787 5711 et
1836 5672 1994 5730 mox,

344 5722 485 5793 μήτε
512 5717 696 5796 ἕτερον
710 5762 721 5774 .

661 5851 934 5912 ΡΑτιιοι..
982 5848 1093 5911 Ga.
1140 5849 1330 5911 XXX.

2175 4996 2227 5049 8.
2251 4994 2494 5058 Quando
2535 4997 2730 5048 autem
2762 4991 3090 5064 ingenitum
3127 4990 3380 5045 dicimus
3417 4991 3619 5056 Deum,
3644 5004 3758 5042 non

2100 5083 2458 5138 arbitramur
2505 5083 2741 5138 nomine
2770 5086 2944 5137 tenus
2975 5081 3184 5135 saltem
3213 5079 3380 5148 juxta
3428 5077 3759 5131 humanum

2101 5177 2496 5227 commentum
2526 5187 2654 5228 esse
2686 5170 2998 5226 colendum
3025 5185 3038 5222 :
3067 5167 3167 5222 sed
3202 5182 3402 5221 revera
3432 5165 3541 5219 hoc
3572 5166 3760 5219 maxi-

2101 5278 2194 5316 me
2244 5261 2645 5317 necessarium
2698 5260 2964 5314 debitum
2997 5257 3114 5311 Deo
3164 5255 3638 5327 persolvendum,
3671 5255 3761 5309 in-

2101 5367 2354 5423 genuam
2387 5351 2614 5406 scilicet
2642 5347 3094 5411 confessionem,
3129 5345 3287 5416 quod
3321 5344 3602 5399 nimirum
3632 5343 3762 5416 ipse

2103 5441 2181 5496 sit
2211 5441 2319 5496 hoc
2345 5441 2542 5512 ipsum
2577 5439 2732 5510 quod
2767 5439 3266 5503 est.Qusccunque
3295 5433 3454 5489 enim
3483 5449 3622 5489 voce
3653 5433 3758 5488 ali-

2205 5585 2291 5653 10)
2323 5583 2577 5639 Basilius
2609 5596 2739 5653 pag.
2771 5580 2897 5648 216,
2931 5574 3231 5653 ἰκτινινύναι
3261 5571 3319 5630 δὲ
3350 5574 3518 5648 αὐτῷ.

2204 5645 2291 5727 11)
2324 5659 2410 5711 Ita
2443 5645 2643 5724 Basil.)
2673 5645 2772 5708 sved
2805 5645 2974 5719 mss,
3011 5645 3220 5720 μόνοις.

3360 5849 3436 5904 27
