4124 6370
302 396 426 456 845

1378 384 1713 450 EUNOMII
1759 383 1988 445 LIBER
2030 382 2648 444 APOLOGETICUS.

3603 390 3727 450 846

302 526 496 594 σώζειν
528 524 616 579 καὶ
665 523 763 592 τὴν
823 520 1030 577 οὐσίαν.
1079 521 1150 575 Ἦ
1205 517 1407 590 ταύτης
1455 514 1800 592 μεταδιδόναι
1843 514 1951 570 τινὶ

2087 514 2424 571 iarationem
2459 517 2778 588 quamdam
2811 516 3085 573 admittat
3119 519 3191 574 ad
3238 518 3424 590 aliud,
3451 520 3724 592 quando-

306 616 705 692 πειρωμένους,
786 608 1131 686 μεταδιδόναι
1210 611 1301 665 καὶ
1384 612 1486 678 τῆς
1559 605 1952 683 προσηγορίας,

305 705 486 781 ὥσπερ
508 704 596 759 καὶ
617 710 716 772 τῆς
740 698 1209 764 οὐσίας.Χωλεύοι
1235 700 1338 774 γὰρ
1361 697 1421 752 ἂν
1455 697 1638 753 αὐτοῖν
1673 699 1707 766 ἡ
1741 695 1956 774 φιλοτι-

308 794 426 870 μία,
454 792 788 866 λειπομένην
815 789 1131 866 παρέχουσα
1180 788 1387 864 θατὲρῳ
1423 787 1570 861 μέρει
1621 786 1720 856 τήν
1772 785 1956 860 χάριν,

311 885 445 958 μετὰ
475 887 570 937 τοῦ
605 878 733 956 μηδ’
766 881 911 952 ἄξιον
942 879 1254 954 ἐργάζεσθαι
1289 876 1470 951 Λόγου
1516 877 1615 945 τήν
1673 872 1958 952 διαφορὰν,

309 969 873 1049 ἀκριϐολογουμένους
904 968 1028 1044 περὶ
1053 970 1152 1038 τήν
1195 966 1590 1043 προσηγορίαν,
1639 964 1690 1019 εἷ’
1733 985 1794 1039 γε
1843 963 1960 1018 ὀνο-

314 1084 442 1138 ματι
481 1061 632 1136 μόνῳ
663 1062 690 1115 δ
722 1061 818 1133 μὲν
851 1059 1134 1133 ὑπερέχοι,
1168 1058 1196 1112 ὁ
1228 1053 1284 1111 δὶ
1324 1055 1626 1112 ἐλαττοῖτο.
1659 1053 1725 1111 Εἰ
1759 1052 1816 1108 δὲ
1863 1060 1963 1123 τῆς

314 1151 481 1222 αὐτῆς
517 1146 857 1225 μεταδιδόναι
891 1153 1077 1226 φωνῆς
1108 1146 1135 1201 ὁ
1165 1152 1264 1216 τῆς
1304 1143 1629 1208 ἀκολουθίας
1684 1142 1960 1219 ἀναγκάζει

312 1240 497 1316 λόγος,
561 1234 998 1314 μεταδιδότωσαν
1049 1233 1471 1314 φιλοτιμότερον
1521 1233 1612 1288 καὶ
1642 1239 1743 1302 τῆς
1777 1231 1963 1302 ἰσότη-

311 1351 424 1402 τος,
487 1327 598 1403 οὐχ
647 1324 1034 1404 εὐρισκομίνου
1089 1325 1238 1388 τινὸς
1293 1323 1344 1378 ἐν
1395 1323 1507 1396 ὅσῳ
1556 1323 1815 1394 θήσονται
1861 1321 1961 1390 τήν

309 1420 612 1495 ὑπεροχήν.

2069 605 2306 678 quidem
2341 605 2503 663 nulla
2534 607 2892 680 comparatio
2915 623 2982 663 ex
3007 607 3125 663 illis
3147 609 3232 679 fit,
3258 608 3359 664 ubi
3384 610 3556 680 plane
3580 609 3726 664 nihil

2067 701 2156 752 est
2184 712 2527 766 commune;
2560 697 2824 752 essentia
2851 699 3054 769 utique
3085 699 3366 769 majestas
3391 697 3724 753 communi-

2070 785 2314 842 cationis
2346 785 2566 840 subibit
2603 791 2840 841 sortem.
2873 786 2931 842 Si
2962 803 3092 842 vero
3124 787 3235 843 hoc
3280 803 3480 843 revera
3513 787 3596 842 ita
3625 786 3726 856 sit,

2070 891 2203 946 ergo
2233 879 2288 930 et
2321 891 2533 929 nomen
2563 875 2754 946 ipsum
2787 893 3099 933 commune
3130 878 3266 946 erit,
3301 878 3383 932 ita
3414 880 3479 932 ut
3523 892 3728 931 neces-

2071 965 2224 1022 sario
2257 969 2519 1037 oporteat
2567 981 2688 1029 eos,
2723 966 2821 1036 qui
2873 965 2981 1021 hac
3032 966 3256 1022 ratione
3303 971 3605 1037 urgentur,
3639 977 3728 1032 vel

2070 1056 2260 1128 ipsam
2317 1055 2770 1126 appellationem
2825 1055 3440 1111 incommunicabilem
3493 1072 3730 1111 conser-

2071 1161 2206 1199 vare
2236 1159 2300 1199 ac
2323 1144 2493 1198 tueri.
2518 1143 2577 1198 Si
2599 1159 2732 1198 vero
2763 1143 3052 1198 voluerint
3085 1145 3273 1199 eidem
3309 1144 3627 1200 essentiam
3657 1144 3731 1199 ab

2076 1233 2233 1289 omni
2260 1232 2437 1288 etiam
2467 1231 2992 1288 communicatione
3015 1236 3233 1288 sartam
3257 1236 3469 1289 tectam
3493 1249 3730 1289 conssr-

2074 1338 2230 1391 vare,
2253 1321 2344 1376 vel
2375 1321 2424 1377 si
2456 1321 2776 1391 quidquam
2819 1320 3110 1392 impertiri
3141 1322 3213 1376 de
3258 1338 3323 1377 ea
3354 1320 3521 1378 alteri
3552 1339 3730 1378 cona-

2075 1411 2318 1481 buntur,
2342 1410 2585 1482 perinde
2617 1409 2838 1482 aliquid
2875 1411 2945 1465 de
2979 1410 3374 1482 appellatione
3411 1411 3738 1483 largiantur

309 1525 550 1566 necesse
579 1512 690 1576 est,
723 1507 1225 1581 quemadmodum
1258 1506 1330 1560 de
1361 1504 1490 1576 ipsa
1523 1501 1745 1558 faciunt
1777 1501 2054 1557 essentia.
2091 1500 2511 1557 Claudicaverit
2545 1500 2702 1557 enim
2730 1500 2898 1572 ipsis,
2932 1499 3046 1555 nisi
3079 1499 3300 1556 scilicet
3328 1500 3438 1556 hoc
3470 1501 3732 1569 fecerint,

307 1599 573 1670 ambitio,
605 1615 735 1670 qua
769 1596 935 1652 alteri
985 1595 1137 1668 parti
1169 1594 1303 1650 doni
1353 1591 1606 1664 alicujus
1638 1591 1934 1647 defectum
1974 1589 2213 1658 tribuit;
2246 1594 2302 1645 et
2330 1590 2554 1647 accedit
2584 1607 2722 1658 una,
2756 1591 2913 1662 quod
2966 1606 3157 1662 neque
3187 1589 3432 1661 dignum
3465 1590 3610 1661 quid
3644 1591 3730 1645 fa-

309 1687 472 1743 ciunt
503 1687 811 1758 majestate
839 1683 1037 1754 Verbi,
1070 1682 1306 1755 quando
1357 1686 1471 1736 tam
1521 1678 1764 1737 subtiles
1810 1682 1948 1734 sunt
1978 1677 2038 1732 in
2071 1678 2487 1749 distinguenda
2531 1677 2944 1751 appellatione,
2978 1678 3028 1732 si
3060 1677 3299 1750 quidem
3348 1678 3444 1733 hic
3491 1679 3730 1749 quidem

309 1777 433 1833 solo
467 1776 702 1832 nomine
743 1774 821 1830 sit
850 1774 1059 1844 major,
1091 1771 1240 1828 alter
1269 1787 1402 1826 vero
1434 1769 1647 1826 minor.
1682 1768 1741 1824 Si
1777 1784 1907 1823 vero
1957 1770 2392 1840 consequentia
2423 1769 2569 1824 ratio
2615 1768 2746 1824 illos
2777 1767 2932 1840 cogit
2962 1773 3027 1823 ut
3056 1769 3323 1824 eamdem
3357 1767 3591 1838 utrique
3624 1767 3731 1822 tri-

311 1867 496 1922 buant
543 1879 768 1934 vocem,
821 1861 1150 1935 largiantur
1198 1859 1398 1928 etiam,
1431 1859 1587 1930 quod
1638 1859 1728 1913 est
1773 1856 2286 1925 honorificentius,
2336 1857 2752 1929 aqualitatem,
2784 1874 2919 1914 cum
2971 1873 3087 1912 non
3137 1857 3440 1914 inveniant
3488 1856 3731 1912 ubinam

313 1961 571 2012 statuere
602 1952 830 2024 possint
858 1950 1022 2006 illam
1057 1947 1580 2020 praeminentiam.

386 2044 472 2098 10.
534 2041 613 2099 Οὐ
640 2041 743 2115 γὰρ
772 2035 838 2108 δὴ
869 2037 1016 2092 τουτ’
1058 2033 1117 2090 ἃν
1169 2033 1394 2108 εἷ’ποιεν,
1436 2035 1510 2098 ὡς
1539 2033 1696 2102 κοινή
1729 2032 1824 2105 μὲν
1856 2033 1964 2106 ἀμ·-

2148 2037 2232 2090 10.
2269 2036 2391 2092 Non
2424 2035 2581 2092 enim
2613 2037 2872 2108 profecto
2928 2035 3035 2090 hoc
3080 2036 3354 2107 dixerint,
3383 2036 3539 2107 quod
3573 2051 3734 2091 com-

315 2136 434 2210 φοῖν
463 2133 497 2199 ἡ
533 2127 707 2195 οὐσία,
738 2127 882 2198 τάξει
915 2123 993 2194 δὲ,
1025 2125 1115 2180 καὶ
1144 2128 1261 2188 τοῖς
1293 2122 1352 2179 ἐκ
1381 2119 1590 2200 χρόνου
1621 2117 1956 2197 πρεσϐείοις,

2087 2126 2274 2180 nunis
2307 2126 2546 2197 quidem
2586 2126 2873 2182 ambobus
2904 2125 3161 2182 essentia
3203 2131 3317 2192 est,
3351 2125 3555 2180 ordine
3597 2141 3733 2179 vero

314 2209 341 2275 ὁ
403 2222 496 2293 μὲν
556 2219 665 2274 ἐστι
717 2221 953 2293 πρῶτος,
1014 2215 1042 2269 ὁ
1101 2212 1158 2269 δὲ
1188 2211 1454 2290 δεύτεροςο
1517 2210 1703 2283 ἐπειδή
1762 2234 1821 2288 γε
1879 2209 1962 2266 δεῖ

2087 2219 2126 2269 at
2156 2214 2228 2270 iis
2259 2232 2385 2286 qua
2411 2231 2480 2270 ex
2512 2220 2775 2287 tempore
2811 2219 3161 2287 promanant
3192 2214 3614 2288 prarogativis,
3640 2213 3734 2268 hic

311 2314 556 2386 προεῖναι
587 2307 803 2379 πάντῳς
836 2307 949 2380 (17)
999 2309 1117 2366 τοῖς
1169 2303 1494 2378 ὑπερέχουσι
1550 2302 1612 2356 τὸ
1667 2308 1767 2371 τῆς
1799 2302 1959 2376 ὑπερ-

2087 2304 2310 2375 ]υἱάοῐῑι
2345 2306 2524 2376 prior,
2547 2304 2646 2360 ille
2667 2321 2799 2360 vero
2831 2305 3117 2375 posterior
3144 2321 3247 2360 seu
3280 2305 3579 2360 secundus
3604 2307 3730 2358 est:

313 2406 456 2475 οχῆς
488 2396 685 2466 αἶ’-τιον,
718 2397 786 2450 οὐ
845 2394 1186 2463 συνέζευκται
1217 2389 1274 2448 δὲ
1330 2395 1398 2465 τῇ
1427 2391 1586 2462 οὐσίᾳ
1613 2395 1710 2445 τοῦ
1740 2395 1874 2446 Θεοῦ
1933 2391 1961 2444 ὁ

2087 2393 2551 2466 quandoquidem
2572 2393 2628 2448 in
2649 2394 2740 2449 his
2761 2411 2888 2465 qua
2911 2393 3308 2465 praeminent,
3333 2393 3736 2464 praexsistere

312 2489 510 2564 χρόνος
542 2489 676 2561 (18),
729 2484 828 2540 οὐκ
871 2481 1027 2554 αἶ’ὼν,
1089 2481 1151 2536 οὐ
1207 2481 1374 2552 τάξις.
1429 2483 1502 2536 ’Ἠ
1559 2500 1616 2534 τε
1673 2479 1776 2554 γὰρ
1817 2478 1963 2549 τάξις

2087 2482 2314 2538 )mnino
2337 2486 2564 2554 oportet
2593 2500 2832 2538 causam
2857 2484 2986 2554 ejus
3020 2482 3493 2555 praeminentia.
3517 2483 3732 2537 Essen-

314 2576 537 2653 δευτίρα
580 2579 677 2630 τοῦ
731 2575 1046 2640 τάττοντος,
1104 2567 1255 2626 οὐδὲν
1315 2566 1373 2625 δὲ
1429 2573 1536 2624 τῶν
1566 2573 1662 2624 τοῦ
1692 2573 1826 2623 Θεοῦ
1878 2568 1964 2644 ὑφ’

2087 2572 2166 2626 Lia
2197 2575 2395 2627 autem
2440 2572 2542 2627 Dei
2592 2590 2706 2628 non
2767 2573 3050 2645 competit
3098 2589 3203 2627 nec
3253 2573 3598 2643 adjunctum
3647 2574 3736 2627 est

315 2665 500 2742 ἑτέρου
527 2662 796 2720 τέτακται.
827 2663 896 2719 Ὅ
926 2682 985 2716 τε
1014 2661 1212 2737 χρόνος
1255 2659 1492 2734 ἀστὲρων
1525 2657 1657 2713 ποιά
1719 2656 1802 2720 τίς
1854 2656 1962 2712 ἐστι

2087 2665 2332 2733 tempus,
2359 2678 2473 2717 non
2498 2679 2709 2729 avum,
2734 2679 2848 2717 non
2883 2661 3024 2727 ordo
3051 2679 3062 2716 :
3091 2662 3231 2716 ordo
3258 2661 3414 2717 enim
3444 2661 3735 2732 posterior

315 2755 549 2826 κίνησις.
604 2753 856 2828 Ἀστίρες
887 2748 943 2805 δὲ
974 2750 1035 2805 οὐ
1074 2756 1172 2819 τῆς
1205 2749 1496 2825 ἆγεννήτου
1549 2746 1713 2820 μόνον
1761 2745 1964 2816 οὐσίας,

2087 2755 2165 2806 3st
2194 2751 2502 2806 ordinante
2535 2769 2548 2807 :
2582 2751 2729 2806 nihil
2777 2755 2973 2808 autem
3008 2766 3207 2808 eorum
3243 2767 3370 2822 qua
3421 2751 3522 2805 Dei
3572 2753 3733 2817 sunt,

315 2843 405 2900 καὶ
435 2847 650 2913 νοητῶΛ
681 2840 952 2908 ἁπάντων,
984 2837 1132 2894 ἀλλὰ
1176 2837 1264 2893 καὶ
1323 2841 1432 2891 τῶν
1488 2837 1719 2911 πρώτων
1781 2835 1964 2909 σωμά-

2087 2841 2149 2895 ab
2182 2839 2295 2896 alio
2318 2844 2408 2896 est
2428 2841 2797 2909 ordinatum;
2822 2846 2878 2896 et
2899 2847 3133 2913 tempus
3161 2839 3468 2896 stellarum
3498 2839 3736 2911 quidem

317 2956 424 2990 των
451 2931 725 3008 γεγόνασιν
759 2929 992 3005 ὕστεροι.
1034 2928 1164 3000 Περὶ
1215 2926 1318 3001 γὰρ
1367 2925 1578 2980 αἰώνων
1635 2926 1688 2981 τί
1749 2923 1832 2980 δεῖ
1878 2923 1968 2979 καὶ

2087 2933 2275 2984 motus
2306 2933 2424 2998 est;
2460 2928 2639 2985 stella
2672 2946 2805 2985 vero
2850 2947 2969 2985 non
3019 2930 3213 2985 solum
3247 2933 3379 2997 post
3412 2928 3737 3000 ingenitam

319 3021 519 3097 λέγειν,
575 3025 676 3085 τῆς
730 3025 946 3096 Γραφῆς
987 3020 1166 3094 σαφῶς
1215 3013 1661 3090 διαγορευούσης,
1711 3014 1818 3089 πρὸ
1859 3017 1968 3067 τῶν

2087 3019 2394 3073 essentiam
2447 3023 2502 3073 et
2550 3018 2746 3074 omnia
2797 3018 3214 3090 intelligibilia,
3249 3019 3347 3074 sed
3396 3016 3574 3073 etiam
3608 3020 3742 3088 post

320 3112 532 3167 αἰώνων
567 3108 828 3183 ὑπάρχειν
859 3107 950 3160 τὸν
1001 3106 1154 3172 Θεὸν,
1185 3104 1272 3158 καὶ
1315 3104 1423 3158 τῶν
1455 3107 1654 3157 κοινῶν
1687 3099 1970 3176 λογισμῶν

2087 3106 2271 3179 prima
2301 3123 2545 3178 corpora
2588 3107 2960 3176 exstiterunt,
2997 3107 3234 3179 illisque
3284 3106 3564 3162 omnibus
3597 3110 3743 3161 sunt

323 3197 878 3272 ἰπιμαρτυρούντωνς
939 3194 1019 3251 Οὐ
1076 3194 1179 3267 γὰρ
1239 3191 1402 3264 μόνον
1441 3186 1646 3258 ἀσεϐὲς,
1704 3189 1850 3246 ἂλλὰ
1879 3191 1966 3246 καὶ

2087 3197 2454 3268 posteriores.
2493 3201 2567 3251 De
2599 3197 2862 3252 aonibus
2905 3202 3101 3252 autem
3135 3212 3238 3252 seu
3274 3212 3390 3251 avo
3423 3195 3564 3266 quid
3600 3195 3745 3250 atti-

317 3287 526 3362 κομιδῇ
570 3281 1007 3360 καταγέλαστον,
1073 3280 1199 3343 τοὺς
1256 3277 1312 3335 ἓν
1375 3279 1538 3353 μόνον
1597 3278 1968 3354 παραδεξαμὲ-

2087 3290 2182 3340 net
2231 3285 2440 3352 dicere,
2476 3301 2608 3340 cum
2657 3285 2963 3357 Scriptura
3012 3287 3230 3341 diserte
3278 3285 3554 3350 afﬁrmet,
3605 3290 3739 3338 ante

319 3399 443 3440 νους
475 3374 793 3452 ἀγέννητον,
825 3375 859 3442 ἢ
915 3372 1294 3447 προϋπάρχειν
1325 3390 1377 3424 τι
1408 3369 1609 3424 τούτου
1640 3370 1882 3446 φάσκειν,
1932 3369 1968 3438 ἢ

2087 3373 2296 3429 saecula
2321 3390 2449 3429 esse
2471 3374 2655 3429 Deum
2676 3375 2749 3443 85;
2780 3375 2936 3446 quod
2959 3375 3115 3429 idem
3139 3390 3486 3430 communes
3510 3389 3744 3445 quoque

317 3467 682 3541 συνυπάρχειν
730 3460 939 3537 ἕτερον.
997 3458 1122 3518 Εἷίτε
1167 3460 1267 3534 γὰρ
1318 3460 1671 3534 προϋπάρχοι
1701 3480 1775 3529 τι,
1807 3463 1968 3513 τοῦτο

2087 3466 2440 3517 attestantur
2487 3463 3002 3520 ratiocinationes?
3032 3465 3233 3536 Neque
3281 3463 3439 3519 enim
3489 3463 3741 3533 impium

320 3554 544 3616 δικαίως
594 3551 800 3628 λὲγοιν¹
843 3549 903 3604 ἂν
953 3549 1260 3623 ἀγέννητον,
1318 3547 1379 3601 οὐ
1435 3547 1498 3602 τὸ
1547 3544 1811 3622 δεύτερονο
1867 3543 1974 3601 εἷίτε

2087 3553 2520 3621 tantummodo,
2545 3555 2646 3608 sed
2676 3553 2848 3624 plane
2880 3570 3115 3625 quoque
3166 3557 3222 3608 et
3267 3551 3490 3608 affatim
3525 3551 3744 3606 ridicu-

322 3645 681 3718 συνυπάρχοι,
731 3643 799 3714 τῇ
841 3639 976 3714 πρὸς
1017 3639 1238 3712 θάτερον
1271 3635 1530 3707 κοινωνίᾳ
1559 3640 1656 3690 τοῦ
1705 3637 1974 3710 συνυπάρ-

2087 3640 2211 3694 lum
2249 3645 2358 3707 est,
2393 3641 2441 3696 si
2474 3641 2556 3695 illi
2589 3642 2690 3713 qui
2741 3643 2979 3713 quidem
3013 3643 3348 3698 concedunt
3397 3658 3580 3696 unum
3613 3657 3742 3697 esse

324 3753 444 3808 χειν
476 3730 750 3803 ἑκάτερον,
809 3729 1229 3805 ἀφαιρεθήσεται
1257 3726 1319 3780 τὸ
1349 3723 1403 3780 ἓν
1441 3725 1605 3797 μόνον
1641 3726 1772 3780 εἶναι
1802 3725 1890 3780 καὶ
1916 3725 1976 3779 τὸ

2088 3730 2441 3801 ingenitum,
2489 3730 2878 3786 nihilominus
2927 3732 3222 3787 afﬁrmare
3278 3747 3392 3786 non
3449 3731 3748 3802 dubitant,

330 3819 625 3895 ἀγὲννητον
657 3817 812 3885 εἶναι,
845 3818 933 3869 οἶα
966 3812 1031 3883 δὴ
1064 3815 1197 3886 μετὰ
1224 3822 1324 3883 τῆς
1371 3814 1556 3876 οὐσίας
1589 3812 1976 3888 ἅποκλήρωσίν

2091 3817 2177 3874 vel
2210 3823 2342 3874 ante
2375 3819 2520 3875 illud
2573 3820 2869 3876 exstitisse
2901 3821 3038 3892 quid
3071 3821 3255 3890 aliud,
3279 3820 3368 3876 vel
3401 3836 3520 3876 una
3569 3819 3750 3876 exsti-

329 3929 450 3964 τινα
477 3906 568 3961 καὶ
615 3905 957 3981 περιγραφὴν
991 3903 1192 3980 ἀμφοῖν
1225 3902 1674 3977 συνεισαγόντων,
1710 3904 1976 3972 συνθήκην

2092 3906 2254 3963 tisse.
2289 3907 2420 3964 Sive
2449 3908 2608 3964 enim
2658 3909 2824 3981 prius
2854 3909 2996 3980 quid
3042 3909 3307 3978 exsistat,
3331 3909 3442 3964 hoc
3465 3910 3597 3979 jure
3629 3926 3751 3964 me-

332 4017 390 4051 τε
419 3993 505 4064 αὖ,
536 3995 626 4050 καὶ
655 3994 718 4049 τὸ
745 3999 847 4062 τῆς
878 3992 1149 4062 συνθήκης
1177 3987 1374 4045 αἷίιτιον.

2096 3995 2320 4066 ritoque
2380 3996 2493 4052 dici
2552 3998 2768 4069 poterit
2824 3999 3172 4069 ingenitum,
3217 4014 3332 4053 non
3392 3997 3538 4052 illud
3601 3998 3756 4068 quod

330 4085 625 4160 posterius
653 4083 798 4140 fuit:
825 4083 947 4138 sive
979 4099 1098 4137 una
1129 4081 1271 4153 quid
1302 4080 1584 4137 exsistere
1615 4080 1826 4152 potuit,
1861 4082 2085 4138 ratione
2114 4083 2276 4140 illius
2307 4085 2626 4154 societatis,
2655 4103 2833 4158 quam
2862 4092 3183 4158 utrumque
3216 4091 3481 4157 respectu
3513 4087 3758 4142 alterius

331 4176 527 4242 habet,
563 4173 702 4245 quia
731 4175 934 4227 utrum
966 4187 1085 4226 una
1113 4170 1247 4236 fuit,
1280 4173 1339 4225 et
1370 4168 1619 4224 alterum
1665 4185 1778 4224 non
1814 4169 1942 4226 sine
1970 4170 2154 4226 altero
2189 4173 2326 4240 fuit;
2360 4173 2496 4230 hinc
2537 4192 2679 4231 sane
2709 4180 3002 4231 evertetur
3032 4175 3389 4246 tolleturque
3417 4173 3567 4230 illud
3600 4176 3755 4246 quod

331 4264 700 4319 Deus'unum
733 4261 874 4332 quid
906 4258 1002 4327 sit,
1035 4262 1092 4314 et
1121 4257 1358 4329 quidem
1410 4257 1772 4328 ingenitum;
1803 4258 1860 4313 id
1894 4276 1973 4330 qu

2089 4262 2333 4332 perinde
2363 4267 2473 4335 est,
2509 4280 2575 4320 ac
2607 4265 2755 4322 695
2792 4265 2841 4321 si
2874 4269 3189 4338 postquam
3222 4265 3387 4338 prius
3419 4266 3592 4320 certis
3625 4265 3757 4320 ofﬁ-

331 4351 436 4408 ciis
465 4367 594 4422 qua
624 4347 1040 4405 distributione
1086 4361 1190 4418 per
1237 4351 1458 4402 sortem
1492 4347 1646 4402 facta
1675 4345 2271 4421 circumscripserunt
2309 4353 2500 4424 ipsam
2534 4355 2842 4410 amborum
2873 4354 3215 4421 essentiam,
3262 4358 3468 4427 postea
3516 4352 3755 4410 illorum

257 4504 268 4515 _
335 4439 655 4513 quamdam
688 4436 1153 4505 conventionem,
1185 4436 1432 4506 ejusque
1459 4435 1863 4492 conventionis
1893 4453 2134 4494 causam
2167 4440 2443 4497 inferant.

408 4529 496 4584 11.
527 4523 707 4581 Ἀλλά
757 4525 864 4598 μὴν
919 4519 1045 4578 οὐδὲ
1090 4521 1414 4598 ὶνυπάρχειν
1459 4543 1510 4577 τι
1539 4523 1706 4597 ταύτῃ
1737 4520 1976 4591 δυνατὸν1

2168 4532 2253 4586 11.
2280 4531 2429 4595 Quin
2464 4531 2580 4588 imo
2603 4548 2793 4605 neque
2821 4533 2945 4588 fieri
2969 4536 3160 4604 potest
3183 4536 3248 4588 ut
3271 4532 3596 4604 quidquam
3621 4531 3760 4588 huic

337 4617 452 4672 οἷον
488 4612 628 4677 εἶδός
678 4633 875 4689 φαμεν,
920 4612 956 4682 ἢ
1001 4611 1162 4688 ὅγκον
1196 4611 1286 4666 καὶ
1319 4613 1431 4686 (19)
1488 4611 1856 4686 πηλικότητα,
1900 4611 1990 4668 διὰ

337 4707 402 4762 τὸ
433 4703 607 4773 πάντη
655 4704 928 4774 συνθήκης
974 4701 1257 4778 ἐλεύθερον
1300 4701 1432 4757 εῖναι
1490 4702 1581 4756 τὸν
1616 4703 1766 4758 Θεόν.
1819 4702 1884 4758 Ei’
1931 4700 1991 4758 δὲ

339 4794 548 4852 τούτων
588 4792 679 4848 καὶ
724 4797 833 4847 τῶν
881 4791 1144 4846 τοιούτῶν
1203 4811 1255 4846 τι
1290 4792 1428 4864 μήτε
1481 4788 1614 4860 ἔστι,
1679 4793 1818 4865 μήτε
1860 4793 1993 4848 ποτὶ

335 4885 535 4961 γίνοιτ’
564 4881 650 4952 ἂν,
697 4883 886 4957 εὐαγὲς
935 4881 1219 4952 ἐπινοῆσαι
1276 4881 1765 4956 συμπεπλελμὲνον
1796 4887 1864 4957 τῇ
1899 4883 1991 4938 οὐ-

343 4975 435 5046 σίᾳ
463 4977 599 5050 (20),
629 4979 792 5037 ποῖος
824 4968 902 5028 ἔτι
947 4977 1303 5050 συγχωρήσει
1331 4973 1502 5049 λόγος
1532 4976 1669 5051 πρὸς
1696 4976 1796 5044 τὴν
1829 4976 1993 5051 ἀγέν-

340 5084 504 5130 νητον
537 5065 761 5136 ὁμοιοῦν
784 5065 884 5133 τὴν
915 5064 1179 5138 γεννητήν
1203 5083 1215 5134 ;
1247 5070 1346 5133 τῆς
1373 5066 1489 5118 κατ’
1512 5062 1699 5119 οὐσίαν
1728 5065 1994 5137 ὁμοιότη-

339 5172 437 5216 τος
480 5155 516 5222 ἢ
566 5152 894 5229 συγκρίσεως
944 5154 980 5223 ἢ
1023 5151 1305 5214 κοινωνίας
1341 5150 1615 5225 μηδεμίαν
1653 5155 1932 5230 ὑπεροχὴν
1958 5157 1994 5226 ἢ

347 5239 607 5319 διαφορὰν
637 5242 1072 5313 καταλιπούσης,
1104 5239 1328 5312 ἰσότητα
1358 5239 1416 5296 δὲ
1464 5247 1646 5318 σαφῶς
1698 5241 1997 5318 ἐργαζόμε-

343 5351 465 5403 νης,
502 5329 636 5402 μετὰ
692 5327 750 5385 δὲ
789 5334 890 5396 τῆς
945 5330 1199 5403 ἰσότητος
1249 5331 1538 5407 ἀγέννητον
1589 5331 1996 5410 ἀποφαινούσης

408 5488 453 5524 ⁸⁸
487 5487 641 5545 Psal.
674 5504 875 5559 Lxxm,
907 5490 994 5545 12.

423 5641 538 5720 (l2)
568 5641 906 5720 l_VI_ale_apud
940 5641 1222 5720 Basiliam
1257 5643 1475 5720 p._230,
1509 5645 1791 5720 προσεῖναι
1830 5643 1901 5703 ἰν.

430 5711 544 5786 (18⁷)
573 5713 683 5770 Ms.
718 5711 1115 5786 Lindenbrog,
1148 5711 1210 5768 οὐ
1242 5711 1462 5790 χρόνος,
1495 5711 1697 5773 eodem
1735 5735 1934 5777 sensu.

2100 4620 2367 4675 essentia
2416 4620 2579 4692 insit,
2615 4621 2953 4692 cujusmodi
3003 4622 3259 4678 dicimus
3317 4638 3448 4678 esse
3501 4622 3759 4692 speciem

2101 4707 2186 4764 vel
2213 4708 2422 4765 molem
2454 4713 2556 4765 aut
2580 4711 2992 4781 quantitatem,
3018 4717 3326 4784 propterea
3349 4711 3501 4782 quod
3526 4711 3761 4782 penitus

2105 4799 2175 4854 ab
2208 4798 2370 4855 omni
2402 4799 2824 4871 compositione
2859 4799 3006 4855 liber
3037 4800 3114 4855 sit
3143 4801 3318 4856 Deus.
3340 4799 3400 4855 Si
3421 4815 3550 4854 vero
3574 4814 3763 4870 neque

2105 4889 2268 4960 pium
2302 4891 2411 4960 est,
2435 4905 2621 4960 neque
2649 4890 2865 4961 poterit
2890 4906 3018 4946 esse
3044 4906 3326 4961 unquam,
3352 4888 3562 4943 horum
3597 4891 3654 4943 et
3683 4887 3761 4942 si-

2105 4975 2335 5032 milium
2369 4978 2508 5048 quid
2559 4978 2950 5050 comminisci,
2977 4979 3132 5050 quod
3177 4978 3235 5033 id
3268 4977 3476 5031 divina
3528 4993 3763 5047 compe-

2104 5070 2191 5122 tat
2231 5066 2522 5137 essentia,
2547 5083 2696 5138 qua,
2721 5083 2939 5139 quaso,
2963 5067 3108 5122 ratio
3157 5065 3434 5121 concedet
3481 5064 3761 5136 amplius,

2109 5161 2172 5211 ut
2202 5156 2549 5212 substantia
2583 5156 2853 5229 ingenita
2874 5156 3130 5229 genitam
3154 5153 3597 5210 assimilemus?
3629 5171 3762 5208 cum

2110 5245 2434 5302 similitudo
2481 5245 2566 5301 vel
2620 5245 2984 5318 comparatio
3033 5249 3134 5299 aut
3185 5243 3459 5312 societas,
3494 5260 3620 5315 qua
3679 5248 3769 5298 est

2109 5336 2434 5391 secundum
2485 5335 2826 5406 essentiam,
2872 5332 3095 5390 nullam
3145 5331 3648 5405 praeminentiam
3678 5331 3769 5386 vel

2193 5649 2306 5793 (19)
2337 5647 2589 5704 Basilius
2619 5661 2755 5729 pag:
2783 5640 2994 5728 233,}1.
3070 5717 3093 5727 ω

2193 5723 2283 5793 (20
2338 5721 2591 5778 Basilius
2623 5720 2809 5784 addit,
2837 5736 2934 5770 του
2967 5722 3093 5770 Θεου

2191 5720 2303 5794 (20)
2338 5721 2591 5778 Basilius
2623 5720 2809 5784 addit,
2837 5720 2934 5770 τοῦ
2967 5720 3118 5770 Θεοῡο
