4124 6398
341 403 458 465 847

1296 398 1693 463 APPENDIX
1737 401 2062 462 OPERUM
2109 401 2172 461 S.
2218 401 2502 463 BASlLll
2548 402 2824 465 MAGNI.

3657 406 3779 468 848

343 535 734 594 diii'erentiam
767 533 1078 607 relinquat,
1109 532 1499 606 aequalitatem
1545 535 1744 588 autem
1775 533 2001 606 perspi-

2114 533 2206 589 τὸν
2254 532 2623 608 ὁμοιούμενον
2670 534 2706 604 ἢ
2766 533 3215 611 συγκρινόμενον.
3269 532 3465 601 Οὐδεὶς
3495 534 3553 592 Si
3603 534 3777 602 οὕτως

343 644 450 684 cue
481 628 732 696 astruat,
757 641 877 680 una
905 639 1040 680 vero
1071 638 1205 678 cum
1250 622 1587 694 aequalitate
1618 623 2001 680 manifestum

344 719 539 790 faciat,
565 716 961 774 assimilatum
994 729 1159 786 aque
1190 718 1457 786 oportere
1489 730 1618 770 esse
1648 714 2000 788 ingenitum.

344 806 529 864 Nemo
561 813 753 861 autem
786 803 931 859 adeo
957 803 1202 857 demens
1231 805 1288 857 et
1317 801 1497 874 impie
1527 803 1718 858 audax
1749 819 1878 858 esse
1906 819 2006 874 po-

345 899 484 962 test,
517 898 582 949 ut
613 892 898 965 aequalem
955 891 1210 947 afﬁrmet
1239 891 1397 947 Patri
1445 891 1678 958 Filium,
1713 908 1845 947 cum
1880 892 2006 964 ipse

345 984 632 1040 Dominus
669 982 884 1037 diserte
934 982 1276 1053 pronuntiet
1310 996 1324 1037 :
1354 982 1530 1037 Pater
1575 983 1671 1054 qui
1715 983 1866 1036 misit
1893 995 2003 1049 me,

342 1075 521 1146 major
544 1087 629 1126 me
656 1070 819 1127 est“.
846 1069 948 1126 Vel
983 1072 1046 1124 ut
1077 1069 1310 1142 copulet
1340 1069 1510 1125 alteri
1551 1086 1619 1126 ex
1664 1070 2006 1127 nominibus

345 1162 618 1226 alterum,
652 1163 904 1232 utroque
935 1162 1144 1215 contra
1173 1159 1244 1215 ad
1294 1175 1356 1215 se
1404 1158 1549 1214 illud
1584 1159 1851 1216 certatim
1884 1163 2006 1216 tra-

342 1252 539 1322 hente,
590 1249 823 1320 sibique
873 1248 1310 1321 appropriante,
1354 1264 1545 1321 neque
1595 1246 1774 1305 altero
1826 1248 2005 1305 ullam

345 1339 682 1396 societatem
727 1341 996 1411 respectu
1051 1337 1294 1393 alterius
1345 1338 1713 1394 admittente.
1744 1337 1799 1393 Si
1849 1339 2007 1395 enim

344 1427 668 1502 ingenitus,
701 1442 818 1482 non
850 1427 962 1482 erit
992 1425 1148 1482 ﬁlius
1186 1443 1198 1481 :
1233 1430 1292 1482 et
1331 1426 1379 1482 si
1413 1425 1593 1497 ﬁlius,
1628 1443 1742 1482 non
1773 1426 1884 1483 erit
1914 1428 2008 1482 in-

347 1519 603 1591 genitus.
635 1521 709 1572 At
737 1516 894 1588 quod
925 1533 1081 1572 unus
1112 1515 1208 1571 ille
1239 1519 1586 1572 cunctorum
1621 1521 1774 1572 Deus
1804 1517 1884 1573 sit
1915 1517 2006 1572 in-

2113 624 2343 695 ἀνόητος
2373 625 2460 680 καὶ
2493 626 2632 703 πρὸς
2668 621 2913 681 ἀσέϐειαν
2945 625 3254 704 τολμηρὸς,
3292 628 3432 684 ὥστε
3456 625 3572 684 ἴσον
3606 627 3777 685 εἰπεῖν

2111 717 2190 785 τῷ
2247 716 2416 790 Πατρὶ
2474 716 2564 770 τὸν
2629 715 2775 785 Υἱὸν,
2834 715 2998 771 αὐτοῦ
3047 721 3144 771 τοῦ
3203 718 3408 793 Κυρίου
3469 715 3772 794 διαρῥήδην

2116 803 2403 864 εἰπόντος’·
2454 807 2514 859 '0
2578 806 2764 880 Πατὴρ
2835 807 2862 860 6
2926 806 3149 880 πέμψας
3219 827 3306 881 με,
3380 807 3580 879 μείζων
3672 829 3779 879 μου

2118 891 2256 948 ἐστίν
2287 895 2421 967 (21)
2551 893 2794 965 συζεῦξαι
2854 896 3062 970 θατέρῳ
3118 900 3228 950 τῶν
3283 896 3568 968 ὀνομάτων
3621 897 3778 952 Θάτε-

2118 1003 2232 1058 ρον,
2265 981 2621 1047 άνθίλκοντος
2650 983 2906 1060 ἒκατὲρου
2937 985 3074 1056 πρὸς
3116 985 3298 1055 ἑαυτὸ,
3325 987 3416 1041 καὶ
3469 983 3601 1058 μηδ’
3660 984 3776 1041 ἑτέ-

2119 1091 2215 1148 ρου
2269 1073 2630 1148 προσιεμένου
2679 1073 2780 1142 τὴν
2829 1074 2966 1149 πρὸς
3020 1073 3242 1150 θάτερον
3273 1074 3585 1132 κοινωνίαν.
3647 1075 3781 1131 Ἀν-

2115 1180 2175 1216 τε
2204 1161 2308 1236 γὰρ
2339 1160 2648 1238 ἀγὲννητος,
2670 1162 2779 1239 οὐχ
2809 1162 2949 1218 υἱός·
2985 1161 3046 1219 ἄν
3076 1185 3135 1219 τε
3165 1165 3302 1237 υἱὸς,
3335 1164 3437 1220 οὐκ
3465 1165 3779 1240 ἀγὲννητος.

2117 1247 2295 1306 Ἀλλὰ
2351 1248 2433 1304 ὅτι
2487 1251 2581 1323 μὶν
2641 1251 2718 1313 εἷς
2775 1252 2803 1306 ὁ
2860 1255 2967 1306 τῶν
3027 1253 3264 1309 άπάντον
3324 1254 3452 1316 Θεὸς
3484 1253 3780 1329 ἀγὲννητος

2118 1337 2207 1393 καὶ
2256 1337 2599 1415 ἀσύγκριτος,
2651 1337 2922 1396 πλειόνων
2971 1338 3141 1397 ὄντων
3196 1347 3303 1398 τῶν
3331 1341 3778 1418 παραλελειμμι-

2117 1449 2220 1482 νων
2272 1427 2586 1504 ἀποχρῆναι
2620 1430 2866 1504 ἡγοῦμαι
2901 1429 3114 1503 (22)τᾶ
3163 1430 3391 1508 ῥηθέντα
3446 1431 3584 1508 πρὸς
3637 1431 3771 1488 ἀπο-

2122 1513 2306 1587 δειξιν.

347 1607 583 1681 genitus
615 1609 670 1664 et
698 1604 1187 1676 incomparabilis,
1222 1604 1492 1678 pluribus
1546 1605 1786 1662 omissis
1835 1622 1963 1678 qua
2011 1607 2126 1664 dici
2166 1611 2428 1680 possent,
2462 1608 2734 1664 sufﬁcere
2781 1609 2905 1666 hinc
2954 1626 3082 1682 quas
3134 1611 3256 1682 iam
3305 1612 3462 1668 dicta
3509 1614 3672 1679 sunt,
3702 1612 3774 1667 ad

349 1696 910 1755 demonstrationem
950 1694 1240 1751 existimo.

424 1785 510 1840 12.
544 1784 706 1850 Quod
746 1787 943 1840 autem
977 1783 1159 1839 Filius
1192 1782 1270 1839 sit
1297 1799 1452 1839 unus
1499 1786 1558 1838 et
1605 1783 1816 1840 unicus
1848 1783 2006 1856 (uni-

2187 1786 2273 1841 12.
2306 1784 2428 1840 Ὅτι
2459 1780 2516 1839 δὶ
2571 1785 2658 1839 καὶ
2721 1787 2798 1848 εἷς
2819 1785 2943 1847 Υἱὸς
2975 1788 3302 1863 (μονογενὴς
3331 1785 3478 1864 γὰρ),
3515 1786 3640 1857 ἐνῆν
3677 1787 3774 1861 μὲν

351 1875 589 1948 genitus
633 1873 788 1930 enim
834 1874 966 1946 est),
999 1872 1194 1929 allatis
1244 1872 1303 1928 in
1351 1873 1614 1929 medium
1662 1878 2001 1931 sanctorum

2114 1873 2206 1935 τὰς
2235 1877 2343 1928 τῶν
2378 1872 2540 1947 ἁγίων
2571 1875 2754 1949 φωνὰς
2813 1875 3246 1948 παραθεμένους,
3279 1873 3350 1932 δι’
3400 1875 3472 1932 ὦν
3523 1877 3640 1931 υἱὸν
3686 1877 3777 1932 καὶ

348 1964 613 2031 vocibus,
638 1963 855 2036 quibus
885 1967 1012 2020 tum
1041 1962 1315 2036 genimen
1346 1966 1472 2019 tum
1496 1967 1826 2020 creaturam
1860 1980 2003 2036 pras-

351 2054 568 2124 dieant,
599 2056 656 2108 et
684 2069 788 2125 per
817 2052 1059 2108 nomina
1089 2051 1490 2125 discrepantia
1528 2051 1797 2110 essentiae
1827 2052 2004 2108 etiam

349 2142 806 2215 discrepantiam
839 2141 1214 2198 manifestam
1248 2141 1472 2198 faciunt
1505 2158 1517 2197 :
1551 2157 1860 2214 possemus
1891 2141 2007 2198 ista

350 2232 575 2290 ratione
622 2232 782 2287 omni
833 2247 1004 2303 porro
1053 2247 1195 2287 cura
1244 2235 1302 2287 et
1352 2231 1551 2288 labore
1602 2231 2002 2304 supersedere.

352 2321 566 2378 Verum
598 2324 836 2393 propter
865 2318 998 2376 illos
1023 2320 1119 2391 qui
1153 2319 1305 2375 hanc
1335 2320 1770 2393 generationem
1803 2337 2006 2392 corpo-

353 2409 538 2466 ralem
582 2425 712 2465 esse
750 2407 1087 2480 opinantur,
1115 2413 1172 2464 et
1202 2409 1756 2481 equivocationibus
1788 2409 2005 2481 impin-

355 2504 522 2574 gunt,
556 2498 955 2555 necessarium
989 2498 1255 2554 fortassis
1281 2499 1412 2568 erit,
1435 2499 1612 2555 etiam
1646 2499 1717 2554 de
1746 2498 1838 2554 his
1870 2515 2009 2570 pau-

355 2590 439 2646 cis
471 2587 839 2659 breviterque
881 2587 1094 2643 dicere.
1119 2587 1384 2644 Dicimus
1415 2588 1614 2659 itaque
1642 2587 1850 2646 Filium
1879 2603 2008 2644 esse

357 2676 675 2748 genimem,
691 2676 859 2746 juxta
881 2675 1317 2748 Scripturarum
1339 2676 1689 2743 doctrinam,
1705 2692 1822 2732 non
1846 2675 2008 2732 aliud

358 2765 499 2838 quid
532 2765 849 2822 essentiam
882 2763 1288 2837 intelligendo,
1314 2765 1454 2821 item
1487 2766 1646 2821 aliud
1678 2765 1820 2838 quid
1851 2766 2008 2837 quod

358 2859 569 2926 praeter
597 2853 790 2924 ipsum
823 2853 1218 2926 signiﬁcetur;
1245 2854 1348 2910 sed
1381 2853 1549 2910 illum
1574 2870 1704 2910 esse
1731 2854 1884 2910 hanc
1903 2854 2008 2927 hy-

355 2943 642 3014 postasin,
667 2959 846 3014 quam
878 2958 1091 2999 nomen
1125 2943 1321 3016 ipsum
1353 2943 1669 3016 signiﬁcat,
1703 2945 1784 3000 ita
1814 2949 1880 2999 ut
1907 2961 2009 3016 ap-

352 3031 590 3104 pellatio
632 3032 746 3104 ipsi
776 3032 1047 3088 essentia
1079 3032 1386 3090 veritatem
1431 3037 1683 3100 astruat,
1714 3033 2008 3105 siquidem

351 3122 608 3178 essentia
656 3137 772 3178 non
804 3121 1002 3179 verius
1034 3138 1213 3194 quam
1254 3123 1384 3194 ipsa
1412 3122 1800 3194 appellatione
1843 3139 2010 3179 mon-

2113 1963 2356 2038 γέννημα
2383 1963 2472 2018 καὶ
2532 1961 2753 2036 ποίημα
2807 1962 3267 2040 καταγγέλλουσι,
3326 1971 3445 2022 ταῖς
3501 1970 3612 2022 τῶν
3649 1965 3778 2022 ὀνο-

2120 2053 2300 2126 μάτων
2367 2049 2653 2130 διαφοραῖς
2700 2054 2789 2108 καὶ
2852 2055 2952 2123 τὴν
3000 2061 3103 2124 τῆς
3155 2054 3338 2117 οὐσίας
3396 2053 3774 2131 παραλλαγὴν

2115 2139 2533 2220 ἐμφανίσαντας,
2588 2141 2950 2219 ἀπηλλάχθαι
3009 2142 3294 2222 φροντίδος
3352 2147 3464 2218 (23)
3508 2143 3599 2200 καὶ
3629 2165 3773 2220 πρα-

2115 2231 2364 2306 γμάτωνσ
2399 2231 2495 2286 Διὰ
2543 2228 2601 2286 δὶ
2645 2231 2776 2294 τοὺς
2809 2234 3126 2306 σωματικὴν
3185 2235 3285 2303 τὴν
3337 2235 3585 2310 γέννησιν
3642 2235 3776 2290 ὁπο-

2117 2315 2530 2394 λαμεάνοντας,
2587 2321 2675 2376 καὶ
2733 2326 2855 2386 ταῖς
2912 2323 3256 2396 ὁμωνυμίαις
3314 2323 3770 2398 προσπταίοντας,

2116 2408 2403 2486 ἀναγκαῖον
2454 2408 2588 2472 ἴσως
2639 2410 2728 2465 καὶ
2760 2410 2882 2486 περὶ
2909 2411 3118 2466 τούτων
3145 2409 3234 2468 διὰ
3267 2411 3520 2489 βραχέων
3574 2411 3770 2468 εἰπεῖν.

2118 2499 2367 2572 Γίννημα
2398 2502 2506 2572 (24)
2563 2499 2744 2554 τοίνυν
2802 2501 2892 2555 τὸν
2951 2501 3075 2555 Υἱόν
3136 2522 3308 2579 φαμεν
3367 2503 3503 2556 κατά
3524 2502 3624 2570 τὴν
3658 2505 3768 2555 τῶν

2119 2592 2342 2662 Γραφῶν
2395 2585 2764 2661 διδασκαλίαν,
2813 2590 2925 2665 οὐχ
2967 2586 3148 2665 ἓτερον
3202 2589 3296 2664 μιν
3340 2609 3394 2646 τι
3421 2592 3522 2660 τήν
3582 2589 3770 2646 οὐσίαν

2115 2681 2379 2745 νοοῦντες,
2435 2673 2616 2752 ἕτερον
2679 2675 2736 2732 δέ
2791 2698 2842 2732 τι
2888 2680 3016 2756 παρ’
3045 2679 3212 2748 αὐτὴν
3242 2680 3305 2734 τὸ
3337 2678 3768 2752 σημαινόμενον,

2119 2765 2244 2823 ἀλλ’
2283 2765 2450 2835 αὐτὴν
2482 2767 2612 2822 εἶναι
2639 2768 2739 2836 τὴν
2775 2767 3065 2823 ὑπόστασιν
3122 2770 3188 2838 ἢν
3221 2767 3472 2839 σημαίνει
3501 2764 3767 2840 τοῦνομα,

2121 2853 2566 2926 ὖπαληθευούσης
2614 2859 2683 2930 τῇ
2743 2854 2897 2927 οὐσίᾳ
2950 2863 3051 2925 τῆς
3105 2856 3500 2930 προσηγορίας.
3559 2854 3766 2922 Ταύτην

2121 2941 2177 2999 δὶ
2388 2946 2735 3020 γεγεννῆσθαι
2797 2946 2891 3018 μὲν
2947 2943 3046 2999 οὐκ
3093 2944 3250 2998 οὖσαν
3310 2943 3417 3018 πρὸ
3468 2948 3569 3010 τῆς
3627 2939 3769 3004 ἰδίας

2121 3034 2446 3106 συστάσεως,
2499 3035 2632 3090 εἶναι
2659 3031 2718 3089 δὲ
2770 3037 3108 3110 γεννηθεῖσαν
3141 3033 3246 3107 πρὸ
3277 3032 3518 3103 πάντων,
3575 3030 3772 3106 γνώμῃ

2117 3127 2214 3178 τοῦ
2246 3127 2380 3178 Θεοῦ
2407 3122 2499 3179 καὶ
2531 3124 2760 3200 Πατρός.

349 3215 590 3267 stratur.
622 3210 886 3266 Dicimus
915 3214 1114 3267 autem
1147 3227 1317 3283 porro
1366 3211 1518 3267 hanc
1547 3212 1942 3268 substantiam
1975 3213 2237 3285 genitam
2268 3231 2420 3285 esse,
2453 3231 2588 3272 cum
2620 3232 2736 3271 non
2769 3216 2925 3272 esset
2971 3217 3106 3268 ante
3150 3210 3447 3285 propriam
3481 3207 3774 3266 constitu-

347 3301 600 3369 tionem;
637 3305 951 3373 postquam
980 3316 1112 3356 vero
1142 3302 1341 3372 genita
1373 3301 1501 3369 fuit,
1535 3301 1829 3358 exstitisse
1858 3301 2017 3358 illam
2052 3307 2186 3360 ante
2218 3304 2438 3373 omnia,
2471 3305 2701 3360 decreto
2732 3303 2833 3358 Dei
2865 3305 2923 3357 et
2953 3301 3163 3358 Patris.

425 3389 510 3444 13.
562 3390 622 3446 Si
669 3405 803 3445 vero
857 3388 1031 3446 alicui
1089 3389 1196 3446 hoc
1243 3390 1439 3462 ipsum
1491 3407 1641 3448 ausu
1689 3392 2001 3448 temerario

2188 3394 2274 3448 13.
2308 3390 2374 3448 Et
2407 3389 2465 3446 δέ
2501 3395 2582 3463 τῷ
2637 3387 2788 3444 δοκεῖ
2832 3387 3118 3463 τολμηρὸν
3178 3386 3310 3441 εἶναι
3340 3385 3403 3440 τὸ
3431 3384 3618 3460 ῥηθὲν,
3652 3383 3768 3438 ἐπι-

353 3479 575 3535 dictum
605 3479 856 3546 videtur,
881 3479 1211 3535 consideret
1239 3479 1366 3552 ipse
1413 3496 1635 3549 secum,
1671 3485 1871 3537 utrum
1903 3495 2004 3536 ve-

356 3586 486 3625 rum
520 3569 628 3625 hoc
659 3568 735 3624 sit
777 3586 849 3625 an
884 3567 1120 3626 falsum.
1152 3568 1208 3624 Si
1257 3569 1442 3641 prius,
1477 3570 1771 3640 ejusmodi
1821 3585 2006 3625 ausus

355 3659 528 3731 culpa
558 3663 717 3715 caret
743 3658 976 3731 preprio
998 3657 1172 3714 istius
1195 3657 1454 3714 hominis
1475 3656 1721 3730 judicio,
1745 3658 2006 3728 quando-

345 3749 583 3820 quidem
635 3747 782 3804 nihil
833 3762 1032 3803 rerum
1082 3762 1374 3817 verarum,
1401 3747 1555 3817 quod
1603 3762 1710 3802 suo
1763 3746 2003 3817 quidem

341 3842 606 3910 tempore
653 3841 710 3892 et
758 3837 930 3891 modo
982 3834 1220 3900 dicitur,
1256 3834 1470 3890 habere
1501 3833 1737 3906 culpam
1790 3839 2000 3906 potest.

341 3927 441 3981 Sin
470 3943 607 3982 vero
647 3925 864 3980 falsum
915 3927 1024 3988 est,
1059 3938 1297 3978 summa
1344 3923 1599 3993 profecto
1653 3923 2004 3980 necessitate

343 4015 472 4083 erit,
507 4018 570 4070 ut
601 4013 756 4086 quod
788 4013 906 4068 illis
938 4029 1065 4084 quae
1096 4011 1218 4066 dixi
1261 4012 1624 4068 contrarium
1655 4017 1766 4084 est,
1798 4030 2000 4071 verum

343 4109 642 4177 putemus.
675 4103 792 4158 Hoc
824 4117 957 4158 vero
987 4105 1098 4170 est,
1127 4099 1336 4158 Filium
1387 4103 1654 4175 genitum
1705 4119 1834 4159 esse
1864 4121 1999 4160 cum

341 4199 516 4250 antea
545 4193 872 4260 exsisteret,
901 4191 959 4246 id
1001 4192 1154 4262 quod
1206 4207 1322 4247 non
1375 4191 1565 4248 solum
1615 4193 1999 4249 absurditatis

339 4283 428 4339 vel
461 4281 862 4355 blasphemiae,
888 4281 989 4337 sed
1023 4281 1201 4336 etiam
1233 4297 1480 4336 summa?
1512 4297 1626 4337 non
1659 4286 1852 4353 potest
1883 4299 1998 4340 non

339 4390 468 4430 esse
489 4371 801 4428 fatuitatis.
824 4371 934 4427 Res
956 4369 1115 4426 enim
1138 4386 1266 4442 quis
1288 4375 1396 4438 est,
1421 4370 1584 4441 quid,
1605 4386 1828 4442 quasso,
1849 4387 1997 4443 opus

340 4463 517 4518 habet
546 4460 942 4534 generatione,
975 4459 1092 4515 nisi
1138 4459 1210 4515 ad
1259 4459 1715 4516 similitudinem
1743 4459 1996 4531 alicujus

341 4551 582 4608 alterius
607 4551 686 4605 rei
712 4549 1168 4606 transformetur
1181 4549 1353 4619 juxta
1379 4564 1574 4605 rerum
1597 4549 1994 4606 animatarum

341 4643 654 4696 naturam?
680 4639 814 4704 Quae
847 4639 1085 4710 quidem
1117 4655 1249 4694 vere
1276 4638 1400 4694 ﬁeri
1434 4639 1547 4694 dici
1581 4644 1830 4711 possunt
1857 4656 1993 4696 cum

337 4730 618 4786 exsistant
649 4729 801 4800 quod
853 4733 1012 4796 sunt,
1039 4744 1154 4785 non
1186 4731 1383 4784 autem
1417 4727 1704 4785 exsistant
1750 4745 1818 4784 ea
1865 4746 1992 4801 quas

336 4821 507 4875 ﬁunt.
541 4819 765 4875 Etenim
816 4817 1078 4874 hominis
1127 4832 1330 4872 semen
1363 4833 1478 4873 non
1511 4817 1713 4873 statim
1747 4818 1873 4889 ipse
1903 4823 1991 4875 est

336 4909 531 4974 homo,
567 4924 755 4979 neque
784 4906 934 4978 lapis
966 4907 1215 4961 domus:
1251 4905 1316 4959 ﬁt
1345 4911 1537 4961 autem
1570 4906 1806 4961 tandem
1845 4905 1990 4962 illud

335 4999 575 5071 quidem
608 4997 804 5064 homo,
830 4996 926 5051 hic
955 5010 1088 5050 vero
1109 4995 1343 5049 domus.
1369 4994 1424 5048 Si
1448 5008 1582 5049 vero
1606 5009 1789 5050 unum
1811 4996 1993 5066 quod-

333 5087 477 5143 libet
504 5103 709 5144 eorum
741 5085 960 5157 quibus
1006 5081 1325 5140 assimilari
1373 5082 1502 5138 Filii
1548 5083 1986 5155 generationem

2115 3481 2398 3554 σκεψάσθω
2440 3481 2567 3554 παρ’
2615 3479 2788 3544 ἑαυτῷ
2838 3476 3066 3550 πότερον
3113 3477 3186 3537 ὡς
3225 3475 3429 3545 ἀληθὶς
3459 3474 3540 3542 δν,
3571 3472 3606 3543 ἢ
3639 3476 3770 3548 ψεῦ-

2115 3565 2226 3627 δος.
2280 3567 2343 3624 Εἰ
2403 3569 2496 3641 μὶν
2529 3567 2630 3642 γὰρ
2662 3566 2724 3620 τὸ
2784 3563 3072 3639 πρότερον,
3121 3557 3438 3628 ἀνυπαίτιος
3493 3565 3528 3634 ἡ
3583 3560 3770 3636 τόλμα

2112 3655 2248 3710 κατὰ
2289 3657 2388 3725 τὴν
2441 3655 2608 3710 αὐτοῦ
2655 3653 2855 3729 κρίσιν,
2897 3650 3118 3728 ἐπείπερ
3153 3649 3324 3725 μηδὲν
3381 3655 3490 3708 τῶν
3547 3649 3770 3726 ἀλῃθῶν

2113 3743 2164 3798 ἐν
2217 3749 2392 3820 καιρῷ
2441 3743 2530 3798 καὶ
2567 3741 2747 3819 μέτρῳ
2797 3740 3100 3817 λεγόμενον
3151 3740 3420 3801 ὑπαίτιον.
3468 3740 3527 3798 Εἰ
3560 3738 3619 3796 δὲ
3646 3745 3769 3814 ψεῦ-

2113 3829 2227 3902 δος,
2261 3833 2462 3910 ἀνάγκη
2525 3829 2704 3903 δήπου
2735 3837 2900 3902 πᾶσα,
2958 3829 3167 3885 τούτων
3197 3829 3508 3885 τούναντίον
3569 3827 3773 3898 ἀληθὲς

2110 3924 2383 3997 ἡγεῖσθαι.
2435 3925 2606 3976 Τοῦτο
2657 3917 2704 3975 δ’
2753 3919 2915 3988 ἔστὶν,
2963 3919 3088 3975 ὐντα
3116 3920 3460 3994 γεγεννῆσθαι
3491 3919 3582 3974 τὸν
3618 3918 3767 3974 Υἱὸν.

2108 4013 2279 4086 Ὅπερ
2313 4013 2415 4066 οὐκ
2457 4009 2684 4072 ἀτοπίας
2735 4009 2899 4083 μόνον
2953 4009 2987 4077 ἢ
3044 4006 3416 4086 βλασφημίας,
3471 4005 3618 4064 ἀλλὰ
3674 4006 3768 4062 καὶ

2107 4102 2284 4171 πάσης
2315 4101 2566 4171 εὐηθείας
2599 4093 2912 4174 ὑπερϐολὴν
2946 4099 3005 4153 ἄν
3039 4091 3185 4173 ἔχοι.
3215 4099 3310 4169 Τῷ
3361 4097 3462 4172 γὰρ
3494 4093 3608 4152 ὄντι
3651 4099 3766 4169 (26)

2104 4190 2157 4246 τί
2189 4187 2272 4244 δεῖ
2299 4191 2578 4265 γενέσεως,
2613 4189 2658 4244 εἰ
2695 4189 2770 4261 μὴ
2803 4187 2939 4263 πρὸς
2969 4183 3150 4262 ἕτερόν
3183 4207 3234 4241 τι
3271 4184 3767 4263 μεταρῥυθμίζοιτο

2105 4280 2242 4335 κατὰ
2269 4281 2368 4349 τὴν
2404 4277 2670 4352 ὶμψύχων
2702 4298 2762 4332 τε
2811 4277 2904 4332 καὶ
2962 4275 3190 4350 ἀψύχων
3254 4275 3522 4349 σωμάτων
3585 4273 3769 4352 φύσιν,

2107 4370 2240 4444 ἅπερ
2285 4368 2528 4443 γενέσθαι
2579 4365 2780 4442 λέγοιτ’
2820 4364 2879 4421 ἄν
2934 4363 3181 4434 ἀληθῶς,
3229 4360 3357 4419 ὄντα
3397 4365 3492 4438 μὲν
3521 4364 3556 4419 ἃ
3597 4363 3767 4432 ἆστιν,

2105 4459 2208 4513 οὐκ
2238 4455 2364 4513 ὄντα
2412 4455 2469 4513 δὲ
2517 4455 2551 4511 ἄ
2599 4455 2847 4532 γίνεται;
2901 4451 3039 4513 Οὔτε
3084 4454 3186 4530 γὰρ
3215 4455 3277 4508 τὸ
3310 4452 3525 4527 σπέρμα
3557 4451 3768 4529 ἅνθρω-

2103 4568 2227 4616 πος,
2283 4545 2406 4602 οὔτε
2451 4544 2608 4610 λίθος
2661 4545 2837 4608 οἶκοςο
2893 4544 3092 4620 γίνεται
3127 4541 3202 4613 δὲ,
3236 4545 3298 4598 τὸ
3324 4544 3418 4617 μὲν
3452 4541 3764 4618 ἄνθρωπος,

2100 4637 2162 4691 τὸ
2193 4633 2250 4690 δὲ
2303 4637 2474 4697 οἶκος.
2539 4634 2601 4688 Εἰ
2661 4631 2720 4689 δὲ
2769 4633 2976 4688 τούτων
3025 4627 3276 4700 ἕκαστον,
3335 4635 3416 4693 οἷς
3460 4633 3552 4687 καὶ
3585 4653 3766 4705 παρα-

2103 4719 2327 4780 ϐάλλειν
2373 4725 2472 4792 τὴν
2520 4725 2647 4778 Υἱοῦ
2695 4725 2904 4798 γὲνεσιν
2955 4719 3169 4776 πάντων
3222 4715 3622 4790 εὐσεϐέστατον,
3664 4719 3766 4775 οὐκ

2101 4810 2229 4869 ὄντα
2275 4813 2478 4889 γίνεται
2525 4812 2611 4885 (οὐ
2669 4813 2772 4886 γὰρ
2821 4809 2993 4866 ἐκεῖνο
3031 4809 3232 4885 γίνεται
3265 4809 3294 4864 ’ὸ
3350 4809 3613 4885 πρότερον
3645 4810 3764 4883 ἦν),

2101 4902 2258 4957 ποίαν
2295 4900 2497 4972 δέξεται
2533 4900 2670 4956 ἷάσιν
2705 4902 2733 4956 ὁ
2763 4901 2855 4955 τὸν
2901 4899 3024 4954 Υἱὸν
3081 4898 3212 4954 ὃντά
3270 4906 3618 4976 γεγεννῆσθαι
3670 4898 3762 4955 λά-

2099 5011 2248 5066 γων;
2283 4990 2347 5046 Εἴ
2376 4992 2478 5067 γὰρ
2530 4992 2648 5065 (27)
2697 4990 2802 5064 πρὸ
2855 4996 2968 5066 τῆς
2998 4990 3296 5064 γεννήσεως
3345 4991 3429 5060 ἣν,
3462 4989 3761 5064 ἁγὲννητος

2122 5082 2214 5150 ἦν.

333 5179 601 5234 omnium
631 5182 722 5235 est
750 5177 1108 5250 piissimum,
1143 5189 1278 5230 cum
1309 5190 1424 5231 non
1472 5174 1592 5230 sint
1622 5175 1811 5248 prius,
1841 5175 2081 5231 tandem
2125 5178 2323 5230 tamen
2356 5171 2500 5243 quid
2533 5171 2678 5228 ﬁant
2707 5173 2848 5244 (non
2879 5169 3038 5226 enim
3071 5169 3196 5226 ﬁeri
3227 5170 3342 5227 dici
3377 5174 3568 5243 potest
3599 5171 3759 5242 quod

406 5314 450 5348 ⁸³
479 5313 648 5371 Joan.
679 5330 796 5379 xxv,
825 5313 917 5368 28.

409 5450 515 5517 (21)
543 5447 689 5504 Huic
737 5447 890 5503 dicto
939 5445 1194 5517 Basilius
1226 5459 1377 5517 pag.
1407 5442 1804 5517 235,0pponit
1853 5441 1989 5498 Phi-

335 5519 373 5574 li
383 5511 479 5592 pp.
497 5511 568 5586 ἰι,
592 5518 1089 5592 6,_Nonrapinam
1113 5511 1434 5572 arbitratus
1457 5520 1547 5571 est
1567 5511 1700 5569 εἶναι
1725 5511 1820 5568 τίσα
1848 5517 1987 5586 Θεῷ,

335 5590 448 5648 σε’ςά
474 5608 558 5664 τἰρίι
566 5608 638 5646 ua
647 5590 755 5664 lem
789 5591 916 5664 Deo).

407 5657 728 5734 (22)'Basil.
762 5679 818 5734 p.
848 5662 976 5734 233,
1009 5659 1264 5734 ἀποχρῇν
1294 5657 1541 5734 ἡγοῦμαι
1570 5657 1685 5712 καί.

409 5725 520 5806 (23)
553 5725 807 5790 Basilius
837 5733 937 5788 lib.
964 5725 1033 5800 >11,
1069 5725 1282 5801 p.w238,
1320 5725 1646 5804 φροντίδων.

2232 5441 2283 5514 4)
2314 5439 2490 5514 Daeil.
2524 5458 2580 5514 p.
2612 5442 2738 5514 242,
2769 5439 2898 5514 244.

2227 5511 2282 5586 5)
2314 5513 2493 5586 Basil.
2525 5511 2584 5586 'p.
2617 5513 2724 5567 246
2755 5516 2820 5586 at
2839 5511 2968 5586 248.

2189 5584 2280 5656 26)
2313 5584 2568 5641 Basilius
2596 5600 2731 5656 pag.
2758 5584 2885 5638 248.

2189 5656 2281 5728 27)
2313 5656 2492 5714 Basil.
2528 5675 2584 5730 p.
2611 5657 2738 5711 252.

2169 5441 2226 5513 (2

2171 5515 2224 5583 (2

2169 5587 2186 5728 ἒ
