4124 6372
395 364 514 428 849

1466 361 1801 424 EUNOMII
1847 360 2080 422 LIBER
2121 357 2733 421 APOLOGETIGUS.

3705 356 3825 418 850

394 500 571 552 antea
619 496 812 568 erat):
850 494 1210 566 cujusmodi,
1241 509 1460 566 quaeso,
1504 493 1858 550 medicinam
1912 493 2204 562 admittet,
2239 492 2342 563 qui
2390 492 2624 559 Filium,
2672 507 2806 546 cum
2855 493 2990 546 ante
3038 489 3346 555 exstiterit,
3378 488 3523 545 dicit
3567 486 3830 560 genitum

395 600 523 640 esse
545 584 572 639 ?
601 583 658 638 Si
689 582 846 638 enim
877 587 1014 638 ante
1041 581 1474 652 generationem
1509 586 1656 650 erat,
1688 586 1814 637 erat
1845 580 2042 650 utique
2072 580 2392 651 ingenitus.

468 674 555 728 14.
589 669 768 726 Ἀλλὰ
794 668 965 725 πάλαι
991 691 1051 745 γε
1080 667 1262 732 καλῶς
1309 668 1696 744 ὡμολόγηται,
1741 667 1909 741 μηδὲν
1940 664 2048 722 ἓτε-

2245 669 2332 722 14.
2363 671 2578 722 Verum
2622 670 2854 722 vetusta
2897 669 3051 722 recte
3098 665 3277 722 habet
3326 666 3637 732 confessio,
3671 663 3825 735 quod

395 781 488 838 ρον
522 758 820 835 ἀγέννητον
847 759 981 814 εἶναι
1012 759 1159 834 παρὰ
1202 759 1293 813 τὸν
1344 759 1499 815 Θεόν.
1528 765 1595 813 Ἢ
1650 758 1829 814 τοίνυν
1890 778 2050 831 μετα-

395 848 667 914 θέσθωσαν
725 856 826 919 τῆς
886 848 1216 922 ὁμολογίας,
1247 844 1430 923 ἕτερον
1489 847 1794 923 εἰσάγοντες
1836 847 2058 923 ἀγέννη-

390 958 484 993 τον
519 956 532 970 ⁶
585 937 622 1007 ἢ
676 937 895 1000 τούτοις
954 937 1282 1012 έμμένοντες
1345 937 1811 1012 παραιτεῖσθωσαν
1883 935 2056 1012 λέγειν

393 1022 524 1082 ὅντα
581 1028 932 1104 γεγεννῆσθαι
983 1027 1076 1081 τὸν
1137 1025 1283 1081 Υίόψ
1320 1025 1433 1082 ἐπεὶ
1483 1024 1626 1100 μηδὲ
1655 1030 1931 1102 συγχωρεῖ
1961 1028 2059 1079 τοῦ

394 1119 515 1172 υἱοῦ
571 1118 659 1172 καὶ
723 1121 821 1171 τοῦ
877 1118 1212 1193 γεννήματος
1267 1118 1302 1186 ἡ
1367 1116 1710 1192 προσηγορία
1765 1117 1902 1192 πρὸς
1957 1116 2056 1183 τὴν

393 1208 710 1282 ἀγέννητον.
777 1207 928 1263 Πᾶσα
979 1207 1081 1281 γὰρ
1129 1207 1344 1279 γένοιτο
1429 1205 1696 1281 σύγχυσις
1774 1204 2059 1278 ὀνομάτων

389 1317 448 1351 τε
504 1296 595 1350 καὶ
652 1295 1015 1371 πραγμάτων,
1053 1301 1178 1369 μιᾶς
1243 1295 1341 1368 μὶν
1398 1295 1587 1357 οὐσίας
1636 1290 1803 1364 οὔσης
1855 1314 1914 1348 τε
1965 1294 2053 1348 καὶ

393 1377 699 1460 λεγομένης
782 1384 1097 1459 ἂγεννήτου,
1155 1383 1582 1460 ἐπεισαγομένῃς
1643 1381 1699 1438 δὲ
1761 1388 1840 1454 τῷ
1911 1380 2058 1458 λόγῳ

395 1474 564 1530 πάλιν
627 1473 831 1547 έτέρας,
868 1474 979 1528 εἶτα
1035 1471 1236 1543 ταύτης
1296 1475 1561 1549 γεννητῆς
1617 1470 2054 1546 ὀνομαζομένης,

395 1564 525 1618 Υἱοῦ
543 1584 604 1618 τε
654 1564 730 1636 μὴ
782 1562 1125 1640 γεννηθέντος
1176 1562 1295 1616 κατ’
1325 1560 1544 1631 αὐτοὺς,
1575 1561 1665 1616 καὶ
1715 1553 1926 1636 Πατρὸς
1978 1560 2053 1632 μὴ

395 1654 780 1728 γεννήσαντος,
815 1651 1076 1724 ὀνόματα,
1111 1648 1220 1725 εἷίγε
1283 1651 1358 1724 μὴ
1420 1649 1695 1725 γεννηθεὶς
1751 1650 1841 1718 ἦν.
1901 1647 2053 1717 Πλὴν

391 1743 440 1798 εἷ’
501 1744 576 1816 μή
630 1763 738 1815 τις,
767 1743 904 1796 κατὰ
957 1742 1048 1796 τὸν
1117 1737 1307 1815 λόγον,
1366 1741 1536 1795 κακὸν
1576 1729 1746 1812 ¹κακῷ
1797 1739 2053 1814 ῒώμενος,

392 1832 604 1906 μείζονι
661 1831 724 1886 τὸ
757 1825 1004 1898 ἔλαττον,
1037 1828 1333 1900 αὐξητικὴν
1391 1830 1426 1899 ἢ
1474 1824 1883 1901 μεταϐλητικήν
1943 1828 2056 1884 ἑπι-

383 1924 600 1992 νοήσειε
629 1921 862 1995 γένεσιν,
896 1921 1034 1994 πρὸς
1093 1919 1258 1973 ἅπασι
1307 1923 1425 1980 τοῖς
1483 1914 1679 1980 ἄλλοις
1723 1919 1847 1991 μήτ’
1877 1917 2050 1972 ἐκεῖνο

384 2008 572 2072 καλῶς
633 2008 1027 2084 λογισάμενος,
1084 2008 1159 2071 ὡς
1216 2005 1324 2062 εἴτε
1379 2005 1599 2076 αὐξάνοι
1654 2027 1732 2075 τι,
1766 2008 2127 2110 προσθήκῃΒ

477 2099 490 2110 .
618 2103 645 2110 -
745 2095 795 2110 ν.
851 2099 873 2110 λ
1031 2096 1120 2110 η,
1330 2097 1354 2110 ν
1439 2095 1545 2110 ..η
1691 2093 1719 2110 ν
1821 2097 1834 2110 .

382 2099 532 2163 τινὸς
580 2103 686 2152 τῶν
744 2095 933 2168 ἔξωθεν
985 2096 1264 2168 αὖξήσειεν
1325 2097 1404 2152 ἄν.
1439 2095 1604 2151 Πόθεν
1659 2093 1750 2151 οὖν
1782 2097 1844 2151 τὸ
1874 2116 2043 2172 προσ-

384 2189 554 2259 τεθὲν,
589 2186 633 2243 εί
695 2188 772 2261 μὴ
821 2187 912 2241 καὶ
961 2182 1148 2261 ἓτερον
1201 2185 1576 2258 ὑποθοίμεθα;
1630 2183 1808 2241 Ἀλλὰ
1851 2185 1901 2240 εἴ
1951 2185 2045 2258 μὶν

382 2276 566 2345 τοῦτο,
598 2274 788 2331 πολλά
813 2276 881 2332 τὰ
911 2270 1040 2331 ὅντα
1067 2274 1158 2330 καὶ
1190 2274 1463 2350 ἀγέννητα
1494 2269 1622 2329 ὄντα
1663 2274 1738 2335 εἰς
1785 2272 2046 2348 συμπλή-

385 2387 549 2442 ρωσιν
583 2366 700 2430 ἑνὸς
728 2365 963 2420 ἐπινοεῖν
992 2363 1309 2440 ἀναγκαῖον.
1342 2361 1410 2418 Εἴ
1436 2360 1484 2418 δ’
1515 2360 1574 2418 έκ
1602 2366 1698 2417 τοῦ
1756 2364 1831 2436 μὴ
1891 2359 2047 2426 ὄντος

383 2459 418 2527 ἡ
452 2453 696 2526 αὔξησις,
727 2454 956 2530 πότερον
993 2452 1214 2528 ἄμεινον
1245 2453 1545 2528 ὁμολογεῖν
1583 2456 1685 2507 πᾶν
1723 2452 1798 2524 μὴ
1858 2452 1916 2506 ’ὀν
1956 2473 2043 2528 γε-

384 2547 671 2620 γεννῆσθαι
758 2542 953 2618 γνώμῃ
1027 2546 1123 2596 τοῦ
1193 2538 1627 2618 παραγαγόντος,
1688 2539 1724 2610 ἢ
1794 2540 2041 2596 σύνθετον

393 2633 567 2710 λέγειν
609 2634 710 2702 τὴν
752 2632 934 2687 οὐσίαν
970 2631 1021 2702 ἐξ
1053 2627 1208 2695 ὄντος
1239 2630 1328 2686 καὶ
1365 2631 1440 2704 μὴ
1475 2627 1669 2701 ὅντοςς
1705 2628 1829 2688 Ε’ίτε
1876 2651 2042 2704 μετα-

389 2718 641 2791 ϐάλοιτο,
671 2719 905 2796 μηδενὸς
928 2717 1082 2784 ὄντος
1116 2720 1192 2782 εἲς
1223 2721 1252 2776 ’ὀ
1287 2715 1770 2794 μεταϐληθείη,εἷς
1796 2720 1860 2775 τὸ
1885 2721 1960 2794 μὴ
1985 2719 2042 2775 ὃν

381 2811 441 2882 ’ἐξ
475 2810 714 2887 ἀνάγκης
750 2805 1248 2884 μεταϐληθήσεται.
1283 2811 1386 2865 Καὶ
1421 2813 1538 2872 πῶς
1569 2809 1672 2864 οὐκ
1714 2806 1924 2881 εὔηθες,
1952 2806 2047 2866 ’ἕνα

391 2901 468 2974 μὴ
503 2899 749 2977 λέγωμεν
782 2895 990 2972 ἀσεϐὲς,
1018 2900 1082 2955 τὸ
1112 2897 1170 2955 ὃν
1205 2898 1280 2962 εἰς
1326 2898 1390 2954 τὸ
1437 2899 1512 2972 μὴ
1563 2897 1622 2953 ὃν
1667 2900 2044 2975 κεχωρηκέναι

391 2987 610 3066 λέγειν;
646 2988 762 3045 δέον
796 2989 1098 3066 ἀφεμένους
1128 2996 1230 3059 τῆς
1263 2987 1500 3064 ἀμέτρου
1527 2986 1732 3058 ταύτης
1777 2987 2044 3060 εὐηθείας,

392 3079 690 3154 παρανοίας
723 3076 781 3133 δὶ
824 3077 1061 3152 μᾶλλον,
1093 3078 1390 3156 σωφρόνως
1432 3074 1825 3150 παραδέξασθαι
1870 3075 2044 3149 τάλη-

393 3169 502 3232 Θὲς.

2169 756 2315 812 nihil
2350 760 2558 828 praeter
2587 755 2772 811 Deum
2816 756 2888 811 sit
2937 756 3281 828 ingenitum.
3310 757 3425 812 Aut
3453 755 3636 828 igitur
3667 768 3826 808 rece-

2168 847 2312 902 dant
2362 846 2435 902 ab
2484 845 2588 901 illa
2618 845 3005 914 confessione,
3038 849 3095 902 et
3125 846 3285 902 aliud
3337 844 3478 918 quid
3529 844 3829 916 proferant

2171 937 2329 1008 quod
2363 936 2516 992 696
2547 935 2626 992 sit
2657 934 3016 1008 ingenitum;
3049 935 3138 992 vel
3170 935 3220 991 si
3257 934 3542 991 inhaerere
3573 933 3659 989 illi
3691 949 3826 990 sen-

2167 1025 2364 1081 tentia
2390 1025 2606 1092 volent,
2641 1029 2881 1080 caveant
2911 1025 2971 1080 in
3005 1029 3307 1097 posterum
3341 1024 3422 1080 ita
3453 1023 3637 1095 loqui,
3670 1023 3824 1094 quod

2168 1115 2349 1171 Filius
2398 1131 2531 1171 cum
2583 1118 2758 1170 antea
2806 1113 3006 1181 fuerit,
3036 1114 3270 1186 genitus
3317 1114 3414 1182 sit,
3444 1113 3588 1185 quia
3636 1112 3740 1167 ﬁlii
3773 1116 3830 1167 et

2169 1203 2487 1276 geniminis
2517 1202 2831 1276 appellatio
2865 1220 2980 1258 non
3013 1203 3346 1276 ingreditur
3366 1219 3552 1258 unum
3583 1206 3642 1258 et
3671 1202 3826 1257 idem

2171 1294 2504 1365 subjectum
2526 1310 2661 1349 cum
2686 1292 3082 1366 appellatione
3102 1292 3370 1365 ingeniti.
3395 1293 3636 1348 Summa
3667 1291 3825 1347 enim

2167 1388 2223 1440 et
2243 1388 2504 1439 extrema
2519 1383 2784 1439 confusio
2802 1382 2939 1439 oriri
2964 1386 3159 1455 potest
3175 1387 3296 1437 tam
3320 1381 3625 1437 nominum
3647 1397 3822 1452 quam

2166 1490 2386 1540 rerum,
2421 1473 2470 1530 si
2520 1489 2652 1528 cum
2705 1491 2822 1529 una
2861 1488 3058 1528 revera
3099 1473 3176 1528 sit
3205 1475 3262 1527 et
3293 1472 3522 1527 dicatur
3565 1471 3824 1526 essentia

2164 1561 2449 1635 ingenita,
2471 1564 2648 1618 verbo
2679 1566 2879 1617 autem
2911 1561 3027 1618 alia
3057 1565 3264 1634 praeter
3293 1560 3457 1617 illam
3488 1560 3822 1616 introduca-

2165 1655 2283 1719 tur,
2309 1655 2629 1724 posteaque
2658 1650 2780 1706 haec
2810 1651 3007 1722 genita
3037 1651 3394 1719 nominetur,
3413 1649 3595 1705 Filius
3626 1653 3818 1704 autem

2169 1757 2286 1797 non
2317 1741 2394 1796 sit
2424 1742 2660 1814 genitus
2697 1741 2870 1810 juxta
2906 1738 3173 1812 ipsorum
3219 1739 3596 1806 sententiam,
3628 1754 3820 1810 neque

2166 1834 2336 1886 Pater
2383 1830 2747 1903 generaverit
2796 1829 3032 1885 nomine
3088 1833 3288 1896 tenus,
3319 1829 3369 1885 si
3417 1828 3656 1901 quidem
3704 1843 3820 1883 non

2163 1919 2414 1977 exsistat
2443 1919 2679 1992 genitus
2713 1937 2727 1976 :
2761 1923 3145 1991 praeterquam
3187 1917 3304 1975 nisi
3335 1918 3490 1990 quis,
3516 1919 3686 1990 juxta
3715 1916 3822 1972 tri-

2161 2013 2290 2064 tum
2316 2023 2672 2077 sermonem,
2699 2006 2922 2062 malum
2953 2008 3152 2063 minus
3179 2005 3334 2062 malo
3357 2023 3572 2063 curans
3595 2006 3823 2078 majori.

2157 2097 2574 2170 excogitaverit
2623 2096 2880 2168 aliquam
2917 2095 3382 2169 generationem,
3415 2112 3545 2168 quae
3591 2095 3693 2151 ﬁat
3726 2111 3828 2166 per

2158 2186 2723 2260 augmentationem,
2757 2190 2859 2241 aut
2905 2185 3486 2242 transmutationem.
3519 2185 3589 2240 Et
3633 2200 3824 2254 neque

2157 2276 2268 2332 hoc
2301 2277 2475 2332 modo
2506 2279 2716 2348 praeter
2746 2275 2945 2331 omnia
2975 2274 3091 2331 alia
3135 2274 3316 2346 probe
3347 2272 3821 2340 ratiocinaretur,

2156 2371 2462 2440 propterea
2495 2366 2652 2438 quod
2685 2364 2735 2420 si
2774 2365 2917 2436 quid
2966 2367 3404 2434 augmentatur,
3430 2378 3670 2418 necesse
3720 2363 3817 2430 sit,

2155 2462 2221 2512 ut
2242 2454 2499 2511 auctario
2523 2453 2716 2526 aliquo
2748 2457 2983 2510 externo
3007 2458 3392 2526 augmentum
3419 2452 3629 2524 capiat.
3653 2451 3819 2507 Unde

2155 2545 2338 2618 igitur
2368 2544 2582 2617 poterit
2600 2559 2730 2600 esse
2760 2543 2865 2598 illa
2890 2543 3136 2612 additio,
3160 2543 3280 2600 sive
3309 2542 3370 2599 id
3392 2543 3547 2614 quod
3582 2540 3816 2614 apposi-

2153 2639 2281 2690 tum
2312 2637 2607 2704 censetur,
2628 2632 2742 2689 nisi
2767 2631 2992 2704 aliquid
3024 2631 3183 2688 aliud
3215 2632 3380 2705 prius
3403 2631 3654 2704 subjecti
3687 2630 3813 2686 loco

2154 2722 2490 2797 ponamus?
2519 2721 2696 2794 Atqui
2727 2721 2779 2778 si
2811 2737 2902 2778 res
2941 2721 3022 2779 ita
3053 2738 3115 2779 se
3147 2722 3342 2793 habet,
3372 2737 3612 2778 necesse
3644 2719 3819 2776 fuerit

2154 2811 2486 2884 excogitare
2519 2810 2726 2882 multa,
2759 2827 2884 2882 quae
2917 2827 3089 2868 suum
3131 2814 3262 2868 esse
3291 2811 3350 2867 in
3384 2814 3570 2868 semet
3599 2809 3818 2866 habent

2155 2905 2214 2957 et
2241 2901 2507 2973 ingenita
2527 2904 2687 2970 sunt,
2713 2904 2778 2956 ut
2803 2917 2987 2956 unum
3013 2899 3161 2956 illud
3189 2901 3438 2972 perfecte
3461 2899 3813 2971 compleant.

2153 2992 2252 3047 Sin
2283 3006 2415 3046 vero
2439 2996 2822 3062 augmentum
2854 2989 3002 3046 illud
3029 2990 3255 3046 accedit
3283 3007 3353 3046 ex
3381 2989 3578 3061 aliqua
3602 3006 3664 3045 re
3687 3005 3814 3060 quae

2155 3096 2273 3136 non
2317 3082 2427 3150 est,
2460 3083 2684 3146 utrum,
2710 3094 2927 3150 quaeso,
2959 3081 3202 3150 praestat
3244 3077 3530 3148 conﬁteri,
3553 3094 3625 3133 an
3657 3078 3814 3150 quod

2159 3185 2272 3225 non
2306 3167 2436 3238 fuit,
2464 3166 2522 3223 id
2553 3167 2718 3240 gigni
2749 3168 2981 3224 decreto
3012 3166 3174 3224 illius
3195 3167 3298 3240 qui
3325 3168 3385 3223 id
3418 3167 3713 3240 produxit,
3737 3183 3810 3223 an

385 3276 519 3316 vero
551 3258 760 3326 dicere,
795 3256 1112 3314 essentiam
1145 3260 1412 3313 constare
1443 3272 1510 3312 ex
1541 3261 1672 3314 ente
1723 3259 1777 3313 et
1826 3274 1941 3314 non
1974 3262 2128 3330 ente,
2161 3259 2264 3315 sed
2313 3274 2383 3313 ex
2427 3273 2490 3312 re
2537 3256 2738 3329 aliqua
2766 3273 2890 3329 quae
2935 3261 3025 3314 est
3066 3257 3154 3313 vel
3205 3257 3337 3326 fuit,
3371 3261 3430 3314 et
3455 3273 3569 3312 non
3602 3260 3689 3313 est
3718 3256 3808 3312 vel

381 3365 495 3404 non
527 3347 678 3404 fuit?
708 3346 888 3419 Sique
934 3349 1390 3414 transmutatur,
1425 3345 1589 3402 nulla
1637 3362 1696 3402 re
1747 3346 2062 3403 exsistente
2093 3348 2154 3404 in
2185 3363 2362 3420 quam
2395 3345 2583 3418 possit
2609 3346 3018 3419 transmutari,
3057 3347 3558 3405 transmutabitur
3604 3363 3807 3403 neces-

382 3437 537 3494 sario
568 3437 627 3493 in
658 3437 716 3492 id
749 3437 904 3508 quod
938 3451 1054 3492 non
1087 3438 1197 3491 est.
1229 3435 1301 3491 Et
1329 3435 1647 3508 quomodo,
1682 3453 1902 3509 quaso,
1935 3454 2052 3493 non
2085 3439 2162 3494 sit
2191 3435 2497 3507 stolidum,
2532 3452 2605 3492 ne
2635 3435 2906 3492 dicamus
2935 3435 3210 3510 impium,
3234 3437 3530 3494 afﬁrmare
3557 3436 3614 3493 id
3646 3438 3803 3509 quod

379 3529 490 3598 est,
513 3526 727 3583 abiisse
755 3525 817 3582 in
848 3524 1069 3599 aliquid
1102 3525 1259 3597 quod
1291 3542 1408 3581 non
1441 3524 1570 3581 est?
1600 3526 1724 3581 Imo
1748 3542 1882 3582 vero
1913 3526 2264 3583 conveniens
2292 3531 2383 3582 est
2413 3528 2478 3581 ut
2507 3525 2694 3582 missa
2723 3532 2775 3581 et
2808 3525 3038 3598 abjecta
3068 3526 3387 3583 immodica
3415 3527 3526 3584 hac
3557 3525 3806 3583 stultitia

380 3619 484 3672 aut
513 3615 707 3688 potius
739 3614 993 3681 insania,
1026 3613 1222 3670 debita
1259 3613 1549 3670 modestia
1577 3613 1635 3668 id
1670 3615 1824 3687 quod
1855 3631 2060 3671 verum
2091 3619 2182 3672 est
2210 3617 2563 3687 acceptetur.

458 3706 542 3759 15.
567 3701 742 3759 Ἀλλὰ
762 3703 912 3757 οὗτοι
946 3701 1040 3774 μὶν
1067 3700 1293 3764 τπύταις
1324 3704 1414 3756 καὶ
1442 3699 1642 3774 πολλῷ
1672 3698 1891 3758 πλείοσι
1913 3701 2038 3758 τού-

2228 3705 2314 3760 15.
2346 3703 2561 3760 Verum
2593 3703 2654 3759 hi
2685 3704 2955 3761 homines
2989 3722 3103 3761 non
3134 3705 3336 3762 vident
3357 3705 3519 3763 hisce
3549 3709 3608 3762 et
3636 3705 3806 3778 longe

384 3812 492 3846 των
550 3790 798 3852 ἀτοπίαις
855 3786 1005 3852 ὄντες
1033 3787 1285 3845 ὑπόδικοι
1316 3788 1584 3862 λελήθασί
1636 3813 1769 3871 σφας
1824 3791 2038 3861 αὐτοὺς,

389 3879 499 3955 οὐχ
525 3881 674 3954 ἡμᾶς
727 3877 945 3953 τόλμης
997 3877 1239 3942 εὐθύναις
1284 3877 1507 3943 δικαίως
1563 3881 1881 3958 ὑπάγοντες,
1916 3880 2042 3937 ἀλλ’

390 3968 614 4033 ἑαυτοὺς
659 3963 903 4025 ἀσεϐείας
953 3966 1312 4043 ἐγκλήμασιν.
1347 3969 1538 4043 Ἡμεῖς
1567 3966 1625 4025 δέ
1653 3977 1770 4034 τοῖς
1827 3971 1928 4026 ὑπό
1985 3992 2043 4027 τε

384 4063 492 4115 τῶν
523 4058 689 4136 ἁγίων
720 4056 893 4114 πάλαι
927 4060 1061 4134 (28),
1093 4058 1183 4114 καὶ
1209 4062 1300 4114 νῦν
1360 4058 1448 4137 ἀφ’
1480 4061 1641 4134 ἡμῶν
1691 4060 1865 4116 αὐτῶν
1905 4061 2040 4116 ἀπο-

389 4145 754 4224 δεδειγμένοις
802 4145 1152 4223 έμμένοντες,
1207 4148 1347 4223 μήτε
1395 4155 1498 4219 τῆς
1542 4148 1723 4211 οὐσίας
1768 4153 1865 4205 τοῦ
1909 4154 2044 4206 Θεοῦ⁹

386 4237 754 4316 προσιεμένης
811 4237 1088 4313 γέννησιν,
1148 4237 1222 4301 ὡς
1283 4237 1596 4315 ἀγεννήτου,
1641 4240 1778 4312 μήτε
1827 4237 2044 4295 διάστα-

392 4349 473 4383 σιν
504 4327 540 4398 ἢ
580 4327 844 4404 μερισμὸν
876 4328 951 4389 ὡς
1001 4325 1296 4406 ἀφθάρτου,
1334 4330 1475 4401 μήτε
1526 4329 1619 4403 μὲν
1669 4328 1850 4405 ἑτέρας
1896 4331 2046 4392 τινὸς

391 4416 758 4491 ὑποκειμένης
789 4414 866 4480 εἷς
899 4417 1029 4472 Υἱοῦ
1058 4416 1328 4494 γέννησιν,
1351 4418 1427 4490 μή
1461 4413 1591 4473 ὄντα
1611 4418 1784 4498 φαμὶν
1807 4426 2048 4496 γεγεννῆ-

391 4517 513 4572 σθαι
539 4505 632 4561 τὸν
664 4504 812 4562 Υὶόν.
845 4504 921 4564 Οὐ
947 4510 1369 4580 κοινοποιοῦμεν
1405 4508 1516 4582 (29)
1543 4505 1670 4563 οὐδὲ
1719 4512 1816 4563 τοῦ
1863 4513 2048 4565 Μονο-

395 4599 585 4671 γενοῦς
641 4596 739 4665 τήν
790 4593 976 4651 οὐσίαν
1027 4597 1164 4666 πρὸς
1216 4595 1285 4651 τὰ
1335 4596 1395 4651 ἐκ
1429 4597 1506 4669 μὴ
1538 4592 1703 4653 ὄντων
1761 4596 2048 4674 γενόμενα,

395 4684 616 4761 ἐπείπερ
677 4683 775 4740 οὐκ
831 4683 985 4740 οὐσία
1038 4684 1103 4741 τὸ
1165 4687 1242 4760 μὴ
1293 4681 1484 4761 όν.Τῇ
1517 4683 1576 4742 δὲ
1601 4691 1698 4742 τοῦ
1724 4689 2050 4759 ποιήσαντος

395 4775 592 4851 γνώμῃ
623 4775 722 4844 τήν
756 4771 1016 4853 διαφορὰν
1046 4779 1164 4838 τοῖς
1193 4779 1352 4831 πᾶσιν
1414 4777 1751 4852 ὁριζόμενοι,
1780 4778 2050 4849 τοσαύτην

397 4865 548 4936 αὖτῷ
603 4865 842 4938 νέμομεν
889 4863 1193 4941 ὑπεροχὴν,
1227 4865 1358 4936 ὅσην
1406 4863 1553 4942 ἔχειν
1602 4866 1888 4944 ἀναγκαῖον
1947 4871 2052 4922 τῶν

2151 3793 2423 3867 pluribus
2475 3793 2943 3851 absurditatibus
2990 3812 3118 3853 esse
3169 3812 3232 3852 se
3279 3796 3585 3868 obnoxios,
3619 3813 3808 3869 neque

2152 3884 2435 3956 nosjuste
2457 3883 2516 3938 in
2538 3884 2763 3940 crimen
2793 3885 3051 3942 audaciae
3083 3903 3150 3942 ac
3179 3886 3655 3960 praesumptionis
3687 3903 3808 3942 me-

2153 3973 2265 4028 rito
2297 3972 2610 4038 abducere,
2635 3973 2737 4030 sed
2769 3973 2931 4046 ipsos
2957 3978 3144 4031 semet
3170 3975 3490 4049 impietatis
3514 3992 3808 4033 accusare.

2153 4060 2273 4117 Nos
2300 4077 2436 4117 vero
2483 4059 2546 4116 in
2577 4061 2672 4117 his
2705 4078 2833 4134 quae
2889 4063 3028 4120 olim
3080 4081 3114 4120 a
3159 4065 3381 4122 sanctis
3427 4065 3722 4137 Patribus,
3755 4069 3813 4121 et

2153 4167 2312 4206 nunc
2344 4167 2378 4205 a
2409 4149 2579 4207 nobis
2628 4151 3052 4220 demonstrata,
3085 4169 3503 4226 permanemus
3536 4170 3549 4210 :
3583 4158 3638 4210 et
3676 4171 3810 4210 cum

2155 4256 2350 4312 neque
2378 4240 2635 4298 essentia
2663 4241 2765 4298 Dei
2797 4242 3074 4299 admittat
3115 4244 3577 4317 generationem,
3610 4248 3815 4317 utpote

2157 4345 2285 4401 quae
2317 4335 2407 4386 est
2433 4329 2722 4404 ingenita,
2756 4347 2949 4406 neque
2997 4333 3363 4403 distantiam,
3397 4338 3500 4390 aut
3548 4333 3814 4407 partitio-

2158 4435 2316 4488 nem,
2351 4419 2644 4491 siquidem
2683 4425 2773 4478 est
2817 4422 3316 4496 incorruptibilis;
3351 4441 3606 4497 cumque
3653 4425 3818 4481 nulla

2159 4507 2274 4564 alia
2297 4508 2425 4566 dari
2456 4510 2648 4583 possit
2676 4511 2748 4568 ad
2781 4511 2909 4568 Filii
2951 4513 3410 4586 generationem,
3442 4514 3697 4571 dicimus
3727 4513 3819 4569 Fi-

2158 4597 2305 4654 lium
2338 4599 2604 4672 genitum
2636 4615 2765 4657 esse
2813 4618 2946 4659 cum
2980 4607 3152 4660 antea
3183 4620 3298 4661 non
3329 4605 3668 4673 exsisteret;
3701 4622 3818 4660 non

2161 4689 2318 4760 quod
2369 4705 2745 4746 communem
2793 4691 3082 4748 faciamus
3141 4695 3461 4752 essentiam
3522 4694 3820 4765 Unigeniti

2161 4794 2297 4833 cum
2331 4777 2430 4850 iis,
2453 4795 2580 4850 qua
2605 4780 2676 4836 de
2707 4780 2892 4838 nihilo
2913 4782 3067 4840 facta
3086 4788 3228 4841 sunt
3249 4783 3560 4856 (siquidem
3584 4799 3700 4838 non
3731 4795 3820 4840 est

2163 4868 2422 4924 essentia
2451 4868 2508 4924 id
2541 4871 2699 4942 quod
2747 4887 2865 4928 non
2905 4873 3037 4946 est),
3072 4874 3173 4930 sed
3223 4875 3351 4945 eius
3382 4872 3482 4945 qui
3531 4872 3668 4929 fecit
3714 4872 3817 4928 de-

399 4951 556 5009 ἰδίων
587 4954 914 5028 ποιημάτων
963 4954 1054 5010 τὸν
1105 4957 1365 5026 ποιητήν.
1401 4956 1578 5011 Πάντα
1613 4958 1714 5034 γὰρ
1776 4954 1844 5012 δι’
1889 4955 2048 5013 αὐτοῦ

2164 4961 2320 5013 creto
2380 4974 2482 5014 seu
2538 4961 2852 5029 sententia,
2889 4963 3032 5018 dum
3093 4962 3480 5020 differentiam
3540 4961 3819 5019 omnibus

399 5045 747 5121 γεγεννῆσθαι
801 5042 938 5099 κατὰ
991 5043 1083 5099 τὸν
1143 5043 1406 5120 μακάριον
1440 5044 1694 5117 Ἰωάννην
1740 5045 2048 5124 ὁμολογοῦ-

2167 5047 2344 5102 rebus
2374 5046 2674 5104 deﬁnitam
2719 5050 3116 5123 assignamus,
3138 5051 3253 5124 ipsi
3284 5055 3506 5107 tantam
3540 5067 3656 5122 prae
3688 5051 3820 5108 aliis

404 5154 519 5205 μεν,
568 5135 1131 5212 συναπογεννηθείσης
1168 5135 1364 5200 ἄνωθεν
1423 5134 1570 5210 αὖτῷ
1619 5143 1719 5207 τῆς
1776 5132 2048 5213 δημιουρ-

2165 5136 2443 5192 omnibus
2474 5137 2874 5195 excellentiam
2909 5141 3251 5210 tribuimus,
3273 5145 3552 5212 quantam
3580 5141 3820 5214 quidem

399 5229 560 5297 γικῆς
619 5221 919 5298 δυνάμεως,
952 5222 1078 5280 ὥστ’
1138 5226 1270 5281 εἶναι
1315 5226 1442 5281 Θεὸν
1506 5232 1770 5304 μονογενῆ
1829 5227 2044 5282 πάντων

2159 5225 2430 5298 Opiﬁcem
2465 5226 2680 5284 habere
2711 5244 2952 5285 necesse
2977 5235 3067 5286 est
3095 5246 3212 5302 prae
3244 5229 3499 5302 propriis
3530 5246 3658 5303 qua:
3690 5232 3826 5287 fecit

400 5315 509 5366 τῶν
545 5313 660 5386 μετ’
688 5312 846 5370 αὐτόν
886 5315 977 5370 καὶ
1035 5318 1144 5371 τῶν
1201 5312 1271 5371 δι’
1299 5317 1468 5372 αὐτοῦ
1513 5318 1835 5394 γενομένων.
1868 5316 2048 5382 Μόνος

2161 5316 2456 5389 operibus.
2507 5317 2733 5377 Etenim
2783 5319 2984 5376 omnia
3031 5335 3136 5393 per
3181 5318 3380 5393 ipsum
3430 5320 3585 5377 facta
3630 5337 3759 5378 esse
3779 5315 3823 5354 ⁸⁷

401 5399 500 5476 γὰρ
533 5404 600 5475 τῇ
630 5402 728 5457 τοῦ
757 5403 1020 5480 ἀγενήτου
1052 5401 1274 5480 δυνάμει
1323 5405 1598 5480 γεννηθεὶς
1642 5405 1733 5462 καὶ
1790 5407 2044 5482 κτισθεὶς,

2163 5409 2492 5466 secundum
2521 5410 2762 5468 beatum
2791 5409 3081 5468 Joannem
3111 5411 3483 5484 conﬁtemur,
3515 5411 3825 5485 congenita

472 5545 515 5581 ⁸⁷
545 5545 719 5603 Joan.
752 5563 794 5615 ι,
821 5548 878 5604 3.

474 5688 596 5763 (28)
625 5689 880 5749 Basilius
909 5707 1044 5765 pag.
1074 5692 1204 5763 253,
1232 5691 1324 5748 καὶ
1353 5692 1543 5752 πάλαι.

2245 5696 2352 5769 (29)
2385 5696 2562 5754 Basil.
2596 5715 2728 5772 pag.
2761 5699 2887 5756 255.
