4124 6354
373 316 492 376 851

1328 318 1721 381 APPENDIX
1764 321 2087 384 OPERUM
2136 323 2203 385 S.
2250 323 2532 385 BASlLll
2577 325 2857 387 MAGNI.

3685 335 3806 394 853

375 449 604 504 scilicet
649 449 763 519 ipsi
795 450 866 505 ab
916 450 1085 508 initio
1112 452 1346 507 creandi
1378 453 1652 511 facultate
1689 473 1700 512 :
1735 461 1800 512 ut
1848 457 1928 512 ita
1959 457 2034 512 sit

2151 455 2482 518 τελειότατος
2543 457 2759 532 γέγονεν
2818 458 3087 534 ὑπουργὸς
3135 461 3253 534 (30)
3300 463 3438 535 πρὸς
3469 469 3639 519 πᾶσαν
3701 463 3808 537 δηο

376 538 533 594 Deus
565 537 928 608 unigenitus,
960 545 1225 612 respectu
1271 542 1533 597 omnium
1586 561 1787 600 earum
1838 562 2030 601 rerum

2148 544 2439 620 μιουργίαν
2469 544 2560 600 καὶ
2591 547 2818 621 γνώμην
2848 550 2943 600 τοῦ
2976 548 3208 622 Πατρός.

376 643 502 696 quzc
536 632 669 698 post
701 629 892 701 ipsum
926 634 981 685 et
1012 647 1112 702 per
1142 630 1336 702 ipsum
1372 631 1531 686 factae
1563 637 1721 688 sunt.
1755 635 1898 688 Cum
1930 634 2085 689 enim
2132 635 2256 706 ipse
2289 634 2449 690 solus
2480 635 2722 707 ingeniti
2764 638 3023 708 polentia
3066 639 3300 711 genitus
3335 641 3432 708 sit,
3465 647 3524 698 et
3570 649 3804 702 creatus

375 718 864 788 perfectissimus,
899 721 1036 776 hinc
1069 722 1334 778 minister
1365 723 1473 778 fuit
1504 724 1560 778 in
1589 728 1714 780 tota
1745 726 2033 781 creatione
2063 729 2120 781 et
2149 726 2380 781 decreto
2412 727 2599 782 Patris
2631 727 3010 799 perﬁciendo.

453 808 537 864 16.
568 808 628 862 Si
657 825 792 864 vero
839 810 987 879 ideo,
1020 810 1157 880 quia
1199 811 1368 867 Pater
1415 816 1473 867 et
1521 813 1701 868 Filius
1731 818 2032 882 vocantur,

378 901 683 968 propterea
731 899 1050 954 humanam
1085 905 1141 954 et
1183 901 1542 972 corporalem
1597 905 2032 975 generationem

380 990 610 1057 oportet
639 988 964 1059 concipere,
984 993 1041 1044 et
1072 990 1152 1046 ita
1174 991 1244 1046 de
1265 1008 1332 1046 ea
1363 992 1635 1063 cogitare,
1660 997 1716 1048 et
1743 993 2036 1049 subducta

379 1075 604 1130 ratione
634 1091 702 1131 ex
744 1077 818 1132 iis
848 1095 978 1149 quae
1028 1079 1099 1133 ab
1151 1080 1491 1137 hominibus
1538 1081 1688 1136 ﬁunt
1736 1083 2032 1154 operibus,

378 1167 896 1224 transmutationis
945 1168 1290 1225 nominibus
1339 1175 1395 1225 et
1443 1171 1820 1242 passionibus
1851 1171 2031 1227 Deum

378 1255 691 1326 subjicere,
721 1257 1015 1328 siquidem
1065 1275 1298 1332 quoque
1331 1266 1554 1316 creator
1601 1261 1775 1326 Deus,
1811 1265 2036 1333 oportet

380 1359 486 1398 nos
517 1343 600 1397 illi
634 1344 1010 1401 substernere
1043 1347 1370 1416 materiam,
1400 1353 1465 1402 ut
1495 1365 1690 1419 opera,
1715 1365 1841 1420 quae
1875 1347 2032 1419 facit,

378 1435 651 1488 eventum
682 1435 1071 1506 effectumque
1101 1453 1274 1490 suum
1309 1437 1652 1506 sortiantur,
1679 1438 1776 1508 qui
1809 1437 2034 1493 Graeco-

378 1539 510 1577 rum
542 1527 632 1578 est
673 1541 853 1581 error.
888 1524 1069 1580 Homo
1099 1526 1254 1580 enim
1288 1525 1384 1597 qui
1435 1542 1505 1582 ex
1559 1526 1795 1599 propria
1844 1527 2035 1599 gignit

379 1614 654 1682 essentia,
689 1630 805 1668 non
839 1630 978 1669 sane
1011 1614 1333 1686 quidquam
1382 1616 1659 1671 struxerit
1688 1616 1813 1671 sine
1845 1622 2031 1671 mate—

2219 815 2304 869 46.
2340 813 2404 868 Εἰ
2437 810 2482 868 δ’
2523 812 2604 868 ὅτι
2669 815 2856 890 ΙῘατήρ
2913 816 3002 870 καὶ
3050 817 3199 886 Υἱὸς,
3233 815 3322 874 διδ.
3376 825 3536 876 τοῦτο
3594 821 3806 897 ἀνθρω-

2145 902 2303 972 πίνην
2333 902 2420 956 καὶ
2475 905 2795 976 σωματικὴν
2827 906 2938 980 χρὴ
2989 906 3087 974 τήν
3148 908 3397 982 γέννησιν
3447 908 3671 984 ἐννοεῖν,
3703 913 3810 968 κάκ

2142 995 2251 1046 τῶν
2285 991 2335 1046 έν
2373 993 2686 1067 ἀνθρώποις
2745 996 3040 1069 γεννήσεων
3100 995 3494 1073 ἀναγομένους,
3525 1005 3643 1064 τοῖς
3705 1009 3811 1072 τῆς

2147 1079 2439 1154 μετουσίας
2475 1081 2705 1156 ὀνόμασι
2737 1083 2826 1137 καί
2857 1085 3080 1149 πάθεσιν
3119 1087 3337 1163 ὑπάγειν
3368 1089 3461 1143 τὸν
3511 1091 3640 1145 Θεὸν
3671 1093 3805 1165 (31),

2147 1167 2334 1241 ἔπειδή
2368 1170 2456 1226 καὶ
2490 1167 2828 1248 δημιουργὸς
2849 1173 3193 1247 ὁΘεὸς,ίῖλην
3213 1172 3543 1234 ὑποϐάλλειν
3570 1177 3654 1234 δεῖ
3671 1182 3806 1257 πρὸς

2141 1261 2345 1335 γένεσιν
2379 1265 2484 1315 τῶν
2536 1258 3102 1338 δεδημιουργημένων
3152 1267 3289 1321 κατᾶ
3332 1269 3430 1336 τὴν
3463 1267 3804 1340 Ἑλληνικὴν

2142 1347 2380 1420 πλάνην.
2416 1350 2478 1406 Ὁ
2509 1351 2614 1426 γὰρ
2648 1351 2707 1405 ἐκ
2736 1358 2834 1420 τῆς
2869 1350 3008 1416 ἰδίας
3039 1354 3223 1420 οὐσίας
3270 1361 3474 1430 γεννῶν
3521 1355 3802 1434 ἅνθρωπος

2145 1439 2247 1494 οὐκ
2304 1437 2362 1493 ἂν
2424 1438 2563 1510 ὕλης
2623 1441 2800 1515 χωρὶς
2881 1439 3359 1519 δημιουργήσειεν.
3403 1445 3466 1500 Εἰ
3527 1443 3585 1501 δὲ
3635 1453 3796 1504 τοῦτο

2143 1531 2515 1603 παραιτοῖντο,
2551 1526 2720 1601 μηδὲν
2764 1537 2864 1600 τῆς
2912 1536 3020 1586 τῶν
3083 1532 3365 1606 ὀνομάτων
3425 1533 3802 1613 φροντίζοντες

2142 1623 2443 1694 προφορᾶς,
2501 1619 2598 1686 τήν
2661 1615 2718 1672 δε
2771 1624 2851 1692 τῷ
2912 1625 3028 1694 Θεῷ
3106 1622 3532 1697 περιπίπτουσαν
3593 1620 3798 1680 ἔννοιαν

380 1700 486 1756 ria.
521 1703 683 1767 Quod
717 1703 764 1758 si
799 1703 908 1758 hoc
958 1704 1149 1759 dicere
1198 1705 1542 1775 recusarint,
1577 1705 1880 1761 nominum
1913 1706 2033 1761 elo-

2151 1675 2496 1775 Βίασῶξοντες
2554 1675 2892 1782 έπιτρέποίεν
2929 1675 2933 1676 7
2953 1675 3197 1782 egendi;
3379 1675 3393 1678 ν

381 1792 676 1847 cntionem
707 1792 852 1847 nihil
876 1794 1114 1848 omnino
1138 1798 1431 1861 curantes,
1455 1795 1623 1866 sique
1645 1795 2032 1850 nihilominus

380 1884 608 1936 servata
635 1881 876 1937 veritate
915 1881 1102 1954 dignae
1154 1883 1302 1938 697
1360 1884 1429 1938 de
1481 1887 1593 1938 Deo
1643 1883 1898 1939 notionis
1949 1889 2035 1939 at-

388 1969 703 2026 tribuerint
729 1969 839 2026 soli
870 1971 1078 2026 divinae
1119 1974 1388 2044 potentia:
1421 1973 1656 2028 creandi
1689 1974 1946 2030 ofﬁcium
1981 1977 2039 2028 et

385 2060 728 2116 facultatem
768 2077 781 2114 :
830 2061 1144 2132 quomodo,
1187 2078 1404 2132 quaeso,
1463 2061 1652 2117 locum
1713 2062 1927 2117 habere
1974 2063 2034 2118 in

382 2155 498 2205 Deo
531 2150 744 2222 poterit
775 2151 969 2222 passio
999 2151 1682 2207 transsubstantiationis
1714 2156 1770 2207 et
1799 2154 2037 2225 partici-

384 2241 639 2312 pationis
687 2242 977 2308 essentiaa,
1022 2247 1256 2313 propter
1309 2241 1758 2314 appellationem
1809 2244 2036 2300 Patris9

381 2330 596 2402 Ecquis
617 2331 774 2386 enim
801 2347 1001 2387 eorum
1036 2332 1136 2404 qui
1169 2335 1326 2388 recte
1347 2333 1628 2402 sentiunt,
1653 2349 1866 2388 sanave
1897 2336 2039 2388 sunt

381 2425 597 2486 mente,
628 2419 863 2476 difﬁteri
899 2426 1109 2492 potest,
1137 2422 1291 2493 quod
1336 2424 1602 2493 quaedam
1635 2423 1876 2477 nomina
1906 2426 2035 2478 tan-

378 2514 507 2564 tum
541 2511 858 2580 quamdam
893 2510 1111 2565 habent
1141 2512 1618 2566 communionem
1647 2512 1872 2567 ratione
1902 2529 2034 2583 pro-

2146 1799 2263 1858 πῶς
2295 1795 2355 1849 ἃν
2388 1790 2508 1872 ἔχοι
2544 1797 2730 1872 χώραν
2761 1798 2823 1852 τὸ
2852 1805 2951 1868 τῆς
2986 1799 3269 1872 μετουσίας
3307 1801 3478 1864 πάθος
3529 1801 3617 1857 ἐπὶ
3665 1808 3801 1858 Θεοῦ

2146 1884 2235 1941 διὰ
2263 1887 2362 1954 τὴν
2394 1890 2490 1940 τοῦ
2549 1888 2760 1962 Πατρὸς
2818 1888 3232 1964 προσηγορίαν;
3267 1892 3365 1954 Τίς
3424 1893 3529 1968 γὰρ
3588 1892 3689 1948 οὐκ
3738 1892 3800 1947 ἂν

2146 1971 2514 2050 ὁμολογήσειε
2568 1980 2675 2030 τῶν
2731 1975 2786 2031 εὖ
2834 1978 3207 2055 φρονούντων,
3239 1978 3320 2035 ὅτι
3369 1985 3476 2036 τῶν
3513 1981 3800 2056 ὀνομάτων

2142 2065 2210 2118 τὰ
2239 2064 2332 2137 μὶν
2364 2065 2499 2118 κατᾶ
2527 2067 2626 2135 τὴν
2667 2065 2972 2144 ἐκφώνησιν
3031 2068 3122 2123 καὶ
3179 2069 3463 2148 προφορὰν
3520 2072 3620 2142 τὴν
3679 2093 3802 2126 κοι-

2144 2153 2337 2208 νωνίαν
2398 2148 2513 2229 ἔχει
2562 2154 2750 2227 μόνον,
2785 2157 2889 2211 οὐκ
2946 2153 3022 2212 ἔτι
3083 2155 3140 2212 δὲ
3191 2158 3327 2214 κατᾶ
3353 2161 3452 2228 τὴν
3486 2159 3799 2233 σημασίανς

2142 2244 2234 2306 Ὠς
2282 2241 2590 2320 ὀφθαλμὸς,
2623 2242 2710 2299 ἐπί
2759 2266 2818 2300 τε
2871 2247 3160 2322 ἀνθρώπου
3189 2248 3278 2303 καὶ
3311 2254 3444 2304 Θεοῦ
3476 2247 3799 2326 λεγόμενος·

2143 2336 2238 2387 τοῦ
2301 2333 2393 2406 μὶν
2445 2335 2550 2409 γὰρ
2608 2335 2862 2407 σημαίνει
2901 2358 2953 2390 τι
2989 2335 3174 2414 μέρος,
3199 2343 3294 2394 τοῦ
3324 2336 3382 2394 δὲ
3410 2339 3544 2394 ποτέ
3577 2340 3674 2413 μὲν
3708 2341 3799 2394 ἀν·

2141 2419 2370 2495 τίληψιν
2430 2423 2518 2476 κιοὶ
2582 2420 2830 2497 φυλακὴν
2877 2429 2984 2480 τῶν
3034 2423 3280 2497 δικαίων,
3312 2428 3445 2484 ποτε
3475 2426 3533 2485 δὶ
3559 2429 3659 2498 τὴν
3689 2434 3798 2484 τῶν

2143 2511 2534 2586 πραττομένων
2567 2515 2790 2585 γνῶσιν.

381 2598 768 2654 nuntiationis
799 2603 857 2655 et
883 2599 1253 2669 elocutionis,
1288 2617 1400 2656 non
1433 2605 1628 2656 autem
1664 2603 1853 2673 quoad
1887 2601 2419 2674 signiﬁcationem?
2450 2601 2523 2657 Ut
2553 2602 2784 2672 oculus,
2818 2605 2918 2677 qui
2951 2607 3022 2663 de
3065 2605 3302 2664 homine
3326 2612 3384 2664 et
3414 2609 3531 2664 Deo
3562 2609 3798 2682 dicitur,

381 2687 544 2744 illius
575 2689 814 2759 quidem
847 2694 1072 2761 partem
1105 2691 1425 2761 quamdam
1458 2695 1640 2761 notat,
1672 2691 1852 2762 hujus
1880 2707 2014 2746 vero
2045 2691 2340 2747 interdum
2385 2691 2693 2763 auxilium,
2727 2699 2783 2749 et
2813 2695 3140 2751 custodiam
3162 2698 3487 2767 justorum,
3521 2716 3798 2755 nonnun-

382 2793 560 2849 quam
592 2776 783 2849 ipsam
821 2779 1086 2834 notitiam
1119 2796 1320 2835 eorum
1351 2796 1482 2850 quae
1515 2785 1789 2852 aguntur.

455 2867 540 2921 17.
577 2866 761 2922 Multa
788 2884 947 2934 vero,
983 2884 1115 2922 cum
1167 2885 1439 2940 magnam
1495 2869 1769 2937 habeant,
1799 2871 2033 2941 quando
2065 2871 2108 2937 Ο

382 2955 860 3027 pronuntiantur,
885 2955 1361 3028 discrepantiam,
1388 2959 1654 3014 eamdem
1678 2962 1873 3014 tamen
1897 2959 2040 3014 obti-

383 3049 525 3100 nent
557 3044 1072 3116 signiﬁcationem,
1100 3052 1162 3101 ut
1211 3063 1338 3114 ens,
1362 3052 1418 3102 et
1464 3047 1626 3103 solus
1656 3064 1829 3104 verus
1861 3049 2034 3105 Deus.

382 3134 531 3205 Ergo
563 3150 754 3206 neque
784 3134 832 3190 si
865 3136 1103 3206 quando
1136 3135 1304 3191 Pater
1332 3136 1693 3206 nominetur,
1726 3137 1925 3192 statim
1957 3143 2039 3193 ta-

381 3221 499 3278 lem
544 3223 848 3295 concipere
899 3226 1094 3280 mente
1144 3224 1543 3295 operationem
1576 3226 1879 3297 debemus,
1914 3243 2036 3297 quae

380 3311 715 3367 communis
745 3311 861 3384 ipsi
892 3311 970 3367 sit
1014 3329 1146 3367 cum
1182 3313 1542 3377 hominibus.
1577 3319 1643 3370 ut
1673 3315 1845 3370 simul
1876 3321 2038 3371 utro-

379 3400 560 3472 bique
604 3401 712 3456 hac
761 3401 985 3457 ratione
1016 3402 1236 3458 ﬂuxum
1297 3407 1399 3458 aut
1458 3403 1791 3474 passionem
1846 3408 2038 3461 mente

382 3489 693 3561 agitemus.
729 3490 1032 3562 Siquidem
1077 3492 1336 3563 operatio
1371 3492 1567 3548 divina
1598 3493 1744 3548 nulli
1778 3495 2038 3567 passioni

383 3584 486 3634 aut
517 3579 807 3635 alfectioni
831 3584 921 3635 est
951 3580 1222 3651 obnoxia,
1247 3581 1554 3637 hominum
1583 3587 1775 3639 autem
1810 3584 1873 3638 ﬁt
1902 3601 2034 3640 cum

381 3668 699 3740 passione:
742 3669 844 3726 illa
889 3671 1162 3742 passione
1209 3675 1387 3741 caret,
1423 3673 1542 3727 haec
1594 3689 1726 3728 cum
1778 3672 1878 3729 illa
1926 3678 2036 3729 est-

380 3758 580 3829 Neque
611 3758 660 3813 si
693 3760 929 3832 quando
974 3759 1309 3815 nominetur
1341 3761 1616 3833 Spiritus,
1649 3762 1849 3818 statim
1899 3779 2036 3834 pro-

381 3851 582 3919 pterea
608 3864 984 3903 communem
1031 3847 1208 3905 habet
1257 3855 1527 3905 naturam
1564 3867 1694 3906 cum
1747 3852 1878 3908 aliis
1911 3869 2037 3924 qua

381 3936 629 4008 Spiritus
652 3935 1045 4008 appellantur.
1082 3937 1143 3992 In
1167 3938 1438 3994 omnibus
1459 3945 1656 3994 autem
1681 3944 1908 4010 oportet
1930 3957 2036 3996 nos

382 4026 625 4082 modum
658 4030 716 4081 et
747 4026 1074 4098 analogiam
1125 4027 1336 4082 rationi
1367 4031 1422 4084 et
1465 4029 1782 4100 unicuique
1815 4034 2035 4084 natura

382 4120 839 4171 consentaneam
864 4132 1117 4183 servare,
1141 4133 1330 4189 neque
1353 4117 1552 4173 statim
1578 4118 2033 4191 indignari,cum

381 4203 592 4260 Filium
625 4208 955 4260 creaturam
995 4221 1124 4260 esse
1174 4206 1469 4274 audimus,
1503 4207 1671 4278 quasi
1725 4207 2032 4263 nominum

383 4294 761 4366 aequivocatio
802 4294 992 4365 ipsam
1024 4311 1265 4366 prorsus
1310 4295 1626 4352 essentiam
1661 4312 2036 4353 communem

382 4384 608 4439 reddat;
644 4383 828 4439 Filius
873 4383 1027 4440 enim
1062 4389 1151 4440 est
1179 4385 1421 4455 ingeniti
1454 4392 1506 4440 et
1536 4403 1652 4440 non
1686 4385 1822 4440 facti
1872 4387 2038 4457 geni—

383 4489 508 4528 men
541 4476 599 4527 et
625 4488 792 4543 opus.
816 4472 1035 4528 leum
1067 4489 1204 4529 vero
1227 4479 1284 4529 et
1313 4474 1526 4546 angeli,
1550 4479 1608 4530 et
1629 4475 1917 4545 quidquid
1950 4479 2042 4530 est

385 4565 666 4633 prmterea
714 4565 1138 4627 creaturarum,
1181 4561 1359 4632 hujus
1407 4562 1601 4634 Operis
1655 4566 1795 4617 sunt
1843 4578 2038 4634 opera,

366 4651 672 4721 praecepto
706 4649 897 4704 Patris
948 4664 1050 4720 per
1101 4650 1298 4721 ipsum
1333 4651 1502 4706 facta.
1535 4651 1626 4705 Sic
1675 4651 1830 4706 enim
1881 4651 2038 4707 Scri-

2221 2871 2306 2926 17.
2338 2868 2419 2925 Τὰ
2449 2865 2507 2924 δὲ
2536 2866 2742 2943 πολλὰ,
2770 2869 2904 2925 κατά
2947 2871 3046 2938 τήν
3095 2869 3399 2948 ἐπιφώνησιν
3449 2875 3793 2948 κεχωρισμὲ-

2149 2979 2233 3026 να,
2265 2959 2364 3026 τὴν
2422 2957 2592 3028 αὐτὴν
2644 2957 2758 3034 ἔχει
2815 2958 3108 3032 σημασίαν,
3141 2961 3216 3022 ὡς
3261 2961 3324 3016 τὸ
3381 2959 3464 3032 ὃν,
3495 2961 3584 3016 καὶ
3633 2962 3798 3034 μόνος

2149 3046 2410 3118 ἀληθινὸς
2444 3047 2596 3111 Θεός.
2630 3047 2838 3106 Οὐκοῦν
2869 3045 2996 3103 οὐδὲ
3025 3046 3148 3103 ὅταν
3181 3047 3411 3124 λέγηται
3445 3052 3654 3125 Πατὴρ,
3685 3071 3804 3105 κοι-

2147 3138 2243 3206 νὴν
2299 3135 2498 3192 ἐννοεῖν
2558 3138 2672 3214 χρὴ
2731 3137 2868 3209 πρὸς
2897 3137 3212 3213 ἀνθρώπους
3241 3139 3340 3207 τήν
3393 3137 3688 3214 ἐνέργειαν,
3721 3137 3805 3192 έπ’

2149 3227 2351 3304 ἀμφοῖν
2405 3231 2850 3289 συνεπινοοῦντας
2904 3227 3075 3293 ταύτῃ
3136 3225 3310 3302 ῥεῦσιν
3356 3228 3392 3297 ἢ
3440 3227 3632 3297 πάθος,
3665 3225 3805 3281 ἐπεί-

2146 3335 2246 3390 περ
2277 3318 2312 3386 ἠ
2346 3317 2440 3389 μέν
2474 3316 2615 3370 ἐστιν
2645 3315 2885 3386 ἀπαθὴς,
2915 3319 2950 3385 ἡ
2987 3313 3044 3370 δὶ
3077 3316 3212 3389 μετὰ
3234 3316 3459 3378 πάθους.
3494 3313 3635 3373 Οὐδὲ
3675 3315 3802 3371 ὅταν

2149 3402 2377 3478 λέγηται
2410 3407 2652 3478 Πνεῦμα,
2683 3405 2874 3472 κοινὴν
2907 3402 3022 3478 ἔχει
3054 3405 3190 3478 πρὸς
3221 3403 3286 3458 τὰ
3315 3403 3585 3480 λεγόμενα
3640 3406 3796 3459 πνεύ-

2151 3514 2292 3566 ματα
2337 3494 2437 3562 τὴν
2498 3493 2677 3570 φύσιν.
2712 3493 2794 3546 Ἐν
2854 3497 2983 3545 πᾶσι
3024 3488 3082 3545 δὲ
3109 3493 3170 3546 τὸ
3201 3491 3468 3569 ἀνάλογον
3499 3493 3795 3563 σώζοντας,

2151 3585 2291 3656 μήτε
2343 3583 2434 3637 τὸν
2472 3581 2596 3635 Υἱὸν
2621 3582 2736 3654 (32)
2783 3577 3076 3642 ἀκούοντας
3128 3579 3348 3654 ποίημα
3406 3579 3800 3659 δυσχεραίνειν,

2148 3673 2223 3732 ὡς
2255 3668 2750 3742 κοινοποιουμένης
2783 3669 2997 3730 πάντως
3027 3669 3114 3724 καὶ
3145 3669 3248 3738 τὴς
3304 3669 3491 3733 οὐσίας
3550 3672 3653 3726 ὑπὸ
3705 3677 3807 3740 τῆς

2145 3765 2250 3815 τῶν
2303 3758 2587 3832 ὀνομάτων
2637 3757 2948 3819 κοινωνίας.
2997 3763 3056 3816 Ὀ
3111 3759 3206 3832 μὲν
3259 3759 3360 3835 γάρ
3400 3758 3542 3816 ἐστιν
3577 3760 3801 3837 ἀγεννή-

2145 3871 2240 3904 του
2297 3849 2385 3903 καὶ
2447 3847 2717 3918 ἆποιήτου
2762 3846 3005 3922 γέννημα
3051 3846 3140 3902 καὶ
3187 3848 3421 3922 ποίημα·
3457 3848 3685 3925 οὐρανὸς
3746 3847 3806 3904 δὶ

2145 3938 2233 3992 καὶ
2267 3936 2512 4014 ἄγγελοι,
2545 3937 2634 3992 καὶ
2663 3942 2765 3992 πᾶν
2809 3935 2939 4011 ὅπερ
2986 3935 3125 3992 ἐστὶν
3161 3933 3300 3993 ἄλλο
3332 3939 3572 4012 ποίημα,
3603 3939 3802 3994 τούτου

2144 4049 2240 4082 του
2272 4025 2585 4101 ποιήματός
2617 4025 2730 4081 ἐστι
2759 4028 3065 4100 ποιήματα,
3099 4027 3478 4103 προστάγματι
3535 4033 3633 4082 τοῦ
3690 4035 3808 4083 Ha-

2143 4119 2272 4192 τρὸς
2331 4115 2401 4172 δι’
2433 4117 2596 4172 αὐτοῦ
2651 4117 2937 4193 γενόμενα.
2973 4115 3126 4172 Οὕτω
3182 4119 3282 4192 γὰρ
3312 4117 3372 4173 ἂν
3404 4124 3525 4182 ταῖς
3559 4125 3802 4198 Γραφαῖς

2070 4244 2114 4310 D
2143 4206 2205 4260 τὸ
2251 4203 2501 4280 ἀψευδεῖν
2535 4205 2885 4284 φυλάττοιτο,
2916 4207 3135 4279 ποίημα
3175 4205 3264 4262 καὶ
3309 4207 3551 4284 γέννημα
3605 4208 3803 4310 λεγού-

2147 4315 2264 4357 σαις
2293 4295 2382 4350 τὸν
2415 4296 2561 4369 Υἰὸν,
2594 4295 2686 4350 καὶ
2711 4299 2818 4350 τῶν
2855 4295 3204 4370 ὑγιαινόντων
3253 4297 3418 4370 ἡμεῖς
3461 4296 3560 4352 οὐκ
3601 4295 3804 4368 ἔκστη-

2149 4385 2350 4457 σόμεθα
2381 4385 2685 4461 λογισμῶν,
2721 4387 2860 4458 μήτε
2889 4386 3026 4460 μέρη
3086 4389 3167 4458 τῷ
3219 4389 3334 4457 Θεῷ
3388 4387 3806 4462 περιάπτοντες,

2153 4476 2292 4546 μήτε
2326 4475 2433 4548 μὴν
2466 4474 2609 4549 πρὸσ
2643 4475 2740 4546 μὲν
2781 4473 3030 4549 γέννησιν
3061 4475 3160 4543 τὴν
3224 4472 3360 4529 ῗδίαν
3422 4474 3632 4544 οὐσίαν,
3665 4477 3806 4552 πρὸς

2151 4560 2208 4616 δὲ
2237 4565 2410 4618 κτίσιν
2443 4562 2581 4634 ὕλην
2619 4558 3051 4632 ὑποϐάλλοντες,
3089 4562 3139 4634 ἐξ
3172 4563 3245 4617 ὧν
3280 4565 3316 4633 ὴ
3346 4567 3455 4619 τῶν
3517 4565 3806 4639 ὀνομάτων

2151 4649 2383 4727 διαφορὰ
2411 4652 2647 4728 γίνεσθαι
2679 4654 2935 4730 πέφυκεν.

383 4739 574 4810 pturis
605 4755 715 4794 sua
742 4739 1035 4794 constabit
1061 4739 1299 4809 veritas,
1332 4745 1388 4794 et
1413 4739 1554 4810 ipsae
1587 4740 1659 4795 ab
1691 4739 1849 4794 omni
1898 4741 2205 4798 mendacio
2250 4749 2424 4799 sartm
2469 4749 2634 4799 tectae
2665 4743 2997 4800 conservari
3041 4746 3336 4815 poterunt,
3369 4759 3503 4800 cum
3534 4744 3814 4802 videlicet

381 4828 498 4884 illa;
527 4828 599 4883 de
628 4826 771 4883 Filio
801 4829 1203 4900 pronuntient,
1237 4829 1392 4899 quod
1438 4829 1664 4883 factura
1693 4829 1772 4883 sit
1795 4834 1852 4885 et
1880 4830 2173 4902 genimem
2210 4849 2223 4887 :
2257 4839 2659 4904 prmteroaque
2713 4832 2823 4888 hoc
2871 4837 3042 4904 pacto
3075 4849 3107 4888 a
3136 4833 3298 4889 sanis
3345 4834 3810 4890 ratiocinationi-

382 4919 493 4976 bus
526 4937 640 4975 non
682 4920 1081 4988 deﬂectemus,
1114 4920 1254 4975 dum
1285 4919 1556 4975 videlicet
1586 4936 1776 4992 neque
1824 4920 1976 4977 ullas
2007 4922 2123 4979 Deo
2155 4929 2350 4995 partes
2401 4922 2811 4989 attribuimns,
2844 4939 3034 4995 neque
3080 4923 3194 4996 ipsi
3244 4925 3316 4980 ad
3366 4925 3806 4996 generationem

379 5009 678 5082 propriam
728 5009 1064 5081 essentiam,
1115 5010 1186 5065 ad
1234 5008 1590 5066 creationem
1626 5026 1760 5065 vero
1811 5011 2120 5068 materiam
2171 5011 2548 5084 subjicimus,
2584 5013 2743 5070 unde
2789 5012 3039 5069 existere
3089 5012 3237 5068 solet
3283 5013 3589 5070 nominum
3638 5013 3812 5070 diffe-

378 5099 588 5155 rentia.

452 5189 536 5247 18.
569 5189 627 5244 Si
657 5206 792 5246 vero
849 5192 1017 5259 Deus,
1074 5205 1263 5262 neque
1311 5190 1450 5245 dum
1502 5195 1761 5262 generat,
1795 5193 1866 5246 de
1897 5207 2034 5263 pro-

376 5276 507 5348 pria
524 5295 632 5334 sua
649 5283 861 5335 natura
881 5280 1080 5351 genito
1094 5280 1416 5351 quidquam
1442 5279 1706 5351 impertit
1725 5280 2033 5336 hominum

381 5381 564 5436 more,
597 5368 894 5440 ingenitus
925 5369 1083 5424 enim
1124 5373 1216 5425 est
1250 5385 1262 5423 :
1297 5385 1488 5440 neque
1529 5370 1670 5425 dum
1703 5373 1878 5436 creat,
1914 5385 2036 5425 ma-

2221 5192 2306 5247 18.
2341 5189 2402 5246 Εἰ
2437 5186 2495 5244 δὲ
2529 5191 2666 5264 μήτε
2693 5193 2892 5265 γεννῶν
2927 5190 2956 5244 ὁ
2988 5189 3118 5251 Θεὸς
3144 5195 3245 5259 τῆς
3307 5188 3508 5254 οἰκείας
3555 5187 3636 5263 τῷ
3681 5211 3807 5266 γεν-

2145 5277 2372 5352 νωμένῳ
2433 5277 2760 5352 μεταδίδωσι
2815 5279 3027 5355 φύσεως
3083 5279 3220 5334 κατά
3273 5277 3403 5342 τοὺς
3459 5279 3805 5354 ἀνθρώπους,

2147 5368 2438 5442 ἆγέννητος
2498 5371 2624 5445 γάρ·
2661 5367 2806 5444 μηδι
2861 5367 3058 5438 κτίζων
3118 5366 3257 5440 ὕλης
3309 5365 3575 5425 ἐπιδεῖταί
3631 5389 3807 5441 τινος,

451 5585 561 5728 ἓΒΟ)
597 5584 769 5639 Basil.
805 5600 938 5655 pag.
973 5586 1097 5653 255,
1127 5587 1251 5642 256.
2215 5587 2326 5659 (32)
2357 5588 2608 5645 Basilius
2640 5603 2769 5660 pag.
2799 5587 2928 5644 261.

475 5657 563 5727 31)
593 5656 847 5711 Basilius
878 5671 933 5726 p.
960 5657 1085 5724 257,
1116 5658 1240 5712 259.

475 5657 563 5727 3t)
593 5656 847 5711 Basilius
878 5671 933 5726 p.
960 5657 1085 5724 257,
1116 5658 1240 5712 259.
