4124 6384
399 346 524 407 853

1466 343 1801 406 EUNOMII
1846 341 2081 403 LIBER
2123 340 2745 402 APOLOGETICUS.

3708 337 3829 396 854

398 474 706 552 ἀπροσδεὴς
737 473 810 530 ὥν
842 477 932 530 καὶ
991 473 1238 537 δυνατός
1300 470 1595 546 ἀλόγιστος
1645 474 1982 528 παντάπασιν
2016 473 2040 524 ’ἕ

2166 473 2312 527 teria
2355 472 2598 543 indiget,
2636 475 2837 543 utpote
2887 471 2985 542 qui
3036 469 3198 525 nulla
3241 485 3302 524 re
3333 484 3482 540 opus
3530 466 3735 533 habet,
3767 471 3826 521 et

399 568 495 620 τοῦ
546 563 844 637 κτίσματος
897 563 1244 640 παραίτησις.
1279 564 1372 618 Ἐκ
1422 560 1488 632 δὴ
1547 561 1753 617 τούτων
1800 561 1889 616 καὶ
1944 565 2052 615 τῶν

398 653 664 708 τοιούτων
696 651 1081 725 δεικνυμένους
1120 651 1339 728 (ἐχρῆν)
1382 653 1519 725 μήτε
1550 651 1722 717 πάντη
1765 656 1882 712 τοῖς
1941 649 2054 703 ὀνόο

403 765 532 817 μασι
602 743 979 816 συνεξομοιοῦν
1054 747 1338 816 πειρᾶσθαι
1410 741 1506 804 τὰς
1565 740 1857 813 σημασίας,
1916 741 2054 810 μήτε

403 833 508 903 μὴν
544 829 946 904 παραλλάττειν
981 829 1479 906 παρηλλατμένωνο
1534 835 1652 890 ταῖς
1687 826 1743 883 δὲ
1771 833 1878 882 τῶν
1916 829 2050 882 ὑπο-

393 920 656 994 κειμένων
711 919 939 982 ἐννοίαις
984 920 1378 995 προσίχοντας,
1431 918 1746 980 ἀκολούθως
1779 917 2050 996 ἐφαρμότ-

392 1031 502 1066 τειν
533 1010 628 1072 τὰς
658 1008 1052 1085 προσηγορίας,
1086 1008 1201 1064 ἐπεὶ
1241 1006 1383 1083 μηδὲ
1411 1012 1530 1071 ταῖς
1573 1012 1778 1085 φαναῖς
1820 1006 2052 1084 πέφυκεν

393 1097 715 1163 ἀκολουθεῖν
775 1103 886 1153 τῶο
945 1097 1281 1174 πραγμάτων
1325 1100 1360 1167 ἡ
1418 1098 1594 1176 φύσις,
1643 1102 1757 1158 τοῖς
1810 1093 1866 1151 δὶ
1913 1094 2047 1171 πρά-

391 1209 588 1263 γμασιν
618 1187 1010 1266 ἐφαρμόζεσθαι
1043 1189 1181 1242 κατᾶ
1213 1189 1312 1256 την
1346 1187 1491 1258 ἀξίαν
1524 1189 1558 1256 ἡ
1601 1190 1707 1242 τῶν
1763 1185 2048 1258 ὀνομάτων

395 1273 645 1349 δύναμις.
679 1275 1112 1350 Καταμέμψαιτο
1165 1274 1212 1330 δ’
1261 1273 1321 1330 ἄν
1353 1297 1434 1338 τις
1467 1276 1578 1350 οὐχ
1605 1275 1773 1343 ἦττον
1803 1273 1893 1329 καὶ
1923 1272 2048 1335 τοὺς

389 1364 632 1439 γὲννημα
676 1366 770 1438 μὲν
812 1366 902 1419 καὶ
947 1365 1164 1438 ποίημα
1209 1365 1300 1420 τὸν
1346 1365 1469 1419 Υἱὸν
1503 1365 1633 1419 εἶναι
1667 1364 2045 1436 πειθομένους,

388 1453 678 1529 ἀγὲννητόν
735 1475 793 1509 τε
844 1453 934 1508 καὶ
970 1455 1220 1509 ἅκτιστον
1279 1453 1370 1509 τὸν
1432 1454 1558 1509 Θεὸν
1611 1454 2043 1526 συντιθεμένους,

383 1547 453 1617 τῇ
487 1541 546 1597 δὲ
599 1547 707 1598 τῶν
770 1541 1032 1620 δευτέρων
1092 1545 1397 1618 προσθήκῃ,
1447 1543 1536 1598 καὶ
1584 1546 1654 1617 τῇ
1705 1544 1821 1598 κατ’
1866 1543 2046 1598 οὐσίαν

387 1630 677 1704 ὁμοιότητι
713 1638 831 1694 ταῖς
863 1627 1274 1706 προλαϐούσαις
1323 1630 1645 1708 ὁμολογίαις
1699 1631 2042 1706 ἐναντιουμέ-

385 1740 530 1781 νους.
567 1723 679 1794 (33)
709 1719 816 1783 Οὕς
849 1719 1040 1797 ἐχρῆν,
1077 1720 1125 1776 εἷ’
1151 1721 1246 1794 μὲν
1294 1742 1379 1784 τις
1431 1721 1498 1790 ἧν
1553 1721 1736 1784 αὐτοῖς
1786 1720 2044 1792 ἀληθείας

2165 567 2374 634 potens
2405 566 2495 617 est
2523 579 2535 617 :
2572 561 2809 616 omnino
2856 559 3143 615 rationem
3172 558 3398 614 nullam
3430 555 3631 623 habet,
3665 555 3822 627 quod

2169 653 2374 707 Filium
2408 656 2732 707 creaturam
2763 650 2876 704 dici
2911 649 3135 704 nolunt.
3170 653 3246 702 Ex
3274 648 3365 702 his
3399 661 3542 702 sane
3572 648 3630 699 et
3661 644 3820 714 ejus-

2163 743 2322 796 modi
2383 741 2512 797 aliis
2564 757 2697 795 cum
2743 739 3129 796 manifestum
3178 738 3274 806 sit,
3329 737 3448 792 imo
3501 733 3820 789 adversarii

2163 831 2382 887 oculari
2406 832 2571 903 quasi
2597 829 3100 887 demonstratione
3119 828 3459 891 doceantur,
3485 841 3596 880 non
3625 822 3820 878 ubivis

2161 921 2624 992 signiﬁcationes
2655 919 2847 976 verbis
2897 934 3025 974 esse
3057 916 3469 986 comquandas,
3513 929 3703 985 neque
3735 911 3818 967 al-

2159 1010 2476 1065 ternandas
2500 1025 2627 1066 esse
2649 1024 2742 1064 res
2763 1025 2874 1064 sua
2904 1010 3115 1064 natura
3135 1004 3471 1060 diﬁ'erentes
3495 1019 3509 1057 :
3535 1001 3818 1072 subjectis

2159 1104 2357 1155 autem
2377 1099 2552 1155 rebus
2570 1102 2842 1154 accurata
2858 1094 3328 1153 consideratione
3341 1091 3605 1148 adhibita
3622 1095 3813 1162 aptas,

2159 1190 2570 1245 convenientes
2601 1191 2655 1243 et
2678 1185 2948 1260 proprias
2970 1182 3430 1258 signiﬁcationes
3463 1193 3594 1236 esse
3625 1178 3811 1251 appli-

2158 1279 2377 1335 candas
2413 1295 2424 1332 :
2461 1277 2753 1350 siquidem
2808 1279 3020 1332 natura
3057 1290 3251 1330 rerum
3305 1288 3418 1328 non
3452 1269 3613 1342 ipsas
3645 1268 3810 1340 sequi

2157 1385 2324 1426 voces
2357 1367 2526 1439 solet,
2560 1367 2660 1423 sed
2696 1382 2934 1423 necesse
2955 1367 3044 1421 est
3075 1367 3139 1420 ut
3166 1378 3374 1418 vocum
3406 1358 3571 1415 valor
3603 1361 3737 1430 apte
3758 1361 3815 1413 et

2156 1458 2570 1515 convenienter
2599 1457 2776 1512 rebus
2827 1455 3087 1510 indatur.
3135 1450 3466 1525 Culpaverit
3504 1464 3644 1504 sane
3677 1447 3812 1518 quis

2156 1565 2272 1605 non
2304 1564 2514 1621 parum
2547 1547 2724 1602 etiam
2776 1561 2897 1615 eos,
2931 1544 3031 1616 qui
3083 1543 3321 1616 quidem
3355 1539 3566 1596 Filium
3599 1552 3810 1610 proge-

2157 1639 2312 1694 niem
2354 1643 2411 1693 et
2460 1637 2744 1692 facturam
2795 1650 2923 1690 esse
2973 1632 3240 1704 persuasi
3295 1633 3453 1701 sunt,
3508 1627 3808 1699 simulque

2153 1727 2480 1800 ingenitum
2513 1730 2570 1782 et
2599 1726 2924 1781 increatum
2956 1723 3140 1779 Deum
3166 1723 3446 1789 fatentur;
3472 1734 3674 1774 verum
3709 1733 3811 1789 po-

386 1808 643 1914 tppov'cic,‘
659 1809 1139 1885 παρηλλαγμένων
1171 1813 1280 1865 τῶν
1307 1810 1612 1884 ὀνομάτων,
1643 1809 2039 1885 παρηλλαγμέ-

2155 1817 2470 1874 steriorum
2501 1817 2894 1871 assertionum
2945 1811 3276 1868 accessione
3320 1812 3378 1866 et
3405 1807 3805 1881 exaequatione

385 1919 477 1961 νας
510 1898 810 1972 ὁμολογεῖν
856 1899 948 1954 καὶ
995 1899 1090 1961 τὰς
1150 1898 1353 1960 οὐσίας.
1411 1902 1481 1954 ἾΙ
1529 1900 1631 1974 γὰρ
1664 1899 1723 1953 ἄν
1786 1898 2040 1954 οὕτωκαὶ

2152 1907 2254 1963 illa
2286 1924 2460 1980 quam
2495 1905 2716 1962 faciunt
2735 1903 2962 1960 ratione
2991 1901 3280 1967 essentias,
3308 1899 3465 1956 hisce
3488 1897 3612 1954 suis
3645 1897 3798 1970 prio-

389 1986 569 2060 μόνως
597 1989 695 2056 τήν
730 1984 938 2042 δικαίαν
975 1987 1274 2065 ἐφύλαττον
1333 1987 1502 2061 τάξιν,
1565 1989 1786 2061 ἑκατέρᾳ
1835 1987 2041 2043 τούτων

382 2077 482 2146 τὴν
516 2076 895 2152 προσήκουσαν
953 2074 1302 2140 ἀποδιδόντες
1353 2076 1669 2154 ὁμολογίαν.
1729 2077 1792 2134 Et
1847 2075 1903 2133 δὶ
1964 2077 2040 2150 μὴ

382 2165 582 2238 ταύτης
612 2167 897 2222 ποιοῦνταί
950 2189 1073 2222 τινα
1105 2166 1291 2242 λόγον,
1339 2175 1439 2237 τῆς
1468 2171 1600 2243 γοῦν
1632 2167 1773 2229 ἰδίας
1806 2165 2043 2228 ἐπινοίας

379 2255 609 2334 φυλάξαι
658 2258 759 2325 τὴν
807 2257 1148 2324 ἀκολουθίαν,
1203 2257 1295 2312 καὶ
1343 2259 1418 2330 μὴ
1449 2263 1550 2327 τῆς
1604 2257 1772 2327 αὐτῆς
1831 2257 2039 2332 φύσεως

378 2350 866 2422 παραχωροῦντας,
897 2345 1222 2421 ἀλλοτριοῦν
1283 2353 1382 2417 τῆς
1441 2347 1793 2422 ἁρμοζούσης
1849 2347 2042 2422 ὀνομα-

381 2432 520 2497 σίας⁶
580 2433 1045 2510 ἀποδεδειγμένου
1077 2432 1167 2490 διὰ
1214 2438 1429 2491 πάντων
1478 2438 1614 2509 ἡμῖν
1664 2440 1771 2490 τῶν
1827 2451 2039 2514 προλα-

380 2519 586 2579 ϐόντων
620 2523 795 2580 αὐτῶν
831 2525 960 2580 εἶναι
991 2529 1098 2580 τῶν
1123 2524 1321 2580 οὐσιῶν
1363 2524 1696 2598 σημαντικὰς
1722 2525 1817 2589 τὰς
1871 2547 2040 2604 προσ-

384 2613 634 2690 ηγορίας.

2153 1998 2318 2052 ribus
2375 1994 2849 2052 confessionibus
2908 1990 3337 2048 contradicunt.
3395 1991 3550 2055 Quos
3597 1987 3800 2058 utique

2153 2089 2402 2158 deceret,
2451 2086 2500 2142 si
2550 2101 2667 2157 qua
2716 2081 2974 2140 veritatis
3024 2097 3166 2137 cura
3214 2080 3609 2145 moverentur,
3665 2090 3800 2131 cum

2151 2177 2381 2231 diversa
2403 2175 2523 2230 sint
2554 2173 2815 2243 nomina,
2850 2173 3111 2227 diversas
3140 2170 3317 2226 etiam
3351 2165 3640 2224 essentias
3671 2181 3805 2221 con-

2150 2263 2328 2318 ﬁteri.
2368 2262 2514 2316 Nam
2546 2260 2633 2315 vel
2665 2260 2776 2316 hac
2807 2263 2863 2315 et
2893 2258 3132 2331 quidem
3164 2256 3290 2313 sola
3320 2254 3544 2311 ratione
3573 2254 3801 2325 justum

2150 2355 2450 2407 servarent
2479 2349 2768 2418 ordinem,
2802 2353 2859 2405 et
2895 2347 2980 2404 sic
3012 2347 3204 2420 quoad
3237 2349 3559 2417 utrumque
3590 2342 3804 2399 borum

2148 2441 2590 2497 convenientem
2609 2439 2848 2496 ederent
2868 2436 3319 2494 confessionem.
3343 2434 3403 2490 Si
3417 2449 3554 2489 vero
3579 2431 3803 2488 nullam

2146 2547 2392 2605 prorsus
2425 2529 2688 2588 veritatis
2735 2528 2994 2584 habeant
3041 2525 3354 2592 rationem,
3388 2522 3596 2579 saltem
3646 2520 3802 2593 prio-

2147 2638 2278 2677 rum
2333 2623 2800 2676 commentorum
2861 2615 3344 2689 consequentiam
3404 2612 3802 2677 observarent,

382 2729 570 2784 neque
602 2713 925 2769 recedendo
959 2713 1031 2768 ab
1064 2730 1184 2769 una
1215 2713 1536 2785 eademque
1569 2718 1778 2771 natura
1807 2715 2230 2788 appellationes
2262 2735 2295 2774 a
2325 2717 2733 2774 convenientia
2762 2716 2997 2790 propria
3022 2715 3378 2787 lalienarent,
3412 2727 3544 2768 cum
3578 2708 3798 2782 passim

378 2801 439 2856 in
471 2802 934 2874 praecedentibus
969 2818 1002 2857 a
1033 2801 1204 2859 nobis
1233 2802 1311 2858 sit
1342 2803 1832 2875 demonstratum,
1865 2823 2034 2863 voces
2067 2823 2198 2865 esse
2226 2808 2616 2865 essentiarum
2648 2805 3087 2880 signiﬁcativas.

458 2929 544 2984 19.
573 2924 735 2982 Εἷίποι
766 2924 812 2982 δ’
856 2923 916 2985 ἄν
949 2949 1032 2991 τις
1081 2925 1211 2992 ἴσως
1246 2929 1382 3005 πρὸς
1410 2929 1726 3004 ἀντιλογίαν
1758 2931 2036 3005 ἠκονημέ-

2219 2936 2303 2992 19.
2341 2935 2557 2992 Dixerit
2587 2939 2788 2991 autem
2820 2934 3068 2990 fortasse
3118 2930 3254 3003 quis
3286 2929 3358 2984 ad
3391 2925 3798 2984 contradicen-

383 3036 498 3086 νος,
529 3016 602 3078 ὡς
651 3016 799 3090 εἴπερ
862 3014 944 3072 δεῖ
995 3022 1114 3082 τοῖς
1173 3017 1400 3091 ὀνόμασι
1453 3018 1743 3094 προσέχειν
1796 3020 1886 3074 καὶ
1945 3018 2034 3076 διὰ

2152 3025 2283 3080 dum
2315 3025 2660 3092 instructus,
2691 3040 2758 3079 ac
2775 3022 2954 3078 veluti
2971 3027 3099 3077 cote
3115 3024 3324 3075 acutus
3343 3015 3627 3080 redditus,
3641 3014 3797 3085 quod

378 3103 585 3160 τούτων
619 3107 982 3180 προσάγεσθαι
1011 3106 1130 3167 ταὶς
1183 3111 1292 3161 τῶν
1348 3107 1717 3180 ὑποκειμένων
1776 3107 2032 3182 ἰννοίαις,

2152 3113 2200 3168 si
2230 3113 2430 3169 habita
2458 3114 2687 3169 ratione
2737 3112 3040 3168 nominum
3073 3110 3133 3164 in
3165 3124 3360 3164 rerum
3393 3106 3798 3176 subjectarum

379 3193 512 3256 καθὸ
561 3195 653 3265 μὶν
708 3193 997 3267 ἀγέννητον
1044 3193 1135 3248 καὶ
1181 3196 1437 3268 γεννητὸν
1491 3195 1885 3272 παρηλλάχθαι
1932 3218 2031 3276 φα-

384 3282 502 3354 μὲν,
531 3281 665 3345 καθὸ
697 3279 754 3336 δὲ
784 3286 899 3360 φῶς
930 3282 1018 3337 καὶ
1049 3287 1188 3358 φῶς,
1217 3285 1332 3355 ζωή
1380 3305 1438 3338 τε
1479 3285 1569 3339 καὶ
1616 3287 1751 3357 ζωὴ,
1807 3283 2034 3359 δύναμις

378 3371 466 3426 καὶ
502 3367 753 3444 δύναμις,
787 3370 1040 3427 ἰοικέναι.
1098 3372 1242 3448 Πρὸς
1293 3371 1349 3429 δν
1404 3395 1600 3449 φαμεν,
1651 3374 1713 3429 οὐ
1768 3375 2037 3450 βακτηρίᾳ

379 3461 666 3536 χρώμενοι
719 3460 855 3535 πρὸς
913 3463 1013 3531 τὴν
1069 3461 1337 3536 ἐρώτησιν
1382 3463 1490 3517 ἀντ’
1520 3463 1858 3539 ἀποκρίσεως
1901 3465 2038 3520 κατά

376 3551 467 3606 τὸν
502 3551 786 3625 Διογένους
846 3548 1153 3622 ἐπαινέτην·
1185 3549 1332 3606 πολὺ
1379 3553 1481 3628 γὰρ
1537 3553 1800 3627 κυνισμὸς
1853 3556 2035 3630 κεχώο

381 3659 557 3714 ρισται
639 3641 1089 3714 Χριστιανισμοῦ·
1171 3640 1265 3696 τὸν
1345 3638 1403 3696 δὲ
1494 3644 1757 3720 μακάριον
1815 3642 2033 3701 Ηαῦλον

384 3726 748 3798 ἰζηλωκότες,
782 3729 841 3790 ὃς
902 3749 1038 3803 φησι
1090 3726 1198 3785 δεῖν
1234 3730 1284 3786 ἐν
1315 3729 1505 3802 πολλῇ
1533 3731 1881 3808 μακροθυμίᾳ
1909 3754 2038 3787 παι-

387 3814 556 3871 δεύειν
588 3816 713 3879 τοὺς
744 3815 1293 3891 ἁντιδιατιθεμίνους,
1324 3819 1408 3876 ὅτι
1437 3823 1498 3876 τὸ
1543 3823 1636 3895 μὲν
1682 3822 1822 3877 ἐστιν
1879 3824 2036 3898 ἀγεν-

385 3927 547 3976 νητον
581 3910 715 3980 φῶς,
746 3907 808 3961 τὸ
841 3903 898 3962 δὲ
927 3908 1208 3982 γεννητόν.
1241 3908 1474 3982 Πότερον
1507 3908 1649 3966 ἄλλο
1694 3933 1747 3966 τι
1780 3913 2036 3984 σημαίνει

381 3995 444 4050 τὸ
498 3999 614 4070 φῶς
661 3995 744 4050 ἐπ’
795 3997 1086 4071 ἁγεννήτου
1143 3994 1436 4074 λεγόμενον
1490 4000 1637 4074 παρὰ
1662 4000 1725 4054 τὸ
1756 4000 2034 4073 γεννητὸν,

382 4083 417 4154 ἢ
447 4085 638 4140 ταυτὸν
693 4085 978 4161 ἑκάτερονς
1021 4084 1084 4141 Et
1147 4085 1240 4158 μὲν
1296 4085 1400 4162 γὰρ
1455 4083 1636 4163 ἕτερόν
1695 4109 1746 4142 τι
1786 4087 1875 4142 καὶ
1922 4085 2037 4143 ἴτε-

383 4194 498 4249 ρον,
551 4170 810 4244 εὔδηλον,
859 4172 943 4228 ὅτι
992 4173 1083 4228 καὶ
1128 4173 1371 4230 σύνθετον
1419 4175 1480 4230 τὸ
1512 4175 1563 4246 ἐξ
1591 4177 1772 4252 ἑτερου
1801 4175 1889 4231 καὶ
1923 4177 2035 4231 ὲτὲ-

383 4282 481 4332 ρου
528 4261 904 4336 συγκείμενον.
951 4265 1029 4320 Τὸ
1076 4260 1132 4318 δὲ
1182 4262 1430 4319 σύνθετον
1484 4263 1582 4319 οὐκ
1624 4266 1936 4341 ἀγέννητον.
1971 4265 2035 4323 Εἰ

385 4348 442 4406 δὲ
471 4351 688 4420 ταυτὸν,
734 4350 860 4407 ὅσον
890 4351 1277 4426 παρήλλακται
1335 4353 1398 4409 τὸ
1445 4353 1733 4429 ἀγεννητον
1793 4356 1928 4430 πρὸς
1975 4355 2036 4410 τὸ

2144 3202 2674 3258 considerationem
2697 3206 2785 3256 est
2805 3201 3090 3266 eundum,
3116 3200 3411 3269 quatenus
3433 3193 3673 3265 quidem
3705 3191 3798 3246 in-

2143 3291 2409 3364 genitum
2429 3298 2485 3346 et
2504 3291 2771 3363 genitum
2789 3289 3021 3344 differre
3037 3287 3319 3342 dicimus:
3335 3292 3627 3356 quatenus
3644 3279 3796 3336 698

2143 3395 2278 3435 vero
2311 3380 2509 3436 lumen
2541 3385 2598 3435 et
2626 3379 2848 3447 lumen,
2884 3378 3004 3433 vita
3051 3381 3109 3432 et
3137 3376 3274 3443 vita,
3311 3371 3569 3445 potentia
3610 3375 3668 3425 et
3698 3385 3797 3440 po-

2145 3469 2351 3540 tentia,
2383 3486 2493 3524 non
2525 3468 2777 3536 differre,
2813 3470 2915 3522 sed
2947 3466 3211 3536 ejusdem
3247 3480 3376 3520 esse
3407 3460 3670 3517 rationis.
3695 3458 3799 3512 Cui

2146 3559 2597 3629 respondemus,
2643 3574 2757 3612 non
2790 3557 3000 3612 baculo
3031 3559 3263 3610 utentes
3305 3554 3374 3608 ad
3408 3548 3796 3623 quaestionem

2145 3647 2272 3702 loco
2301 3646 2727 3719 responsionis,
2765 3646 2823 3702 id
2859 3646 3014 3718 quod
3059 3645 3134 3701 de
3180 3643 3436 3714 Diogene
3465 3639 3640 3696 refert
3667 3638 3797 3709 ejus

2143 3735 2433 3804 laudator,
2465 3737 2769 3809 cynismus
2790 3736 2948 3792 enim
2974 3733 3227 3789 multum
3251 3731 3495 3787 differta
3514 3726 3796 3784 Christia-

2146 3829 2337 3882 nismo
2369 3843 2382 3882 :
2418 3826 2520 3880 sed
2553 3831 2822 3881 sanctum
2870 3824 3122 3880 Paulum
3151 3823 3479 3886 imitantes,
3525 3817 3626 3889 qui
3656 3816 3799 3872 dicit

2145 3915 2586 3988 longanimitate
2617 3915 2984 3971 adversarios
3027 3929 3156 3969 esse
3185 3910 3540 3968 erudiendos
3559 3908 3624 3966 ⁸⁸.
3657 3908 3796 3961 Res-

2146 4004 2955 4077 pondemus,inquam,quod
2984 4001 3250 4074 quaedam
3280 4001 3380 4056 lux
3401 4004 3492 4054 est
3512 3998 3796 4070 ingenita,

2145 4095 2414 4166 quaedam
2429 4110 2568 4150 vero
2588 4094 2805 4166 genita.
2825 4092 3031 4148 Utrum
3045 4107 3178 4146 vero
3195 4089 3490 4146 diversum
3507 4103 3611 4143 seu
3634 4085 3796 4143 aliud

2147 4184 2290 4255 quid
2321 4183 2419 4239 lux
2451 4183 2746 4256 signiﬁcat
2775 4198 2910 4237 cum
2943 4182 3014 4236 de
3043 4180 3330 4250 ingenita,
3353 4192 3530 4248 quam
3559 4193 3694 4232 cum
3727 4177 3799 4232 de

2146 4273 2344 4346 genita
2374 4279 2586 4328 natura
2602 4269 3048 4343 usurpatur,vel
3065 4286 3139 4324 an
3171 4283 3354 4323 unum
3377 4271 3436 4322 et
3458 4266 3613 4322 idem
3636 4271 3801 4320 notat

2147 4362 2504 4435 utrobique?
2535 4361 2788 4428 Etenim,
2819 4361 2870 4417 si
2901 4360 3136 4431 quidem
3175 4358 3475 4412 diversum
3509 4355 3650 4426 quid
3683 4354 3797 4425 hic,

382 4439 641 4533 γεννητὸν
675 4442 840 4515 (33⁶),
870 4445 1126 4533 τοσοῦτον
1165 4440 1571 4533 Δπαρηλλάχθαι
1600 4441 1681 4499 δεῖ
1708 4444 1797 4499 καὶ
1827 4446 1889 4501 τὸ
1920 4449 2034 4524 φῶς

2152 4456 2204 4508 et
2233 4451 2530 4507 diversum
2575 4451 2695 4507 illic
2743 4449 3054 4520 signiﬁcat,
3089 4447 3473 4503 manifestum
3521 4444 3658 4500 inde
3689 4449 3799 4512 est,

384 4529 520 4604 πρὸς
550 4528 612 4583 τὸ
643 4533 783 4607 φῶς,
815 4532 903 4584 καὶ
936 4531 1036 4600 τήν
1071 4531 1215 4600 ζωὴν
1248 4532 1384 4608 πρὸς
1431 4533 1529 4602 τὴν
1578 4535 1746 4606 ζωήν,
1797 4535 1889 4590 καὶ
1935 4535 2034 4604 τὴν

388 4615 616 4691 δύναμιν
675 4619 815 4696 πρὸς
869 4621 970 4690 τὴν
1023 4617 1276 4695 δύναμιν.
1309 4623 1369 4680 Ὁ
1398 4623 1500 4697 γὰρ
1530 4622 1689 4686 αὐτὸς
1721 4625 1896 4680 κανὼν
1949 4626 2038 4679 καὶ

386 4707 589 4783 τρόπος
615 4709 751 4784 πρὸς
799 4709 900 4779 τὴν
947 4710 1198 4767 ἁπάντων
1228 4715 1336 4766 τῶν
1376 4710 1638 4768 τοιούτων
1673 4711 1941 4773 διάλυσιν.
1975 4714 2038 4769 Εἰ

387 4796 569 4865 τοίνυν
641 4803 744 4852 πᾶν
801 4792 931 4873 ὅπερ
991 4797 1202 4875 λέγεται
1264 4804 1363 4867 τῆς
1431 4805 1528 4857 τοῦ
1588 4804 1795 4880 [ἰατρὸς
1853 4803 2037 4867 οὐσίας

391 4885 750 4959 σημαντικὸν,
783 4884 897 4942 ἴσον
927 4887 1038 4944 ἰστὶ
1064 4890 1200 4946 κατὰ
1226 4893 1327 4960 τήν
1357 4898 1459 4962 τῆς
1505 4892 1779 4966 σημασίας
1810 4891 2036 4968 δύναμιν

388 4979 465 5048 τῷ
494 4978 608 5050 (34)
661 4977 938 5053 ἁγεννήτφ
970 4976 1059 5034 διὰ
1084 4980 1149 5034 τὸ
1207 4980 1402 5056 ἀμερὲς
1431 4982 1521 5036 καὶ
1553 4981 1862 5053 ἀσύνθετον,
1905 4982 2042 5038 κατὰ

391 5061 448 5118 δὶ
477 5063 568 5121 τὸν
602 5066 763 5122 αὐτὸν
798 5064 961 5143 λόγον
987 5069 1120 5124 κὰπὶ
1155 5073 1253 5125 τοῦ
1307 5070 1653 5148 Μονογενοῦς
1707 5073 1865 5130 αὐτὸν
1925 5076 2039 5148 (35)

387 5156 468 5226 τῷ
497 5156 816 5230 γεννήματι.
857 5155 1264 5235 Παρηλλάχθαι
1294 5156 1352 5218 δὲ
1405 5163 1573 5218 ταῦτά
1613 5183 1740 5241 φασι
1797 5164 1888 5219 καὶ
1944 5162 2038 5219 αὗ-

463 5351 509 5388 ”
544 5355 594 5410 ΙΙ
627 5353 778 5414 Tim.
811 5371 875 5429 ιι,
902 5359 996 5415 25.

468 5533 592 5609 [33)
608 5535 787 5609 B_asil._
818 5553 876 5609 p.
901 5538 1029 5595 261.

1097 5611 1226 5686 262,
1255 5610 1320 5668 τὸ
1346 5613 1599 5688 γεννητὸν
1631 5617 1766 5693 πρὸς
1792 5619 1856 5674 τὸ
1886 5621 2042 5698 ἀγὲν-

393 5679 589 5751 νητον,
608 5679 812 5738 eodem
843 5679 1043 5739 sen‘su'.

2149 4541 2305 4611 quod
2338 4539 2513 4596 etiam
2547 4539 2941 4611 compositum
2987 4537 3128 4608 quid
3159 4537 3256 4601 sit,
3290 4551 3360 4590 ex
3390 4533 3503 4590 alio
3534 4532 3802 4589 videlicet

2148 4635 2204 4685 et
2233 4629 2348 4685 alio
2376 4633 2676 4685 constans.
2708 4628 2870 4692 Quod
2903 4631 3100 4682 autem
3136 4624 3530 4697 compositum
3564 4625 3674 4690 est,
3703 4621 3797 4677 in-

2149 4719 2414 4791 genitum
2443 4734 2573 4774 esse
2603 4734 2717 4774 non
2767 4721 2980 4789 potest.
3012 4715 3110 4770 Sin
3140 4731 3274 4770 vero
3320 4729 3509 4770 unum
3553 4718 3612 4767 et
3641 4710 3796 4767 idem

2151 4807 2463 4880 utrobique
2494 4812 2677 4877 notat,
2709 4811 2998 4880 quantum
3042 4804 3236 4861 diﬂ'ert
3273 4803 3602 4876 ingenitum
3635 4817 3668 4856 a
3698 4815 3800 4872 ge-

2149 4897 2294 4966 nito,
2316 4902 2551 4954 tantum
2569 4897 2750 4953 etiam
2778 4895 3010 4952 differre
3030 4892 3471 4967 Oportetlumen
3494 4889 3800 4956 alumine,

2149 4991 2206 5043 et
2234 4987 2411 5044 vitam
2444 5005 2478 5043 a
2505 4987 2646 5054 vita,
2670 4991 2727 5042 et
2748 4987 3070 5058 potentiam
3095 5001 3128 5040 a
3146 4983 3428 5056 potentia.
3458 4981 3617 5037 Unus
3641 4979 3799 5035 enim

2149 5081 2208 5132 et
2235 5077 2392 5132 idem
2422 5077 2516 5132 hic
2537 5093 2724 5132 canon
2748 5093 2814 5132 ac
2837 5075 3048 5131 modus
3071 5073 3138 5128 ad
3165 5070 3515 5127 solutionem
3538 5067 3801 5124 omnium

2149 5167 2200 5236 ej
2214 5165 2444 5222 usmodi
2456 5165 2852 5237 objectionum
2871 5161 3134 5221 adhiberi
3149 5158 3422 5232 potest.Si
3443 5159 3625 5231 igitur
3640 5156 3808 5230 quid-

2223 5551 2338 5623 (34)
2371 5550 2691 5623 Tg'iaEditi,
2722 5549 2806 5604 τό.
2839 5548 2997 5623 Em'r.

2364 5617 2560 5679 Δύτόν.
2595 5627 2779 5688 Forte,
2802 5618 3018 5674 ταυτόν.
3051 5617 3150 5674 ED.
