4124 6378
317 330 434 393 855

1257 325 1652 387 APPENDIX
1698 323 2022 386 OPERUM
2073 323 2136 384 S.
2184 321 2473 384 BASILII
2521 321 2796 383 MAGNI.

3627 325 3751 384 856

313 463 456 534 quid
488 460 946 534 signiﬁcativum
978 465 1066 514 est
1086 458 1353 514 essentia:
1385 457 1598 526 Patris,
1623 456 1847 529 ecquale
1878 460 1972 511 est

2092 451 2290 514 τοί.Τίς
2323 448 2401 508 ἔτι
2432 453 2786 527 συγχωρήσει
2819 451 2983 528 λόγον
3013 453 3114 521 τὴν
3145 459 3245 523 τῆς
3276 452 3458 515 οὐσίας
3483 453 3756 526 ὁμοιότη’

311 552 366 608 vi
399 549 856 623 signiﬁcationis
907 552 984 619 τῷ
1015 546 1295 620 ingenito,
1328 550 1636 618 propterea
1688 546 1843 618 quod
1877 545 1974 599 hic

314 641 570 714 partium
604 639 1166 711 autcompositionis
1183 642 1272 692 est
1290 637 1436 692 nihil
1468 655 1479 692 :
1513 637 1716 692 eadem
1741 650 1975 708 quoque

316 731 542 785 ratione
591 731 663 784 de
711 729 1020 798 Unigenito
1072 726 1384 782 dicendum
1435 730 1546 793 est,
1595 725 1748 796 quod
1799 731 1854 780 et
1896 722 1978 778 ibi

320 819 543 892 aequale
573 823 662 875 est
691 821 770 888 τῷ
810 817 1023 888 genito.
1063 821 1137 871 At
1168 816 1283 888 ipsi
1335 832 1570 888 quoque
1599 814 1720 870 haec
1751 813 1981 869 differre

2083 562 2149 596 τα
2179 540 2493 616 προσάγειν,
2527 540 2562 610 ἢ
2624 562 2732 595 τινι
2783 543 2882 611 τήν
2935 541 3215 618 ὑπεροχὴν
3275 541 3411 598 κατᾶ
3448 543 3510 597 τὸ
3562 547 3751 615 μεῖζον

2087 630 2389 706 ὁρίσασθαι,
2437 631 2635 695 παντὸς
2695 630 2788 703 μὲν
2843 628 3032 706 ὄγκου,
3065 633 3266 694 παντὸς
3309 630 3367 686 δὲ
3397 631 3624 707 χρόνου,
3656 631 3752 686 καὶ

2085 725 2191 775 τῶν
2223 719 2488 775 τοιούτων
2517 719 2891 796 ἦξῃρημένων,
2943 719 3125 791 ἁπλῆς
3165 742 3224 776 τε
3248 721 3337 776 καὶ
3374 723 3545 796 μόνης
3582 723 3750 792 οὕσης

2087 830 2147 865 τε
2170 817 2268 880 τῆς
2300 810 2483 872 οὐσίας
2515 811 2600 865 καὶ
2634 811 2973 883 νοουμένης;

325 910 548 965 dicunt.
585 907 746 974 Quis,
781 922 998 976 quaeso,
1033 904 1288 976 amplius
1321 905 1598 959 concedet
1650 918 1982 958 sermonem
2014 901 2280 958 essentia
2323 901 2718 972 aequalitatem
2764 903 3075 970 adducere,
3108 907 3211 958 aut
3240 902 3335 958 cui
3374 901 3636 976 aliquam
3670 902 3757 958 ita

322 995 829 1069 praeeminentiam
863 999 1145 1065 statuere,
1179 995 1332 1066 quod
1384 993 1531 1049 alter
1578 991 1760 1048 altero
1809 991 1886 1047 sit
1917 991 2106 1062 major
2151 990 2310 1045 omni
2354 990 2593 1061 quidem
2644 989 2814 1061 mole,
2847 990 3009 1046 omni
3057 1007 3191 1047 vero
3223 993 3488 1064 tempore
3517 995 3577 1046 et
3621 989 3757 1047 aliis

327 1085 622 1158 ejusmodi
655 1085 830 1140 rebus
862 1084 1129 1156 remotis,
1161 1098 1560 1155 concessoque
1591 1083 1744 1154 quod
1775 1080 2028 1153 simplex
2057 1084 2114 1136 et
2145 1097 2264 1136 una
2293 1079 2370 1136 sit
2398 1083 2456 1135 et
2484 1077 2732 1153 intelligi
2763 1079 3018 1136 debeat?

390 1229 480 1284 20.
512 1228 805 1283 Videntur
834 1243 967 1282 vero
1013 1227 1181 1282 nobis
1215 1226 1455 1281 omnino
1503 1224 1588 1280 illi
1623 1224 1721 1295 qui
1756 1223 1980 1279 nulliuvs

320 1317 581 1376 dominio
615 1317 917 1372 subditam
943 1320 1000 1372 et
1029 1315 1187 1371 omni
1212 1331 1392 1370 causa
1422 1313 1810 1386 superiorem,
1830 1316 1885 1367 et
1907 1313 1980 1366 ab

323 1406 601 1462 omnibus
629 1405 1133 1477 legibusliberam
1165 1404 1487 1460 essentiam
1520 1407 1741 1458 naturae
1773 1401 1982 1473 genitae

323 1499 379 1550 et
411 1495 672 1567 paternis
702 1494 933 1567 legibus
966 1494 1236 1549 servienti
1287 1509 1630 1563 comparare
1664 1492 1791 1547 ausi
1821 1496 1980 1558 sunt,

323 1600 512 1656 neque
543 1583 662 1639 ullo
686 1582 856 1655 plane
879 1584 1053 1638 modo
1077 1581 1478 1637 universilatis
1500 1597 1695 1635 rerum
1717 1581 1983 1635 conside-

324 1689 487 1729 rasse
517 1678 815 1739 naturam,
837 1673 1004 1727 autsi
1028 1672 1264 1743 quando
1287 1670 1396 1725 hoc
1428 1670 1671 1737 faciunt,
1697 1687 1810 1724 non
1838 1685 1986 1740 pura

326 1767 525 1818 mente
555 1762 802 1818 dehisce
825 1763 1002 1817 rebus
1030 1763 1178 1816 ferre
1201 1758 1443 1829 judicia.
1469 1759 1693 1813 Etenim
1722 1774 1856 1812 cum
1879 1773 1985 1811 no-

2159 1223 2247 1277 20.
2276 1222 2383 1289 Τὴν
2417 1219 2595 1295 ἀρχὴν
2629 1217 2687 1275 δὲ
2717 1217 2940 1275 δοκοῦσί
2975 1241 3068 1294 μοι
3102 1223 3153 1276 οἱ
3185 1221 3283 1290 τὴν
3329 1219 3624 1276 ἀδέσποτον
3657 1223 3748 1276 καὶ

2089 1308 2268 1380 πάσης
2311 1310 2404 1382 μὲν
2457 1308 2636 1372 αἰτίας
2682 1309 2984 1386 κρείττονα,
3024 1312 3241 1366 πάντων
3276 1307 3333 1366 δὲ
3356 1310 3544 1384 νόμων
3593 1309 3747 1367 ἐλευ-

2093 1397 2246 1474 θέραν
2300 1397 2506 1467 οὐσίαν,
2560 1403 2628 1472 τῇ
2676 1403 2909 1475 γεννητῇ
2951 1399 3040 1454 καὶ
3069 1399 3264 1472 νόμοις
3295 1405 3581 1476 πατρικοῖς
3618 1397 3741 1454 δου-

2093 1486 2326 1561 λευούση
2373 1493 2655 1562 συγκρῖναι
2863 1490 3267 1562 τολμήσαντες,
3301 1489 3337 1558 ἢ
3405 1486 3546 1562 μηδὶ
3599 1486 3744 1551 ὅλως

2090 1578 2188 1645 τὴν
2238 1581 2343 1632 τῶν
2392 1576 2539 1632 ὅλων
2584 1578 2740 1651 φύσιν
2794 1577 3135 1656 ἐπεσκέφθαι,
3189 1578 3226 1649 ἢ
3283 1581 3358 1653 μή
3417 1585 3625 1654 καθαρᾷ
3677 1582 3748 1653 τῇ

2095 1665 2305 1738 διανοίᾳ
2331 1669 2426 1728 τὰς
2455 1667 2577 1741 περῖ
2625 1667 2832 1723 τούτων
2880 1675 3153 1733 ποιεῖσθαι
3202 1668 3430 1744 κρίσεις.
3463 1675 3614 1724 Δυεῖν
3645 1670 3749 1746 γὰρ

2092 1759 2229 1829 ἡμῖν
2281 1757 2637 1828 τετμημένων
2691 1754 2829 1811 ὁδῶν
2890 1757 3025 1831 πρὸς
3078 1759 3176 1827 τὴν
3234 1762 3344 1812 τῶν
3398 1759 3749 1832 ζητουμένων

329 1853 422 1908 bis
455 1853 582 1906 duae
617 1855 756 1906 sunt
786 1849 1072 1905 distinctae
1099 1849 1198 1903 viae
1221 1849 1291 1903 ad
1313 1863 1516 1903 earum
1544 1863 1739 1901 rerum
1767 1847 1839 1900 de
1859 1845 1978 1915 qui-

2096 1845 2337 1920 εὕρεσιν,
2401 1850 2527 1918 μιᾶς
2579 1847 2694 1918 μὶν,
2744 1853 2864 1910 καθ’
2920 1848 2980 1916 ἣν
3029 1849 3122 1908 τὰς
3173 1847 3362 1912 οὐσίας
3416 1849 3582 1907 αὑτὰς
3631 1848 3752 1903 ἐπι-

333 1941 446 1996 bus
473 1939 752 2010 quaeritur
770 1937 1167 1994 inventionem
1189 1937 1522 2005 excogitatae
1557 1953 1570 1990 :
1608 1952 1726 1990 una
1748 1935 1987 2006 quidem

324 2030 498 2101 juxta
523 2044 699 2100 quam
720 2029 879 2099 ipsas
896 2027 1110 2083 essenti
1121 2043 1184 2081 as
1202 2025 1668 2090 consideramus,
1693 2029 1749 2078 et
1768 2024 1850 2078 ita
1872 2023 1988 2078 sin-

330 2135 462 2173 cera
492 2119 564 2172 de
593 2117 740 2189 ipsis
773 2118 996 2174 ratione
1028 2115 1495 2186 unumquodque
1527 2115 1637 2168 sub
1673 2129 1982 2168 censuram

325 2211 591 2262 nostram
612 2221 925 2261 vocamus:
951 2204 1134 2260 altera
1151 2213 1346 2259 autem
1379 2219 1506 2275 qua:
1531 2203 1596 2256 ﬁt
1619 2219 1719 2273 per
1741 2201 1985 2272 indaga-

319 2296 542 2351 tionem
575 2295 1009 2366 operationum,
1041 2310 1142 2349 seu
1194 2310 1330 2348 cum
1379 2307 1482 2363 per
1508 2291 1889 2363 foperationes
1921 2291 1986 2345 ﬁt

319 2385 643 2457 indagatio,
663 2400 840 2456 quam
864 2401 930 2438 ex
950 2383 1238 2455 ipsisjam
1263 2381 1436 2437 factis
1457 2386 1513 2436 et
1535 2380 1820 2436 absolutis
1843 2397 1982 2452 ope-

321 2473 493 2528 ribus
525 2473 945 2543 dijudicamus.
996 2472 1254 2527 Tertiam
1304 2472 1457 2525 viam
1493 2487 1620 2541 qua:
1670 2473 1878 2524 neutra
1907 2469 1986 2523 sit

321 2561 558 2629 harum,
590 2567 647 2617 et
676 2578 803 2632 quae
851 2566 1058 2632 praeter
1098 2562 1217 2628 jam
1271 2559 1460 2614 dictas
1488 2559 1665 2614 talem
1715 2559 1982 2614 essentias

321 2650 719 2722 aequalitatem
744 2649 1312 2721 monstret,reperire
1327 2647 1816 2720 estimpossibile.
1834 2647 1980 2702 Nam

322 2739 443 2795 sive
475 2740 607 2810 quis
632 2739 1062 2810 disquisitionis
1085 2737 1320 2793 initium
1351 2752 1558 2808 capere
1581 2735 1721 2792 velit
1746 2752 1814 2792 ex
1837 2737 1983 2807 ipsis

320 2828 620 2895 essentiis,
655 2827 755 2882 illa
788 2829 1026 2900 quidem
1059 2844 1186 2899 quis
1220 2828 1491 2898 superior
1527 2831 1635 2893 est,
1671 2842 1803 2880 cum
1837 2826 1980 2881 alte-

321 2918 445 2973 rius
477 2917 806 2973 dominium
837 2917 925 2972 vel
957 2917 1140 2971 ullam
1165 2915 1598 2987 generationem
1632 2916 1978 2986 neutiquam

321 3007 616 3076 admittat,
650 3011 708 3063 et
736 3006 1031 3077 ejusmodi
1064 3007 1241 3061 rebus
1273 3010 1525 3060 mentem
1560 3010 1821 3060 nostram
1844 3021 1977 3059 cum

317 3111 514 3152 amore
545 3095 809 3150 veritatis
840 3097 1211 3150 accedentem
1259 3094 1511 3162 erudiat,
1544 3111 1722 3164 quam
1754 3094 1974 3165 longis-

317 3184 466 3240 sime
491 3184 661 3255 jubet
709 3183 989 3255 repellere
1041 3182 1166 3255 lege
1198 3187 1421 3238 naturas
1470 3183 1646 3238 talem
1697 3183 1770 3238 ad
1815 3183 1972 3238 aliud

315 3273 839 3345 comparationem,
871 3273 1214 3344 zpraabetque
1262 3272 1650 3342 occasionem,
1684 3277 1749 3326 ut
1795 3273 1974 3328 talem

312 3366 509 3418 mente
541 3377 841 3417 versemus
889 3361 1316 3433 operationem,
1346 3378 1470 3432 quis
1499 3361 1867 3430 [conveniens
1899 3363 1976 3418 sit

313 3450 584 3507 essentias
618 3450 930 3522 majestati
970 3451 1072 3506 Sin
1102 3467 1236 3506 vero
1270 3467 1337 3506 ex
1367 3451 1616 3520 opiﬁciis
1647 3453 1782 3523 quis
1804 3452 1974 3523 judi-

310 3540 466 3595 cium
500 3539 814 3595 instituere
835 3539 990 3606 velit,
1020 3540 1278 3612 indeque
1299 3541 1370 3596 ad
1404 3541 1693 3596 essentias
1718 3541 1972 3611 feraturf:

311 3629 414 3684 ubi
466 3628 679 3683 Filium
733 3628 982 3702 ingeniti
1031 3629 1288 3684 inveniet
1336 3629 1644 3697 facturam,
1677 3628 1974 3698 Unigeniti

312 3721 512 3773 autem
544 3717 932 3787 Paracletum,
982 3734 1238 3789 cumque
1267 3735 1336 3773 ex
1389 3715 1680 3787 Unigeniti
1712 3718 1976 3787 praeemi-

312 3806 514 3862 nentia
541 3807 612 3862 de
643 3806 1002 3877 operationis
1033 3806 1364 3861 differentia
1385 3805 1630 3860 edoctus
1659 3805 1852 3874 fuerit,
1879 3805 1976 3860 in-

313 3895 642 3951 dubitatam
690 3895 904 3967 accipit
933 3896 1002 3950 de
1033 3894 1397 3958 diversitate,
1427 3894 1604 3948 etiam
1645 3895 1974 3950 secundum

2099 1933 2513 2006 σκοπούμενοι,
2579 1936 2803 2011 καθαρῷ
2882 1941 2962 2008 τῷ
3020 1936 3143 2012 περὶ
3201 1936 3376 1992 αὐτῶν
3436 1937 3592 2014 λόγῳ
3647 1940 3750 2008 τὴν

2098 2024 2322 2078 ἑκάστου
2375 2024 2683 2096 ποιούμεθα
2734 2024 2927 2099 κρίσιν,
2993 2027 3216 2100 θατέρας
3274 2024 3331 2082 δὲ
3386 2031 3487 2093 τῆς
3529 2026 3617 2082 διὰ
3641 2033 3752 2083 τῶν

2098 2111 2379 2187 ένεργειῶν
2433 2111 2762 2185 ἐξετάσεως,
2816 2115 2876 2183 ἣν
2945 2116 3003 2169 ἐκ
3059 2120 3165 2170 τῶν
3235 2113 3750 2193 δημιουργημάτων

2094 2201 2183 2255 καὶ
2227 2207 2333 2256 τῶν
2381 2201 2837 2275 ἀποτελεσμάτων
2882 2200 3250 2280 διακρίνομεν,
3304 2203 3586 2282 οὐδετέραν
3644 2211 3755 2261 τῶν

2095 2288 2402 2365 εἰρημένων
2461 2290 2633 2365 εὐρεῖν
2709 2291 3136 2370 έμφαινομένην,
3206 2295 3305 2363 τὴν
3383 2300 3485 2364 τῆς
3565 2295 3750 2358 οὐσίας

2095 2379 2398 2452 ὁμοιότητα
2427 2377 2674 2438 δυνατόν.
2707 2377 2836 2438 Εἴτε
2876 2383 2980 2458 γὰρ
3026 2381 3084 2438 ἐκ
3133 2387 3242 2439 τῶν
3291 2381 3489 2438 οὒσιῶν
3529 2384 3749 2440 ποιοῖτό

2093 2488 2173 2530 τις
2203 2475 2302 2537 τῆς
2337 2467 2672 2543 ἰπισκέψεως
2699 2471 2797 2538 τὴν
2854 2471 3056 2547 ἀρχὴν,
3105 2475 3141 2542 ἡ
3202 2473 3296 2546 μὲν
3329 2474 3444 2547 (37)
3494 2474 3750 2544 ἀνωτέρω

2098 2555 2374 2630 βασιλείας
2425 2557 2515 2612 καὶ
2572 2559 2745 2629 πάντη
2799 2563 3102 2637 γεννήσεως
3157 2560 3504 2625 ἀνεπίδεκτος
3564 2561 3698 2618 οὖσα
3731 2605 3745 2632 ,

2091 2647 2304 2708 τούτοις
2353 2667 2409 2702 τε
2453 2644 2783 2703 παιδεύουσα
2838 2651 2937 2718 τὴν
2982 2651 3096 2722 μετ’
3141 2650 3350 2714 ἐννοίας
3418 2656 3745 2726 προσιοῦσαν

2094 2731 2356 2804 διάνοιαν,
2439 2737 2674 2790 ἀπωθεῖν
2756 2737 2830 2801 ὡς
2905 2737 3242 2814 πορρωτάτω
3317 2738 3743 2840 παρακελεύεται

2137 2823 2149 2840 ι
2358 2824 2371 2840 ,
2570 2828 2673 2840 ..νη
2774 2827 2786 2840 .
2958 2827 2971 2840 ι
3045 2823 3068 2840 ,ι
3315 2826 3328 2840 ,
3633 2829 3646 2840 .
3707 2827 3720 2840 ,

2089 2823 2247 2898 νόμῳ
2306 2824 2516 2902 φύσεως
2566 2828 2678 2898 (38)
2726 2827 2824 2894 τήν
2875 2827 3008 2899 πρὸς
3045 2823 3225 2901 ἕτερον
3269 2823 3569 2903 σύγὶρισιν,
3621 2827 3745 2881 ἀκό-

2091 2913 2292 2969 λουθον
2346 2913 2436 2969 καὶ
2511 2917 2887 2990 προσήκουσαν
2939 2919 3018 2987 τῷ
3074 2923 3173 2984 τῆς
3231 2915 3413 2980 οὐσίας
3470 2915 3738 2989 ἀξιώματι

2089 3004 2432 3079 παρέχουσαν
2480 3010 2618 3059 νοεῖν
2677 3004 2767 3060 καὶ
2812 3005 2912 3073 τὴν
2970 3003 3231 3080 ἰνίργειαν
3259 3050 3271 3063 .
3343 3002 3460 3061 Εἷ¹τ⁹
3519 3004 3578 3059 ἐκ
3631 3008 3741 3058 τῶν

2089 3090 2602 3169 δημιουργημάτων
2661 3093 3034 3166 σκοπούμενος
3091 3095 3226 3166 (39),
3283 3092 3344 3148 ἐκ
3395 3092 3604 3148 τούτων
3656 3091 3744 3146 ἐπὶ

2087 3183 2184 3245 τὰς
2244 3182 2432 3245 οὐσίας
2489 3183 2762 3259 ἀνάγοιτο,
2819 3187 2917 3238 τοῦ
2981 3182 3075 3255 μὶν
3134 3181 3428 3256 ἀγεννήτου
3474 3182 3568 3236 τὸν
3621 3181 3747 3234 Υἱὸν

2091 3272 2348 3348 εὑρίσκων
2403 3272 2641 3345 ποίημα,
2692 3277 2789 3327 τοῖ’)
2850 3269 2907 3326 δὲ
2963 3274 3307 3346 Μονογενοῦς
3333 3271 3425 3325 τὸν
3457 3267 3752 3345 Παράκλη-

2083 3382 2198 3430 τον,
2229 3361 2332 3416 κάκ
2384 3363 2483 3429 τῆς
2512 3365 2610 3416 τοῦ
2672 3363 3022 3435 Μονογενοῦς
3074 3363 3351 3437 ὑπεροχῆς
3383 3361 3496 3434 (40)
3523 3361 3624 3428 τὴν
3650 3361 3749 3428 τῆς

2085 3451 2358 3526 ἐνεργείας
2435 3449 2694 3526 διαφορὰν
2782 3451 3168 3522 πιστούμενος,
3255 3445 3745 3524 ἀναμφισϐήτητον

2086 3535 2356 3612 λαμϐάνει
2403 3539 2622 3603 καὶτῆς
2653 3540 2772 3593 κατ’
2828 3538 3010 3592 οὐσίαν
3063 3538 3429 3615 παραλλαγῆς
3459 3541 3559 3609 τὴν
3607 3538 3742 3593 ἀπό-

2088 3626 2269 3700 δειξιν,
2324 3626 2415 3682 τίνα
2454 3629 2529 3700 μὴ
2563 3627 2746 3703 τρίτον
2789 3624 3060 3702 λέγωμεν,
3116 3626 3199 3682 ὅτι
3261 3627 3530 3702 πάμπολυ
3563 3626 3744 3699 διενή-

2083 3737 2245 3792 νοχεν
2307 3718 2334 3772 ὁ
2394 3715 2747 3792 δημιουργῶν
2795 3716 3008 3788 ἐξουσίᾳ
3062 3721 3160 3771 τοῦ
3217 3717 3439 3790 νεύματι
3496 3722 3746 3791 πατρικῷ

2083 3810 2392 3878 ποιοῦντος,
2423 3805 2513 3860 καὶ
2551 3803 2718 3879 μηδὲν
2753 3806 2843 3882 ἀφ’
2875 3807 3066 3862 ἑαυτοῦ
3096 3811 3271 3861 ποιεῖν
3306 3806 3739 3884 ὁμολογοῦγτος,

2086 3893 2115 3948 ὅ
2142 3915 2201 3950 τε
2238 3894 2712 3970 προσκυνούμενος
2743 3899 2840 3951 τοῦ
2871 3893 3320 3971 προσκυνοῖητος.

318 3984 662 4052 essentiam,
694 3984 1284 4048 demonstrationem,
1319 3986 1383 4037 ut
1416 3998 1529 4038 non
1563 3999 1712 4054 opus
1744 3983 1913 4040 nobis
1946 3984 2025 4040 sit
2065 3987 2304 4043 tertium
2338 3987 2646 4044 nominare
2679 4004 2692 4043 :
2730 3987 3022 4060 siquidem
3055 3987 3156 4059 qui
3189 3988 3425 4060 propria
3456 3992 3746 4060 potestate

320 4072 538 4144 aliquid
572 4078 867 4145 operatur,
901 4071 1227 4145 plurimum
1277 4071 1471 4127 differt
1499 4071 1572 4127 ab
1619 4088 1684 4128 eo
1718 4072 1818 4144 qui
1863 4078 2011 4130 nutu
2045 4080 2288 4148 paterno
2328 4078 2470 4149 quid
2522 4077 2681 4144 facit,
2715 4083 2770 4132 et
2800 4077 3014 4133 fatetur
3047 4093 3107 4132 se
3152 4076 3302 4132 nihil
3345 4095 3380 4134 a
3425 4079 3744 4150 semetipso

314 4163 503 4220 facere
523 4163 591 4232 υ,
620 4164 840 4237 quique
870 4164 1171 4230 adoratur,
1206 4162 1279 4218 ab
1309 4179 1376 4218 eo
1408 4163 1508 4233 qui
1540 4164 1766 4220 adorat.

381 4309 468 4363 21.
509 4308 568 4364 Si
599 4307 782 4381 igitur
811 4307 975 4364 nullo
1005 4308 1179 4364 modo
1211 4307 1539 4363 absurdum
1589 4324 1717 4364 esse
1744 4311 1977 4380 putant,

312 4396 524 4468 arquali
556 4398 782 4453 ratione
815 4397 1086 4469 utrisque
1127 4397 1244 4454 haec
1276 4399 1480 4453 eadem
1514 4398 1976 4467 communicare,

315 4486 599 4542 nimirum
633 4484 977 4554 essentiam,
1012 4487 1438 4558 operationem,
1474 4490 1847 4557 potestatem,
1881 4504 1979 4542 no-

315 4591 473 4646 men,
507 4575 759 4632 sublatis
790 4591 1034 4648 prorsus
1059 4577 1367 4632 nominum
1390 4580 1448 4631 et
1473 4593 1669 4631 rerum
1704 4575 1976 4632 differen-

316 4665 456 4734 tiis;
489 4665 643 4720 699
676 4665 1062 4736 pronuntient
1094 4682 1213 4721 una
1242 4681 1420 4738 opera
1450 4665 1825 4732 diserte,duo
1848 4683 1978 4723 esse

316 4754 598 4827 ingenita.
633 4755 736 4810 Sin
782 4771 916 4810 vero
948 4755 1257 4811 manifeste
1305 4755 1416 4810 hoc
1447 4755 1696 4827 impium
1729 4760 1837 4823 est,
1873 4773 1978 4830 age

315 4845 584 4916 probent,
635 4861 752 4900 non
806 4843 907 4900 illa
955 4844 1366 4901 similitudinis
1416 4845 1826 4917 appellatione,
1861 4863 1976 4918 qua

315 4950 419 4989 ceu
452 4935 781 4991 velamento
815 4936 1071 5007 quodam
1124 4939 1399 5006 utuntur,
1434 4935 1536 4990 sed
1589 4934 1768 4991 certis
1800 4952 1974 5009 argu-

313 5025 550 5098 mentis,
580 5026 738 5098 quod
771 5027 1036 5081 omnium
1070 5025 1437 5080 confessione
1469 5023 1757 5096 impietati
1780 5027 1972 5082 datur.

311 5116 593 5171 Caeterum
627 5131 699 5171 ne
736 5115 1040 5172 videamur
1063 5116 1235 5186 juxta
1269 5114 1618 5171 intentatam
1640 5116 1810 5172 nobis
1833 5119 1889 5172 et
1911 5115 1972 5173 in

383 5311 429 5346 ⁸⁸
456 5311 626 5369 Joan.
659 5329 713 5384 ν,
749 5314 838 5373 19.

381 5516 699 5628 522291339
737 5514 1079 5628 Baesa-
1120 5517 1245 5586 267.

383 5585 496 5658 (37)
525 5585 702 5658 Basil.
738 5602 870 5658 pag.
903 5585 1030 5643 266.

383 5657 497 5731 (38)
530 5657 705 5714 Basil.
741 5674 798 5728 p.
829 5657 954 5710 268.

2157 4312 2247 4366 21.
2281 4309 2343 4364 El
2374 4311 2470 4383 μὲν
2521 4307 2612 4364 οὖν
2661 4306 2829 4383 μηδὲν
2859 4309 3059 4365 ἄτοπον
3087 4311 3348 4385 ἡγοῦνται
3404 4315 3510 4366 τῶν
3562 4311 3740 4368 αὐτῶν

2089 4395 2280 4463 ὶπίσης
2321 4396 2587 4474 ἑκατέρων
2653 4395 2998 4471 μεταδιδόναι
3056 4397 3290 4469 τούτων,
3350 4402 3463 4455 οἷον
3527 4400 3738 4472 οὐσίας,

2088 4485 2392 4561 ἐνεργείας,
2454 4485 2733 4558 ἐξουσίας,
2794 4484 3086 4562 ὀνόματος,
3147 4488 3428 4552 ἀνελόντες
3477 4489 3573 4554 τὰς
3627 4495 3737 4546 τῶν

2088 4575 2373 4649 ὀνομάτων
2399 4576 2488 4632 καὶ
2517 4579 2850 4654 πραγμάτων
2911 4575 3195 4656 διαφορὰς,
3230 4576 3326 4634 δύο
3358 4584 3542 4658 σαφῶς
3589 4580 3740 4658 ἀγέν-

2085 4687 2221 4737 νητα
2251 4664 2574 4742 λεγέτωσαν.
2629 4666 2694 4725 Et
2751 4664 2806 4722 δὶ
2857 4671 3017 4723 τοῦτο
3050 4673 3345 4744 προφανῶς
3387 4664 3598 4740 ἀσεϐὲς,
3657 4671 3736 4742 μὴ

2088 4751 2158 4809 δι’
2207 4755 2659 4830 ἇπικαλύμματος
2705 4757 3036 4830 ὁμοιότητος
3068 4757 3296 4831 ὀνόματι
3346 4760 3740 4828 κατασκευαζέ-

2083 4866 2258 4900 τωσαν
2289 4847 2350 4901 τὸ
2406 4853 2564 4901 πᾶσιν
2618 4844 3071 4923 ὁμολογούμενον
3121 4846 3198 4910 εἰς
3250 4842 3516 4906 ἀσέϐειαν.
3578 4846 3739 4906 Ἀλλ’

2079 4932 2170 4990 *ίνα
2200 4957 2262 5012 γε
2296 4937 2371 5010 μὴ
2405 4933 2594 5006 δοκοίη
2607 4957 2698 5009 μεν
2733 4937 2871 4992 κατὰ
2901 4938 3004 5006 τήν
3037 4934 3414 5013 ἐπενεχθεῖσαν
3463 4940 3599 5011 ἡμῖν
3645 4938 3738 4993 καὶ

2083 5025 2229 5101 παρὰ
2255 5024 2493 5084 πολλοῖς
2526 5024 2944 5104 Ορυλλουμένην
2982 5026 3332 5104 βλασφημίαν
3383 5025 3544 5090 ῒδίοις
3593 5027 3738 5084 πλά-

2084 5135 2249 5190 σμασι
2304 5115 2394 5171 καὶ
2427 5113 2615 5194 λόγοις
2643 5110 2980 5188 ἐκϐιάζεσθαι
3021 5118 3119 5188 τὴν
3171 5114 3454 5190 ἀλήθειαν,
3515 5116 3574 5174 ἐκ
3625 5121 3735 5175 τῶν

2149 5524 2258 5598 (39)
2291 5524 2468 5598 Basil.
2505 5540 2638 5598 pag.
2673 5527 2800 5596 269,
2832 5527 2960 5581 270.

2151 5595 2264 5666 (40)
2296 5596 2474 5654 Basil.
2506 5595 2642 5671 pag.
2675 5595 2801 5654 269.
