4124 6400
363 370 477 430 857

1421 367 1758 429 EUNOMII
1803 367 2036 427 LIBER
2081 365 2700 428 APOLOGETICUS.

3653 362 3775 422 858

363 502 588 576 Γραφῶν
640 498 820 552 αὐτῶν
881 499 1226 570 ποιησόμεθα
1291 495 1498 552 τούτων
1546 499 1646 566 τὴν
1709 493 2000 566 ἀπόδειξιν.

2121 496 2442 553 multorum
2473 514 2571 554 ore
2601 501 2930 555 versantem
2963 494 3394 566 blasphemiam
3427 495 3680 567 propriis
3711 496 3779 548 [ὶ-

363 588 461 650 Εὲς
521 587 623 641 ὑπὸ
680 585 854 659 νόμου
902 585 991 640 καὶ
1050 591 1347 663 προφητῶν
1395 583 1821 660 καταγγέλλεται
1853 584 2005 646 Θεός.

363 678 531 739 Οὗτος
589 678 680 731 καὶ
730 681 828 731 τοῦ
884 681 1226 751 Μονογενοῦς
1257 677 1390 732 εἶναι
1445 677 1572 737 Θεὸς
1602 675 1689 729 ὑπ’
1720 674 1883 730 αὐτοῦ
1912 679 2007 730 τοῦ

364 769 628 840 Σωτῆρος
684 763 1060 840 ὁμολογειται.
1123 765 1432 839 Πορεύομαι
1490 767 1613 841 γὰρ,
1673 767 1828 843 φησὶ,
1872 766 2006 840 πρὸς

359 855 451 910 τὸν
512 854 639 910 Θεόν
705 877 812 928 μου
843 855 932 909 καὶ
959 855 1085 910 Θεὸν
1127 855 1298 927 ὑμῶν.
1355 854 1534 915 Μόνος
1564 852 1824 922 ἀληθινὸς
1855 853 2007 924 Θεὸς,

367 943 532 1016 μόνος
593 945 780 1022 σοφὸς,
843 943 1009 1017 μόνος
1056 944 1273 1018 ἀγαθὸς,
1336 944 1503 1016 μόνος
1564 940 1806 1011 δυνατὸς,
1842 942 2008 1016 μόνος

361 1030 506 1109 ἔχων
543 1032 844 1105 ἀθανασίαν,
879 1028 1225 1110 Θορυϐείσθω
1286 1029 1343 1087 δὲ
1387 1030 1603 1106 μηδεὶς,
1643 1029 1782 1104 μηδέ
1809 1051 2009 1107 ταρασ-

363 1123 536 1186 σέσθω
592 1124 689 1192 τήν
751 1119 1012 1179 διάνοιαν.
1068 1123 1147 1179 Οὐ
1205 1121 1304 1197 γὰρ
1365 1121 1447 1176 ἐπ’
1501 1122 1760 1195 ἀναιρέσει
1787 1128 1886 1191 τῆς
1913 1118 2010 1174 τοῦ

363 1216 698 1286 Μονογενοῢς
732 1209 1012 1282 θεότητος,
1069 1210 1105 1280 ἢ
1158 1214 1256 1282 τῆς
1310 1212 1526 1286 σοφίας,
1658 1218 1759 1280 τῆς
1811 1211 2009 1274 ἀθανα-

364 1301 498 1369 σίας,
549 1299 584 1370 ἢ
638 1308 739 1370 τῆς
788 1301 1125 1376 ἀγαθότητος
1185 1302 1452 1376 χρώμεθα
1504 1305 1621 1362 τοῖς
1675 1299 2010 1372 εἰρημένοις

361 1388 489 1445 ἀλλ’
518 1389 606 1446 ἐπὶ
639 1389 902 1467 διακρίσει
934 1398 1033 1460 τῆς
1091 1395 1190 1446 τοῦ
1222 1392 1429 1460 Πατρὸς
1480 1391 1781 1467 ὑπεροχῆς.
1833 1397 2012 1446 Μονο-

360 1487 488 1554 γενῆ
557 1482 651 1554 μὶν
709 1481 813 1556 γὰρ
891 1480 1276 1557 ὁμολογοῦμεν
1343 1481 1470 1535 Θεὸν
1521 1479 1611 1535 καί
1659 1479 1748 1534 τὸν
1810 1479 2008 1556 Κύριον

359 1570 522 1640 ἡμῶν
583 1570 817 1640 Ἰησοῦν,
877 1566 1148 1645 ἄφθαρτον
1182 1569 1272 1624 καὶ
1314 1568 1598 1642 ἀθάνατον,
1643 1569 1830 1647 σοφὸν,
1882 1569 2012 1644 ἀγα-

361 1657 476 1715 θόν.
528 1655 685 1714 Ἀλλ’
739 1656 906 1728 αὐτῆς
985 1678 1048 1732 γε
1103 1665 1204 1728 τῆς
1266 1658 1589 1728 συστάσεως,
1641 1657 1732 1712 καὶ
1792 1659 2010 1726 παντὸς,

360 1744 492 1822 ὅπερ
552 1747 684 1817 ἐστὶ,
716 1747 810 1802 τὸν
844 1747 1054 1822 Πατέρα
1084 1747 1260 1825 φαμὲν
1308 1746 1482 1802 αἷίτιον
1517 1746 1615 1802 οὐκ
1657 1745 1858 1823 ἔχοντα
1912 1753 2011 1818 τῆς

2120 588 2376 657 gmentis
2424 588 2540 642 vim
2589 586 2733 642 velle
2782 584 3012 642 veritati
3067 584 3294 654 afferre,
3319 584 3445 653 jam
3494 600 3667 656 porro
3707 600 3778 638 ex

2117 675 2263 748 ipsis
2294 676 2613 748 Scripturis
2644 676 2745 732 illa
2763 693 2890 748 quas
2922 674 3182 729 diximus
3204 673 3771 728 demonstrabimus.

2118 765 2283 821 Unus
2297 767 2468 838 alege
2481 771 2536 821 et
2549 764 3202 838 prOphetisperhibetur
3213 779 3342 819 esse
3355 762 3606 818 Deus.Et
3619 763 3773 833 quod

2117 854 2168 912 is
2186 856 2312 927 ipse
2330 855 2406 911 sit
2423 855 2717 927 Unigeniti
2737 869 2971 927 quoque
2992 855 3237 921 Deus,ex
3255 852 3444 925 ipsius
3457 851 3778 907 Salvatoris

2119 945 2490 1002 confessione
2510 949 2690 1017 patet.
2713 945 2857 1000 Nam
2889 943 3050 1014 Vado,
3073 943 3286 1015 inquit,
3312 941 3383 998 ad
3402 943 3576 997 Deum
3595 957 3780 996 meum

2119 1039 2174 1091 et
2203 1037 2374 1090 Deum
2418 1039 2665 1090 vestrum
2687 1035 2751 1086 9°.
2785 1033 2957 1089 Solus
2986 1049 3158 1088 verus
3207 1036 3357 1087 Deus
3388 1031 3454 1100 9‘,
3489 1029 3651 1086 solus
3682 1046 3776 1085 sa-

2121 1123 2288 1195 piens
2311 1121 2548 1190 ”,solus
2569 1123 2762 1178 bonus
2783 1121 2848 1189 9’,
2869 1118 3030 1176 solus
3055 1125 3262 1191 potens
3284 1119 3347 1190 9‘,
3369 1117 3530 1174 solus
3552 1117 3778 1173 habens

2119 1212 2623 1268 immortalitatem
2643 1212 2915 1273 ".Nemo,
2951 1207 3372 1281 quasso,animo
3403 1205 3777 1262 tumultuoso

2120 1305 2178 1357 et
2206 1305 2500 1357 commoto
2532 1301 2653 1356 haec
2684 1299 3135 1372 excipiat,nemo
3158 1299 3217 1352 in
3251 1302 3445 1352 mente
3477 1296 3778 1369 perturbe-

2121 1394 2238 1446 tur.
2272 1390 2473 1462 Neque
2491 1389 2648 1445 enim
2665 1389 2795 1444 ideo
2816 1389 2925 1444 hoc
2943 1387 3118 1443 allato
3136 1401 3405 1442 sermone
3428 1402 3634 1442 sumus
3665 1384 3779 1453 usi,

2122 1484 2188 1535 ut
2247 1479 2536 1551 Unigeniti
2589 1479 2978 1547 divinitatem,
3010 1476 3096 1532 vel
3139 1475 3512 1548 sapientiam,
3552 1475 3638 1530 vel
3668 1474 3782 1529 im-

2123 1569 2563 1640 mortalitatem,
2611 1569 2701 1624 vel
2760 1567 3079 1626 bonitatem
3139 1565 3502 1633 tolleremus,
3549 1564 3649 1619 sed
3708 1563 3781 1619 ad

2123 1659 2548 1714 ostendendam
2598 1658 2987 1715 differentiam
3020 1659 3286 1729 respectu
3329 1653 3783 1727 praeminentiae

2123 1748 2570 1804 Patris.Etenim
2602 1747 2976 1820 unigenitum
3007 1745 3360 1801 conﬁtemur
3387 1743 3573 1799 Deum
3596 1747 3654 1798 et
3674 1741 3783 1797 Do-

363 1833 502 1899 ἰδίας
536 1834 722 1898 οὐσίας
754 1837 789 1906 ἢ
819 1843 921 1906 τῆς
961 1837 1301 1911 ἀγαθότητος
1352 1833 1524 1897 αἷίτιος
1573 1838 1648 1899 ὡς
1703 1837 2003 1910 ἀγέννητον,

2124 1837 2354 1894 minum
2385 1843 2655 1894 nostrum
2685 1839 2884 1893 Jesum
2918 1836 3239 1901 Christum,
3272 1831 3780 1904 incorruptibilem

358 1925 562 1996 ταύτην
594 1927 730 1998 ἡμῖν
776 1926 1126 2001 παρεχόντων
1158 1927 1258 1995 τήν
1302 1923 1510 1980 ἔννοιαν
1558 1929 1666 1980 τῶν
1727 1923 2014 2002 προτεθέν-

357 2034 491 2072 των.

2128 1932 2186 1982 et
2217 1923 3355 2000 immortalem,sapientem,bonum.Sed
3382 1923 3562 1993 hujus
3595 1921 3784 1994 ipsius

2127 2016 2541 2083 consistentiae,
2575 2017 2819 2088 ejusque
2867 2016 2925 2070 in
2958 2015 3299 2071 universum
3347 2012 3502 2084 quod
3531 2015 3642 2082 est,
3675 2011 3781 2066 Pa-

359 2108 510 2161 trem
539 2105 854 2161 didicimus
885 2120 1014 2161 esse
1035 2121 1302 2174 causam,
1334 2122 1468 2162 cum
1499 2105 1626 2177 ipse
1657 2123 1774 2162 sua:
1808 2105 2080 2162 essentiaa
2112 2109 2167 2161 et
2197 2106 2479 2162 bonitatis
2509 2105 2733 2162 nullam
2764 2106 2978 2161 habeat
3013 2119 3274 2171 causam,
3305 2106 3510 2174 utpote
3547 2099 3783 2173 ingeni-

358 2197 479 2266 tus,
510 2193 668 2251 sicut
700 2211 768 2251 ea
799 2211 927 2266 quae
957 2193 1125 2267 prius
1153 2199 1295 2252 sunt
1324 2196 1651 2268 proposita,
1684 2197 1866 2252 menti
1898 2199 2111 2252 nostra;
2136 2195 2464 2270 ingenitum
2496 2196 2988 2253 considerandum
3019 2193 3430 2250 exhibuerunt.

428 2369 518 2423 22.
553 2363 758 2422 Οὔκουν
793 2365 838 2421 εἰ
875 2363 1038 2439 μόνος
1072 2367 1166 2440 μὲν
1195 2364 1459 2438 ἀληθινὸς
1491 2369 1518 2422 ὁ
1549 2369 1681 2432 Θεὸς
1704 2367 1794 2423 καὶ
1819 2369 2008 2446 σοφὸς,

359 2453 546 2525 ἐπειδὴ
577 2456 667 2510 καὶ
703 2455 868 2528 μόνος
899 2455 1200 2533 ἀγέννητος,
1266 2459 1568 2533 μονογενὴς
1621 2458 1769 2528 Υἱὸς,
1819 2454 2006 2528 ἐπειδὴ

363 2544 528 2618 μόνος
560 2545 858 2620 ἂγεννήτου
914 2546 1178 2620 γέννημα,
1235 2547 1338 2601 οὐκ
1396 2546 1454 2602 ἂν
1515 2544 1570 2601 δέ
1598 2568 1648 2601 τι
1685 2547 1851 2620 μόνον
1899 2543 2008 2621 εἷή,

357 2632 856 2707 κοινοποιουμένης
912 2635 1048 2710 πρὸς
1100 2629 1282 2710 ἕτερον
1317 2633 1386 2690 δι’
1446 2635 1750 2710 ὁμοιότητα
1777 2640 1878 2702 τῇς
1910 2636 2007 2714 (9'5-

358 2743 516 2785 σεως.
587 2723 706 2799 Χρή
738 2722 918 2778 τοίνυν
951 2724 1049 2792 τήν
1081 2725 1198 2779 κατ’
1230 2723 1413 2779 οὐσίαν
1449 2725 1752 2799 ὁμοιότητα
1784 2724 2005 2781 ἀνελόν-

357 2832 468 2882 τες,
514 2812 615 2881 τῆν
674 2809 730 2866 δὶ
783 2816 880 2868 τοῦ
938 2813 1066 2866 Υἱοῦ
1116 2814 1252 2889 πρὸς
1307 2814 1400 2868 τὸν
1462 2816 1676 2889 Πατέρα
1726 2811 2006 2888 δεξάμενοι

358 2903 495 2956 κατὰ
549 2903 640 2956 τὸν
699 2900 900 2957 οίκεῖον
929 2899 1117 2979 λόγον,
1179 2902 1256 2968 εἷς
1310 2900 1403 2958 ἕνα
1431 2903 1521 2959 καὶ
1584 2905 1746 2978 μόνον
1781 2903 2007 2976 ἀληθῶς

360 2988 566 3066 ἐνάγειν
625 2992 725 3062 τήν
780 2996 889 3046 τῶν
922 2993 1137 3048 πάντων
1173 2991 1346 3048 αἰτίαν
1404 3014 1462 3048 τε
1521 2995 1606 3049 καὶ
1635 2993 1838 3070 ἀρχὴν,
1875 2995 2007 3049 ὑπο-

354 3081 689 3154 τεταγμένοι)
749 3077 964 3152 δηλαδὴ
995 3085 1093 3136 τοῦ
1123 3082 1251 3136 Υἱοῢ
1282 3087 1359 3154 τῷ
1392 3085 1586 3159 Πατρὶ,
1633 3085 1734 3153 τήν
1783 3081 1840 3137 δὲ
1884 3085 2005 3160 περὶ

358 3167 566 3224 τούτων
597 3165 803 3224 ἔννοιαν
839 3163 1077 3246 ἀκριϐῶς
1119 3167 1586 3247 διακαθαίροντας,
1631 3171 1719 3228 καὶ
1768 3173 1859 3228 τὸν
1909 3175 2008 3242 τῆς

362 3256 627 3334 ἐνεργείας
673 3257 876 3334 τρόπον
924 3259 1028 3314 οὐκ
1074 3257 1412 3336 ἀνθρώπειον
1463 3261 1748 3335 νομίζειν,
1796 3261 2006 3338 εὐμαρῆ

358 3342 416 3402 δὶ
467 3348 556 3401 καὶ
617 3351 763 3412 θεῖον
797 3368 810 3380 ·
871 3346 1020 3403 οὔτοι
1076 3349 1340 3425 μερισμὸν
1389 3351 1422 3421 ἢ
1469 3351 1682 3422 κίνησίν
1733 3372 1854 3406 τινα
1912 3354 2010 3422 τῆς

2190 2371 2280 2427 22.
2321 2370 2446 2426 Non
2497 2369 2698 2442 igitur,
2744 2369 3041 2442 siquidem
3092 2367 3254 2424 solus
3299 2366 3427 2440 ipse
3473 2369 3563 2422 est
3607 2383 3777 2422 verus

2121 2465 2298 2532 Deus,
2331 2463 2388 2516 et
2435 2461 2697 2532 sapiens,
2731 2464 2931 2532 utpote
2979 2458 3078 2532 qui
3110 2457 3271 2513 solus
3318 2461 3408 2514 est
3455 2455 3779 2528 ingenitus,

2121 2549 2466 2622 unigenitus
2497 2549 2821 2622 Filius,qui
2853 2548 3015 2605 solus
3046 2551 3136 2604 est
3164 2546 3413 2620 ingeniti
3445 2546 3778 2618 progenies,

2119 2655 2384 2710 unquam
2436 2655 2566 2694 esse
2613 2640 2804 2695 solum
2855 2637 2992 2710 quid
3045 2640 3257 2710 potest,
3289 2641 3597 2708 propterea
3643 2634 3782 2705 quia

2120 2728 2252 2800 ejus
2283 2732 2498 2784 natura
2527 2728 2600 2784 ob
2632 2727 3088 2784 similitudinem
3121 2744 3254 2783 cum
3283 2725 3482 2798 aliquo
3504 2724 3685 2780 altero
3717 2723 3784 2778 fit

2121 2818 2480 2879 communis.
2509 2817 2756 2874 Necesse
2787 2818 2969 2890 igitur
2996 2820 3105 2887 est,
3139 2820 3204 2872 ut
3235 2815 3470 2872 sublata
3499 2813 3660 2870 omni
3691 2830 3781 2869 se-

2122 2907 2381 2963 cundum
2406 2907 2805 2962 substantiam
2846 2905 3255 2975 similitudine,
3290 2904 3552 2960 admissa
3581 2907 3778 2958 autem

2121 3012 2190 3051 ea
2211 3013 2385 3068 quam
2410 2995 2592 3051 Filius
2615 2999 2882 3068 respectu
2909 2995 3101 3051 Patris
3125 2994 3336 3050 habere
3356 2997 3566 3065 potest,
3594 2993 3696 3047 uni
3725 2995 3782 3046 et

2122 3084 2231 3141 soli
2257 3101 2388 3140 vere
2418 3085 2535 3140 Deo
2577 3085 2748 3155 juxta
2796 3084 3098 3156 proprium
3147 3097 3480 3140 sermonem
3512 3080 3778 3138 omnium

2122 3191 2247 3244 quas
2275 3190 2528 3245 usquam
2552 3177 2693 3229 sunt
2714 3189 2910 3229 rerum
2934 3189 3169 3229 causam
3194 3177 3252 3228 et
3287 3170 3642 3244 principium
3674 3172 3778 3226 tri-

2123 3263 2377 3318 buamus
2412 3279 2424 3316 :
2459 3262 2741 3333 quoniam
2793 3261 3065 3318 videlicet
3113 3263 3288 3317 etiam
3318 3261 3445 3333 ipse
3491 3259 3672 3315 Filius
3703 3259 3782 3316 sit

2121 3353 2422 3424 subjectus
2471 3351 2652 3424 Patri,
2681 3357 2861 3424 utque
2911 3368 3058 3425 pura
3088 3351 3329 3407 omnino
3377 3350 3472 3405 his
3503 3349 3562 3404 in
3604 3350 3778 3405 rebus

358 3432 545 3498 οὐσίας
619 3436 718 3504 τήν
793 3435 1062 3511 ἐνέργειαν
1136 3435 1500 3511 ἡγουμένους,
1579 3438 1714 3514 ἅπερ
1773 3437 2003 3493 ἐπινοεῖν

2120 3446 2318 3498 mente
2340 3447 2664 3508 versantes,
2683 3441 2862 3497 etiam
2885 3441 3126 3497 modum
3149 3439 3504 3513 operationis
3521 3439 3594 3494 ab
3618 3438 3779 3494 omni

357 3524 644 3601 ἀναγκαῖον
673 3523 801 3588 τοὺς
838 3524 1214 3601 ὑπαγομένιους
1244 3529 1360 3586 τοῖς
1403 3523 1689 3596 Ἑλλήνιον
1743 3527 2006 3605 σοφίσμα-

356 3635 464 3686 σιν,
495 3612 759 3670 ἐνούντῶν
808 3615 878 3687 τῇ
907 3613 1063 3686 οὐσίᾳ
1107 3615 1207 3684 τὴν
1251 3611 1540 3690 ἐνέργειαν,
1589 3617 1676 3670 καὶ
1727 3613 1815 3670 διὰ
1861 3617 2009 3680 τοῦθ’

352 3704 466 3777 ἅμα
517 3703 612 3776 μὶν
659 3708 738 3775 τῷ
788 3707 903 3775 Θεῷ
949 3704 1040 3758 τὸν
1078 3703 1286 3778 κόσμον
1318 3703 1792 3783 ἀποφαινομένων,
1857 3703 2008 3761 οὐδὲν

357 3788 415 3844 δὲ
475 3789 689 3863 μᾶλλον
749 3790 808 3845 ἐκ
857 3790 1052 3846 τούτου
1107 3793 1206 3862 τήν
1275 3793 1498 3848 ἀτοπίαν
1578 3790 2004 3870 διαφευγόντων.

346 3878 553 3953 Ἐχρῆν
611 3877 710 3955 γάρ
768 3899 857 3933 τοι
917 3879 1054 3955 πρὸς
1111 3880 1210 3948 τήν
1270 3884 1368 3946 τῆς
1400 3879 1762 3958 δφμιουργίας
1791 3881 2002 3939 παῦλαν

349 3965 660 4041 ἀπιδόντας,
718 3964 888 4041 μηδὲν
949 3968 1087 4044 πρὸς
1137 3968 1236 4037 τήν
1284 3968 1464 4045 ἀρχὴν
1524 3969 1818 4029 ἀνανεύειν.
1865 3970 2006 4030 Οὐδὲ

343 4055 444 4133 γάρ
477 4055 811 4131 ἀντιλήξειεν
856 4058 968 4132 (41)
1004 4055 1082 4122 εἷς
1119 4054 1280 4123 τέλος
1308 4059 1384 4132 μὴ
1432 4058 1523 4114 ἀπ’
1580 4061 1760 4136 ἀρχῆς
1811 4061 2002 4138 ὁρμώ-

349 4167 512 4220 μενον
526 4192 538 4206 .

2119 3531 2430 3586 hominum
2463 3530 2800 3588 conditione
2831 3532 3092 3587 alienum
3120 3527 3659 3603 putemus,facilem
3692 3531 3777 3584 ta-

2119 3636 2254 3676 men
2278 3620 2636 3676 etdivinum.
2670 3621 2796 3676 Non
2824 3637 2986 3692 sane,
3020 3620 3189 3692 quasi
3223 3619 3578 3676 arbitremur
3598 3618 3779 3691 parti-

2120 3709 2279 3765 tione
2311 3714 2413 3766 aut
2441 3713 2600 3767 motu
2626 3711 2882 3783 quodam
2904 3710 3113 3766 factam
3142 3726 3272 3766 esse
3291 3709 3454 3765 illam
3487 3707 3778 3782 operatio-

2117 3815 2250 3855 nem
2274 3816 2286 3854 :
2308 3799 2643 3872 cujusmodi
2659 3800 2796 3872 quid
2811 3816 3047 3857 necesse
3064 3800 3282 3856 habent
3294 3797 3778 3872 cogitareilli,qui

2115 3888 2446 3945 Graecorum
2461 3889 2708 3962 argutiis
2730 3889 3129 3963 operationem
3152 3889 3422 3946 essentia
3445 3889 3775 3945 unientium

2116 3982 2292 4049 atque
2324 3978 2455 4036 ideo
2477 3980 2768 4036 mundum
2796 3981 2908 4036 Deo
2932 3979 3298 4036 coexstitisse
3327 3978 3777 4046 dicentium,ne-

2115 4083 2230 4139 que
2251 4067 2363 4124 hoc
2385 4067 2512 4141 ipso
2537 4069 2962 4126 absurditatem
2985 4067 3775 4141 tugientium,suntpellecti.

2115 4155 2421 4228 Oporteret
2461 4158 2616 4214 enim
2658 4157 2820 4231 ipsos
2860 4157 3227 4230 respiciendo
3268 4157 3341 4213 ad
3386 4157 3776 4213 cessationem

347 4237 684 4306 creationis,
715 4253 1096 4311 nequaquam
1125 4237 1415 4311 principio
1447 4256 1576 4296 eam
1608 4257 1911 4314 exaequare
1943 4242 2295 4302 extollendo.
2327 4246 2474 4304 Fieri
2507 4247 2664 4305 enim
2698 4265 2814 4305 non
2841 4252 3034 4323 potest
3064 4251 3128 4303 ut
3158 4247 3273 4303 ﬁne
3303 4246 3500 4319 aliquo
3545 4245 3777 4304 desinat

340 4341 492 4400 esse,
519 4327 674 4401 quod
706 4344 822 4384 non
853 4327 925 4384 ab
955 4326 1152 4402 aliquo
1179 4328 1469 4403 principio
1495 4331 1669 4406 coepit
1694 4348 1842 4390 esse.

408 4485 498 4541 23.
543 4482 699 4540 Ἀλλ’
751 4485 900 4540 σῦτοι
956 4487 1050 4560 μὲν
1114 4488 1246 4560 μήθ’
1300 4489 1629 4564 ὑγιαίνουσιν
1685 4490 1997 4570 ὀφθαλμοῖς

337 4574 436 4642 τήν
513 4577 620 4628 τῶν
693 4569 861 4630 ὄντων
939 4578 1397 4648 κατανενοηκότες
1473 4569 1778 4658 διαφορὰν,
1855 4585 1995 4657 μήτε

339 4658 537 4749 δίκαιοι
585 4665 767 4737 κριταὶ
815 4665 1098 4741 γενόμενοι
1152 4670 1258 4721 τῶν
1314 4668 1675 4744 πραγμάτων,
1728 4670 1993 4749 ἀφιέσθω-

339 4770 454 4805 σαν’
519 4748 610 4806 διὰ
653 4755 940 4808 κακόνοιαν
1001 4753 1439 4832 ἐπικρυπτούσης
1472 4760 1663 4823 αὐτοῖς
1861 4761 1996 4834 ἀλή-

337 4842 484 4896 θειαν
533 4847 636 4910 τῆς
681 4839 854 4912 δίκης.
888 4843 1078 4916 Ἡμεῖς
1121 4841 1179 4900 δὲ
1225 4846 1361 4902 κατὰ
1415 4847 1482 4903 τὰ
1536 4853 1714 4922 μικρῷ
1762 4850 1993 4927 πρόσθεν

334 4929 563 5005 ῥηθέντα
608 4931 709 5001 τὴν
751 4929 1022 5007 ἐνέργειαν
1053 4933 1114 4988 ἐκ
1157 4939 1265 4989 τῶν
1316 4931 1485 5014 ἔργων
1535 4941 1836 5014 κρίνοντες,
1884 4942 1987 4997 οὐκ

333 5017 572 5097 ἀσφαλὲς
603 5019 832 5093 οἰόμεθα
862 5017 971 5075 δεῖν
1001 5021 1150 5077 ἑνοῦν
1182 5027 1250 5098 τῇ
1282 5025 1457 5098 οὐσίᾳ,
1514 5029 1613 5097 τὴν
1675 5029 1769 5101 μὲν
1822 5028 1983 5106 ἄναρ-

331 5127 436 5184 χον
465 5107 664 5196 ἁπλῆν.
695 5130 755 5164 τε
800 5109 891 5165 καὶ
936 5108 1291 5183 ἀτελεύτητον
1339 5113 1564 5188 εἰδότες,
1617 5119 1715 5188 τήν
1750 5117 1807 5174 δὲ
1837 5119 1983 5196 ἐνέρ-

332 5217 480 5272 γειαν
509 5197 610 5252 οὐκ
629 5193 959 5275 ἅναρχον.Ἥ
987 5200 1088 5276 γὰρ
1121 5198 1181 5254 ἂν
1213 5200 1280 5270 ἦν
1312 5204 1402 5258 καὶ
1433 5206 1494 5260 τὸ
1525 5202 1682 5283 ἔργον
1716 5193 1979 5286 ἄναρχον,

406 5460 450 5496 ⁹⁰
477 5460 648 5518 Joan.
678 5479 771 5532 xx,
804 5463 894 5520 l7.
973 5465 1013 5502 ⁰¹
1043 5467 1208 5526 Joan.
1242 5484 1382 5540 xvn,
1411 5469 1466 5526 3.
1542 5470 1588 5507 ⁰²
1620 5471 1830 5529 Matth.
1861 5485 1980 5541 xIx,

2178 5474 2224 5509 ⁸⁸
2253 5473 2458 5531 Matth.
2486 5489 2602 5541 nx,
2633 5475 2723 5530 47.

398 5705 512 5780 (=14)
543 5705 927 5779 Ἀντιλήξειεν.
959 5715 1148 5782 Forte,
1181 5709 1242 5768 ἂν
1273 5733 1325 5768 τι
1359 5713 1592 5786 Λήξειεν·
1627 5717 1788 5775 EDIT-

2178 4496 2491 4554 23.Verum
2525 4497 2682 4554 enim
2711 4513 2846 4554 vero
2879 4498 2939 4553 hi
2972 4498 3262 4570 homines,
3287 4515 3422 4555 cum
3455 4498 3646 4554 sciant
3676 4515 3765 4555 re-

2109 4601 2240 4641 rum
2257 4586 2316 4642 in
2331 4594 2540 4643 natura
2553 4587 2926 4644 existentium
2946 4587 3336 4645 differentiam
3349 4631 3362 4654 ,
3379 4588 3773 4646 nihilominus

2110 4676 2315 4732 morbo
2347 4678 2600 4749 quodam
2632 4676 2935 4733 oculorum
2967 4677 3236 4736 laborare
3265 4679 3560 4747 videntur,
3582 4695 3771 4750 neque

2106 4769 2248 4820 sunt
2273 4767 2420 4838 aequi
2464 4783 2659 4823 rerum
2679 4767 2934 4838 judices.
2972 4769 3283 4826 Facessant
3309 4785 3470 4839 sane,
3505 4768 3770 4840 quando-

2106 4853 2344 4926 quidem
2361 4855 2672 4928 ipsumjus
2691 4855 2807 4912 illis
2826 4858 2898 4913 ob
2915 4857 3201 4914 malitiam
3218 4859 3521 4914 veritatem
3568 4857 3733 4913 occul
3747 4887 3768 4898 -

2098 4944 2331 5000 tat.Nos
2359 4948 2557 5002 autem
2587 4948 2914 5003 secundum
2945 4963 3013 5003 ea
3043 4964 3172 5020 quae
3205 4945 3378 5020 paulo
3412 4946 3577 5019 prius
3629 4950 3769 5003 sunt

2095 5033 2483 5105 dicta,habito
2514 5036 2586 5091 de
2614 5037 2951 5108 operatione
2981 5053 3049 5092 ex
3077 5037 3353 5109 operibus
3378 5035 3758 5108 judicio,non

2093 5139 2411 5181 censemus
2434 5128 2632 5181 tutum
2656 5141 2788 5182 esse
2810 5126 2965 5182 illam
2994 5126 3076 5181 illi
3101 5125 3367 5182 essentia:
3390 5125 3560 5181 unire
3591 5143 3763 5198 opor-

2092 5216 2252 5285 tere;
2278 5231 2412 5270 cum
2455 5215 2713 5272 sciamus
2755 5214 2907 5272 hanc
2939 5216 3066 5272 sine
3094 5214 3408 5289 principio,
3441 5215 3568 5272 sine
3601 5232 3765 5272 com-

2815 5475 2862 5510 “
2893 5475 2914 5530 Ι
2943 5473 3094 5530 Tim.
3127 5491 3203 5545 v1,
3236 5476 3324 5533 16.
3421 5477 3466 5512 ³³
3491 5477 3635 5535 ibid.
3671 5481 3756 5536 15.
