4124 6410
349 335 466 396 859
1295 333 1690 394 APPENDIX
1740 330 2064 392 OPERUM
2110 331 2175 390 S.
2222 330 2497 392 BASILII
2543 331 2818 394 MAGNI.
3519 378 3526 384 .
3650 337 3774 398 860

349 467 641 539 positione
662 469 718 521 et
738 465 868 522 sine
892 465 1006 522 ﬁne
1028 482 1173 521 esse.
1200 466 1425 534 Nam,si
1445 471 1602 522 esset
1627 465 1752 521 sine
1783 465 2003 537 princi-

2135 459 2230 517 ὥτ’
2258 460 2636 533 ἀτελεύτητον,
2696 463 2812 518 ἐπεὶ
2864 461 3004 536 μηδὲ
3036 465 3150 518 οἷόν
3182 484 3240 520 τε
3268 467 3629 540 παυσαμένων
3658 474 3769 526 τῶν

350 556 468 628 pio,
491 557 669 611 etiam
692 556 886 626 ipsum
910 573 1056 626 opus
1082 560 1235 611 esset
1263 555 1534 626 principii
1555 571 1781 625 expers,
1815 570 2005 625 neque

2135 547 2285 626 ἷργων
2364 549 2632 607 ἄπαυστον
2706 554 2838 607 εἶναι
2914 555 3012 621 τήν
3089 552 3382 630 ἐνέργειαν.
3461 556 3594 614 Λίαν
3661 560 3769 634 γὰρ

350 647 478 702 sine
499 646 614 701 ﬁne
641 662 652 699 :
679 647 1158 717 quandoquidem
1183 645 1303 698 ﬁeri
1330 661 1444 700 non
1473 649 1684 716 potest,
1710 644 1852 716 quin
1877 660 2001 698 ces-

2135 638 2494 714 ιειρακιῶδες,
2541 641 2631 695 καὶ
2677 643 2869 717 φρενὸς
2902 642 3121 716 νηπίας,
3167 643 3462 721 ἀγέννητον
3511 648 3602 702 καὶ
3647 649 3769 703 ἀτε-

348 735 620 792 santibus
637 735 911 806 operibus
928 735 1056 805 ipsa
1079 750 1313 814 quoque
1334 739 1521 789 cesset
1541 732 2003 806 operatio.Valde

2135 729 2378 799 ιεύτητον
2457 730 2631 807 λέγειν
2698 732 2797 800 τήν
2871 730 3135 810 ἐνέργειαν
3211 735 3403 791 ταυτὸν
3481 740 3549 812 τῇ
3610 739 3771 810 οὐσίᾳ

351 825 507 880 enim
539 824 761 896 puerile
794 829 849 878 et
875 823 1116 878 infantis
1149 823 1366 878 mentis
1400 822 1804 894 estjudicium
1838 823 2003 892 inge-

2135 820 2426 892 τιθεμένους
2462 818 2695 893 μηδενὸς
2738 827 2846 876 τῶν
2901 817 3075 898 ἔργων
3135 824 3443 901 ἀγεννήτως
3493 825 3769 904 γίγνεσθαι

354 916 537 970 nitam
571 919 626 969 et
658 916 770 968 ﬁne
800 919 1095 968 carentem
1148 912 1341 969 dicere
1373 913 1795 984 operationem,
1831 917 2006 982 atque

353 1005 438 1060 sic
461 1003 622 1058 illam
651 1020 783 1057 cum
809 1003 1066 1058 essentia
1093 1019 1271 1058 unam
1296 1004 1685 1074 eamdemque
1710 1018 1831 1058 rem
1853 1017 2004 1070 esse,

351 1109 486 1148 cum
520 1091 748 1146 nullum
783 1093 954 1164 plane
985 1109 1134 1162 opus
1167 1092 1290 1147 ﬁeri
1323 1092 1510 1162 possit
1539 1091 1798 1164 ingenita
1829 1095 1885 1145 et.
1914 1090 2005 1144 in-

353 1182 533 1237 linite.
569 1182 626 1237 Si
659 1181 817 1238 enim
850 1181 959 1237 hoc
995 1183 1146 1237 700
1176 1182 1309 1254 quis
1355 1181 1756 1245 afﬁrmaverit,
1785 1179 2006 1234 alteru-

345 1277 503 1326 trum
535 1287 604 1325 ex
635 1271 865 1326 duobus
897 1271 1032 1326 inde
1083 1287 1452 1342 consequens
1475 1270 1587 1326 erit
1621 1285 1634 1324 :
1668 1275 1770 1324 aut
1797 1284 2008 1339 opera-

355 1360 570 1416 tionem
606 1360 703 1415 Dei
735 1376 863 1416 esse
894 1361 1020 1416 sine
1051 1360 1390 1426 actione,vel
1425 1376 1573 1432 opus
1604 1358 1776 1415 etiam
1810 1359 2006 1430 ipsum

351 1451 483 1505 esse
515 1449 866 1522 ingenitum.
888 1450 946 1505 Si
980 1465 1115 1504 vero
1145 1454 1466 1520 utrumque
1501 1449 1709 1504 horum
1741 1448 2008 1505 omnium

354 1538 722 1595 confessione
742 1543 832 1594 est
852 1540 1194 1608 absurdum,
1229 1555 1428 1594 verum
1452 1539 1564 1594 erit
1592 1538 1649 1593 id
1683 1538 1837 1610 quod
1872 1536 2008 1592 reli-

2117 906 2437 981 δυναμένου,
2501 911 2626 983 μήτ’
2660 909 3054 982 ἀτελευτήτως.
3090 914 3183 968 Ἐκ
3217 916 3318 991 γὰρ
3365 917 3574 972 τούτων
3629 939 3770 992 συμ-

2117 992 2292 1052 ϐαίνοι
2355 1002 2464 1072 (42)
2517 997 2666 1054 δυοῖν
2695 1001 2935 1076 θάτερον,
2996 1003 3031 1072 ἢ
3059 1004 3156 1072 τὴν
3188 1003 3458 1080 ἐνέργειαν
3492 1003 3769 1081 ἄπρακτον

2117 1089 2248 1142 εἶναι
2276 1094 2372 1142 τοῦ
2404 1093 2560 1161 Θεοῦ,
2593 1089 2629 1158 ἢ
2685 1090 2746 1145 τὸ
2781 1087 2937 1167 ἔργον
2997 1091 3308 1169 ἀγέννητον.
3344 1095 3412 1151 Εἴ
3443 1091 3489 1149 δ’
3521 1097 3774 1170 ἑκάτερον

2115 1177 2324 1233 τούτων
2359 1176 2818 1254 ὁμολογουμένως
2874 1177 3098 1250 ἄτοπον,
3151 1182 3350 1252 ἀληθὲς
3402 1184 3462 1238 τὸ
3509 1183 3769 1260 λειπόμε-

2117 1287 2228 1335 νον,
2263 1267 2590 1343 ἀρχομένων
2643 1289 2702 1324 τε
2730 1273 2837 1324 τῶν
2883 1264 3082 1346 ἔργων,
3117 1271 3194 1344 μὴ
3228 1271 3465 1348 ἄναρχον
3509 1274 3640 1329 εἶναι
3671 1276 3770 1344 τὴν

2120 1354 2382 1431 ἐνέργειαν
2465 1356 2787 1430 παυομένων
2864 1379 2942 1428 τε,
3028 1361 3102 1433 μὴ
3179 1357 3470 1420 ἄπαυστον.
3525 1363 3600 1420 Οὐ
3653 1366 3766 1440 χρὴ

2118 1445 2301 1500 τοίνυν
2365 1447 2726 1520 πειθομένους
2811 1448 3059 1523 γνώμαις
3135 1449 3332 1525 ἐτέρων
3401 1450 3768 1522 ἀνεξετάστως

2121 1535 2275 1589 ἑνοῦν
2334 1538 2399 1608 τῇ
2457 1535 2612 1607 οὐσίᾳ
2666 1537 2766 1605 τὴν
2827 1535 3116 1612 ἐνέργειαν,
3178 1537 3554 1612 ἀληθεστάτην
3598 1538 3771 1596 δὲκαὶ

358 1644 542 1700 quum
570 1627 953 1696 est,videlicet
973 1644 1104 1682 cum
1130 1644 1306 1700 opera
1327 1628 1563 1683 initium
1597 1628 2009 1698 habeant,ope-

2135 1629 2237 1696 θεῷ
2285 1621 2740 1699 πρεπωδεστάτην
2795 1624 3064 1702 ἐνέργειαν
3107 1629 3354 1704 ἡγεῖσθαι
3406 1630 3504 1699 τὴν
3561 1627 3772 1706 βούλη-

357 1718 646 1774 rationem
679 1717 857 1773 etiam
908 1733 1021 1772 non
1055 1717 1184 1772 sine
1230 1717 1518 1789 principio
1548 1733 1677 1773 esse
1711 1733 1724 1771 :
1757 1731 2012 1787 cumque

2135 1735 2225 1786 rw,
2277 1715 2543 1790 ἀρκοῦσαν
2623 1715 2759 1788 πρός
2814 1737 2873 1771 τε
2928 1717 2991 1772 τὸ
3042 1717 3176 1772 εἶναι
3238 1718 3328 1773 καὶ
3383 1719 3645 1789 σώζεσθαι
3703 1721 3772 1774 τὰ

354 1812 603 1874 cessent,
630 1807 895 1862 eamdem
925 1807 1098 1862 etiam
1132 1823 1247 1861 non
1279 1823 1474 1862 carere
1497 1807 1630 1861 ﬁne.
1656 1807 1779 1862 Non
1814 1807 2010 1876 itaque

2135 1804 2314 1871 πάντα,
2373 1804 2756 1878 μαρτυρούσης
2801 1805 2891 1860 καὶ
2939 1814 3290 1885 προφητικῆς
3328 1815 3536 1884 φωνῆς·
3590 1809 3771 1864 Πάντα

356 1898 521 1952 decet
543 1913 649 1952 nos
672 1895 921 1951 aliorum
948 1897 1258 1953 sententiis
1281 1896 1478 1952 statim
1503 1899 1816 1967 antequam
1835 1895 2013 1968 probe

2135 1893 2223 1968 γὰρ
2257 1893 2354 1947 ὅσα
2397 1892 2685 1964 ἠθέλησεν,
2737 1893 3011 1966 ἐποίησεν·
3063 1896 3139 1954 Οὐ
3189 1896 3290 1974 γὰρ
3331 1894 3598 1953 ἐπιδέεταί
3624 1920 3773 1962 τινος

356 1985 789 2051 examinentur,
822 1985 997 2040 fidem
1029 1985 1268 2056 habere,
1299 1990 1354 2041 et
1385 1987 1467 2040 ita
1498 1985 1768 2040 essentia;
1810 2001 2014 2052 opera-

2135 1981 2260 2055 πρὸς
2291 1982 2390 2050 τὴν
2425 1983 2497 2036 ὧν
2536 1981 2794 2058 βούλεται
2824 1983 3097 2055 σύστασιν,
3142 1984 3269 2041 ἀλλ’
3317 1987 3430 2062 ἅμα
3469 2009 3528 2044 τε
3576 1987 3773 2064 βούλε-

355 2077 574 2130 tionem
615 2075 820 2145 unire;
853 2076 954 2130 sed
987 2074 1325 2130 existimare
1353 2077 1508 2146 quod
1559 2074 1680 2130 haec
1711 2073 2018 2129 verissima

2135 2092 2232 2140 rat,
2260 2070 2349 2126 καὶ
2369 2071 2584 2148 γέγονεν
2617 2071 2749 2150 ὅπερ
2778 2073 3070 2145 ἠθέλησεν.

364 2168 596 2237 Deoque
625 2163 1185 2220 convenientissima
1217 2165 1294 2220 sit
1323 2163 1604 2236 operatio,
1637 2163 1917 2220 nimirum
1950 2162 2246 2228 voluntas,
2277 2179 2405 2234 quae
2435 2163 2589 2218 valet
2622 2168 2678 2218 et
2708 2165 3010 2222 sufﬁciens
3039 2171 3123 2223 est
3157 2169 3226 2224 ad
3281 2185 3477 2224 rerum
3510 2169 3775 2226 omnium

354 2261 482 2310 tum
516 2253 837 2309 essentiam
870 2258 995 2308 tum
1031 2254 1559 2320 conservationem,
1595 2257 1848 2310 testante
1881 2253 1990 2308 hoc
2023 2253 2218 2323 ipsum
2253 2252 2428 2308 etiam
2481 2269 2618 2309 voce
2669 2255 3014 2327 prophetica
3049 2273 3062 2312 :
3097 2257 3294 2314 Omnia
3333 2259 3489 2314 enim
3521 2275 3779 2332 quaecun-

357 2359 456 2415 que
480 2343 677 2410 voluit,
709 2345 843 2414 fecit
870 2343 934 2398 9°.
967 2342 1094 2398 Non
1126 2343 1282 2398 enim
1316 2343 1437 2398 ulla
1481 2359 1542 2398 re
1572 2342 1800 2416 indiget
1847 2343 1913 2397 ad
1949 2358 2150 2397 earum
2183 2358 2402 2409 rerum,
2439 2358 2588 2414 quas
2623 2359 2752 2400 esse
2775 2343 2923 2413 vult,
2955 2347 3532 2420 consistentiam,sed
3565 2349 3774 2406 simul-

354 2437 531 2505 atque
557 2431 704 2498 vult,
732 2432 1004 2488 consistit
1033 2432 1208 2489 etiam
1241 2433 1636 2505 quodcunque
1663 2432 1869 2488 voluit.

426 2567 518 2622 24.
553 2566 835 2631 Quocirca
858 2567 1147 2638 siquidem
1166 2568 1351 2624 oratio
1393 2568 1737 2638 nostrajam
1760 2566 2020 2623 ostendit

356 2657 720 2712 voluntatem
743 2673 872 2713 esse
901 2657 1724 2729 operationem,operationem
1750 2674 1882 2713 vero
1905 2673 2020 2712 non

361 2762 492 2803 esse
523 2746 842 2803 essentiam
880 2763 894 2802 :
927 2763 1182 2819 cumque
1213 2748 1562 2820 Unigenitus
1600 2747 1795 2803 subsit
1824 2747 2023 2804 volun-

363 2836 467 2892 tati
497 2835 688 2891 Patris
713 2853 827 2892 non
851 2837 922 2893 ad
945 2837 1284 2906 essentiam,
1310 2838 1413 2893 sed
1437 2837 1858 2908 operationem,
1893 2852 2021 2906 quae

363 2928 420 2980 et
441 2925 570 2998 ipsa
589 2931 678 2982 est
702 2925 1006 2982 voluntas:
1031 2943 1271 2983 necesse
1293 2930 1381 2983 est
1407 2931 1469 2982 ut
1505 2926 1686 2983 Filius
1716 2926 1869 2981 hanc
1901 2941 2021 2981 ser-

365 3018 459 3071 vet
486 3018 544 3070 et
573 3019 767 3071 teneat
797 3015 1268 3073 similitudinem.
1302 3015 1467 3073 Unde
1489 3017 1616 3086 jam
1667 3032 1860 3088 porro,
1888 3031 2023 3072 cum

367 3105 672 3161 commode
704 3121 770 3160 eo
790 3105 1408 3177 provehamur,teners
1440 3123 1546 3162 nos
1566 3109 1798 3177 oportet
1827 3121 2022 3160 veram

370 3211 602 3266 quoque
636 3195 948 3266 rationem,
981 3212 1085 3253 cur
1134 3195 1330 3268 imago
1380 3196 1630 3251 dicatur.
1664 3198 1793 3266 Ipse
1824 3195 2030 3250 beatus

369 3283 588 3340 Paulus
615 3285 908 3358 exposuit,
942 3286 1143 3342 dicens
1175 3307 1189 3355 ;
1227 3286 1332 3354 Qui
1359 3294 1436 3342 est
1465 3287 1658 3354 imago
1701 3286 1804 3341 Dei
1831 3284 2030 3340 invisi-

373 3373 521 3444 bilis,
575 3375 978 3447 primogenitus
1033 3375 1210 3432 omnis
1266 3380 1562 3440 creaturae,
1608 3376 1738 3446 quia
1797 3377 1860 3430 in
1913 3375 2030 3445 ipso

374 3470 556 3518 creata
602 3471 730 3520 sunt
773 3467 986 3535 omnia,
1016 3470 1138 3522 tam
1168 3482 1286 3538 qua
1326 3467 1390 3522 in
1431 3467 1560 3520 caelo
1590 3482 1762 3537 quam
1810 3478 1938 3536 quae
1967 3465 2030 3518 in

372 3555 524 3608 terra
550 3555 956 3619 sunt,visibiliu
983 3559 1033 3611 et
1064 3554 1381 3611 invisibilia
1414 3554 1650 3610 ’KHanc
1679 3555 1752 3610 ob
1783 3569 2025 3610 causam

377 3647 466 3698 est
487 3643 698 3715 imago.
733 3643 944 3700 Omnia
971 3661 1102 3701 vero
1126 3661 1255 3716 quae
1276 3644 1334 3699 in
1358 3645 1484 3715 ipso
1502 3650 1697 3701 creata
1717 3649 1879 3713 sunt,
1909 3660 2030 3699 una

376 3747 512 3788 cum
543 3749 608 3789 eo
630 3733 730 3804 qui
755 3732 1184 3807 primogenitus
1215 3734 1448 3805 dicitur,
1468 3752 1585 3790 non
1617 3738 1771 3790 certe
1802 3734 2028 3806 ingeni-

375 3825 496 3876 tam
530 3823 850 3893 quamdam
874 3824 1192 3880 essentiam
1224 3828 1446 3880 notant.
1478 3822 1606 3880 Non
1637 3824 1795 3880 enim
1824 3838 2029 3878 eorum

377 3917 646 3983 respeetu
679 3914 935 3970 essentia
963 3918 1072 3970 est.
1107 3914 1301 3985 Ipsam
1333 3931 1466 3971 vero
1497 3913 1896 3986 operationem
1927 3927 2032 3984 per

382 4017 560 4072 quam
595 4001 794 4070 Filius,
829 4003 885 4057 in
919 4019 1034 4075 quo
1067 4004 1286 4071 omnia,
1320 4003 1536 4059 referre
1588 4002 1783 4073 imago
1831 4001 1903 4057 ad
1936 4017 2029 4057 es-

381 4089 634 4146 sentiam
660 4108 772 4147 non
799 4097 1007 4164 potest,
1039 4110 1144 4149 nec
1166 4096 1395 4166 gestare
1417 4092 1611 4160 imago
1635 4091 1797 4147 illam
1823 4089 2032 4147 simili-

383 4181 648 4238 tudinem
681 4186 875 4254 potest
904 4183 1128 4240 ratione
1157 4183 1446 4251 essentia,
1480 4199 1612 4238 cum
1644 4183 1720 4238 sit
1749 4182 2033 4254 operatio,

381 4271 781 4345 quaeingenita
794 4273 902 4328 fuit
917 4289 1094 4344 penes
1110 4273 1292 4329 Deum
1315 4273 1371 4328 in
1394 4271 1705 4346 prmsentia
1717 4276 1852 4327 ante
1872 4288 2037 4328 cons-

377 4361 709 4417 titutionem
768 4361 946 4418 etiam
981 4362 1357 4435 primogeniti
1386 4367 1445 4418 et
1461 4362 1725 4417 omnium
1758 4378 1886 4432 quae
1932 4379 2035 4434 per

379 4451 577 4521 ipsum
602 4457 797 4508 creata
816 4452 1123 4517 sunt.Quis
1146 4451 1660 4524 enim,quaaso,qui
1684 4456 1811 4506 tum
1837 4452 2032 4522 ipsum

383 4538 762 4612 Unigenitum
793 4543 1110 4610 novit,tum
1133 4543 1332 4597 omnia
1363 4558 1489 4612 quae
1522 4558 1625 4613 per
1655 4540 1851 4612 ipsum
1883 4540 2036 4594 facta

383 4635 525 4685 sunt
553 4630 800 4701 98,etiam
837 4633 1016 4703 probe
1046 4633 1280 4702 cognita
1310 4630 1505 4698 habet,
1543 4648 1656 4685 non
1690 4629 2038 4686 conﬁteatur

383 4735 446 4775 se
475 4736 541 4776 eo
589 4720 805 4776 intueri
839 4737 1074 4776 omnem
1105 4721 1297 4776 Patris
1345 4719 1664 4791 potentiam
1687 4719 1714 4774 ?
1745 4718 1866 4782 Quo
1899 4733 2033 4772 cum

2199 2567 2292 2632 24,
2321 2565 2534 2621 Οὐκοῦν
2568 2563 2616 2620 εἴ
2643 2567 2743 2636 τήν
2782 2567 2875 2640 μὲν
2913 2565 3178 2644 βούλησιν
3209 2567 3480 2641 ἀπέδειξεν
3531 2571 3560 2625 6
3609 2567 3775 2646 λόγος

2131 2651 2424 2728 ἐνέργειαν,
2476 2654 2574 2710 οὐκ
2615 2655 2801 2712 οὐσίαν
2860 2653 2919 2711 δὶ
2964 2659 3062 2726 τήν
3110 2657 3399 2734 ἐνέργειαν,
3467 2659 3668 2730 ὑπέστη
3718 2657 3780 2713 δὲ

2136 2741 2399 2819 βουλήσει
2429 2749 2526 2800 τοῦ
2554 2746 2765 2819 Πατρὸς
2799 2747 2827 2800 6
2858 2750 3199 2821 Μονογενής,
3243 2747 3305 2803 οὐ
3354 2747 3491 2820 πρὸς
3533 2749 3635 2815 τὴν
3685 2747 3778 2802 οὐ-

2134 2832 2271 2903 σίαν,
2304 2835 2439 2907 πρὸς
2471 2830 2528 2888 δί
2557 2834 2655 2902 τὴν
2685 2833 2973 2910 ἐνέργειαν,
3034 2835 3154 2906 ἥτις
3188 2835 3299 2891 ἐστὶ
3341 2836 3430 2890 καὶ
3487 2835 3775 2909 βούλησιςο

2133 2921 2434 2991 ἀποσώζειν
2492 2923 2592 2992 τὴν
2624 2925 2928 2997 ὁμοιότητα
2955 2925 3045 2980 τὸν
3080 2925 3200 2979 Υἱὸν
3233 2925 3542 3000 ἀναγκαῖον.
3581 2923 3668 2993 Ἐξ
3700 2924 3774 2977 ὢν

2134 3012 2581 3086 προσαγομένους
2623 3009 2706 3067 δεῖ
2740 3012 2831 3068 τὸν
2881 3010 3062 3082 ἀληθῆ
3097 3016 3198 3078 τῆς
3247 3011 3456 3074 εἰκόνος
3491 3009 3776 3080 διασώζειν

2137 3100 2321 3175 λόγον.
2368 3100 2544 3165 Αὐτὸς
2586 3102 2615 3156 6
2670 3100 2934 3175 μακάριος
2965 3107 3187 3166 Παῦλος
3215 3100 3538 3177 ἐξηγήσατο,
3591 3099 3779 3155 εἰπών·

2136 3191 2235 3252 "Oc
2299 3188 2440 3246 ἐστιν
2521 3189 2682 3246 εἷ’κὼν
2754 3194 2850 3246 τοῦ
2917 3195 3051 3247 Θεοῦ
3106 3195 3204 3247 τοῦ
3262 3189 3516 3266 ἀοράτου,
3565 3187 3784 3265 πρωτό-

2135 3300 2296 3342 τοκος
2379 3280 2557 3351 πάσης
2644 3281 2892 3349 κτίσεως,
2972 3280 3054 3336 ὅτι
3134 3279 3187 3335 ἐν
3243 3279 3391 3352 αὐτῷ
3448 3277 3662 3348 ἐκτίσθη
3720 3277 3788 3332 τὰ

2139 3370 2336 3440 πάντα,
2391 3371 2458 3424 τά
2499 3390 2558 3425 τε
2594 3367 2648 3424 ἐν
2707 3369 2953 3442 οὐρανῷ,
3005 3369 3094 3424 καὶ
3152 3368 3241 3424 ἐπὶ
3298 3369 3421 3444 γῆς,
3483 3367 3652 3445 ὁρατὰ
3696 3367 3786 3422 καὶ

2141 3459 2364 3534 ἀόρατα.
2417 3458 2515 3512 Διὰ
2568 3461 2730 3513 τοῦτο
2787 3457 2989 3514 είκών.
3048 3459 3228 3512 Πάντα
3295 3454 3353 3511 δὲ
3406 3457 3474 3511 τὰ
3531 3456 3584 3511 ἐν
3642 3455 3789 3512 αὐτῶ

2135 3549 2416 3603 κτισθέντα
2474 3545 2608 3618 μετᾶ
2661 3543 2759 3600 τοῦ
2812 3545 3166 3620 πρωτοτόκου
3225 3544 3286 3600 οὐ
3343 3546 3442 3613 τήν
3493 3544 3784 3622 ἀγέννητον

2139 3637 2322 3691 οὐσίαν
2379 3633 2790 3710 χαρακτηρίζει.
2844 3635 2922 3692 Οὐ
2980 3635 3082 3710 γὰρ
3139 3633 3276 3689 κατὰ
3323 3637 3491 3689 ταῦτα
3537 3636 3574 3704 ἡ
3609 3633 3783 3688 οὐσία.

2137 3727 2246 3794 Τήν
2297 3723 2353 3780 δὲ
2381 3724 2668 3801 ἐνέργειαν,
2705 3720 2774 3779 δι’
2829 3724 2896 3794 ἦς
2927 3725 2955 3780 6
3002 3723 3148 3792 Υἱὸς,
3191 3723 3242 3779 ἐν
3276 3724 3321 3797 ᾧ
3372 3723 3441 3778 τὰ
3497 3724 3690 3793 πάντα,
3724 3722 3787 3778 οὐ

2138 3816 2276 3890 πρὸς
2307 3815 2405 3885 τήν
2451 3813 2633 3869 οὐσίαν
2684 3815 2837 3894 φέροι
2879 3815 2939 3870 ἄν
2988 3817 3023 3885 ἡ
3086 3813 3244 3870 εἰκὼν
3301 3814 3400 3884 τήν
3461 3813 3788 3886 ὁμοιότητα,

2139 3906 2274 3982 πρὸς
2307 3901 2364 3960 δὲ
2412 3907 2509 3976 τὴν
2559 3903 2830 3980 ἐνέργειαν
2880 3904 3304 3978 ἐναποκειμένην
3362 3903 3675 3976 ἀγεννήτως
3718 3905 3788 3976 τῇ

2141 3995 2472 4072 προγνώσει,
2499 3993 2589 4050 καὶ
2620 3995 2727 4070 πρὸ
2773 4001 2875 4064 τῆς
2922 3993 3274 4070 πρωτοτόκου
3322 3991 3650 4055 συστάσεως,
3697 3988 3789 4043 καὶ

2140 4091 2248 4142 τῶν
2281 4084 2333 4141 ἐν
2367 4084 2513 4158 αὐτῷ
2541 4085 2887 4149 κτισθέντων.
2919 4083 3011 4146 Τίς
3066 4083 3168 4156 γὰρ
3209 4077 3365 4133 αὐτόν
3415 4096 3475 4131 τε
3519 4076 3612 4130 τὸν
3665 4077 3789 4131 Μο-

2141 4183 2334 4252 νογενῆ
2387 4176 2695 4249 γινώσκων,
2743 4172 2833 4227 καὶ
2880 4170 3054 4224 πάντα
3098 4168 3166 4223 τὰ
3213 4164 3282 4222 δι’
3311 4164 3476 4221 αὐτοῦ
3528 4164 3791 4240 γενόμενα

2142 4265 2492 4339 καταμαθὼν,
2545 4262 2644 4317 οὐκ
2699 4261 2758 4314 ἃν
2819 4255 3217 4332 ὁμολογήσειεν
3270 4254 3418 4328 αὐτῷ
3475 4256 3790 4330 θεωρεῖσθαι

2143 4360 2315 4410 πᾶσαν
2348 4354 2444 4421 τὴν
2476 4355 2574 4406 τοῦ
2623 4348 2834 4422 Πατρὸς
2883 4344 3155 4420 δύναμιν;
3207 4345 3351 4422 Πρὸς
3400 4343 3530 4418 ὅπερ
3581 4339 3790 4398 ἀπιδὼν

2146 4444 2174 4497 6
2209 4440 2623 4516 μακαριώτατος
2650 4435 2892 4506 Παῦλος,
2926 4436 3012 4509 οὑ,
3073 4436 3151 4491 Δι’
3207 4434 3394 4502 αὐτοῦ,
3428 4432 3614 4508 φησὶν,
3668 4428 3794 4487 ἀλλ’

2144 4533 2232 4588 Ἐν
2260 4529 2428 4598 αὐτῶ,
2478 4527 2654 4584 καίτοι
2686 4525 2942 4603 προσθεὶς
2988 4525 3483 4600 τὸ,11ρωτότοκος,
3535 4519 3629 4576 ’ίνα
3679 4523 3798 4583 τοῖς

2146 4618 2220 4676 δι’
2293 4619 2458 4674 αὐτοῦ
2540 4617 2853 4692 γενομένοις
2911 4617 3000 4670 καὶ
3062 4615 3223 4676 αὐτὸς
3282 4609 3798 4688 συμπαραληφθεὶς,

2145 4716 2276 4766 πᾶσι
2305 4708 2542 4785 γνωρίζῃ
2569 4714 2686 4771 τοῖς
2714 4711 2882 4762 ταῦτα
2922 4709 3146 4781 συνορᾷν
3181 4701 3500 4776 δυναμένοις
3547 4701 3647 4769 τὴν
3701 4703 3799 4754 τοῦ

382 4811 703 4881 respexerit
727 4810 1106 4866 beatissimus
1129 4809 1371 4878 Paulus,
1394 4827 1533 4876 non,
1569 4809 1672 4865 Per
1703 4808 1922 4879 ipsum,
1955 4805 2026 4860 di-

2148 4801 2358 4874 Πατρὸς
2418 4797 2733 4875 ἐνέργειαν.
2790 4796 2991 4882 Εἰκόνα
3043 4793 3228 4850 τοίνυν
3289 4791 3500 4867 φαμὶν,
3563 4787 3670 4864 οὐχ
3723 4787 3800 4882 ᾡς

382 4879 496 4970 cit,
515 4900 642 4970 sed,
673 4901 736 4956 In
766 4903 903 4972 ipso,
939 4905 997 4955 et
1025 4916 1167 4955 sane
1199 4900 1467 4955 addendo
1497 4895 1559 4951 τὸ
1598 4898 1948 4966 Unigeniius,
1975 4900 2026 4950 ut

2148 4891 2421 4966 ἀγεννήτῳ
2486 4890 2732 4966 γέννημα
2781 4881 3228 4962 παραϐάλλοντες
3288 4882 3644 4972 (ἀνάρμοστον
3698 4879 3799 4954 γὰρ

383 4991 509 5062 ipse
526 5007 660 5045 cum
679 4989 968 5062 aliis,qum
986 4989 1298 5063 peripsum
1315 4989 1468 5045 facta
1485 4992 1646 5057 sunt,
1674 4991 2038 5056 assumptus,

2147 4980 2310 5037 τοῦτό
2361 5000 2422 5054 γε
2477 4977 2566 5034 καὶ
2615 4983 2732 5040 τοῖς
2780 4981 2940 5031 πᾶσιν
2973 4972 3281 5047 ἀδύνατον),
3314 4968 3438 5025 ἀλλ’
3468 4969 3592 5024 Υἶὸν
3637 4987 3803 5041 μονο-

384 5055 536 5135 lianc
565 5080 756 5137 Patris
805 5055 1202 5152 operationem
1255 5055 1638 5134 manifestam»
1681 5055 1895 5132 faceret
1924 5074 2026 5131 illi:

2150 5077 2278 5145 γενῆ
2328 5067 2417 5124 καὶ
2470 5066 2818 5145 πρωτότυκον
2871 5064 3064 5141 Πατρὶ,
3096 5070 3198 5152 τῆς
3235 5060 3330 5135 μὶν
3363 5055 3493 5152 Υ⁴ιοῦ
3523 5077 3802 5152 προσηγοέ

386 5168 487 5239 qui
519 5169 640 5226 haec
668 5147 931 5227 contueri
962 5167 1520 5239 valent.1maginem
1555 5164 1922 5238 igiturillum
1954 5165 2026 5221 dii

2155 5159 2271 5238 ρίας
2327 5159 2426 5229 τήν
2479 5156 2662 5214 οὐσίαν
2697 5154 3003 5228 δηλούσης,
3036 5159 3135 5224 τῆς
3167 5149 3225 5209 δὶ
3255 5150 3492 5223 Πατρὸς,
3546 5147 3647 5218 τὴν
3706 5148 3804 5201 τοῦ

461 5433 506 5472 ⁹⁶
533 5432 688 5493 Psal.
719 5450 878 5509 eam,
908 5437 963 5494 3.
1039 5434 1084 5473 '7
1112 5435 1337 5496 Coloss.
1371 5452 1413 5505 ι,
1445 5433 1536 5507 45,
1570 5432 1659 5491 16.
1734 5433 1778 5471 ⁸⁸
1805 5435 1976 5491 Joan.
1999 5447 2042 5506 ι,
2071 5431 2126 5490 3.

460 5692 575 5766 (42)
608 5685 932 5766 Συμϐαίνοι.
968 5694 1161 5763 Forte,
1193 5686 1504 5766 συμϐαίνει.
1535 5694 1696 5749 Em'r.
