4124 6394
382 347 495 409 861

1450 344 1783 410 EUNOMII
1828 345 2062 407 LIBER
2111 346 2731 410 APOLOGETICUS.

3683 347 3802 410 862

381 480 742 553 γεννήσαντος
793 477 1084 553 ἐνέργειαν.
1139 476 1203 534 Εἰ
1275 474 1332 532 δέ
1395 498 1478 539 τις
1534 475 1863 556 φιλονείκως
1919 482 2030 541 τοῖς

2150 480 2489 546 cimus,non
2509 483 2661 552 quod
2682 481 2944 553 ingenito
2975 479 3240 552 genitum
3277 472 3804 552 assimilemus(in'

384 567 610 629 οἰκείοις
645 566 895 640 ἐμμένων
931 568 1006 640 μὴ
1040 566 1307 642 προσέχοι
1332 571 1449 629 τοῖς
1503 565 1712 643 ῥηθεῖσι
1758 568 1849 622 τὸν
1892 571 2035 635 νοῦν,

385 653 694 725 ὲκϐιάζοιτο
756 654 812 710 δὲ
872 657 970 724 τήν
1029 659 1126 710 τοῦ
1181 655 1391 730 Πατρὸς
1449 656 1824 732 προσηγορίαν
1859 655 2037 718 οὐσίας

385 746 516 800 εἶναι
577 745 944 818 σημαντικήν,
1004 742 1346 818 μεταδιδότω
1402 745 1494 800 καὶ
1541 751 1620 817 τῷ
1651 746 1761 818 Υἱῷ
1793 746 1881 800 καὶ
1938 753 2036 814 τῆς

385 834 580 907 ὁμοίας
659 842 888 909 φωνῆς,
949 835 993 906 ᾧ
1051 831 1346 909 προλαϐὼν
1429 832 1698 908 μετέδωκε
1776 835 1864 890 xui
1937 843 2034 905 τῆς

383 923 578 993 ὁμοίας
634 923 836 984 οὐσίας’
875 921 1088 996 μᾶλλον
1151 920 1208 978 δὲ
1264 923 1467 1002 ἀμφοῖν
1529 923 1788 1000 ἑκατέρῳ,
1845 928 1926 997 τῷ
1979 945 2038 979 τε

383 1013 554 1086 Πατρὶ
603 1018 704 1082 τῆς
736 1010 888 1082 Υἱοῦ,
918 1011 1009 1066 καὶ
1045 1017 1122 1085 τῷ
1150 1013 1262 1085 Υἱῷ
1289 1019 1389 1082 τῆς
1420 1013 1653 1088 Πατρός·
1683 1015 1717 1082 ἡ
1772 1012 1876 1088 γὰρ
1934 1019 2038 1081 τῆς

381 1101 568 1163 οὐσίας
630 1097 897 1174 ὁμοιότης
951 1106 1070 1165 ταῖς
1147 1102 1333 1165 αὐταῖς
1399 1102 1687 1175 ὀνομάζειν
1759 1122 2037 1178 προσηγο-

382 1189 522 1266 ρίαις
551 1189 838 1266 ἀναγκάζει
868 1198 996 1254 τους
1025 1190 1229 1262 ταύτην
1271 1191 1396 1268 περὶ
1444 1189 1618 1246 αὐτῶν
1669 1187 1896 1266 ἔχοντας
1935 1192 2034 1260 τὴν

385 1278 563 1350 δόξαν.

2147 569 2501 625 conveniens
2522 571 2679 626 enim
2702 575 2760 625 et
2786 570 3057 642 ineptum
3080 569 3190 625 hoc
3211 573 3585 640 esset,neque
3607 586 3640 624 a
3657 585 3801 641 quo-

2148 676 2323 730 quam
2359 659 2618 731 przestari
2653 660 2888 731 potest),
2923 660 3022 714 sed
3073 658 3279 712 Filium
3331 659 3700 729 unigenitum
3745 661 3802 713 et

2147 748 2605 820 primogenitum
2638 749 2830 803 Patris
2851 748 3123 813 dicimus,
3149 747 3249 802 ubi
3281 747 3521 818 quidem
3542 745 3668 801 Filii
3695 763 3799 818 ap-

2148 836 2384 908 pellatio
2414 836 2730 892 essentiam
2763 837 3022 903 denotat,
3055 837 3244 892 Patris
3276 840 3470 892 autem
3504 835 3800 907 gignontis

2146 924 2628 997 operationem.Si
2649 941 2780 979 vero
2795 925 2927 996 quis
2946 925 3334 981 contendendi
3358 924 3556 980 studio
3579 925 3638 979 in
3662 941 3798 996 pro-

2147 1015 2291 1086 priis
2321 1018 2628 1085 permanet
2659 1014 3062 1086 opinionibus,
3095 1019 3152 1069 et
3182 1030 3270 1070 ea.
3308 1031 3434 1081 qua
3473 1015 3601 1084 jam
3641 1014 3799 1069 dicta

2147 1107 2308 1172 sunt,
2341 1119 2484 1158 sana
2517 1109 2712 1158 mente
2740 1103 3064 1173 ponderare
3110 1107 3342 1158 recusat
3385 1101 3671 1158 violenter
3689 1120 3797 1158 au-

2145 1197 2263 1248 tem
2293 1192 2497 1258 instat,
2546 1191 2737 1248 Patris
2780 1192 3240 1264 appellationem
3286 1192 3556 1248 essentia
3607 1192 3797 1264 signi-

2148 1282 2438 1337 ﬁcativam
2483 1297 2634 1350 esse,
2684 1282 2862 1337 faciat
2903 1281 3001 1336 ille
3049 1281 3228 1337 etiam
3277 1282 3546 1337 eamdem
3595 1297 3796 1337 vocem

377 1387 752 1426 communem
785 1387 916 1427 cum
949 1371 1113 1442 Filio,
1165 1388 1337 1444 quem
1390 1375 1564 1428 antea
1615 1372 1882 1443 ejusdem
1913 1371 2086 1427 etiam
2124 1370 2392 1427 essentia:
2451 1370 2796 1443 participem
2856 1369 2993 1426 fecit
3023 1386 3037 1425 :
3072 1370 3193 1425 imo
3224 1370 3437 1441 ipotius
3485 1374 3799 1441 utramque

375 1460 688 1526 ambobus,
723 1459 849 1515 Filii
880 1460 1107 1516 scilicet
1140 1461 1595 1533 appellationem
1631 1460 1812 1529 Patri,
1853 1465 1910 1516 et
1965 1461 2149 1516 Patris
2207 1460 2659 1533 appellationem
2718 1460 2976 1516 vicissim
3035 1458 3178 1516 Filio
3230 1460 3496 1527 tribuat;
3529 1459 3796 1516 essentia:

376 1549 534 1604 enim
568 1548 896 1605 similitudo
926 1555 1091 1622 coget
1122 1567 1242 1618 eos,
1276 1550 1378 1622 qui
1423 1550 1576 1606 hanc
1627 1550 1698 1606 de
1757 1549 1904 1622 ipsis
1934 1548 2268 1622 opinionem
2303 1550 2542 1621 habent,
2596 1550 2808 1605 iisdem
2872 1548 3364 1622 appellationibus
3425 1548 3585 1621 ipsos
3615 1549 3798 1604 nomi-

380 1655 542 1694 nare.

449 1763 540 1818 25.
572 1760 914 1838 Ἀρκούντων
950 1759 1007 1818 δὲ
1040 1763 1154 1837 (43)
1183 1763 1319 1835 ἡμῖν
1345 1761 1619 1817 τοσούτων
1651 1760 1741 1816 καὶ
1773 1761 1897 1836 περὶ
1942 1765 2030 1816 τοῦ

2215 1764 2306 1820 25.
2340 1764 2483 1820 Cum
2513 1781 2648 1821 vero
2678 1763 2800 1820 haec
2829 1763 2999 1820 nobis
3031 1763 3331 1819 sufﬁciant
3361 1762 3431 1818 de
3462 1761 3794 1834 Unigenito,

379 1855 740 1925 Μονογενοῦς,
772 1848 1075 1907 ἀκόλουθον
1109 1849 1170 1906 ἂν
1203 1848 1285 1922 {in
1319 1851 1408 1906 xui
1435 1850 1558 1927 περὶ
1597 1855 1693 1905 τοῦ
1742 1849 2034 1926 Παρακλή-

375 1960 473 1994 του
507 1938 701 1994 λοιπὸν
755 1940 945 2012 εἰπεῖν,
979 1939 1039 1995 οὐ
1085 1945 1205 2002 ταῖς
1253 1940 1618 2010 ἀνεξετάστοις
1648 1943 1754 1994 τῶν
1805 1937 2034 1994 πολλῶν

377 2025 816 2092 ἀκολουθοῦντας
872 2027 1073 2102 δόξαις,
1104 2030 1205 2099 τήν
1265 2027 1323 2084 δὲ
1372 2033 1480 2084 τῶν
1541 2027 1706 2104 ἁγίων
1761 2029 1812 2083 ὲν
1869 2029 2032 2084 ἅπασι

373 2118 744 2195 φυλάσσοντας
779 2116 1159 2192 διδασκαλίαν,
1187 2119 1317 2195 παρ’
1347 2119 1420 2173 ὧν
1452 2118 1636 2193 τρίτον
1689 2117 1819 2173 αὐτὸ
1871 2117 2032 2190 ἀξιώ-

375 2227 502 2280 ματι
559 2207 650 2262 καὶ
707 2207 851 2279 τάξει
916 2207 1197 2282 μαθόντες,
1228 2208 1410 2282 τρίτον
1459 2207 1594 2263 εἶναι
1629 2207 1717 2263 καὶ
1747 2211 1818 2282 τῇ
1876 2207 2031 2283 φύσει

373 2295 828 2370 πεπιστεύκαμεν·
865 2297 962 2353 οὐκ
1019 2292 1469 2372 ἐπαμειϐομένων
1520 2303 1642 2360 ταῖς
1693 2296 1878 2376 φύσεσι
1921 2300 2029 2352 τῶν

374 2384 702 2457 ἀξιωμάτων
736 2387 872 2442 κατὰ
900 2389 998 2458 τὴν
1035 2385 1086 2443 ἐν
1115 2387 1423 2462 ἀνθρώποις
1482 2387 1542 2443 ἐκ
1591 2385 1876 2450 πολιτείας
1935 2409 2030 2462 με-

371 2468 640 2545 ταϐολὴν,
685 2471 797 2530 οὔτ’
855 2474 1279 2554 ἐνηλλαγμένης
1336 2481 1436 2544 τῆς
1493 2477 1692 2549 τάξεως
1743 2477 1879 2532 κατὰ
1931 2479 2032 2547 τήν

375 2559 738 2641 δημιουργίαν
783 2564 1036 2630 ἰναντίως
1081 2572 1200 2629 ταῖς
1252 2565 1477 2639 οὐσίαις,
1512 2564 1640 2621 ἀλλ’
1685 2565 2033 2644 εὐαρμόστως

378 2652 620 2728 ἐχούσης
659 2654 795 2730 πρὸς
824 2655 925 2724 τήν
959 2654 1138 2734 φύσιν,
1175 2655 1248 2718 ὡς
1285 2658 1422 2728 μήτε
1449 2656 1512 2712 τὸ
1537 2661 1755 2732 πρῶτον
1788 2661 1856 2731 τῇ
1887 2656 2030 2728 τάξει

381 2738 629 2819 δεύτερον
665 2744 798 2799 εἶναι
827 2745 926 2814 τὴν
962 2744 1141 2821 φύσιν,
1176 2747 1316 2820 μήτε
1353 2747 1459 2820 μὴν
1507 2747 1569 2801 τὸ
1615 2745 1769 2823 φύσει
1812 2750 2027 2820 πρῶτον

378 2827 630 2908 δευτέρας
676 2832 713 2903 ἣ
755 2832 946 2910 τρίτης
991 2832 1182 2911 λαχεῖν
1226 2833 1448 2906 τάξεως.
1482 2836 1693 2893 Οὐκοῦν
1746 2834 1892 2908 ε⁹ίπερ
1931 2832 2033 2905 ἥδε

372 2924 473 2986 τῇς
501 2925 612 2976 τῶν
641 2926 852 2992 νοητῶν
887 2920 1253 3000 δημιουργίας
1300 2925 1492 3002 ἀρίστη
1541 2925 1710 2998 τάξις,
1742 2924 1924 2999 τρίτον
1970 2923 2028 2979 ὃν

376 3009 437 3064 τὸ
468 3014 689 3083 Πνεῦμα
718 3010 782 3066 τὸ
815 3012 964 3086 ἅγιον
997 3013 1096 3082 τήν
1126 3012 1295 3085 τάξιν,
1329 3013 1433 3068 οὐκ
1462 3012 1522 3068 ἃν
1553 3019 1769 3087 πρῶτον
1814 3012 1896 3083 εῗίη
1929 3015 2027 3083 τήν

384 3096 560 3174 φύσιν,
618 3098 751 3174 ὅπερ
811 3098 952 3154 ἐστὶν
1013 3101 1042 3155 6
1096 3101 1226 3163 Θεὸς
1296 3101 1386 3157 καὶ
1444 3103 1630 3176 Πατήρ
1688 3107 1758 3158 Ἦ
1813 3102 1912 3176 γὰρ
1967 3099 2028 3156 ἂν

379 3183 568 3256 εὔηθες
623 3185 714 3241 καὶ
769 3189 1016 3263 περιττὸν
1075 3187 1167 3244 τὸν
1226 3189 1385 3243 αὐτὸν
1445 3191 1578 3245 ποτὶ
1630 3190 1723 3264 μὲν
1778 3191 2029 3266 πρώτην,

380 3274 512 3329 ποτὲ
545 3273 604 3330 δὲ
630 3274 821 3350 τρίτην
855 3271 1002 3352 ἔχειν
1037 3277 1250 3355 χώραν,
1280 3274 1335 3334 ’ἐν
1367 3300 1426 3333 τε
1464 3276 1629 3356 ὀίμφω
1679 3279 1834 3349 εἶναι,
1866 3278 1927 3334 τό
1976 3301 2034 3334 τε

383 3363 884 3440 προσκυνούμενον,
918 3365 1008 3420 καὶ
1040 3365 1092 3422 ἰν
1135 3367 1181 3440 ᾧ
1229 3373 1633 3443 προσκυνεῖναι,
1659 3370 1780 3423 καθ’
1809 3369 1841 3423 ἅ
1870 3390 2030 3446 φησιν

382 3454 410 3508 6
469 3451 708 3530 Κύριος·
773 3459 994 3528 Πνεῦμα
1049 3457 1077 3510 6
1137 3457 1290 3527 Θεὸς,
1339 3456 1429 3512 καὶ
1484 3457 1611 3520 τοὺς
1675 3463 2036 3532 προσκυνοῦν-

383 3565 478 3605 τας
537 3542 717 3615 αὐτὸν,
778 3543 831 3599 ἐν
900 3545 1175 3618 Πνεύματι
1225 3545 1316 3600 καὶ
1374 3545 1608 3618 ἀληθείᾳ
1654 3545 1738 3602 δεῖ
1790 3568 2033 3624 προσκυ-

381 3637 514 3689 νεῖν.
546 3629 687 3690 Οὐδὲ
746 3633 854 3706 μὴν
913 3634 1107 3690 ταυτὸν
1163 3639 1242 3708 τῷ
1299 3637 1620 3711 Μονογενεῖ.
1681 3635 1753 3692 Οὐ
1812 3637 1914 3714 γὰρ
1974 3638 2033 3694 ἂν

385 3721 748 3795 ὑπηριθμήθη
780 3721 958 3794 τούτῳ
989 3723 1062 3785 ὡς
1113 3721 1256 3779 ῗδίαν
1298 3720 1440 3801 ἔχων
1490 3725 1803 3795 ὑπόστασιν,
1835 3727 2033 3802 ἀρκού-

383 3829 484 3878 σης
513 3809 600 3862 καὶ
636 3809 743 3882 πρὸ
780 3809 986 3864 τούτων
1033 3819 1133 3882 τῆς
1181 3817 1278 3868 τοῦ
1324 3820 1584 3891 Σωτῆρος
1623 3819 1832 3890 φωνῆς,
1865 3815 1935 3872 δι’
1963 3821 2030 3888 ἧς

377 3893 558 3972 ἕτερον
591 3891 693 3971 ἔφη
755 3903 936 3974 σαφῶς
981 3901 1072 3954 τὸν
1130 3899 1646 3977 ἀποσταλησόμενον
1703 3906 1833 3960 εἶναι
1891 3909 2028 3982 πρὸς

381 3985 690 4060 ὑπόμνησιν
747 3985 838 4042 καὶ
880 3985 1229 4046 διδασκαλίαν
1280 3995 1387 4046 τῶν
1416 3993 1760 4049 ἀποστόλων.
1796 3993 2027 4052 Οὐδέτε-

376 4094 469 4149 ρον
534 4076 628 4148 μὲν
687 4075 908 4152 ἀριθμῷ
963 4077 1110 4156 παρᾶ
1163 4080 1256 4135 τὸν
1313 4082 1465 4155 Θεὸν,
1497 4081 1791 4158 ἀγέννητον
1823 4082 1900 4142 δέ.
1932 4087 2028 4149 Εἷς

371 4163 472 4241 γὰρ
526 4163 616 4220 xui
679 4165 846 4238 μόνος
897 4166 1212 4244 ἀγὲννητος,
1246 4169 1296 4243 ἐξ
1356 4171 1417 4226 οὗ
1471 4172 1540 4227 τὰ
1581 4173 1756 4229 πάντα
1783 4174 2025 4250 γέγονεν.

371 4253 442 4310 Ἢ
472 4252 613 4311 ἄλλο
650 4255 744 4329 μὶν
773 4256 920 4330 παρὰ
947 4258 1040 4313 τὸν
1074 4259 1222 4333 Υἱὸν,
1252 4260 1498 4336 γὲννημα
1532 4259 1608 4320 δέ.
1643 4265 1738 4325 Εἷς
1781 4263 1883 4340 γὰρ
1936 4265 2024 4321 καὶ

375 4345 690 4420 μονογενής,
720 4346 748 4400 ὁ
786 4345 986 4422 Κύριος
1042 4349 1229 4422 ἡμῶν,
1273 4352 1350 4405 Δι’
1402 4351 1464 4406 οὗ
1514 4350 1582 4407 τὰ
1637 4352 1834 4427 πάντα,
1890 4356 2028 4411 κατά

369 4432 467 4488 τὸν
499 4432 840 4490 Ἀπόστολον
897 4434 1077 4492 Ἀλλᾶ
1105 4439 1192 4493 καὶ
1224 4438 1403 4515 τρίτον
1435 4439 1524 4496 καὶ
1556 4441 1710 4520 φύσει
1740 4441 1831 4498 xui
1856 4443 2024 4516 τάξει,

373 4523 758 4598 προστάγματι
787 4529 884 4580 τοῦ
915 4527 1150 4603 Πατρὸς,
1183 4526 1424 4604 ἰνεργείᾳ
1453 4527 1511 4585 δὲ
1554 4519 1649 4586 τοῦ
1697 4533 1826 4587 Υἱοῦ
1875 4535 2027 4610 γενό-
2057 4519 2105 4586 D

373 4612 738 4688 μενον,τρίτῃ
770 4615 932 4690 χώρᾳ
957 4615 1296 4690 τιμώμενον,
1330 4618 1404 4680 ὡς
1451 4623 1668 4696 πρῶτον
1715 4622 1807 4676 xui
1841 4628 2025 4696 μεῖζον

371 4699 611 4775 πάντων,
643 4701 734 4756 καὶ
769 4702 936 4776 μόνον
962 4709 1180 4760 τοιοῦτο
1259 4707 1356 4761 τοῦ
1404 4709 1748 4784 Μονογενοῦς
1785 4710 2024 4786 ποίημα·

371 4788 630 4862 θεότητος
666 4792 763 4865 μὶν
806 4792 896 4847 καὶ
943 4790 1345 4870 δημιουργικῆς
1390 4793 1670 4872 δυνάμεως
1724 4799 2023 4858 ἀπολειπόο

375 4899 554 4952 μενον,
590 4881 908 4957 ἀγιαστικῆς
950 4880 1008 4938 δὲ
1057 4884 1148 4938 xui
1206 4882 1598 4959 διδασκαλικῆς
1657 4890 2027 4967 πεπληρωμέ-

366 4982 485 5025 νον.
519 4967 662 5031 Τοὺς
693 4971 798 5046 γάρ
826 4992 912 5026 τοι
945 4975 1369 5038 πεπιστευκότας
1401 4976 1673 5054 ἐνέργειαν
1722 4980 1854 5035 εἷναί
1903 5001 2026 5037 τινα

365 5060 462 5112 τοῦ
523 5063 658 5114 Θεοῦ
714 5061 807 5116 τὸν
868 5060 1252 5138 Παράκλητον,
1306 5065 1418 5120 εἶτα
1478 5071 1598 5130 ταῖς
1657 5066 1866 5133 οὐσίαις
1919 5071 2025 5126 ὑπ-

2147 1869 2513 1926 consequeus
2563 1855 2736 1911 fuerit
2766 1853 3042 1925 deinceps
3084 1855 3156 1910 de
3205 1852 3502 1908 Paracleto
3561 1868 3798 1924 quoque

2145 1943 2358 2011 dicere,
2391 1961 2506 1999 non
2539 1946 2816 2000 sectando
2841 1943 3162 2000 multorum
3189 1942 3498 2014 opiniones
3521 1958 3637 1997 non
3661 1958 3792 2013 pro-

2143 2033 2310 2089 batas
2341 2037 2442 2089 aut
2472 2033 2616 2089 satis
2645 2050 2953 2105 expensas,
2987 2033 3087 2088 sed
3121 2032 3404 2088 servando
3426 2030 3485 2085 in
3517 2030 3790 2085 omnibus

2143 2125 2483 2178 sanctorum
2515 2122 2864 2192 doctrinam,
2898 2139 2930 2177 a
2959 2120 3175 2192 quibus
3224 2136 3356 2174 cum
3408 2118 3792 2175 didicerimus

2142 2210 2385 2266 tertium
2417 2210 2703 2282 dignitate
2733 2215 2790 2266 et
2819 2209 3042 2279 ordine,
3077 2209 3314 2264 tertium
3347 2223 3579 2279 quoque
3617 2208 3792 2278 juxta

2141 2302 2416 2355 naturam
2449 2315 2647 2355 revera
2675 2316 2804 2355 esse
2835 2298 3152 2354 credimus.
3183 2297 3308 2352 Non
3343 2297 3498 2368 quod
3530 2295 3790 2368 dignita-

2143 2392 2227 2444 tes
2261 2406 2420 2444 more
2452 2389 2754 2445 hominum
2777 2388 2992 2444 usitato
3016 2387 3076 2442 in
3099 2386 3506 2442 vicissitudine
3531 2385 3789 2458 politica,

2141 2479 2369 2534 naturis
2400 2477 2563 2534 hisce
2611 2478 2789 2534 etiam
2833 2496 2938 2551 per
2977 2478 3133 2534 vices
3175 2476 3543 2548 contingant,
3596 2465 3786 2546 neque

2139 2569 2314 2624 etiam
2348 2569 2518 2640 quasi
2539 2570 2680 2624 ordo
2712 2568 2793 2624 ita
2823 2568 2900 2624 sit
2947 2571 3317 2639 permutatus
3363 2565 3424 2620 in
3473 2565 3785 2636 creatione,

2141 2664 2207 2714 ut
2235 2658 2510 2715 essentiis
2540 2658 2589 2715 is
2621 2658 2699 2715 sit
2726 2657 3053 2714 contrarius
3079 2675 3092 2726 ;
3127 2657 3229 2713 sed
3264 2656 3417 2728 quod
3436 2654 3787 2712 conveniens

2140 2748 2218 2805 sit
2249 2748 2362 2821 ipsi
2402 2752 2645 2815 naturae,
2679 2752 2744 2802 ut
2773 2763 2962 2818 neque
2985 2747 3141 2819 quod
3164 2746 3422 2818 primum
3453 2744 3566 2800 fuit
3585 2743 3790 2800 ordine

2141 2839 2467 2894 secundum
2499 2838 2576 2894 sit
2597 2839 2770 2909 juxta
2803 2841 3304 2908 naturam,neque
3335 2835 3510 2891 etiam
3543 2834 3599 2888 id
3633 2833 3788 2906 quod

2141 2927 2399 3000 primum
2434 2931 2644 2983 natura
2677 2927 2820 2982 70]
2857 2926 2985 2994 fuit,
3027 2925 3354 2981 secundum
3405 2927 3502 2979 aut
3549 2922 3790 2979 tertium

2141 3016 2422 3072 sortiatur
2443 3016 2727 3072 ordinem.
2762 3014 3043 3080 Quocirca
3075 3013 3370 3085 siquidem
3417 3011 3790 3068 constitutio-

2142 3105 2234 3161 nis
2266 3122 2470 3160 eorum
2502 3121 2625 3175 quae
2668 3108 2866 3160 mente
2910 3107 3146 3159 tantum
3196 3101 3622 3174 percipiuntur,
3673 3117 3787 3156 non

2147 3197 2334 3265 potest
2382 3212 2498 3250 non
2549 3194 2809 3265 optimus
2857 3209 2987 3249 esse
3038 3190 3494 3263 ordo:Spiritus
3551 3193 3793 3246 sanctus

2143 3301 2278 3339 cum
2310 3283 2388 3340 sit
2414 3284 2655 3340 tertium
2689 3283 2914 3350 ordine,
2948 3281 3203 3354 primum
3239 3297 3366 3336 esse
3412 3297 3528 3335 non
3583 3279 3793 3351 poterit

2144 3377 2374 3443 natura,
2437 3373 2495 3429 id
2546 3373 2701 3444 quod
2751 3376 2842 3429 est
2889 3371 3042 3428 Deus
3092 3375 3148 3426 et
3188 3370 3376 3427 Pater.
3429 3369 3654 3425 Etenim
3703 3367 3792 3425 vel

2142 3462 2408 3534 ineptum
2440 3467 2497 3518 et
2525 3463 2837 3518 abundans
2866 3465 3040 3532 esset,
3073 3460 3122 3517 si
3153 3461 3426 3516 eumdem
3458 3459 3790 3514 diceremus

2143 3553 2316 3608 modo
2329 3552 2788 3625 primum,modo
2829 3550 3067 3608 tertium
3115 3549 3544 3618 tenerelocum;
3566 3565 3788 3604 unum-

2143 3657 2255 3712 que
2281 3645 2338 3696 et
2369 3642 2522 3697 idem
2551 3659 2701 3712 esse,
2733 3642 2790 3697 id
2825 3641 2980 3714 quod
3020 3639 3296 3696 adoratur
3325 3642 3382 3695 et
3410 3638 3554 3694 illud
3580 3638 3639 3694 in
3672 3655 3788 3710 quo

2142 3731 2458 3800 adoratur;
2491 3731 2989 3804 quemadmodum
3013 3729 3137 3801 ipse
3153 3727 3590 3785 Dominusdicit
3612 3743 3626 3784 :
3650 3729 3788 3784 Deus

2141 3822 2215 3876 est
2244 3821 2489 3892 spiritus,
2521 3829 2572 3877 et
2597 3837 2706 3887 eos,
2738 3821 2836 3892 qui
2864 3819 3033 3876 illum
3063 3819 3316 3889 adorant,
3349 3825 3560 3889 Oportet
3586 3819 3648 3873 in
3669 3818 3788 3888 spi-

2139 3911 2254 3966 ritu
2284 3913 2336 3966 et
2364 3911 2591 3966 veritate
2611 3909 2843 3966 adorare
2871 3909 3141 3980 “.Neque
3162 3908 3313 3964 enim
3336 3923 3520 3964 unum
3552 3910 3608 3962 et
3628 3905 3785 3961 idem

2138 4003 2228 4055 est
2258 4015 2391 4055 cum
2421 3999 2772 4072 Unigenito;
2807 3999 2953 4055 alias
2979 3998 3135 4054 enim
3167 4014 3282 4054 non
3314 3997 3558 4054 haberet
3580 4011 3786 4050 nume-

2137 4105 2270 4144 rum
2304 4105 2480 4144 suum
2513 4092 2643 4160 post
2673 4088 2914 4157 Filium;
2951 4091 3150 4159 utpote
3179 4087 3281 4158 qui
3330 4102 3500 4142 suam
3551 4100 3785 4156 quoque

2121 4177 2434 4250 ,propriam
2463 4177 2856 4234 substantiam
2888 4176 3082 4244 habet,
3133 4174 3461 4232 sufﬁciente
3502 4173 3784 4230 etiamad

2135 4265 2348 4322 horum
2383 4266 2883 4323 conﬁrmationem
2919 4267 3047 4337 ipsa
3093 4265 3407 4321 Salvatoris
3454 4279 3618 4332 voce,
3667 4279 3788 4334 qua

2135 4355 2445 4413 manifeste
2475 4356 2772 4412 diversum
2804 4354 2986 4411 dixit‘
3011 4370 3140 4410 esse
3169 4369 3302 4410 eum
3327 4351 3430 4424 qui
3459 4350 3785 4406 mittendus

2135 4450 2260 4502 erat
2291 4445 2364 4501 ad
2404 4446 2869 4502 recordationem
2918 4442 3341 4517 apostolorum.
3391 4441 3592 4512 Neque
3642 4457 3784 4496 sane

2137 4552 2384 4592 numero
2415 4535 2737 4608 quidquam
2781 4538 2870 4590 est
2916 4533 3074 4589 aliud
3125 4537 3330 4605 praeter
3374 4531 3580 4601 Deum,
3613 4530 3782 4602 quasi

2137 4625 2315 4682 etiam
2342 4624 2642 4698 ingenitus
2672 4623 2912 4696 quidam
2943 4641 2956 4680 :
2991 4640 3145 4679 unus
3178 4621 3334 4678 enim
3366 4619 3493 4694 ipse
3527 4623 3584 4676 et
3621 4618 3784 4676 solus

2137 4713 2432 4787 ingenitus
2464 4719 2572 4782 est,
2606 4730 2675 4770 ex
2705 4730 2820 4786 quo
2860 4712 3061 4770 omnia
3087 4712 3241 4768 facta
3269 4714 3443 4778 sunt;
3475 4712 3578 4766 aut
3622 4706 3781 4765 aliud

2136 4819 2278 4860 sane
2302 4806 2512 4876 praeter
2546 4801 3489 4876 Filium,progenies,inquam,seu
3523 4811 3781 4869 propago

2135 4893 2428 4964 quaedam,
2462 4910 2614 4949 unus
2643 4893 2801 4950 enim
2831 4897 2889 4949 et
2919 4891 3080 4949 solus
3099 4895 3187 4947 est
3217 4885 3783 4960 unigenitus,Domi-

2134 4998 2250 5039 nus
2279 4984 2610 5054 noster,Per
2629 4999 2789 5056 quem
2810 4986 2938 5039 sunt
2966 4983 3150 5038 omnia
3179 4980 3392 5051 ’,juxta
3409 4976 3780 5048 Apostolum,

2132 5071 2350 5128 Verum
2385 5073 2626 5129 tertium
2659 5072 2799 5145 quid
2829 5076 2921 5129 est
2964 5075 3088 5128 tum
3121 5073 3336 5126 natura
3377 5071 3502 5123 tum
3553 5063 3782 5135 ordine,

366 5147 753 5236 αριθμοῦντας,
787 5150 862 5215 ὡς
897 5149 1018 5208 λίαν
1051 5151 1262 5224 εὐήθεις
1313 5154 1403 5210 xui
1454 5154 1600 5212 πολὺ
1638 5155 1734 5225 τῆς
1765 5155 2027 5230 ἀληθείας

2140 5163 2299 5234 iussu
2325 5163 2563 5236 quidem
2583 5163 3135 5234 Patris,operatione
3157 5164 3352 5216 autem
3380 5155 3504 5213 Filii
3541 5155 3780 5224 factum;

363 5234 925 5323 ἆπεσχοινισμὲνους,
985 5244 1075 5296 νῦν
1138 5239 1484 5322 διελέγχειν,
1543 5251 1751 5323 μακρᾶς
1812 5244 1872 5304 ἂν
1935 5246 2019 5321 ε’ίη

365 5322 598 5398 σχολῆς-

436 5501 482 5538 ⁸³
507 5505 675 5561 Joan.
711 5521 786 5575 xv,
817 5506 914 5565 24.
1026 5511 1044 5547 ί
1073 5513 1242 5569 Joan.
1273 5529 1389 5585 xxv,
1423 5514 1511 5587 16,
1537 5515 1629 5573 26.

435 5682 548 5755 (43)
579 5683 830 5742 Basilius
858 5684 966 5745 lib.
999 5703 1084 5759 In,
1116 5705 1176 5762 p.
1206 5690 1307 5750 271
1340 5697 1400 5752 et
1425 5696 1552 5752 276.

2132 5252 2305 5308 tertio
2336 5251 2462 5309 loco
2478 5252 2857 5324 colitur,quia
2878 5250 3146 5307 videlicet
3175 5247 3381 5306 ordine
3411 5250 3468 5303 et
3497 5245 3785 5318 dignitate

2131 5345 2370 5414 praestat
2399 5341 2552 5416 aliis,
2585 5347 2644 5400 et
2678 5342 2921 5399 unicum
2969 5340 3086 5397 tale
3136 5337 3434 5412 Unigeniti
3482 5351 3630 5408 opus
3669 5336 3778 5404 est,

1709 5517 1731 5553 ²
1756 5517 2004 5589 Coloss.,
2035 5535 2076 5591 ι,
2110 5521 2198 5579 16.
