4124 6360
391 327 513 388 863

1345 329 1738 390 ΑΡΡΕΝΒΙΧ
1780 329 2108 391 OPERUM
2153 328 2213 390 S.
2259 331 2542 392 BASILll
2588 330 2862 391 MAGNI.

3705 332 3830 391 864

394 461 610 516 deitaie
639 461 877 531 quidem
910 465 964 516 et
995 461 1256 532 potentia
1287 464 1521 516 creandi
1555 468 1799 529 remota,
1840 462 2250 519 sanctiﬁcandi
2283 469 2478 519 autem
2537 468 2594 520 et
2650 461 2900 518 docendi
2958 459 3237 516 facultate
3293 461 3627 518 abundans.
3681 462 3830 520 Illos

396 549 552 605 enim
585 550 684 620 qui
717 551 1083 607 Paracletum
1116 551 1514 622 Operationem
1547 553 1866 623 quamdam
1901 552 1998 608 Dei
2041 569 2171 610 esse
2199 556 2464 623 credunt,
2497 558 2556 609 et
2607 552 2820 608 deinde
2878 549 3044 606 illum
3105 550 3382 606 essentiis
3425 550 3824 632 subiungunt,

397 642 676 709 tanquam
703 639 875 694 valde
905 639 1165 695 insulsos
1195 647 1250 694 et
1273 657 1307 695 a
1339 640 1580 696 veritate
1611 641 1784 712 longe
1815 645 2070 698 remotos
2129 642 2177 698 si
2210 659 2367 699 nunc
2401 643 2654 699 refutare
2683 641 2994 712 vellemus,
3058 639 3234 713 longa
3265 655 3407 696 sane
3461 657 3628 697 mora
3658 642 3733 698 ad
3768 642 3826 698 id

395 728 565 784 nobis
595 744 743 800 opus
767 729 931 784 foret.

459 901 548 955 26.
584 900 815 968 Verum,
851 917 922 956 ne
971 917 1311 956 sermonum
1361 900 1698 972 prolixitate
1745 902 2036 958 auditores

2229 904 2319 958 26.
2357 901 2518 958 Ἀλλ’
2543 900 2636 956 ’ίνα
2669 902 2745 975 μή
2775 904 2856 973 τῷ
2890 902 3054 973 μήκει
3083 903 3193 954 τῶν
3246 897 3430 976 λόγων
3493 898 3826 972 ἄποκνήσω-

387 989 994 1060 gravemus,minusve
1019 989 1241 1046 alacres
1264 991 1820 1063 reddamus,paucis
1843 1007 2045 1047 eorum

387 1095 516 1149 quae
547 1078 806 1134 diximus
839 1079 953 1134 vim
990 1095 1227 1136 omnem
1281 1081 1866 1152 comprehendentes,
1902 1081 2044 1135 dici-

389 1183 518 1222 mus
544 1183 728 1222 unum
756 1171 812 1223 et
839 1169 1030 1224 solum
1050 1186 1181 1224 vere
1200 1183 1329 1225 esse
1349 1169 1519 1225 illum
1551 1185 1752 1225 verum
1777 1170 2044 1225 omnium

389 1258 569 1312 Deum
604 1257 953 1330 ingenitum,
989 1258 1116 1313 sine
1149 1258 1456 1330 principio,
1494 1258 2042 1330 incomparabilem,

387 1346 547 1401 omni
565 1362 743 1401 causa
769 1348 1218 1419 superiorem,et
1234 1348 1511 1404 omnibus
1525 1350 1702 1404 rebus
1722 1347 2040 1420 aliis,quod

2162 1011 2256 1063 μεν
2316 990 2444 1052 τοὺς
2502 989 2817 1059 ἀκούοντας,
2846 995 3019 1044 πᾶσαν
3049 988 3102 1044 ἰν
3143 989 3343 1064 βραχεῖ
3385 993 3494 1044 τῶν
3551 988 3828 1065 ῥηθέντων

2159 1074 2550 1154 περιλαϐόντες
2576 1081 2676 1148 τήν
2711 1075 2962 1151 δύναμιν,
2997 1078 3171 1153 φαμὶν
3203 1075 3294 1133 ἕνα
3325 1078 3415 1134 καὶ
3467 1079 3632 1152 μόνον
3692 1077 3825 1151 ἀλη-

2161 1169 2307 1231 θινὸν
2364 1169 2492 1223 εἶναι
2542 1168 2632 1223 τὸν
2683 1172 2792 1222 τῶν
2843 1168 3056 1222 πάντων
3110 1167 3266 1236 Θεὸν,
3300 1167 3618 1242 ἀγέννητον,
3654 1169 3814 1244 ἄναρ-

2160 1276 2286 1332 χον,
2321 1257 2669 1333 ἀσύγκριτον,
2702 1256 2879 1327 πάσης
2940 1255 3114 1318 αἰτίας
3171 1256 3474 1334 κρείττονα,
3525 1261 3657 1312 πᾶσι
3706 1263 3825 1322 τοῖς

2157 1345 2273 1400 οὖσι
2331 1351 2428 1401 τοῦ
2487 1348 2617 1401 εἶναι
2676 1344 2889 1400 α’ίτιον·
2924 1344 3024 1401 οὐκ
3081 1345 3138 1401 ἐκ
3187 1345 3472 1408 κοινωνίας
3526 1353 3624 1416 τῆς
3678 1347 3819 1421 πρὸς

387 1440 445 1490 et
467 1435 608 1507 ipsa
631 1436 908 1508 quid,ceu
935 1438 1279 1493 substantiis
1309 1438 1894 1504 sunt,causam.Quid
1925 1455 2036 1493 non

2151 1433 2332 1508 ἕτερον
2365 1436 2464 1504 τήν
2494 1441 2601 1490 τῶν
2649 1431 2817 1490 ὄντων
2872 1432 3241 1510 δημιουργίαν
3291 1435 3718 1509 συστησάμενον,
3753 1435 3817 1489 οὗ

385 1542 454 1580 ex
485 1527 1171 1599 communionequadam
1192 1544 1327 1583 cum
1365 1525 1479 1582 alia
1543 1527 1740 1598 aliqua
1786 1544 1846 1582 re
1883 1544 2040 1583 com-

388 1614 846 1670 municationem
878 1633 1074 1672 rerum
1107 1616 1552 1683 constituit,nec
1574 1617 1868 1672 antecedit
1894 1633 2039 1671 cun-

385 1709 478 1760 cta
507 1704 846 1772 ordine,oec
877 1705 1431 1777 praestatcollatione
1450 1727 1464 1774 ;
1485 1707 1556 1762 ad
1572 1723 1776 1762 omnes
1801 1705 2036 1776 quidem

383 1809 479 1850 res
509 1799 834 1865 respectum
869 1797 1181 1866 quemdam
1215 1796 1286 1851 ad
1320 1795 1692 1851 collationem
1717 1795 2034 1868 quamdam

386 1899 558 1938 suam
607 1882 824 1952 habet;
868 1885 970 1940 sed
1034 1885 1259 1942 ratione
1309 1885 1759 1957 praeminentizs
1809 1884 2033 1940 nullam

384 1972 883 2044 comparationem
914 1975 1208 2044 essentia,
1241 1975 1536 2046 potentiae,
1579 1973 1882 2047 imperiive
1928 1974 2033 2030 ad-

386 2063 569 2119 mittit
596 2081 610 2131 ;
643 2063 742 2134 qui
776 2063 979 2135 genuit
1011 2069 1068 2119 et
1097 2065 1234 2120 fecit
1265 2068 1400 2120 ante
1429 2063 1630 2119 omnia
1659 2063 2032 2136 unigenitum

380 2153 566 2209 Deum
580 2152 896 2208 Dominum
913 2157 1179 2209 nostrum
1195 2154 1392 2208 Jesum
1406 2151 1840 2225 Cbristum,per
1861 2170 2030 2224 quem

377 2242 578 2296 omnia
609 2240 762 2296 facta
791 2244 951 2308 sunt,
987 2239 1208 2312 quique
1238 2239 1433 2313 imago
1463 2247 1520 2297 et
1553 2240 1925 2314 signaculum
1943 2247 2033 2297 est

377 2329 625 2402 propriae
657 2328 929 2400 potentia
959 2334 1018 2384 et
1049 2329 1426 2402 operationis,
1461 2347 1651 2402 neque
1695 2330 1770 2401 ei,
1803 2329 1903 2402 qui
1934 2347 2033 2404 ge-

380 2419 527 2486 nuit,
561 2417 886 2474 secundum
918 2419 1236 2474 essentiam
1267 2419 1882 2492 aequiparaturmeque
1903 2420 2032 2493 Spi-

379 2507 517 2562 ritui
545 2511 768 2577 sancto,
802 2507 897 2578 qui
929 2524 1032 2580 per
1062 2507 1256 2580 ipsum
1289 2510 1478 2564 factus
1504 2513 1594 2566 est
1621 2535 1634 2578 ;
1667 2509 1768 2565 illo
1794 2510 2034 2582 quidem

377 2597 592 2666 minor,
641 2601 928 2669 tanquam
978 2597 1226 2667 factura,
1297 2597 1408 2654 hoc
1456 2615 1590 2654 vero
1642 2598 2033 2671 praestantior,

378 2692 659 2758 tanquam
694 2685 897 2742 iactor.
933 2687 999 2742 Et
1029 2703 1172 2742 sane
1201 2689 1356 2758 quod
1391 2692 1623 2743 creatus
1668 2687 1763 2753 sit,
1799 2689 1913 2744 ﬁde
1943 2688 2036 2743 di-

382 2793 535 2847 gnua
558 2779 648 2832 est
667 2775 837 2832 testis
862 2776 960 2832 ille
980 2777 1079 2848 qui
1104 2776 1176 2832 ab
1199 2778 1326 2850 ipso
1357 2777 1606 2833 Domino
1627 2777 2036 2833 testimonium

383 2864 559 2920 habet
587 2865 793 2937 ’,quod
828 2879 896 2920 ex
921 2870 1032 2921 Deo
1055 2865 1362 2922 scientiam
1387 2883 1555 2922 suam
1590 2866 2037 2935 babeat,Petrus

384 2953 693 3022 nimirum;
725 2971 859 3010 cum
905 2954 1048 3010 dicit
1091 2971 1104 3009 :
1163 2955 1316 3010 Certo
1368 2956 1542 3026 igitur
1583 2957 1722 3012 sciat
1781 2957 2038 3012 universa

381 3043 572 3100 domus
592 3044 785 3110 Israel,
819 3044 959 3115 quod
981 3046 1164 3116 ipsum
1186 3045 1479 3100 Dominum
1509 3048 1560 3100 et
1591 3045 1867 3101 Christum
1897 3046 2038 3102 Deus

380 3135 510 3205 fecit
540 3133 579 3204 ‘,
612 3137 670 3189 et
697 3133 821 3206 ipse
851 3134 954 3206 qui
984 3149 1053 3189 ex
1092 3150 1343 3206 persona
1391 3133 1621 3191 Domini
1672 3134 1887 3207 inquit,
1935 3136 2038 3192 D0-

383 3225 570 3280 minus
596 3225 800 3280 creavit
825 3239 912 3280 me
941 3225 999 3280 in
1020 3225 1302 3296 principio
1326 3225 1544 3280 viarum
1563 3241 1806 3281 suarum
1825 3225 2036 3291 '.Quod

385 3316 579 3368 autem
612 3311 738 3384 ipse
769 3311 1032 3368 vicissim
1056 3312 1272 3369 creavit
1300 3313 1584 3386 Spiritum
1616 3318 1912 3382 sanctum,
1943 3313 2040 3370 hic

381 3400 558 3456 etiam
590 3401 848 3457 ostendit
876 3401 978 3473 qui
1009 3401 1151 3458 dicit
1182 3418 1196 3458 :
1237 3403 1382 3460 Unus
1411 3412 1491 3460 est
1521 3405 1659 3459 Deus
1687 3420 1758 3461 ex
1787 3419 1890 3476 quo
1908 3408 2041 3459 sunt

2151 1529 2220 1598 τῇ
2252 1524 2394 1595 τάξει
2441 1525 2503 1578 τὸ
2539 1529 2778 1601 πρῶτον,
2809 1524 2871 1580 οὐ
2930 1525 3209 1599 συγκρίσει
3260 1524 3324 1578 τὸ
3380 1529 3628 1599 κρεῖττον
3681 1525 3824 1580 κατᾶ

2155 1613 2372 1669 πάντων
2407 1614 2846 1689 ἀποφερόμενον,
2881 1611 3026 1668 ἀλλὰ
3072 1619 3190 1678 καθ’
3223 1614 3505 1688 ὑπεροχὴν
3561 1613 3821 1690 ἀσύγκρι-

2154 1725 2245 1759 τον
2307 1704 2493 1768 οὐσίας
2549 1703 2639 1758 καὶ
2701 1700 2984 1777 δυνάμεως
3039 1703 3130 1758 καὶ
3181 1702 3454 1774 ἔξουσίας,
3483 1705 3821 1780 γεννήσαντα

2155 1793 2246 1849 καὶ
2276 1795 2582 1865 ποιήσαντα
2611 1793 2718 1866 πρὸ
2765 1793 2981 1848 πάντων
3040 1800 3312 1869 μονογενῆ
3375 1793 3504 1848 Θεὸν
3563 1793 3653 1848 τὸν
3716 1791 3820 1848 Κύ-

2161 1904 2274 1960 ριον
2308 1885 2469 1956 ἡμῶν
2501 1884 2712 1954 Ἰησοῦν
2749 1883 3006 1957 Χριστὸν,
3037 1879 3106 1938 δι’
3135 1883 3198 1938 οῦ
3247 1883 3312 1938 τά
3356 1883 3531 1938 πάντα
3579 1882 3821 1959 γέγονεν,

2147 1972 2330 2028 εἷ’κόνα
2384 1974 2472 2028 καὶ
2534 1972 2806 2050 σφραγῖδα
2859 1975 2959 2042 τῆς
3009 1969 3146 2036 ἰδίας
3193 1970 3471 2047 δυνάμεως
3501 1973 3594 2028 καὶ
3653 1971 3800 2048 ἐνερ-

2143 2063 2309 2138 γείας,
2338 2065 2479 2136 μήτε
2527 2067 2606 2135 τῷ
2655 2064 2973 2138 γεννήσαντι
3001 2062 3138 2118 κατὰ
3178 2063 3280 2130 τὴν
3335 2059 3520 2117 οὐσίαν
3582 2065 3801 2138 συγ-κρίο

2143 2153 2396 2226 νόμενον,
2432 2153 2571 2225 μήτε
2599 2156 2680 2224 τῷ
2712 2148 2780 2205 δι’
2813 2149 2977 2206 αὐτοῦ
3010 2150 3284 2227 γενομένῳ
3318 2149 3459 2227 ἁγίῳ
3503 2150 3797 2225 [Ινεόματι.

2066 2279 2112 2343 Β
2141 2245 2247 2296 Τοῦ
2283 2241 2376 2315 μὲν
2409 2240 2509 2317 γὰρ
2544 2239 2783 2296 ἐλάττων
2817 2239 2981 2310 ἐστὶν,
3016 2241 3091 2303 ὡς
3121 2238 3359 2314 ποίημα⁶
3392 2243 3489 2295 τοῦ
3520 2237 3578 2296 δὲ
3620 2239 3800 2316 κρείτ-

2141 2353 2269 2401 των,
2303 2331 2377 2393 ὡς
2435 2333 2697 2402 ποιητής.
2747 2333 2859 2388 Τοῦ
2903 2331 2997 2404 μὶν
3050 2328 3140 2385 οῦν
3200 2337 3534 2400 πεποιῆσθαι
3597 2331 3801 2404 μάρτυς

2144 2419 2458 2492 ἀξιόπιστος
2507 2421 2534 2474 ὁ
2563 2421 2689 2495 παρ’
2724 2419 2890 2475 αὐτοῦ
2931 2423 3027 2474 τοῦ
3079 2419 3279 2494 Κυρίου
3322 2419 3685 2495 μαρτυρηθεῖς
3741 2416 3800 2472 ἐκ

2145 2515 2283 2565 Θεοῦ
2307 2511 2406 2579 τήν
2437 2509 2638 2586 γνῶσιν
2689 2505 2834 2584 ἔχειν
2899 2509 3119 2585 Πέτρος,
3152 2508 3340 2564 εἶ’πώνσ
3375 2507 3664 2586 Ἀσφαλῶς
3711 2505 3801 2562 οὖν

2145 2597 2457 2675 γινωσκέτω
2487 2604 2594 2660 πᾶς
2625 2599 2777 2660 οἶκος
2823 2595 3069 2674 Ἰσραὴλ,
3105 2599 3189 2654 ὅτι
3242 2597 3443 2675 Κύριον
3498 2596 3657 2652 αὐτὸν
3707 2595 3797 2652 καὶ

2144 2689 2373 2764 Χριστὸν
2436 2689 2464 2742 ὁ
2524 2687 2652 2750 Θεὸς
2713 2686 2971 2759 ἐποίησεο
3006 2688 3095 2743 καὶ
3155 2688 3183 2742 ὁ
3241 2687 3301 2743 ἐκ
3351 2686 3649 2762 προσώπου
3699 2690 3797 2740 τοῦ

2148 2777 2349 2852 Κυρίου
2407 2776 2622 2852 λέγων·
2659 2775 2860 2853 Κύριος
2919 2773 3095 2832 ἕκτισέ
3149 2797 3216 2850 με
3267 2777 3445 2852 ἀρχὴν
3505 2773 3643 2830 ὁδῶν
3699 2773 3794 2830 αὖ·

2146 2871 2261 2922 τοῦ·
2295 2870 2392 2921 τοῦ
2440 2864 2497 2921 δὲ
2553 2867 2914 2936 πεποιηκέναι
2968 2867 3030 2922 τὸ
3086 2867 3306 2939 Πνεῦμα
3343 2865 3408 2920 τὸ
3439 2866 3587 2939 ἅγιον
3648 2861 3680 2918 6'
3731 2884 3790 2918 τε

2148 2957 2337 3024 εἰπὼν,
2370 2958 2464 3018 Εἷς
2523 2955 2673 3027 Θεὸς,
2708 2955 2759 3028 ἐξ
2819 2957 2879 3012 οὗ
2932 2955 2997 3010 τὰ
3053 2957 3246 3027 πάντα,
3302 2975 3393 3010 και
3445 2957 3521 3018 εἷς
3572 2953 3790 3030 Κύριος,

2147 3047 2358 3117 Ἰησοῦς
2405 3046 2658 3123 Χριστὸς,
2691 3043 2762 3101 δι’
2817 3046 2878 3101 οὗ
2933 3044 2999 3101 τὰ
3053 3045 3248 3115 πάντα,
3294 3043 3387 3100 καὶ
3440 3045 3468 3100 ὁ
3529 3042 3793 3119 μακάριος

2147 3134 2406 3206 Ἰωάννης
2479 3137 2655 3214 φήσας
2688 3157 2701 3171 ·
2763 3138 2946 3192 Πάντα
3012 3131 3081 3191 δι’
3141 3135 3308 3190 αὐτοῦ
3396 3132 3601 3210 ἒγένετο
3636 3174 3652 3202 ,
3705 3130 3797 3186 καὶ

2146 3223 2324 3302 χωρίς
2353 3224 2516 3281 αὐτοῦ
2555 3223 2766 3300 ἐγένετο
2799 3223 2926 3282 οὐδὲ
2976 3222 3054 3295 ἓν,
3097 3226 3184 3298 Ἐξ
3234 3224 3307 3278 ὧν
3357 3221 3661 3279 ἀκόλουθον
3712 3218 3796 3289 ἃν,

2147 3317 2182 3386 ἣ
2241 3316 2532 3392 ἀγέννητον
2587 3314 2785 3393 λέγειν,
2847 3314 2980 3390 ὅπερ
3024 3309 3213 3378 ἀσεϐές
3244 3333 3250 3341 ·
3283 3315 3318 3382 ἢ
3380 3310 3528 3386 ε’ίπερ
3587 3311 3798 3387 γέγονε,

2149 3403 2219 3460 δι’
2276 3403 2439 3460 αὐτοῦ
2490 3406 2792 3482 γεγονέναι.
2853 3404 3034 3461 Μόνον
3092 3404 3195 3478 γὰρ
3258 3402 3364 3458 ὑπὸ
3419 3406 3516 3457 τοῦ
3590 3401 3798 3474 Πατρὸς

383 3492 596 3562 omnia,
627 3498 678 3546 et
706 3507 854 3547 unus
884 3493 1182 3560 Dominus,
1229 3494 1381 3550 Iesus
1429 3494 1683 3550 Christus
1737 3510 1835 3566 per
1881 3510 2036 3565 quem

2150 3493 2532 3570 ὁμολογοῦμεν
2593 3493 2943 3569 γεγεννῆσθαι
3002 3491 3094 3546 τὸν
3156 3489 3304 3559 Υἱὸν,
3366 3487 3800 3563 ὑποτεταγμένον

382 3584 513 3636 sunt
541 3583 731 3637 omnia
758 3581 779 3616 ⁶
803 3600 818 3650 ;
853 3586 910 3637 et
939 3586 1181 3638 sanctus
1209 3585 1468 3639 Joannes
1495 3585 1590 3654 qui
1614 3584 1759 3640 dixit
1792 3601 1804 3639 :
1841 3583 2036 3639 Omnia

2151 3581 2310 3654 οὐσίᾳ
2364 3582 2455 3638 καὶ
2503 3583 2714 3658 γνώμῃ·
2752 3580 2843 3656 ζῇν
2893 3601 2953 3636 τε
2993 3579 3093 3656 γὰρ
3151 3575 3240 3633 διὰ
3283 3577 3376 3633 τὸν
3426 3576 3663 3653 Πατέρα,
3712 3575 3804 3631 καὶ

377 3685 484 3742 per
513 3669 694 3741 ipsum
721 3672 873 3741 facta
899 3675 1047 3742 sunt,
1078 3680 1133 3727 el
1160 3673 1278 3727 sine
1308 3672 1425 3744 ipso
1451 3651 1664 3744 factum
1693 3683 1774 3728 est
1801 3673 2036 3746 nequid-

2156 3651 2325 3746 μηδεν
2402 3651 2736 3749 ἀφ’έαυτοῦ
2791 3651 3016 3726 ’ποιεῖν’
3059 3651 3224 3730 αὐτὸς
3291 3651 3599 3742 ὁμολογεῖήο
3665 3668 3806 3740 μήτε

381 3775 557 3830 quam
585 3759 627 3814 ⁷.
657 3759 737 3814 Ex
766 3760 983 3831 quibus
1013 3761 1295 3834 consequi
1327 3777 1565 3818 necesse
1591 3766 1701 3833 est,
1723 3761 1810 3818 vel
1841 3761 2036 3834 ipsum

2154 3764 2262 3836 μὴν
2292 3761 2612 3836 ὁμοοόσιον,
2647 3757 2791 3833 μηδὲ
2823 3758 3160 3833 ὁμοιούσιον,
3193 3757 3412 3833 ἐπείπερ
3453 3757 3516 3811 τὸ
3568 3757 3662 3830 μὲν
3711 3756 3805 3831 γέ-

386 3848 720 3921 ingenitum
749 3850 964 3917 dicere,
998 3851 1150 3922 quod
1185 3851 1434 3922 impium
1463 3855 1591 3919 est;
1627 3851 1715 3907 vel
1747 3851 1795 3907 si
1847 3852 2036 3908 factus

2150 3873 2288 3907 νεσιν
2320 3851 2412 3908 καὶ
2445 3850 2711 3926 μερισμὸν
2747 3849 2998 3925 σημαίνει
3056 3854 3157 3919 τῆς
3214 3844 3426 3915 οὐσίας,
3457 3845 3520 3902 τὸ
3578 3842 3636 3900 δὲ
3686 3840 3806 3900 ἶσό-

384 3943 493 4009 est,
529 3940 684 4010 quod
710 3939 837 4011 ipse
867 3956 970 4012 per
1000 3939 1198 4012 ipsum
1221 3940 1410 3997 factus
1443 3940 1793 3997 sit.Tantum
1827 3941 1982 3998 enim
2006 3959 2040 3998 a
2146 3962 2300 4008 τητα.

385 4031 556 4085 Patre
581 4029 931 4085 confitemur
960 4030 1226 4102 genitum
1260 4047 1390 4087 esse
1417 4030 1651 4100 Filium,
1686 4031 2140 4089 subordinatum
2171 4033 2440 4090 essentia:
2472 4048 2576 4089 seu
2604 4030 2892 4088 voluntati
2926 4046 2940 4086 :
2976 4029 3130 4086 sicut
3180 4027 3306 4101 ipse
3356 4026 3541 4083 Filius
3592 4026 3807 4080 fatetur

386 4118 541 4189 quod
573 4122 816 4191 propter
844 4123 1072 4176 Patrem
1103 4119 1259 4176 vivat
1286 4120 1328 4189 ⁸,
1363 4136 1553 4193 neque
1573 4138 1606 4177 a
1638 4125 1826 4178 semet
1855 4122 2182 4195 quidquam
2216 4123 2394 4179 faciat
2419 4122 2459 4178 ο.
2495 4122 2694 4193 Neque
2732 4124 2931 4177 tamen
2971 4118 3226 4176 dicimus
3279 4117 3477 4190 ipsum
3537 4130 3806 4172 coessen-

385 4206 605 4278 tialem,
638 4225 830 4282 neque
860 4209 1075 4266 similis
1104 4209 1398 4283 essentia,
1429 4209 1724 4282 siquidem
1755 4209 1898 4268 illud
1932 4213 2373 4285 generationem
2403 4215 2461 4270 et
2485 4210 2994 4285 participationem
3026 4212 3194 4266 notat
3222 4206 3515 4280 essentia,
3564 4205 3674 4262 hoc
3702 4221 3810 4262 au-

387 4309 504 4354 tem
537 4299 806 4370 ejusdem
836 4299 1316 4373 exequationem.

466 4459 614 4514 702
637 4457 933 4530 27.Neque
952 4475 1090 4514 vero
1115 4458 1349 4532 genitus
1372 4462 1461 4515 est
1477 4462 1861 4532 Pater,neque
1883 4459 2036 4532 inge-

2224 4461 2313 4516 27.
2349 4457 2489 4517 Οὔτε
2522 4457 2581 4515 δὲ
2627 4461 2881 4534 γεννητὸς
2941 4459 2968 4515 ὁ
3017 4459 3230 4532 Πατὴρ,
3281 4451 3405 4511 οὔτε
3461 4452 3750 4530 ἀγέννητος
3783 4453 3812 4507 ὁ

395 4546 558 4602 nitus
585 4547 805 4617 Filius;
839 4549 939 4603 sed
971 4548 1026 4603 id
1060 4549 1214 4619 quod
1246 4552 1336 4604 est
1375 4548 1502 4605 sine
1535 4547 1652 4605 ullo
1701 4549 1836 4619 ﬁne,
1887 4549 2036 4605 idem

2156 4548 2302 4618 Υἱὸς,
2337 4547 2463 4605 ἀλλ’
2495 4549 2626 4626 ὅπερ
2659 4549 2800 4605 ἆστῖν
2860 4545 3259 4617 ἀτελευτήτως,
3286 4548 3447 4599 τοῦτο
3504 4543 3596 4598 καὶ
3654 4539 3815 4619 λεγό-

395 4636 574 4693 etiam
606 4636 801 4709 ipsum
833 4635 1028 4693 vocari
1061 4654 1194 4693 vere
1216 4638 1487 4709 fatemur,
1521 4643 1721 4710 utpote
1751 4638 2036 4712 genimen,

2162 4658 2317 4712 μενον
2371 4638 2597 4710 ἀληθῶς
2643 4640 2908 4714 γέννημα,
2940 4637 3064 4692 Υἱὸν
3119 4635 3388 4706 ὑπήκοον,
3426 4632 3702 4708 ὑπουργὸν
3758 4650 3819 4686 τε

393 4725 583 4782 ﬁlium
603 4727 1048 4800 obsequentem,
1074 4726 1392 4783 ninistrum
1417 4728 2036 4800 perfectissimum,qui

2159 4723 2476 4800 λειότατον,
2534 4727 2672 4804 πρὸς
2746 4733 2918 4782 πᾶσαν
2992 4721 3359 4800 δημιουργίαν
3447 4723 3536 4778 καὶ
3593 4721 3820 4797 γνώμην

397 4815 469 4871 ad
502 4833 734 4873 omnem
765 4817 1120 4873 creationem
1149 4815 1637 4888 voluntatemque
1686 4819 1876 4874 Patris
1909 4834 2036 4890 ope-

2157 4818 2428 4894 πατρικὴν
2483 4817 2922 4895 ὑπηρετήσαντα,
2979 4813 3118 4890 πρὸς
3172 4813 3272 4882 τὴν
3327 4816 3436 4868 τῶν
3495 4806 3666 4867 ὄντων
3721 4807 3818 4864 σό-

395 4923 522 4962 ram
572 4923 741 4964 suam
790 4905 1080 4978 praestitit,
1129 4907 1409 4962 nimirum
1447 4907 1517 4962 ad
1542 4907 1804 4964 omnium
1853 4924 2036 4963 rerum

2160 4926 2341 4961 στασιν
2403 4907 2493 4962 καὶ
2552 4905 2841 4981 διαμονὴν,
2898 4905 3036 4980 πρὸς
3093 4901 3417 4977 νομοθεσίαν
3488 4900 3817 4977 ἀνθρώπων,

399 5012 525 5068 quae
539 5001 680 5052 sunt
696 4995 1177 5068 compositionem
1190 4996 1282 5064 ,ad
1298 4995 1877 5066 distributionem,ad
1893 4997 2036 5070 leges

2158 4995 2296 5070 πρὸς
2325 4995 2666 5070 οἷκονομίαν,
2699 4995 2788 5050 καὶ
2832 4998 3005 5050 πᾶσαν
3056 4992 3338 5068 πρόνοιανο
3374 4991 3616 5067 ὑπηρέτῃ
3671 4989 3825 5065 χρώ-

398 5085 738 5142 hominibus
762 5085 1130 5156 ferendas,ad
1157 5079 1541 5141 oeconomiam
1576 5090 1632 5141 et
1662 5103 1896 5142 omnem
1922 5103 2036 5160 pro-

2167 5106 2328 5159 μενον
2380 5091 2460 5160 τῷ
2519 5085 2867 5178 Ηαρακλᾼήτῳ
2919 5083 3058 5162 πρὸς
3110 5081 3406 5159 ἁγιασμὸν,
3444 5079 3601 5178 ’πρὸς
3661 5076 3823 5178 διδα-

399 5175 716 5232 videntiam
735 5175 1030 5232 :ministro
1049 5177 1308 5230 utentem
1325 5174 1620 5231 Paracleto
1635 5176 1706 5230 ad
1721 5176 2036 5232 sanctiﬁca'

2163 5175 2414 5250 σκαλίαν,
2466 5176 2601 5252 πρὸς
2663 5169 2956 5252 βεϐαίωσιν
3015 5175 3123 5227 τῶν
3181 5174 3408 5226 πιστῶν·
3440 5168 3524 5225 ἐπ’
3571 5167 3820 5245 ἐσχάτων

397 5264 718 5338 tionem,ad
751 5264 1179 5337 doctrinam,ad
1213 5263 1722 5322 conﬁrmationem
1755 5265 2016 5322 ﬁdelium

2164 5265 2393 5342 ἡμερῶν
2445 5266 2768 5344 γεννηθέντα
2821 5264 2882 5320 ἐκ
2936 5268 3039 5333 τῆς
3085 5259 3238 5335 ἁγίας
3297 5259 3594 5336 Παρθένου,
3624 5257 3824 5332 νόμοις

461 5597 485 5632 ³
515 5594 722 5668 Matth.
753 5613 869 5666 1m,
902 5599 990 5655 17.
1066 5599 1088 5633 ⁴
1114 5599 1240 5655 Act.
1267 5614 1330 5668 ιι,
1360 5596 1451 5654 36.

395 5683 432 5723 v
461 5594 722 5723 aigiatth.
753 5613 869 5666 1m,
902 5599 990 5655 17.
1066 5599 1088 5633 ⁴
1114 5599 1240 5655 Act.
1267 5614 1330 5668 ιι,
1360 5596 1451 5654 36.
1526 5597 1548 5632 ⁸
1580 5597 1748 5656 Prov.
1779 5615 1904 5668 νιιι,
1928 5599 2021 5656 22.

2150 5599 2327 5658 IGor.
2359 5615 2484 5670 vm,
2513 5600 2570 5658 7.
2651 5600 2671 5635 "
2700 5599 2870 5658 Joan.
2905 5613 2947 5671 ι,
2979 5598 3033 5656 3.
3109 5596 3132 5634 ⁸
3159 5596 3412 5667 Joanm,
3439 5594 3535 5652 58.
3611 5593 3822 5652 ’Joan.
