4124 6410
359 385 477 446 865

1420 379 1756 441 EUNOMII
1802 379 2036 440 LIBER
2078 381 2698 444 APOLOGE'I‘ICUS.

3666 385 3787 449 866

358 517 724 592 ἀνθρωπίνοις
799 513 1232 587 πολιτευάμενον
1306 509 1471 575 ὁσίως
1505 555 1519 582 ,
1596 509 2016 588 σταυρωθέντα,

2137 514 2398 584 genitum
2435 515 2495 570 in
2529 516 2733 571 diebus
2751 515 2976 571 ultimis
2998 531 3066 572 ex
3086 520 3291 572 sancta
3317 517 3790 591 Virgine,sancte

361 607 722 677 ἀποθανόντα,
782 603 1077 661 ἀναστάντα
1123 605 1190 676 τῇ
1238 601 1398 678 τρίτῃ
1437 606 1545 657 τῶν
1577 604 1824 676 ἡμερῶν,
1859 597 2018 654 ἀνελ-

361 698 522 753 θόντα
575 697 653 761 εἴς
709 695 957 772 οὐρανὸν,
992 692 1292 769 ἐρχόμενον
1322 697 1497 767 κρῖναι
1536 697 1741 761 ζῶντας
1791 689 1882 744 καὶ
1929 709 2021 742 νε-

361 786 526 865 κροὺς
555 785 692 841 κατά
744 782 953 840 δικαίαν
1007 779 1365 837 ἀνταπόδοσιν
1415 781 1648 842 πίστεώς
1677 800 1736 834 τε
1780 779 1869 834 καὶ
1926 772 2020 853 ἕρ-

363 898 500 954 γων,
531 873 889 952 βασιλεύοντά
930 892 988 927 τε
1035 871 1113 933 είς
1161 870 1289 934 τοὺς
1337 868 1559 942 αἰῶνας,
1610 868 1922 941 σωζομένης
1966 865 2018 920 ἐν

365 968 528 1022 ἅπασι
581 967 813 1019 πάντοτε
862 964 962 1026 τῆς
1027 961 1310 1035 ὑπεροχῆς
1356 963 1454 1014 τοῦ
1504 959 1637 1014 Θεοῦ
1680 957 1771 1012 καὶ
1821 975 2018 1032 μοναρ-

363 1055 516 1132 χίας,
553 1052 999 1127 ὑποτεταγμένου
1033 1047 1249 1120 δηλαδὴ
1279 1052 1376 1103 τοῦ
1405 1046 1718 1120 Πνεύματος
1746 1049 1842 1101 τοῦ
1861 1044 2018 1120 ἁγίου

363 1149 443 1217 τῷ
474 1147 695 1219 Χριστῷ
745 1141 880 1215 μετά
929 1139 1169 1211 πάντων,
1217 1137 1380 1194 αὑτοῦ
1435 1135 1493 1192 δέ
1518 1141 1616 1192 τοῦ
1663 1137 1792 1191 Υἱοῢ
1821 1135 2019 1206 καὶτῷ

366 1238 482 1306 Θεῷ
509 1232 599 1288 καὶ
633 1230 830 1308 Πατρὶ,
880 1228 1019 1284 κατά
1060 1229 1162 1297 τὴν
1209 1231 1306 1282 τοῦ
1357 1225 1630 1301 μακαρίου
1680 1223 1901 1280 Παύλου
1934 1221 2020 1278 δι-

367 1319 685 1389 δασκαλίαν,
741 1320 799 1382 ὃς
854 1333 1037 1397 φησιν·
1098 1319 1265 1376 Ὅταν
1319 1316 1420 1392 γὰρ
1478 1317 1724 1391 ὑποταγῇ
1761 1313 1907 1385 αύτῷ
1953 1312 2021 1367 τὰ

364 1412 556 1479 πάντα,
631 1408 756 1465 τότε
828 1407 920 1463 καὶ
987 1405 1150 1468 αὐτὸς
1201 1406 1230 1460 6
1286 1406 1410 1468 Υἱὸς
1494 1406 1888 1480 ὑποταγήσεται
1939 1405 2020 1473 τῷ

367 1499 692 1570 ὑποτάξαντι
776 1495 924 1569 αύτῷ
991 1499 1060 1552 τά
1126 1496 1322 1564 πάντα,
1394 1491 1487 1548 τίνα
1551 1493 1587 1568 ᾗ
1659 1493 1688 1547 6
1746 1492 1876 1554 Θεὸς
1951 1491 2021 1546 τά

365 1588 541 1644 πάντα
593 1589 644 1644 ὲν
707 1591 857 1643 πᾶσι.
933 1583 1148 1640 Τούτων
1211 1581 1268 1638 δὲ
1325 1581 1539 1638 πάντων
1605 1580 1864 1656 εύκρινῶς
1922 1579 2015 1653 μὶν

367 1682 454 1736 καὶ
514 1679 847 1754 πλατύτερον
910 1677 960 1732 έν
1023 1674 1228 1751 ἑτέροις
1282 1677 1397 1747 (44)
1445 1676 1583 1747 ἡμῖν
1622 1668 2018 1747 ἀπαδεδειγμέ-

365 1791 496 1839 νων,
556 1766 608 1824 ἐν
669 1769 869 1844 βραχεῖ
907 1763 965 1820 δὶ
1015 1769 1103 1820 νῦν
1156 1764 1292 1840 πρὸς
1345 1765 1483 1836 ὑμᾶς
1540 1759 2014 1838 ὡμολογημένων,

2129 601 2225 656 hic
2255 607 2553 658 versatum
2570 605 2742 675 juxta.
2763 604 2922 676 leges
2935 604 3792 674 humanas,cruciﬁxum,mor-

2127 697 2320 762 tuum,
2353 691 2676 747 redivivum
2706 695 2877 749 tertia
2918 695 3036 760 die,
3089 711 3387 751 reversum
3436 697 3496 752 in
3548 697 3785 770 crelum,

2121 781 2489 853 jamjamque
2523 786 2833 838 venturum
2865 783 3136 854 judicare
3184 784 3342 840 vivos
3392 790 3448 841 et
3497 793 3783 856 mortuos,

2120 870 2286 938 justa
2317 869 2703 924 retributione
2731 871 2866 926 ﬁdei
2899 877 2955 927 et
2977 889 3218 943 operum
3253 875 3786 947 facta,regnantem

2129 959 2188 1013 in
2220 957 2472 1027 saecula;
2507 963 2664 1015 sarta
2693 964 2848 1014 tecta
2891 967 3119 1017 servata
3151 965 3343 1019 ubivis
3392 965 3450 1018 in
3503 966 3785 1023 omnibus

2132 1047 2576 1117 praeminentia
2613 1048 2708 1103 Dei
2739 1053 2796 1102 et
2818 1051 3160 1105 monarchia
3192 1069 3204 1106 :
3239 1053 3473 1108 subdito
3516 1054 3794 1112 videlicet

2117 1140 2330 1212 sancto
2364 1136 2578 1207 Spiritu
2604 1153 2738 1192 cum
2771 1139 3046 1193 omnibus
3075 1139 3186 1209 ipsi
3215 1142 3468 1211 Christo;
3501 1143 3627 1214 ipso
3648 1161 3786 1200 vero

2129 1224 2294 1290 Filio,
2326 1225 2442 1280 Deo
2476 1243 2541 1281 ac
2574 1226 2756 1292 Patri,
2789 1227 2952 1296 juxta
2981 1227 3136 1282 beati
3169 1230 3416 1301 apostoli
3447 1232 3612 1288 Pauli
3671 1234 3780 1288 do-

2127 1314 2403 1384 ctrinam,
2436 1315 2538 1385 qui
2568 1315 2711 1370 dicit
2746 1332 2759 1370 :
2792 1317 3087 1388 Postquam
3115 1320 3265 1373 enim
3294 1322 3405 1390 ipsi
3436 1323 3627 1377 omnia
3657 1324 3786 1377 sub-

2127 1403 2243 1458 dita
2269 1405 2508 1474 fuerint,
2535 1408 2666 1458 tunc
2691 1404 2860 1459 etiam
2891 1407 3005 1476 ipse
3035 1408 3211 1461 Filius
3257 1409 3519 1464 subdatur
3565 1412 3638 1478 ei,
3681 1412 3783 1483 qui

2125 1493 2234 1563 ipsi
2258 1494 2418 1562 prius
2450 1495 2643 1548 omnia
2667 1493 3003 1562 subdidit,ut
3030 1497 3172 1552 Deus
3201 1498 3270 1552 sit
3298 1500 3484 1554 omnia
3513 1501 3572 1555 in
3593 1503 3778 1556 omni-

2131 1583 2226 1636 bus
2258 1582 2321 1635 1°.
2356 1582 2499 1636 Cum
2532 1587 2730 1637 autem
2781 1583 3056 1639 universa
3087 1584 3208 1639 haec
3257 1585 3504 1657 liquido,
3555 1590 3770 1661 magis~

2127 1687 2241 1742 que
2273 1669 2494 1742 prolixe
2523 1670 2662 1726 alibi
2703 1688 2736 1726 a
2783 1672 2952 1727 nobis
2999 1673 3424 1744 demonstrata,
3467 1677 3593 1746 jam
3642 1695 3777 1734 vero

2126 1759 2185 1815 in
2220 1762 2449 1816 brevem
2479 1761 2548 1816 ad
2571 1777 2672 1815 vos
2697 1761 3126 1818 confessionem
3151 1763 3269 1818 sint
3297 1769 3593 1822 contracta
3621 1785 3780 1838 ;pre-

367 1859 645 1935 εὐχόμεθα
698 1855 827 1919 τούς
878 1876 937 1912 τε
965 1853 1233 1930 παρόντας
1294 1853 1433 1924 ὑμᾶς
1487 1851 1577 1906 καὶ
1634 1852 1837 1911 πάντας
1888 1849 2017 1911 τοὺς

2132 1865 2338 1903 camur
2365 1854 2491 1904 tum
2526 1853 2590 1904 ut
2618 1866 2722 1906 vos
2753 1850 2856 1921 qui
2879 1852 3005 1922 jam
3038 1851 3134 1907 hic
3165 1853 3407 1921 adestis,
3441 1859 3570 1910 tum
3602 1857 3779 1912 etiam

369 1952 477 2003 τῶν
512 1945 686 2001 αὐτῶν
737 1946 872 2017 ἡμῖν
920 1942 1235 2017 μυστηρίων
1282 1943 1692 2007 κοινωνοῦντας,
1743 1940 1818 2011 μὴ
1852 1937 2023 2014 ψόγον

370 2033 670 2108 ἀνθρώπων
729 2029 1041 2092 δεδοικότας
1077 2071 1091 2099 ,
1154 2030 1293 2102 μήτε
1350 2026 1676 2106 σοφίσμασιν
1736 2025 2026 2099 ἀπατωμέ-

369 2144 518 2193 νους,
577 2123 613 2192 ἢ
669 2119 982 2183 κολακείαις
1047 2115 1449 2194 ὑπαγομένους,
1503 2116 1640 2171 κατά
1694 2117 1793 2185 τὴν
1837 2113 2018 2186 ἀληθῆ

369 2213 460 2268 καὶ
520 2209 731 2267 δικαίαν
784 2209 960 2286 κρίσιν
1033 2205 1458 2283 έπιψηφίσασθαι
1513 2210 1631 2268 τοῖς
1685 2204 2019 2282 εἰρημένοις,

366 2299 671 2377 κρατούσης
721 2296 938 2368 δηλαδή
970 2297 1117 2373 παρά
1162 2301 1292 2350 πᾶσι
1333 2301 1434 2364 τῆς
1471 2293 1752 2370 βελτίονος
1807 2293 2020 2371 μοίρας,

366 2391 458 2447 τόν
510 2410 569 2444 τε
617 2387 884 2464 λογισμὸν
934 2390 1042 2442 τῶν
1095 2383 1472 2460 ένοχλούντων
1522 2383 2020 2458 προστησαμένους,

368 2481 542 2535 πάντα
588 2479 832 2553 θήρατρα
877 2477 970 2531 κα²ί
1023 2471 1212 2531 δίκτυα
1261 2471 1560 2552 διαφυγεῖν,
1595 2472 1628 2527 ἃ
1654 2477 1734 2546 τῷ
1777 2467 2023 2545 διαϐόλῳ

367 2570 484 2625 κατ’
543 2567 840 2642 ἀνθρώπων
906 2565 1341 2641 μεμηχάνηται,
1399 2560 1648 2626 πολλοὺς
1702 2566 1931 2640 φυγεῖν,
1985 2559 2021 2631 ἢ

371 2656 642 2728 δελεάζειν
696 2653 1116 2730 μεμελετηκότι,
1160 2653 1286 2714 τοὺς
1339 2653 1416 2725 μή
1469 2651 1576 2727 πρὸ
1617 2655 1722 2707 τῶν
1753 2649 1928 2721 ἡδέων
1960 2651 2024 2706 τὸ

370 2745 642 2826 συμφέρον
701 2744 1078 2821 αἱρουμένους,
1138 2741 1174 2811 ἢ
1231 2742 1299 2797 τὰ
1342 2741 1586 2817 παρόντα
1628 2745 1736 2795 τῶν
1784 2738 2022 2814 μελλόν-

368 2858 478 2892 των
509 2834 882 2915 ἀσφαλέστερα
936 2832 1354 2909 λογιζομένους·
1398 2830 1443 2886 εί
1494 2827 1539 2885 δ’
1589 2827 1691 2905 ἄρα
1740 2829 1828 2885 καὶ
1877 2831 2025 2906 παρά

372 2947 484 2983 τισι
516 2926 725 2996 νικήσει
770 2925 837 2979 τὰ
884 2921 1056 2999 χείρω
1086 2920 1442 2998 (ἀποστρέψαι
1493 2917 1550 2974 δέ
1580 2920 1607 2975 6
1639 2919 1768 2981 Θεὸς
1797 2922 1892 2973 τοῦ
1925 2916 2022 2973 λό-

375 3036 476 3092 γου
529 3016 627 3083 τὴν
675 3015 912 3089 πεῖραν),
962 3010 1097 3087 πρὸς
1153 3011 1246 3084 μὶν
1295 3009 1359 3064 τὸ
1389 3006 1586 3082 ψεῦδος
1640 3012 1746 3062 τῶν
1792 3005 2022 3063 πολλῶν

377 3104 785 3178 συμπνεόντων,
841 3099 977 3174 πρὸς
1038 3096 1096 3153 δὶ
1162 3099 1262 3166 τὴν
1321 3098 1583 3167 ἀλήθειαν
1638 3093 2020 3167 διισταμένων,

372 3199 480 3250 τῶν
511 3213 570 3248 τε
600 3189 934 3267 ἀρεσκόντων
985 3191 1067 3260 τῷ
1124 3191 1240 3258 Θεῷ
1295 3187 1382 3240 καὶ
1442 3189 1602 3259 κοινῇ
1635 3184 2018 3263 συμφερόντων

370 3247 470 3352 τήν
517 3247 650 3354 πρὸς
704 3278 768 3333 τὸ
814 3276 984 3353 παρὸν
1033 3247 1329 3353 ἀσφάλειαν
1371 3275 1460 3328 καὶ
1494 3247 1648 3344 δόξαν
1682 3247 2021 3348 περὶ-πλείο-
2051 3247 2093 3314 C

371 3391 462 3433 νος
521 3365 901 3440 ποιουμένωνο
955 3366 1083 3428 τοὺς
1136 3368 1265 3441 γοῦν
1323 3363 1624 3436 ἑπομένους
1656 3409 1671 3435 ,
1726 3360 2021 3418 ἀσάλευτον

373 3461 459 3516 καὶ
511 3457 706 3534 παγίαν
759 3455 1080 3533 διαφυλάξαι
1129 3458 1208 3525 τῷ
1253 3449 1790 3526 παραδεδωκότιτὴν
1819 3452 2021 3525 πίστιν,

374 3547 761 3625 περιμένοντας
789 3545 851 3600 τὸ
897 3548 994 3600 τοῦ
1051 3549 1306 3616 Σωτῆρος
1348 3543 1510 3614 ἡμῶν
1556 3543 1792 3617 Χριστοῦ
1830 3543 2021 3617 κριτή-

375 3659 514 3716 ριον,
559 3637 620 3692 οὗ
660 3640 831 3713 τῦφος
883 3635 977 3707 μὲν
1029 3631 1121 3687 καὶ
1171 3629 1298 3703 δόξα
1346 3629 1436 3686 καὶ
1467 3627 1663 3705 ψεῦδος
1713 3630 2021 3707 προρῥίζως

365 3727 679 3806 ἠφάνισται,
732 3722 935 3799 γυμνοὶ
985 3720 1044 3776 δὲ
1089 3720 1267 3791 πάσης
1311 3721 1512 3796 ἀρχῆς,
1563 3719 1598 3789 ἢ
1652 3720 1934 3795 θεραπείας
1985 3720 2019 3790 ἢ

364 3812 653 3874 κολακείας
695 3812 746 3866 οἱ
785 3811 1124 3885 κρινόμενοι,
1175 3809 1510 3885 πολυχειρία
1559 3806 1617 3864 δὲ
1659 3808 1748 3864 καὶ
1779 3808 2018 3873 πλοῦτος

365 3903 593 3971 ἀσθενὴς
642 3897 780 3977 πρὸς
826 3895 1170 3969 δυσώπησιν,
1218 3895 1313 3952 κᾶν
1449 3896 1574 3952 λίαν
1623 3899 1770 3970 παρὰ
1813 3898 2020 3972 ἀνθρώ-

360 4014 487 4056 ποις
540 3987 858 4063 εύδόκιμος.
908 3985 1150 4062 Ἀνδρῶν
1201 3985 1305 4061 γάρ
1354 3982 1584 4055 ἐνδόξων
1634 3985 1850 4056 πλῆθος
1905 3985 2020 4052 ένὸς

362 4084 596 4151 πένητος
645 4072 898 4139 εύσεϐοὖς
951 4075 1049 4132 οὐκ
1087 4075 1333 4148 ἀντάξιον
1383 4074 1459 4136 εἰς
1509 4073 1832 4151 παραίτησιν
1891 4079 2016 4152 παρ’

359 4170 597 4242 ἀληθείᾳ
655 4164 1073 4240 δοκιμαζούσῃ,
1128 4163 1640 4242 συναγωνιζομένης
1712 4165 1805 4238 μὶν
1868 4165 2018 4220 εὐσε-

362 4256 512 4323 ϐείας
549 4257 686 4314 κατὰ
733 4255 943 4311 δικαίαν
994 4248 1238 4328 ἀμοιϐὴν
1289 4257 1396 4308 τῶν
1446 4257 1538 4308 νῦν
1591 4250 1661 4308 δι’
1710 4251 1876 4324 αὐτὴν
1926 4255 2017 4309 καὶ

359 4350 422 4406 τὸ
453 4351 628 4403 θανεῖν
661 4342 852 4421 κέρδος
893 4345 1241 4420 ἡγουμένων,
1293 4339 1649 4405 ἀποδιδόντος
1699 4339 1757 4397 δὲ
1794 4343 1861 4398 τὰ
1906 4348 2014 4398 τῶν

358 4439 579 4514 ἀγώνων
636 4434 776 4500 ἆθλα
808 4439 904 4489 τοῦ
954 4432 1124 4488 πάλαι
1175 4432 1264 4488 καὶ
1293 4437 1384 4487 νῦν
1435 4430 1853 4496 ἀθλοθετοῦντος
1885 4436 2015 4510 Χρι-

358 4531 508 4597 στοῦ,
542 4529 656 4588 τοῖς
689 4524 782 4598 μὶν
817 4523 948 4598 ὑπὲρ
1001 4519 1261 4592 ἀληθείας
1320 4523 1589 4592 πονήσασι
1615 4521 1714 4590 τὴν
1747 4519 2012 4592 ἀληθινὴν

2133 1942 2197 1991 ut
2226 1953 2430 1993 omnes
2461 1937 2559 1993 alii
2591 1938 2692 2010 qui
2724 1939 2845 1994 haec
2869 1941 3150 2011 mysteria
3181 1943 3492 1998 nobiscum
3525 1960 3784 2001 commuo

2133 2025 2230 2082 nia
2249 2026 2690 2092 babent,nullas
2710 2027 3020 2084 hominum
3043 2030 3501 2102 vituperationes
3527 2035 3781 2103 reveriti,

2133 2115 2386 2172 nullisve
2415 2117 2662 2188 argutiis
2691 2118 2920 2190 decepti
2949 2118 3037 2174 vel
3088 2119 3529 2177 adulationibus
3579 2122 3779 2194 illecti,

2134 2219 2201 2260 ea
2231 2221 2356 2276 quas
2380 2205 2505 2276 jam
2536 2204 2691 2261 dicta
2719 2211 2862 2261 sunt
2890 2223 3025 2263 vero
3052 2211 3110 2264 et
3131 2209 3298 2279 justo
3329 2211 3780 2283 approbetisju-

2133 2292 2303 2360 dicio,
2337 2294 2491 2370 apud
2524 2311 2728 2351 omnes
2759 2295 2982 2366 potiore
3021 2297 3302 2352 nimirum
3352 2303 3514 2370 parte
3563 2318 3780 2372 praeva-

2132 2381 2306 2451 lente,
2342 2387 2523 2454 utque
2555 2384 2779 2440 ratione
2822 2385 3320 2442 tumultuantibus
3370 2386 3628 2459 praelata,
3656 2406 3775 2444 om-

2135 2487 2237 2526 nes
2266 2470 2475 2543 laqueo
2506 2472 2770 2544 retiaque
2800 2478 3012 2528 cuncta
3039 2475 3287 2546 evitetis,
3322 2493 3448 2548 quae
3481 2494 3514 2532 a
3546 2477 3780 2534 diabolo

2133 2560 2473 2615 hominibus
2503 2564 2824 2617 tenduntur
2844 2579 2911 2618 eo
2944 2563 3235 2634 animo,ut
3255 2565 3342 2620 vel
3363 2566 3532 2621 multi
3555 2567 3786 2640 fugiant

2133 2649 2460 2720 veritatem,
2489 2650 2575 2706 vel
2607 2651 2783 2706 etiam
2817 2656 2882 2707 ut
2931 2668 3045 2708 non
3098 2671 3316 2724 paucos
3365 2655 3491 2726 ipse
3539 2655 3783 2728 inescet,

2132 2756 2230 2794 eos
2258 2739 2546 2809 videlicet,
2581 2741 2682 2811 qui
2713 2757 2828 2796 non
2881 2742 3193 2814 praferunt
3243 2745 3517 2800 suavitati
3557 2745 3784 2801 utilita-

2132 2832 2273 2894 tem,
2320 2829 2489 2899 quive
2557 2831 2868 2900 prsesentia
2920 2831 3133 2886 futuris
3193 2833 3442 2890 certiora
3483 2833 3780 2904 judicant.

2131 2921 2280 2972 Sane
2304 2934 2434 2972 vero
2462 2917 2512 2972 si
2541 2917 2870 2990 contigerit,
2905 2923 2969 2974 ut
2997 2919 3078 2974 ita
3121 2921 3296 2976 etiam
3346 2922 3499 2992 apud
3552 2922 3785 2994 aliquos

2135 3005 2337 3075 pejora
2366 3005 2715 3075 praevaleant
2744 3007 2988 3077 (avertat
3034 3013 3231 3064 autem
3283 3009 3436 3064 Deus
3488 3011 3782 3067 sermonis

2132 3091 2311 3163 hujus
2343 3097 2639 3163 conatum,
2674 3111 2745 3149 ne
2784 3094 3010 3150 scilicet
3049 3095 3166 3151 tale
3214 3097 3376 3168 quid,
3431 3099 3588 3168 quod
3640 3099 3783 3171 dixi,

2130 3181 2429 3253 tentetur),
2463 3197 2595 3236 cum
2631 3181 2799 3238 multi
2829 3183 3056 3239 soleant
3085 3186 3420 3258 conspirare
3451 3187 3510 3242 in
3543 3189 3786 3243 menda-

2134 3269 2241 3337 cio,
2292 3269 2579 3325 dissidere
2620 3275 2813 3328 autem
2856 3271 2914 3328 in
2963 3275 3250 3329 veritate:
3287 3291 3541 3347 cumque
3593 3276 3782 3348 pluris

2135 3359 2352 3415 faciant
2383 3365 2725 3432 praesentem
2745 3362 3139 3418 conditionem
3165 3364 3422 3435 periculo
3456 3369 3778 3437 carentem,

2134 3454 2190 3504 et
2218 3449 2557 3505 saeularem
2591 3450 2849 3522 quietem
2881 3468 2946 3506 ac
2998 3452 3265 3524 gloriam.
3321 3470 3498 3524 quam
3550 3471 3618 3510 ea
3649 3472 3778 3527 qum

2132 3537 2246 3594 Deo
2273 3537 2525 3611 placent,
2558 3542 2614 3594 et
2641 3538 2885 3610 publicae
2931 3539 3262 3596 inserviunt
3293 3541 3533 3598 utilitati
3567 3559 3580 3599 :
3614 3548 3779 3616 opta-

2132 3644 2265 3683 mus
2297 3628 2506 3684 saltem
2540 3631 2602 3683 ut
2631 3627 2854 3684 scilicet
2882 3628 2944 3696 ii,
2995 3630 3092 3700 qui
3145 3636 3376 3686 nosmet
3423 3633 3698 3689 docentes
3728 3637 3786 3690 et

2133 3726 2434 3773 monentes
2493 3721 2842 3790 sequuntur,
2874 3719 3182 3775 immotam
3215 3725 3272 3776 et
3303 3723 3573 3779 stabilem
3605 3725 3789 3796 ei,qui

2130 3808 2292 3862 dedit
2321 3807 2852 3875 illam,conservent
2873 3808 3048 3863 fidem
3073 3829 3086 3878 ;
3116 3810 3425 3882 utquelaeti
3449 3817 3787 3885 exspectent

2130 3897 2453 3952 Servatoris
2485 3896 2669 3952 nostri
2699 3898 2839 3953 Jesu
2870 3897 3082 3954 Christi
3127 3900 3444 3970 judicium,
3498 3902 3596 3957 ubi
3642 3919 3784 3958 sane

2129 3986 2340 4056 fastus,
2370 3985 2557 4058 gloria
2585 3990 2642 4041 et
2671 3987 3042 4043 mendacium
3089 3989 3372 4046 radicitus
3407 3994 3546 4046 sunt
3572 3991 3783 4047 exstir-

2128 4077 2288 4145 pata,
2317 4075 2536 4146 quique
2568 4074 2653 4129 illi
2678 4075 2903 4146 judicio
2952 4077 3268 4146 sistuntur,
3321 4079 3587 4136 destituti
3639 4084 3782 4136 sunt

2128 4163 2287 4217 omni
2322 4162 2569 4235 imperio
2599 4164 2687 4219 vel
2718 4165 3092 4221 veneratione
3122 4166 3213 4221 vel
3244 4166 3601 4224 adulatione.
3626 4173 3777 4224 Pras-

2129 4251 2279 4307 sidia
2309 4257 2504 4307 autem
2538 4251 2735 4325 ampla
2764 4257 2821 4308 et
2849 4252 3064 4309 divitias
3115 4255 3480 4328 exporrigere
3528 4256 3782 4329 alicujus

2129 4341 2375 4397 frontem
2410 4341 2491 4396 ibi
2526 4359 2638 4398 non
2664 4341 2962 4410 valebunt,
2999 4342 3129 4398 licet
3162 4345 3316 4415 apud
3350 4345 3621 4402 homines
3650 4363 3778 4401 ma—

2126 4446 2252 4502 gnas
2284 4431 2446 4502 prius
2476 4430 2928 4487 existimationis
2961 4431 3196 4488 fuerint.
3250 4433 3570 4490 Hominum
3620 4435 3781 4493 enim

2127 4519 2418 4575 clarorum
2471 4518 2784 4575 multitudo
2836 4536 2948 4574 non
2989 4519 3070 4575 ibi
3123 4521 3315 4593 potior
3361 4523 3472 4579 erit
3518 4541 3635 4580 uno
3685 4525 3780 4596 pio

361 4611 666 4691 ἐλευθερίαν
711 4611 802 4667 καὶ
854 4609 1130 4688 βασιλείαν
1184 4607 1449 4686 οὐρανῶν,
1481 4615 1600 4673 τοῖς
1633 4606 1690 4665 δέ
1731 4607 1819 4665 διὰ
1849 4611 2018 4666 κακό-

2133 4627 2405 4682 paupere,
2439 4614 2503 4664 ut
2533 4614 2839 4681 propterea
2869 4609 3132 4666 veritatis
3165 4615 3289 4668 tum
3317 4614 3516 4669 omnia
3536 4629 3781 4670 censen-

361 4725 512 4760 νοιαν
567 4701 768 4772 ταύτην
847 4701 1140 4773 ἀτιμάσασι
1212 4698 1487 4774 τιμωρίας
1560 4700 1963 4775 ἀπαραιτήτους
1997 4745 2009 4757 .

359 4793 520 4851 Ταῦτ’
575 4791 811 4866 εἰρήσθω
863 4789 956 4863 μὶν
1011 4789 1294 4866 ἀμφότερα
1337 4789 1473 4863 πρὸς
1519 4787 1680 4860 ὐμάς⁸
1730 4784 1920 4861 ἐκϐαίη
1957 4787 2016 4846 δὲ

357 4880 494 4956 πρὸς
524 4881 624 4950 τήν
661 4876 867 4954 βνλτίω
903 4882 1098 4953 μοῖραν
1129 4878 1191 4932 τὸ
1222 4876 1402 4946 τέλος,

2130 4699 2206 4755 tis
2240 4699 2429 4771 possit
2461 4699 2703 4754 evadere
2747 4715 3056 4755 censuram
3094 4717 3106 4755 :
3155 4701 3447 4774 siquidem
3484 4703 3564 4758 ibi
3594 4705 3783 4776 pietas

2124 4806 2244 4844 una
2276 4779 2580 4861 pugnabit,
2613 4792 2788 4860 prout
2814 4788 2977 4858 justa
2999 4791 3305 4847 retributio
3337 4809 3538 4848 eorum
3573 4793 3784 4865 poscit,

2124 4880 2224 4952 qui
2258 4895 2414 4934 nunc
2447 4875 2534 4933 vel
2570 4875 2718 4933 mori
2769 4882 3008 4949 propter
3037 4895 3164 4934 eam
3218 4880 3448 4936 lucrum
3491 4882 3781 4951 judicent,

353 4973 622 5029 Christus
651 4985 804 5036 vero,
838 4968 939 5040 qui
970 4967 1109 5025 olim
1143 4975 1198 5024 et
1227 4968 1552 5025 etiamnum
1586 4968 1822 5039 praemia
1851 4969 2276 5026 certaminibus
2317 4967 2516 5023 debita
2547 4983 2722 5039 penes
2756 4984 2818 5022 se
2849 4967 3024 5024 habet
3053 4973 3110 5024 et
3142 4969 3463 5038 distribuit,
3491 4970 3776 5042 largietur

352 5061 470 5117 illis
501 5064 678 5128 certe,
701 5058 800 5130 qui
825 5056 1056 5114 veritati
1078 5057 1498 5130 patrocinando
1530 5057 1962 5127 laboraverunt,
1993 5073 2190 5117 veram
2220 5057 2552 5113 libertatem
2587 5060 2642 5112 et
2671 5072 2917 5130 regnum
2950 5057 3228 5114 ccelorum
3265 5076 3277 5115 :
3312 5059 3427 5114 illis
3452 5063 3646 5116 autem
3672 5061 3773 5132 qui

352 5151 505 5207 hanc
534 5165 810 5222 perversa
841 5149 1036 5203 mente
1059 5147 1218 5217 justo
1249 5163 1356 5203 suo
1386 5147 1605 5203 honore
1636 5146 2080 5216 defraudarunt,
2110 5165 2311 5220 poenas
2353 5145 2738 5204 inevitabiles.
2769 5151 2900 5203 Haec
2931 5146 2991 5202 in
3023 5152 3336 5233 utramque
3367 5153 3588 5220 partem
3619 5148 3776 5205 dicta

355 5241 428 5297 ad
459 5255 561 5296 vos
590 5242 764 5294 sunto
798 5256 813 5308 ;
843 5237 1072 5294 utinam
1101 5251 1235 5292 vero
1266 5237 1402 5292 ﬁnis
1431 5237 1730 5293 meliorem
1765 5235 1822 5292 in
1856 5241 2081 5309 partem
2112 5237 2360 5294 eveniat.

432 5437 476 5472 ιο
507 5439 530 5489 I
559 5435 691 5492 Cor.
724 5451 818 5502 xv,
847 5433 938 5489 28.

427 5649 543 5720 (44)
573 5645 876 5720 Notandus
909 5644 1001 5720 hic
1029 5643 1194 5702 locus
1225 5647 1454 5720 quoad
1487 5646 1760 5720 uberiora
1790 5662 1897 5703 sua
1929 5647 2074 5704 scri-

355 5717 456 5796 pta
485 5717 611 5792 jam
642 5721 775 5776 ante
819 5717 965 5774 illud
1011 5720 1248 5790 tempus
1277 5717 1433 5774 edita
1479 5719 1806 5776 Eunomius
1855 5736 2061 5791 provo-

2172 5651 2296 5774 F(Eat,
2319 5679 2387 5690 —-
2413 5647 2552 5704 Vide
2582 5642 2933 5702 Garnerium
2966 5647 3025 5702 in
3055 5649 3432 5706 Praefattom.
3469 5650 3686 5723 I,p.238
3710 5651 3779 5705 B.

2221 5737 2335 5774 ΜΤ.

2221 5737 2335 5776 DIT.
