4124 6390
328 382 448 442 867

1280 374 1677 437 APPENDIX
1719 373 2044 436 OPERUM
2090 371 2155 434 S.
2202 372 2483 436 BASILll
2528 374 2800 436 MAGNI.

3639 381 3769 442 868

403 512 494 566 28.
528 510 691 567 Unus
721 514 810 566 est
840 508 995 564 Deus
1027 506 1329 580 ingenitus
1383 507 1664 578 omnique
1699 504 1985 578 principio

2168 505 2260 559 28.
2296 504 2390 566 Εἷς
2420 500 2527 558 ἔστι
2563 503 2693 562 Θεὸς
2737 502 3026 579 άγέννητος
3064 504 3154 561 καὶ
3188 505 3451 582 ἄναρχος,
3494 504 3622 564 οὔτε
3649 511 3764 586 πρὸ

338 618 566 669 carens,
617 599 840 656 nemini
895 598 1193 663 subditus,
1248 595 1348 668 qui
1394 612 1584 668 neque
1627 603 1762 652 ante
1805 599 1993 651 semet

336 706 696 764 quemquam
729 689 935 745 habuit
965 686 1064 758 qui
1088 686 1279 756 fuerit,
1312 684 1458 741 nihil
1486 686 1641 741 enim
1665 696 1798 740 ante
1829 685 1989 756 inge-

341 781 530 837 nitum
563 797 691 836 esse
739 783 977 851 potest:
1012 792 1202 847 neque
1251 792 1370 832 una
1415 791 1635 842 secum,
1681 791 1819 830 nam
1865 775 1990 845 ipse

337 888 471 928 cum
505 869 802 942 ingenitus
833 867 930 935 sit,
963 883 1118 921 unus
1149 872 1206 921 et
1235 865 1399 921 solus
1440 871 1531 921 est
1559 865 1715 920 Deus
1749 880 1762 920 :
1796 879 1988 935 neque

337 962 396 1015 in
429 963 633 1025 semet,
668 956 915 1027 simplex
946 954 1102 1010 enim
1135 958 1226 1010 est
1256 959 1313 1008 et
1341 954 1787 1024 incompositus.
1823 951 1986 1008 Unus

335 1055 530 1104 autem
564 1047 712 1102 703
745 1062 879 1100 cum
912 1045 1009 1111 sit,
1044 1060 1301 1116 cumque
1331 1042 1494 1100 solus
1539 1043 1632 1110 sit,
1666 1047 1724 1098 et
1755 1058 1988 1113 semper

332 1139 409 1193 sit
438 1138 614 1205 idem,
650 1150 848 1190 rerum
889 1134 1156 1190 omnium
1204 1139 1296 1188 est
1343 1133 1516 1203 Deus,
1569 1137 1626 1188 et
1673 1135 1900 1187 creator
1927 1135 1986 1186 et

330 1227 546 1299 opifex,
581 1223 861 1296 primario
893 1223 1133 1295 quidem
1167 1227 1224 1278 et
1255 1223 1428 1277 modo
1462 1222 1718 1293 quodam
1752 1219 1983 1286 eximio,

328 1317 518 1389 ipsius
549 1313 867 1386 Unigeniti,
901 1311 1134 1385 proprie
1156 1316 1351 1367 autem
1380 1316 1437 1366 et
1456 1310 1756 1380 sigillatim
1780 1324 1982 1365 eorum

331 1421 459 1476 quoa
487 1419 589 1476 per
617 1403 816 1474 ipsum
847 1406 988 1456 sunt
1018 1401 1190 1456 facta.
1219 1400 1485 1472 Namque
1516 1399 1711 1470 ipsum
1741 1398 1982 1470 quidem

335 1492 551 1550 Filium
583 1497 716 1548 ante
747 1491 968 1559 omnia,
1017 1505 1372 1561 omnemque
1418 1494 1748 1544 creaturam
1789 1487 1982 1544 solum

333 1600 440 1638 sua
469 1582 658 1654 ipsius
692 1579 954 1653 potentia
982 1584 1038 1634 et
1067 1580 1404 1652 operatione
1432 1583 1490 1634 et
1518 1577 1722 1650 genuit
1751 1582 1809 1634 et
1824 1593 1984 1632 crea-

332 1673 414 1727 vit
443 1676 499 1728 et
530 1670 666 1727 fecit
698 1687 712 1725 :
748 1669 893 1725 nihil
923 1669 1093 1742 plane
1121 1669 1194 1724 de
1223 1685 1332 1724 sua
1362 1667 1696 1724 substantia
1725 1683 1986 1722 commu-

335 1762 586 1817 nicando
613 1761 663 1816 ei
697 1760 795 1831 qui
830 1759 1064 1832 genitus
1095 1764 1185 1814 est
1218 1757 1537 1828 (corrumpi
1587 1757 1769 1821 enim,
1804 1754 1985 1810 dividi

335 1855 390 1906 et
419 1852 476 1905 in
511 1854 704 1922 partes
727 1848 913 1904 secari
937 1847 1091 1903 Deus
1118 1848 1359 1919 nequit;
1395 1847 1494 1918 qui
1528 1861 1661 1901 vero
1686 1844 1985 1915 corrumpi
2016 1879 2064 1944 Β

336 1941 554 2011 nequit,
589 1939 884 2010 propriam
917 1941 1072 1992 certe
1103 1937 1424 1992 essentiam
1459 1951 1836 1991 communem
1870 1950 1986 1990 non

336 2030 517 2099 facit),
553 2044 739 2099 neque
795 2025 975 2082 alium
1010 2043 1067 2080 ιη
1109 2025 1554 2080 subsistentiam
1589 2025 1680 2079 sui
1730 2022 1987 2078 similem

333 2117 706 2190 producendo
740 2135 753 2172 :
786 2116 914 2187 ipse
935 2114 1093 2170 enim
1120 2113 1631 2185 solumingenitus
1657 2117 1745 2168 est
1779 2129 1790 2168 :
1820 2113 1988 2182 juxta

329 2207 491 2262 illam
523 2221 656 2260 vero
687 2203 1011 2276 ingenitam
1038 2202 1380 2264 essentiam,
1409 2205 1472 2254 ut
1503 2198 1724 2270 aliquid
1760 2199 1832 2254 ab
1859 2199 1986 2270 ipso

332 2300 644 2367 generetur
673 2294 796 2349 ﬁeri
817 2293 1021 2363 nequit
1054 2309 1066 2347 :
1101 2306 1289 2361 neque
1318 2289 1496 2362 igitur
1518 2288 1753 2361 propria
1780 2304 1988 2344 essen-

333 2385 416 2440 tia
447 2384 668 2439 abusus
699 2383 917 2450 est,sed
953 2379 1079 2435 sola
1096 2378 1394 2434 voluntate
1413 2377 1656 2449 genuit:
1681 2393 1870 2448 neque
1892 2377 1989 2431 nd-

332 2473 784 2528 similitudinem
818 2487 938 2526 suae
969 2467 1260 2535 essentia,
1293 2468 1394 2522 sed
1427 2466 1661 2537 qualem
1695 2465 1990 2536 voluit,ta-

330 2563 445 2618 lem
479 2559 812 2635 generavit;
855 2575 1074 2631 perque
1106 2557 1261 2612 hunc
1294 2556 1548 2627 primum
1579 2555 1818 2626 quidem
1861 2571 1986 2609 om-

333 2651 523 2722 nium,
559 2650 961 2720 maioremque
991 2645 1217 2701 caeteris
1266 2643 1552 2714 Spiritum
1601 2647 1874 2698 sanctum
1906 2643 1990 2698 fe-

331 2741 431 2810 cit,
465 2737 704 2810 propria
735 2751 874 2791 sane
905 2751 1014 2788 sua
1044 2735 1329 2805 potestate
1362 2736 1420 2786 et
1451 2731 1746 2796 mandato,
1775 2747 1988 2802 opera-

331 2831 491 2885 tione
521 2843 657 2882 vero
687 2829 746 2880 et
773 2826 1035 2896 potentia
1065 2820 1218 2876 Filii.
1255 2824 1389 2876 Post
1418 2819 1574 2874 hunc
1626 2823 1822 2874 autem
1855 2818 1990 2874 reli-

333 2933 451 2990 qua
480 2920 694 2971 cuncta
726 2914 785 2968 in
819 2913 962 2968 coelo
994 2916 1050 2966 et
1081 2911 1140 2965 in
1172 2915 1347 2974 terra,
1384 2908 1641 2964 visibilia
1688 2915 1745 2964 et
1787 2908 1987 2964 invisi-

331 3006 496 3071 bilia,
526 3019 804 3076 corporea
834 3006 890 3056 et
921 3001 1264 3071 incorporea
1297 3016 1397 3070 per
1426 2999 1695 3054 eumdem
1731 2998 1866 3053 fecit
1896 2998 1987 3053 Fi-

332 3095 499 3151 lium.
537 3095 682 3151 Unus
713 3093 862 3148 enim
889 3095 970 3146 est
1000 3091 1167 3156 Deus,
1197 3105 1266 3144 ea:
1295 3105 1398 3160 quo
1423 3097 1554 3143 sunt
1579 3090 1786 3155 omnia,
1817 3089 1990 3159 juxta

333 3183 698 3256 Apostolum,
750 3195 1002 3250 unusque
1069 3184 1150 3233 est
1199 3179 1467 3233 Dominus
1512 3179 1665 3232 Jesus
1714 3177 2008 3245 Christus,-

2099 593 2289 647 ὲαυτοῦ
2341 590 2485 668 ἔχων
2536 592 2657 648 τινὰ
2703 589 2851 649 ὅντα·
2904 593 3059 650 οὐδὲν
3110 597 3216 672 γὰρ
3269 596 3377 672 πρὸ
3404 600 3503 652 τοῦ
3534 597 3769 673 ἀγεννή-

2096 703 2194 737 του
2247 683 2381 737 εἶναι
2458 680 2716 738 δύναταιυ
2779 679 2901 738 οὔτε
2974 683 3068 739 σὺν
3129 684 3299 760 αὐτῷ·
3373 687 3447 749 εἷς
3505 688 3610 764 γὰρ
3670 689 3766 745 καὶ

2102 768 2264 846 μὸνος
2316 774 2446 837 Θεὸς
2489 773 2516 827 ὁ
2568 772 2880 849 ἀγὲννητος·
2933 772 3051 830 οὔτ’
3097 775 3148 830 ἐν
3199 776 3365 848 αὐτῷ·
3401 777 3612 842 ἁπλοῦς
3655 781 3764 857 γὰρ

2096 863 2182 917 καὶ
2219 861 2525 924 άσύνθετος.
2578 864 2672 925 Εἷς
2723 860 2782 918 δὲ
2835 862 2928 933 ὢν,
2980 865 3070 920 καὶ
3123 865 3290 938 μόνος
3341 866 3439 936 ὣν,
3485 869 3573 923 καὶ
3615 868 3699 924 ἀεὶ
3734 871 3763 926 ὁ

2096 951 2255 1014 αὐτὸς
2289 950 2386 1024 ὢν,
2418 952 2631 1007 πάντων
2665 950 2776 1008 ἐστῖ
2811 952 2941 1015 Θεὸς
2970 955 3060 1008 καὶ
3091 954 3314 1026 κτίστης
3353 956 3443 1011 καὶ
3490 953 3765 1034 δημιουρ-

2093 1040 2209 1115 γὸς,
2269 1041 2504 1115 πρώτως
2565 1041 2658 1114 μὶν
2719 1041 2810 1096 καὶ
2865 1041 3152 1118 ἐξαιρέτως
3211 1049 3308 1099 τοῦ
3367 1051 3756 1120 Μονογενοῦς,

2097 1126 2249 1194 tam;
2280 1126 2337 1184 δὲ
2364 1133 2473 1184 τῶν
2508 1127 2577 1184 δι’
2608 1131 2777 1185 αὐτοῦ
2821 1132 3146 1208 γενομένων.
3178 1133 3278 1188 Τὸν
3334 1135 3429 1207 μὲν
3475 1136 3579 1212 γὰρ
3632 1137 3753 1193 rt?»

2094 1220 2200 1290 πρὸ
2231 1220 2448 1273 πάντων
2476 1218 2565 1274 καὶ
2613 1219 2720 1294 πρὸ
2768 1219 2947 1290 πάσης
2995 1220 3222 1284 κτίσεως
3270 1222 3431 1297 μόνον
3463 1223 3532 1294 τῇ
3562 1225 3755 1281 ἑαυτοῦ

2097 1305 2322 1381 δυνάμει
2381 1307 2475 1362 καὶ
2543 1306 2780 1384 ἐνεργείᾳ
2837 1307 3090 1385 ἐγέννησέ
3163 1331 3222 1366 τε
3276 1313 3368 1366 καὶ
3425 1309 3598 1369 ἔκτισε
3663 1315 3756 1370 καὶ

2096 1395 2374 1469 ἐποίησιν,
2407 1394 2562 1452 οὐδὲν
2590 1404 2692 1468 τῆς
2739 1398 2931 1454 ἑαυτοῦ
2983 1398 3327 1464 ὑποστάσεως
3381 1399 3641 1474 μεταδοὺς
3668 1408 3751 1476 τῷ

2093 1486 2423 1561 γεννηθέντι.
2473 1487 2783 1562 Ἀφθαρτος
2827 1488 2931 1564 γὰρ
2983 1488 3075 1544 καὶ
3131 1486 3434 1564 ἀδιαίρετος
3484 1490 3573 1546 καὶ
3619 1491 3755 1566 ἁμὲ⁴

2095 1595 2277 1650 ριστος
2308 1577 2335 1631 ὁ
2380 1576 2530 1638 Θεός·
2587 1577 2614 1632 ὁ
2648 1573 2695 1630 δ’
2751 1574 3018 1654 ἄφθαρτος
3073 1584 3173 1648 τῆς
3232 1579 3423 1634 ἑαυτοῦ
3473 1579 3660 1644 οὐσίας
3691 1583 3757 1637 οὗ

2099 1662 2478 1738 μεταδίδωσιν.
2512 1662 2651 1722 Οὔτε
2699 1667 2818 1720 καθ’
2847 1667 3033 1722 ἑαυτὸν
3068 1665 3239 1723 ἄλλον
3288 1669 3756 1743 ὑποστησάμενος.

2095 1753 2278 1818 Μόνος
2305 1755 2407 1830 γὰρ
2462 1753 2623 1816 αὐτὸς
2668 1754 2980 1830 άγέννητος,
3029 1758 3163 1811 κατὰ
3211 1754 3269 1812 δὲ
3315 1758 3413 1827 τήν
3466 1759 3758 1836 ἀγέννητον

2097 1842 2280 1898 οὐσίαν
2338 1851 2667 1918 γεννηθῆναι
2731 1841 3032 1903 ἀδύνατον.
3091 1842 3226 1902 Οῧτε
3289 1845 3380 1903 οὖν
3437 1848 3508 1924 τῇ
3565 1850 3760 1905 ἑαυτοῦ

2099 1931 2254 2004 οὐσίᾳ
2308 1934 2684 2008 ἀπεχρήσατο,
2745 1932 2893 1989 ἀλλὰ
2947 1937 3016 2008 τῇ
3082 1934 3345 2010 βουλήσει
3407 1937 3576 2012 μόνῃ·
3634 1935 3761 1994 οὕτε

2096 2022 2232 2077 κατὰ
2278 2024 2377 2092 τήν
2429 2023 2622 2076 ἑαυτοῦ
2667 2021 2870 2094 οὐσίαν,
2922 2021 3049 2078 ἀλλ’
3109 2027 3224 2079 οἷον
3445 2021 3758 2099 ἐϐουλήθη,

2098 2111 2366 2187 ἑγὲννησε.
2430 2111 2527 2166 Καὶ
2587 2109 2676 2166 διὰ
2730 2111 2926 2168 τούτοο
2978 2133 3200 2189 πρωτον
3256 2115 3350 2188 μὲν
3400 2115 3612 2171 πάντων
3665 2117 3758 2173 καὶ

2102 2207 2285 2274 μεῖζον
2336 2201 2399 2256 τὸ
2457 2205 2682 2274 Πνεῦμα
2723 2202 2785 2257 τὸ
2839 2201 2992 2278 ἅγιον
3048 2201 3325 2274 ἐποίησεν,
3385 2203 3600 2278 ἐξουσίᾳ
3659 2206 3756 2278 μὲν

2098 2287 2209 2362 ἰδίᾳ
2254 2289 2343 2344 καὶ
2395 2290 2798 2366 προστάγματι,
2850 2289 3089 2367 ἐνεργείᾳ
3138 2289 3196 2348 δὶ
3242 2291 3332 2348 καί
3385 2290 3613 2367 δυνάμει
3660 2299 3760 2350 τοῦ

2098 2379 2248 2436 Υἱοῦ.
2282 2380 2434 2436 Μετὰ
2483 2375 2541 2434 δὲ
2577 2383 2740 2434 τυῦτο
2770 2380 2838 2433 τὰ
2889 2377 3060 2434 λοιπὰ
3105 2379 3279 2436 πάντα
3321 2382 3390 2436 τὰ
3440 2380 3492 2438 ἐν
3545 2383 3760 2458 οὐρανῷ

2096 2467 2185 2522 καὶ
2219 2466 2307 2522 ἐπὶ
2345 2474 2468 2542 γῆς,
2522 2467 2691 2543 ὁρατά
2732 2487 2792 2522 τε
2840 2469 2929 2523 καὶ
2981 2467 3207 2545 ἀόρατα,
3264 2471 3354 2525 καὶ
3417 2471 3647 2544 σώματά
3701 2492 3762 2527 τε

2097 2556 2186 2611 καὶ
2226 2556 2492 2630 ἀσώματα
2537 2553 2625 2610 διὰ
2675 2559 2774 2611 τοῦ
2823 2557 2948 2612 Γὶοῦ
2992 2555 3267 2629 ἐποίησεν.
3310 2558 3405 2624 Εἷς
3453 2561 3554 2636 γὰρ
3605 2561 3758 2629 Θεὸς,

2099 2645 2149 2716 ἐξ
2207 2644 2273 2700 οὗ
2330 2645 2398 2700 τὰ
2469 2643 2682 2717 πάντα,
2731 2645 2868 2700 κατᾶ
2922 2645 3013 2702 τὸν
3083 2643 3422 2704 ’Λπὸστολον
3459 2694 3474 2720 ,
3534 2648 3622 2703 καὶ
3681 2649 3754 2711 εἷς

2098 2734 2294 2811 Κύριος
2352 2735 2562 2805 Ἰησοῦς
2631 2735 2865 2810 Χριστὸς
2902 2780 2918 2806 ,
2977 2733 3046 2790 δι’
3103 2734 3166 2790 οὗ
3240 2737 3308 2791 τὰ
3376 2739 3598 2794 πάντα.
3661 2738 3755 2799 Ei;

2099 2821 2190 2877 οὖν
2240 2822 2369 2884 Θεὸς
2430 2823 2748 2897 άγέννητος,
2802 2821 3078 2891 ἄκτιστος,
3139 2823 3401 2894 ἀποίητος
3435 2867 3448 2880 .
3509 2826 3612 2881 Καὶ
3675 2825 3752 2886 εἷς

2099 2909 2302 2986 Κύριος
2351 2911 2562 2982 Ἰησοῦς
2615 2911 2869 2986 Χριστὸς,
2921 2912 2948 2966 ὁ
3002 2911 3123 2973 Υἱὸς
3173 2909 3270 2966 τοῦ
3315 2916 3472 2980 Θεοῦ,
3505 2913 3752 2988 γεννημα

2096 3004 2194 3055 τοῦ
2245 3001 2564 3074 ἁγεννήτου,
2616 3001 2728 3076 οὐχ
2757 3001 2832 3063 ὡς
2867 2998 2922 3056 ἓν
2971 3005 3078 3055 τῶν
3125 3002 3502 3076 γεννημάτων,
3549 3000 3753 3072 κτίσμα

2097 3094 2194 3144 τοῦ
2226 3087 2499 3158 ἁκτίστου,
2533 3089 2641 3165 οὐχ
2672 3091 2745 3152 ὡς
2790 3089 2845 3146 ἓν
2894 3095 2997 3145 τῶν
3045 3090 3379 3163 κτισμάτων,
3410 3089 3629 3162 ποίημα
3655 3093 3754 3144 τοῦ

2101 3180 2394 3249 ἁποιήτου,
2445 3179 2557 3254 οὐχ
2606 3180 2679 3241 ὡς
2709 3179 2763 3234 ἓν
2793 3183 2902 3234 τῶν
2954 3177 3303 3253 ποιημάτων*
3333 3179 3514 3240 καθὼς
3544 3174 3760 3254 εἷ’ρηται

329 3290 428 3346 per
457 3289 618 3344 quem
647 3275 770 3326 sunt
802 3271 992 3324 omnia
1029 3271 1094 3322 “.
1129 3265 1294 3322 Unus
1325 3266 1506 3336 igitur
1534 3270 1623 3321 est
1670 3267 1821 3322 Deus
1871 3283 1986 3321 non

2105 3268 2210 3323 ὑπὸ
2257 3243 2569 3342 τῆςνάγίάς
2628 3274 2889 3345 Γραφῆς·
2951 3243 3152 3346 Κύρίὸς
3219 3265 3394 3323 ἔκτισέ
3456 3289 3522 3342 με
3581 3243 3762 3342 ἀρχὴν

335 3364 591 3433 genitus,
624 3377 740 3416 non
771 3364 1025 3424 creatus,
1061 3374 1177 3412 non
1213 3356 1422 3411 factus.
1459 3356 1527 3410 Et
1573 3373 1726 3410 unus
1759 3361 1849 3410 est
1876 3356 1986 3411 Do-

338 3452 535 3507 minus
565 3450 739 3505 Jesus
770 3445 1170 3516 Cbristus,Dei
1209 3445 1688 3516 Filius,genimen
1718 3445 1987 3517 ingeniti,

337 3557 452 3595 non
485 3545 681 3594 tamen
715 3539 904 3592 instar
934 3537 1109 3591 unius
1141 3551 1207 3590 ex
1257 3534 1391 3590 aliis
1439 3534 1614 3589 rebus
1644 3535 1939 3606 generatis
1974 3551 1988 3590 :

336 3633 606 3686 creatura
655 3645 771 3682 non
814 3626 1010 3696 creati,
1055 3642 1168 3680 non
1217 3628 1414 3678 tamen
1458 3622 1648 3678 instar
1703 3624 1877 3678 unius
1925 3641 1994 3678 ex

341 3717 472 3774 aliis
505 3717 681 3771 rebus
713 3715 922 3770 creatis
956 3731 969 3770 :
1005 3730 1152 3784 opus
1189 3729 1302 3767 non
1336 3712 1492 3779 facti,
1528 3728 1644 3766 non
1675 3715 1870 3767 tamen
1904 3713 1994 3767 in-

2100 3353 2239 3410 ὁδῶν
2277 3356 2469 3425 αὐτοῦ,
2513 3357 2620 3432 πρὸ
2671 3357 2768 3411 τοῦ
2821 3356 3021 3420 αΐῶνος
3073 3355 3405 3430 ἐθεμελίωσὲ
3457 3376 3523 3430 με
3566 3356 3674 3432 πρὸ
3707 3353 3765 3410 δὲ

2099 3445 2310 3500 πάντων
2366 3445 2574 3522 βουνῶν
2627 3450 2786 3522 γεννᾷ
2847 3467 2946 3518 με.
3008 3445 3107 3500 Καὶ
3164 3445 3217 3500 ’ἐν
3281 3449 3501 3518 Πνεῦμα
3561 3445 3710 3518 ἅγιον
3748 3485 3762 3510 ,

2099 3538 2319 3610 πρῶτον
2373 3535 2462 3588 καὶ
2516 3540 2704 3608 μεῖζον
2755 3534 2970 3590 πάντων
2999 3538 3106 3590 τῶν
3157 3533 3254 3590 τοῦ
3291 3536 3638 3608 Μονογενοῦς
3674 3531 3763 3608 ἔρ·-

2103 3645 2215 3699 γων
2240 3626 2377 3696 (46),
2425 3625 2811 3698 προστάγματι
2867 3626 2961 3697 μὲν
3012 3627 3108 3679 τοῦ
3158 3624 3393 3698 Πατρὸς,
3433 3621 3678 3698 ἐνεργείᾳ
3709 3619 3766 3676 δὲ

2103 3712 2194 3766 καὶ
2227 3710 2448 3784 δυνάμει
2479 3717 2575 3767 τοῦ
2605 3715 2734 3768 Υὶοῦ
2765 3714 3077 3788 γενόμενον.

339 3811 466 3865 star
496 3805 672 3860 unius
702 3821 772 3859 ex
798 3802 930 3858 aliis
957 3804 1130 3857 rebus
1161 3800 1366 3868 factis;
1402 3800 1898 3870 quemadmodum
1935 3805 2380 3873 pronuntiatum
2412 3808 2501 3859 est
2531 3821 2564 3859 a
2602 3810 2810 3860 sancta
2856 3805 3156 3876 Scriptura
3187 3820 3201 3859 :
3240 3804 3515 3859 Dominus
3562 3803 3769 3858 creavit

339 3911 426 3950 me
454 3897 615 3950 initio
641 3895 886 3948 viariam
931 3907 1186 3956 suarum,
1235 3899 1359 3944 ante
1404 3889 1612 3945 saecula
1662 3890 1918 3958 [undavit
1966 3907 2073 3960 me,
2118 3897 2248 3949 ante
2281 3909 2470 3948 omnes
2519 3894 2684 3949 colles
2711 3895 2901 3963 genuit
2941 3910 3029 3950 me
3059 3895 3122 3948 ¹³.
3186 3893 3253 3948 Et
3296 3909 3453 3948 unus
3509 3891 3767 3964 Spiritus

341 3987 607 4049 sanctus,
642 3982 902 4054 primum
935 3979 1324 4048 omnibusque
1356 3978 1579 4034 czeteris
1610 3980 1803 4049 majus
1833 3978 2124 4052 Unigeniti
2155 3999 2323 4054 Opus.
2349 3982 2523 4052 jussu
2558 3982 2795 4054 quidem
2829 3980 3384 4054 Patris,operatione
3413 3997 3545 4037 vero
3576 3983 3632 4036 et
3662 3996 3766 4050 po-

341 4071 526 4127 tentia
554 4069 682 4126 Filii
714 4070 924 4125 factus.

413 4243 455 4277 “
491 4241 514 4297 l
543 4241 670 4296 Cor.
703 4256 825 4309 vm,
854 4239 909 4293 6.
991 4237 1036 4272 ¹²
1070 4236 1233 4293 Prov.
1269 4251 1391 4307 vm,
1423 4236 1626 4305 22-25;
1660 4235 1835 4307 Eccli,
1865 4254 2019 4306 xxxv,
2055 4239 2142 4294 14.

411 4410 527 4482 (45)
560 4410 780 4482 Gaveus
812 4427 925 4461 οιον
959 4408 1163 4479 edidit,
1196 4408 1294 4463 sed
1330 4403 1444 4460 o'lav
1479 4407 1657 4463 habet
1685 4423 1796 4463 ms.
1826 4409 1976 4464 Gud.
2002 4411 2061 4465 et
2089 4407 2478 4481 Lindenbrog.

414 4477 531 4553 (46⁷)
558 4480 647 4536 ΑΙ.
681 4477 858 4554 ἔργον.
