4124 6362
372 326 488 388 871

1323 326 1716 387 APPENDIX
1763 322 2090 385 OPERUM
2136 325 2200 384 S.
2249 323 2530 387 BASILII
2576 327 2851 391 MAGNI.

3684 344 3811 408 87!

370 477 500 516 rum
535 458 749 514 civium
783 475 845 514 se
875 458 1600 531 convertit,ccntentus(a)
1623 455 1890 548 afﬂictari
1923 472 2026 528 po-
2057 455 2110 522 Α
2141 471 2254 527 que
2285 457 2577 548 discretis,
2600 463 2764 516 ortus
2793 462 3113 537 obitusque
3156 468 3458 544 perﬁcere,
3488 476 3546 529 et
3575 472 3637 531 in
3670 491 3807 548 per-

370 551 489 606 tius
520 565 653 605 cum
689 549 901 622 populo
927 550 1238 620 Dei,quam
1268 548 1524 602 fructum
1553 546 1776 620 peccati
1824 561 2031 618 capere

371 640 778 712 temporalem.
811 640 916 703 Qui
952 655 1206 694 amorem
1252 638 1502 708 justitiaa
1548 639 1618 692 de
1660 637 1789 710 ipsa
1820 640 2032 691 natura

373 730 616 786 sortitus
637 733 745 796 est,
774 731 986 800 quippe
1009 727 1108 798 qui
1144 727 1489 799 priusquam
1523 727 1710 799 plebis
1743 726 2032 797 acciperet

374 820 789 892 principatum,
815 821 1051 890 propter
1082 817 1284 872 odium
1316 816 1591 889 nequitiae
1615 815 1902 885 naturale,
1928 831 2029 870 us-

373 927 487 982 que
518 911 585 964 ad
625 924 821 963 necem
853 907 1081 962 videtur
1102 907 1403 978 improbos
1427 909 1792 978 persecutus.
1816 903 1922 970 Qui
1957 904 2029 958 ab

372 1000 464 1054 his
495 999 786 1069 etfugatus
836 1000 946 1063 est,
973 996 1189 1068 quibus
1237 997 1365 1068 ipse
1418 996 1604 1051 fuerat
1652 993 2024 1067 opitulatus:

372 1088 470 1160 qui
517 1085 908 1142 libentissime
947 1085 1304 1141 tumultibus
1341 1084 1570 1158 IEgypti
1603 1083 1917 1152 derelictis,
1955 1083 2026 1138 ad

370 1177 720 1248 zEthiopiam
752 1176 1051 1248 profectus
1080 1179 1189 1243 est,
1213 1175 1412 1246 ibique
1435 1178 1776 1230 caeterorum
1802 1188 2027 1228 vacuus

366 1265 753 1337 negotiorum,
801 1266 945 1321 705
1005 1281 1107 1336 per
1154 1281 1341 1319 annos
1388 1263 1782 1335 quadraginta
1829 1277 2025 1316 rerum

362 1353 849 1426 contemplationi
876 1354 1024 1409 dans
1046 1369 1305 1424 operam,
1325 1351 1878 1424 octogesimumque
1899 1355 2028 1404 aeta'

360 1441 438 1497 tis
470 1458 651 1513 agens
685 1457 907 1496 annum
935 1440 1080 1494 vidit
1108 1439 1402 1511 Deum,ut,
1421 1444 1544 1493 erat
1575 1437 1801 1492 homini
1833 1437 2029 1493 videre

360 1530 662 1603 possibile,
685 1531 802 1584 imo
828 1535 894 1584 ut
916 1528 1138 1584 nemini
1166 1529 1362 1600 potius
1399 1528 1561 1582 licuit
1581 1526 1700 1596 alii,
1727 1528 1790 1598 (ι)
1812 1543 2027 1582 secun-

360 1623 501 1676 dum
525 1619 933 1676 testimonium
961 1618 1149 1690 ipsius
1173 1617 1272 1672 Dei
1297 1634 1308 1672 :
1334 1617 1477 1685 Quia
1496 1619 1544 1672 si
1565 1617 1740 1687 fuerit
1760 1618 2029 1688 propheta

356 1712 482 1782 quis
504 1714 745 1766 vestrum
769 1710 1016 1773 Domino,
1038 1709 1266 1779 proprie
1288 1724 1388 1778 per
1415 1709 1598 1762 visum
1628 1708 1680 1762 ei
1708 1722 2024 1787 cognoscar,

2141 547 2594 604 severatioribus
2612 551 2959 622 corporibus
2977 555 3444 628 complexionem
3469 547 3807 623 atomorum

2139 633 2682 706 locatam,validius
2704 655 2914 697 causas
2931 646 3279 704 aeternitatis
3300 651 3646 722 exprimere.
3663 656 3808 713 Vere

2138 724 2316 779 telam
2350 743 2574 783 aranea
2622 732 2848 800 texunt,
2875 731 2976 802 qui
3026 734 3141 790 ista
3188 735 3531 795 describunt
3565 759 3578 797 :
3615 749 3672 799 et
3703 747 3807 817 qui

2140 818 2258 869 tam
2283 832 2467 906 vacua
2487 817 2803 890 inaniaque
2825 821 3135 894 principia,
3153 825 3516 901 cmlo,terrm,
3533 833 3807 906 marique

2140 904 2541 960 conscribunt.
2574 907 2773 978 Neque
2802 909 2958 964 enim
2993 911 3260 970 sciebant
3291 916 3522 974 dicere:
3551 923 3613 976 In
3638 904 3807 994 prin-

2137 992 2278 1085 cipio
2305 995 2437 1064 fecit
2474 1000 2616 1051 Deus
2648 997 2843 1052 caelum
2873 1003 2926 1054 et
2955 1004 3164 1057 terram
3194 1021 3212 1057 .'
3247 1011 3553 1076 propterea
3583 992 3712 1068 sine
3733 1014 3805 1085 (θ)

2139 1083 2555 1174 moderamine,
2589 1089 2646 1140 et
2674 1088 3487 1169 gubernatione,fortuitoque
3519 1115 3684 1171 casu,
3707 1083 3796 1174 agi

2136 1176 2194 1226 et
2226 1171 2360 1227 ferri
2395 1174 2614 1243 omnia,
2637 1174 2816 1230 insito
2839 1177 2953 1232 sibi
2980 1178 3308 1251 impietatis
3331 1184 3559 1258 decepti
3581 1171 3797 1261 errore,

2137 1261 2432 1319 dixerunt.
2466 1264 2629 1330 Quod
2664 1279 2736 1320 ne
2775 1282 2881 1321 nos
2915 1283 3150 1340 quoque
3199 1276 3552 1345 pateremur,
3586 1281 3798 1349 primis

2137 1351 2337 1405 statim
2370 1367 2488 1406 suae
2519 1353 2872 1410 narrationis
2903 1356 3110 1429 elogiis
3141 1361 3347 1416 mundi
3395 1363 3792 1426 fabricationis

2137 1440 2448 1510 expositor,
2469 1441 2568 1497 Dei
2591 1446 3150 1501 commemoratione
3174 1464 3388 1505 sensus
3413 1457 3640 1510 nostros
3661 1456 3795 1513 illu-

2139 1529 2394 1598 minans,
2419 1530 2680 1602 dixitque
2705 1548 2717 1587 :
2745 1533 2803 1586 In
2833 1535 3108 1604 principio
3138 1538 3272 1607 fecit
3298 1541 3459 1597 Deus.
3486 1544 3669 1608 Quam
3700 1547 3797 1602 bo-

2138 1635 2249 1674 nus
2272 1619 2497 1689 ordo(f)
2515 1622 2869 1692 principium
2894 1624 3086 1694 primo
3109 1628 3338 1696 posuit:
3359 1633 3416 1684 ut
3438 1648 3551 1686 non
3571 1632 3798 1706 ingeni-

2137 1711 2261 1763 tum
2286 1708 2526 1780 quidam
2556 1711 2844 1764 mundum
2871 1712 3319 1772 arbitrarentur.
3345 1719 3562 1776 Deinde
3585 1723 3798 1780 subdi-

355 1805 405 1855 et
432 1817 530 1872 per
574 1800 855 1855 somnium
901 1799 1094 1892 loguar
1130 1816 1148 1851 :
1177 1797 1269 1853 sed
1298 1813 1423 1892 non
1450 1799 1531 1852 ita
1575 1797 1823 1866 famulus
1871 1812 2024 1851 meus
2051 1827 2094 1892 Β
2138 1797 2235 1861 dit,
2260 1798 2399 1868 quia
2430 1799 2604 1855 fecit:
2641 1804 2707 1854 ut
2737 1801 3075 1858 ostenderet
3105 1805 3245 1874 quia
3292 1814 3570 1865 creaturas
3620 1829 3792 1886 opus,

353 1890 578 1961 Moyses,
611 1890 708 1960 qui
736 1889 796 1942 in
826 1888 977 1943 omni
1005 1887 1160 1943 domo
1191 1902 1310 1942 mea
1339 1886 1527 1956 ﬁdelis
1559 1893 1658 1941 est.
1694 1886 1796 1942 Ore
1827 1885 1897 1940 ad
1952 1901 2009 1940 os

350 1977 638 2050 colloquar
665 1980 755 2034 ei:
778 1979 839 2032 in
868 1978 1061 2048 specie,
1095 1981 1146 2032 et
1175 1992 1284 2033 non
1313 1993 1414 2048 per
1442 1978 1679 2047 ﬁguram
1698 1976 1882 2048 (Num.
1907 1991 2010 2043 xu,

349 2068 497 2139 6-8).
535 2068 634 2122 Hic
665 2067 864 2138 itaque
897 2066 997 2137 qui
1048 2065 1108 2120 in
1161 2065 1454 2137 potiendis
1485 2065 1876 2136 praesentibus
1908 2064 2011 2119 Dei

351 2157 786 2227 conspectibns,
830 2157 900 2228 (ο)
943 2153 1168 2226 angelis
1227 2156 1418 2210 fuerat
1461 2157 1800 2225 coaequatus
1835 2169 1846 2208 :
1883 2170 2009 2222 quas

349 2245 700 2301 auscultavit
731 2262 765 2300 a
800 2246 910 2300 Deo
956 2243 1196 2300 disserit
1223 2243 1416 2299 nobis.
1448 2243 1778 2299 Audiamus
1828 2242 2011 2314 igitur

348 2335 648 2391 veritatem
697 2335 1032 2401 verborum,
1069 2350 1184 2389 non
1217 2335 1276 2388 in
1311 2333 1687 2404 persuasione
1737 2333 2006 2387 humanae

350 2424 672 2496 sapientiai,
703 2424 804 2478 sed
848 2423 907 2478 in
947 2423 1382 2494 probatissimis
1413 2421 1698 2494 spiritalis
1728 2423 2005 2476 doctrinas

350 2511 747 2578 sermonibus,
773 2527 1024 2580 quorum
1054 2511 1188 2566 ﬁnis
1211 2527 1326 2565 non
1349 2510 1717 2566 audientium
1743 2509 1873 2565 laus
1892 2515 2002 2578 est,

350 2601 451 2656 sed
483 2601 839 2656 discentium
873 2599 1054 2654 salus.

417 2692 472 2744 2.
506 2692 570 2745 In.
596 2691 870 2761 principio
900 2692 1027 2760 fecit
1057 2691 1199 2744 Deus
1229 2691 1431 2745 caelum
1459 2697 1512 2744 et
1541 2693 1751 2745 terram
1780 2688 1934 2760 (Gen.
1961 2705 2001 2756 ι,

348 2779 424 2847 1).
455 2779 733 2834 Retardat
761 2778 942 2852 igitur
972 2795 1300 2835 sermonem
1335 2794 1531 2833 meum
1565 2779 1780 2833 mentis
1812 2776 2002 2834 admi-

346 2867 496 2922 ratio
531 2885 543 2922 :
578 2868 842 2939 cogitans
872 2869 1014 2938 quid
1059 2867 1316 2939 primum
1358 2867 1571 2935 dicam,
1595 2867 1682 2923 vel
1714 2872 1870 2924 unde
1901 2886 2003 2924 ca-

344 2957 502 3028 piam
522 2956 876 3012 narrationis
889 2957 1210 3026 exordium,
1226 2973 1550 3028 arguamne
1566 2957 1880 3013 vanitatem
1901 2975 2001 3014 sae-

341 3047 762 3113 cularium,aut
779 3050 1117 3101 nostrorum
1136 3046 1332 3117 potius
1353 3047 1653 3116 praedicem
1670 3047 2001 3104 veritatem?

338 3135 599 3191 Plurima
627 3152 804 3208 super
835 3151 1027 3190 rerum
1063 3139 1276 3190 natura
1296 3139 1628 3192 Graecorum
1662 3137 1998 3210 philosophi

338 3227 718 3298 disputarunt
749 3242 762 3282 :
798 3227 900 3280 sed
936 3225 1134 3280 nullus
1168 3227 1323 3296 apud
1356 3242 1456 3281 eos
1487 3242 1679 3282 sermo
1713 3228 1862 3283 ﬁxus
1894 3228 1998 3284 ha-

340 3315 510 3370 betur
539 3321 596 3370 et
626 3314 880 3382 stabilis,
909 3314 1096 3385 priore
1118 3331 1349 3386 semper
1380 3331 1413 3370 a
1444 3321 1722 3386 sequente
1752 3318 1994 3388 dejecto.

339 3403 610 3474 Nihilque
632 3405 802 3460 nobis
819 3420 1009 3475 operae
1031 3403 1281 3475 pretium
1305 3407 1413 3472 est,
1439 3421 1565 3476 quas
1598 3404 1835 3461 illorum
1858 3409 1999 3462 sunt

337 3492 671 3548 infirmare:
699 3509 829 3547 cum
853 3495 925 3548 ad
953 3493 1412 3547 destructionem
1438 3495 1733 3565 propriam
1757 3496 1996 3552 sibimet

336 3582 450 3654 ipsi
473 3581 874 3651 sufﬁciant.(d)
891 3581 998 3648 Qui
1021 3582 1178 3636 enim
1203 3581 1384 3636 Deum
1409 3583 1631 3638 nescire
1655 3590 1992 3657 potuerunt,

334 3671 690 3742 sapientiam
710 3671 884 3726 rebus
903 3688 1152 3742 praeesse
1171 3670 1500 3726 mortalium
1520 3671 1850 3729 nullatenus
1864 3692 1994 3733 con-

332 3765 658 3826 cesserunt,
685 3760 788 3814 sed
818 3759 1092 3815 familiari
1123 3760 1489 3831 ignoratione
1521 3761 1786 3834 sublapsi
1818 3766 1993 3822 variis

332 3849 534 3906 omnia
559 3849 1001 3904 deﬁnitionibus
1024 3849 1462 3904 concluserunt.
1486 3851 1798 3922 Pr0pterea
1821 3856 1993 3910 multi

331 3955 539 3994 eorum
572 3939 640 3993 ad
676 3939 982 3993 confusam
1018 3938 1447 4009 informemque
1476 3956 1538 3995 se
1568 3942 1875 3998 materiam
1903 3961 1991 4000 re-

334 4029 640 4100 degerunt,
674 4027 982 4082 elementis
1016 4027 1217 4082 mundi
1251 4044 1461 4083 causas
1492 4029 1758 4086 omnium
1791 4049 1988 4088 rerum

332 4118 702 4188 deputantes.
723 4116 831 4171 Alii
862 4121 1111 4183 atomos,
1128 4121 1185 4172 et
1205 4116 1511 4173 individua
1532 4136 1794 4191 corpora,
1819 4128 1875 4177 et
1895 4129 1988 4178 tu-

333 4223 546 4278 mores,
566 4212 623 4263 et
651 4211 883 4261 meatus
906 4205 1202 4261 continere
1234 4209 1502 4262 naturam
1526 4207 1846 4264 visibilium
1870 4215 1988 4267 tra-

329 4297 606 4352 diderunt
628 4311 642 4352 :
668 4295 842 4350 modo
863 4295 1348 4351 concurrentibus
1371 4296 1480 4350 sibi
1507 4295 1731 4353 levibus
1754 4299 1871 4355 illis
1895 4319 1986 4356 ro-

325 4385 646 4457 tundisque
676 4383 1064 4455 corpusculis,
1096 4385 1266 4440 modo
1299 4385 1710 4442 recedentibus
1743 4405 1776 4442 a
1805 4406 1868 4444 se
1899 4395 1985 4445 at-

396 4603 482 4668 (a)
513 4597 672 4672 Colb.
709 4599 1026 4666 secundus,
1057 4601 1238 4670 afﬂigi
1263 4602 1465 4672 potius.

399 4670 666 4747 (b)_Col_b_.
702 4674 1015 4747 secundus,
1054 4670 1352 4747 secundum
1385 4674 1759 4747 testimonium
1810 4678 1989 4747 ipsius

326 4742 746 4819 Dei._Basilius,
767 4742 903 4819 καετᾷ
931 4743 1027 4809 τήν
1049 4743 1563 4819 Δμαρτυρίαιτιῷτηῆν
1595 4750 1691 4799 τοῦ
1719 4742 1874 4819 Θεοῧ,
1906 4767 1988 4806 se-

324 4816 574 4872 cundum
603 4818 781 4887 ipsum
807 4816 902 4870 Dei
929 4816 1322 4872 testimonium.
1347 4816 1521 4888 Editi,
1543 4821 1843 4876 secundum
1862 4816 1990 4878 'tes-

325 4891 626 4946 timonium
651 4889 833 4960 ipsius
866 4888 1106 4942 Domini.

396 4962 464 5034 (ο)
510 4959 684 5034 Editi,
745 4961 961 5034 angelis
1018 4961 1204 5034 fuerat
1247 4960 1498 5031 aequalis.
1545 4963 1735 5016 Codex
1786 4963 1986 5021 Sancti

326 5031 598 5089 Germani
660 5049 834 5102 quem
884 5031 1237 5102 simpliciter
1286 5035 1552 5086 nostrum
1595 5051 1898 5100 vocamus,
1930 5043 1987 5094 et

321 5105 1024 5177 Colb.secundus,_[uerat
1061 5103 1274 5177 angelis
1303 5108 1615 5177 comg‘uatus
1645 5124 1664 5162 :
1697 5109 1984 5177 quodve-

325 5177 448 5254 rius
480 5180 620 5254 puto
641 5175 954 5254 et‘melius,
980 5192 1116 5254 cum
1143 5175 1360 5254 (ir-seca,
1385 5173 1557 5244 ἐξίσου
1577 5179 1693 5239 τοῖς
1715 5173 1982 5254 ἆγγὲλοες

323 5244 818 5320 ἀξιῳθὶίςῖίᾶρῐίυε
849 5247 1098 5320 exprimi
1129 5247 1456 5303 videantur.

397 5319 474 5390 (ei)
505 5318 665 5376 Colb.
700 5318 1016 5389 secundus,
1051 5336 1148 5391 qui
1178 5321 1327 5376 enim
1369 5322 1536 5375 Deum
1573 5319 1718 5376 scire
1744 5338 1854 5379 non
1881 5341 1984 5396 po-

323 5395 573 5446 tuerunt.

390 5463 459 5600 {7)
491 5459 653 5516 Colb.
685 5463 1007 5528 secundus,
1035 5464 1157 5517 sine
1195 5462 1585 5518 admiratione.

393 5539 405 5600 (
454 5534 470 5600 )
499 5530 671 5597 Editi,
695 5534 1036 5600 principium
1061 5535 1311 5600 primum
1338 5537 1537 5600 posuit.
1561 5536 1585 5590 (

454 5534 470 5604 )
494 5530 671 5606 Editi,
695 5534 1036 5606 principium
1061 5535 1311 5605 primum
1335 5537 1537 5606 posuit.
1561 5535 1751 5592 Codex
1783 5542 1982 5594 noster

321 5608 378 5681 _et
407 5603 570 5661 COlb.
605 5603 916 5681 secundus,
948 5603 1290 5681 principium
1331 5603 1518 5681 primo
1549 5609 1755 5681 posuit,
1808 5610 1976 5667 bene.

319 5676 405 5733 Ita
434 5674 816 5750 prosequitur
860 5674 1225 5747 Eustathius,
1256 5674 1463 5735 ut'non
1508 5674 1821 5750 ingenitum
1848 5685 1972 5755 qui-

2126 1903 2262 1958 pars
2283 1887 2490 1960 exigua
2502 1887 2736 1944 virtutis
2755 1894 2844 1944 est
2861 1891 3202 1948 conditoris.
3219 1894 3364 1952 Nam
3381 1898 3534 1953 sicut
3549 1900 3791 1975 ﬁgulus,

2120 1978 2276 2032 vasis
2299 1977 2664 2046 deformatis,
2684 1994 2792 2034 nec
2814 1983 2998 2036 artem
3023 1986 3218 2052 potest
3238 1985 3532 2055 amittere,
3547 2005 3651 2046 nec
3674 1992 3791 2049 vir-

2121 2071 2306 2123 tutem
2328 2085 2340 2123 :
2362 2067 2446 2123 sic
2469 2069 2659 2140 opifex
2679 2085 2875 2125 rerum
2895 2074 3068 2139 Deus,
3089 2089 3203 2129 non
3227 2076 3332 2130 uni
3358 2076 3594 2134 facturas
3619 2083 3790 2138 sufﬁ-

2121 2156 2371 2212 cientem
2405 2159 2725 2227 potentiam
2759 2158 3090 2232 possidens,
3107 2163 3178 2231 (9)
3210 2161 3504 2222 inﬁnitate
3541 2171 3780 2240 penitus

2117 2246 2421 2315 excedens,
2436 2246 2560 2302 solo
2584 2252 2883 2303 momento
2905 2249 3152 2321 proprias
3177 2251 3522 2327 voluntatis,
3547 2261 3778 2332 magni-

2116 2335 2384 2391 tudinem
2407 2353 2610 2392 eorum
2637 2353 2766 2408 quae
2787 2343 3112 2395 cernuntur
3132 2344 3440 2399 extruxit.
3462 2345 3628 2409 Quod
3653 2349 3701 2405 si
3724 2355 3782 2407 et

2118 2425 2472 2496 principium
2527 2427 2789 2482 mundus
2837 2426 3034 2496 habet,
3071 2435 3129 2485 et
3177 2430 3367 2487 factus
3415 2439 3537 2500 est;
3585 2453 3781 2508 quare

2115 2514 2249 2586 quis
2289 2514 2374 2568 illi
2407 2515 2571 2570 dedit
2619 2516 2998 2587 principium,
3032 2522 3090 2573 et
3120 2519 3255 2590 quis
3285 2521 3415 2591 ejus
3464 2523 3782 2584 fabricator

2113 2609 2222 2659 est.
2255 2605 2418 2670 Quod
2469 2621 2540 2660 ne
2590 2604 2852 2660 humana
2882 2605 3126 2662 forsitan
3181 2609 3535 2681 cogitatione
3576 2615 3776 2672 discu-

2113 2693 2289 2764 tiens,
2326 2711 2358 2748 a
2397 2694 2662 2750 veritatis
2720 2694 2958 2750 tramite
3007 2695 3271 2753 deviares
3304 2716 3318 2754 :
3351 2703 3635 2771 praevenit
3685 2706 3775 2761 in-

2114 2787 2348 2838 struens
2379 2799 2486 2838 nos
2519 2784 2828 2848 doctrinis,
2859 2789 2916 2840 et
2953 2785 3169 2839 animis
3211 2788 3450 2856 nostris,
3484 2795 3772 2861 tanquam

2114 2869 2485 2942 signaculum
2533 2870 2841 2940 cujusdam
2885 2870 3167 2926 custodiae
3196 2872 3401 2945 ﬁgens,
3436 2879 3768 2934 venerabile

2112 2974 2247 3014 mox
2276 2959 2377 3014 Dei
2409 2975 2622 3014 nomen
2663 2959 2911 3015 inseruit
2939 2959 3142 3015 dicens
3173 2976 3186 3014 :
3222 2962 3282 3016 In
3309 2964 3587 3035 principio
3631 2969 3766 3036 fecit

2113 3053 2273 3104 Deus.
2308 3049 2492 3120 Igitur
2521 3049 2692 3104 beata
2731 3053 2963 3114 natura,
2993 3053 3050 3104 et
3078 3049 3356 3121 opulenta
3385 3052 3640 3122 bonitas,
3675 3056 3767 3110 di-

2107 3136 2552 3209 lectissimaque
2585 3137 2816 3193 cunctis
2845 3136 3131 3194 rationem
3173 3138 3551 3212 habentibus,
3579 3159 3646 3198 ac
3677 3143 3770 3198 ni-

2109 3227 2296 3282 mium
2317 3227 2627 3282 carissima
2644 3225 3044 3298 pulchritudo,
3060 3227 3336 3300 princeps
3353 3230 3622 3286 omnium
3640 3249 3770 3304 qua:

2109 3322 2270 3387 sunt,
2291 3317 2419 3371 fons
2441 3316 2682 3388 vitae,(h)
2702 3315 3076 3388 intelligibile
3095 3316 3316 3382 lumen,
3342 3319 3771 3378 inaccessibilis

2109 3406 2421 3477 sapientia,
2452 3408 2570 3478 Ipse
2596 3407 2735 3476 fecit
2764 3407 2822 3460 in
2850 3406 3127 3477 principio
3156 3407 3352 3461 acetum
3381 3413 3435 3463 et
3467 3416 3694 3465 terram.

2177 3495 2228 3550 3.
2252 3495 2376 3550 Non
2401 3512 2533 3566 ergo
2561 3495 2772 3550 infecta
2795 3511 2924 3550 esse
2945 3494 3033 3550 vel
3063 3495 3393 3566 improvida
3415 3513 3545 3568 quae
3561 3499 3729 3554 viden
3745 3532 3768 3543 -

2105 3589 2201 3640 tur
2224 3585 2504 3656 opineris,
2521 3602 2553 3640 o
2574 3584 2782 3652 homo;
2817 3601 2921 3640 nec
2943 3584 3082 3655 quia
3101 3584 3324 3639 circum
3344 3589 3401 3641 te
3422 3587 3770 3644 discurrunt

2104 3691 2172 3730 ea
2203 3691 2330 3746 quas
2365 3677 2671 3730 moventur
2707 3673 2769 3729 in
2803 3673 2977 3741 ccelo;
3011 3689 3116 3729 nec
3147 3675 3303 3744 quod
3345 3675 3534 3746 ipsius
3564 3677 3766 3733 circuli

2104 3764 2338 3820 initium
2352 3767 2572 3831 ,nostro
2591 3763 2791 3818 sensui
2811 3762 3338 3834 comprehensibile
3356 3779 3471 3818 non
3491 3764 3763 3836 habetur,

2103 3854 2322 3910 idcirco
2347 3853 2474 3909 sine
2498 3852 2784 3924 principio
2803 3869 2931 3908 esse
2946 3851 3308 3908 vertibilium
3327 3868 3638 3924 corporum
3661 3872 3764 3910 na-

2101 3952 2233 3999 tura
2253 3943 2545 3998 credenda
2570 3942 2888 4014 est.Neque
2909 3941 3062 3997 enim
3085 3942 3242 3996 orbis
3263 3939 3396 4012 iste,
3423 3941 3481 3996 id
3504 3947 3612 4008 est,
3637 3943 3759 4015 pla-

2101 4051 2242 4089 num
2267 4033 2375 4088 hoc
2399 4032 2840 4102 rotundumque
2863 4030 3292 4102 schema,quod
3317 4031 3427 4086 sub
3462 4048 3577 4086 uno
3610 4049 3756 4103 pun-

2099 4129 2190 4179 cto
2205 4120 2707 4192 continetur,quia
2723 4125 2990 4176 nostrum
3005 4118 3240 4190 diffugit
3255 4118 3637 4190 intellectum,
3650 4137 3756 4176 nec

2101 4213 2256 4267 unde
2276 4209 2538 4282 coeperit,
2554 4213 2656 4265 aut
2676 4224 2791 4280 quo
2816 4207 3088 4263 reciderit
3114 4223 3436 4278 possumus
3461 4207 3720 4264 invenire
3745 4227 3758 4265 :

2098 4303 2169 4357 ob
2204 4304 2315 4356 hoc
2341 4298 2518 4355 etiam
2549 4314 2665 4353 non
2698 4312 2829 4353 esse
2860 4294 3250 4367 compositum
3283 4295 3568 4352 debemus
3599 4313 3764 4353 asse-

2098 4407 2244 4459 rere,
2263 4394 2364 4445 aut
2385 4388 2526 4461 quia
2545 4403 2758 4443 sensus
2785 4385 3026 4442 omnino
3058 4388 3291 4440 nostros
3321 4384 3596 4456 elabitur,
3628 4386 3760 4442 ideo

2095 4608 2225 4662 dam
2254 4605 2525 4661 mundum
2567 4604 2983 4659 arbitrarentur
3013 4618 3032 4657 :
3064 4602 3218 4672 quod
3272 4616 3406 4655 cum
3448 4598 3760 4672 scriberet,

2099 4697 2214 4735 non
2248 4679 2392 4734 satis
2434 4676 2684 4731 attendit
2732 4676 2800 4729 ad
2852 4673 2991 4746 vim,
3020 4671 3179 4728 vocis
3226 4675 3456 4746 Graecas,
3492 4671 3755 4746 tivapxcv.

2095 4751 2302 4807 Melius
2333 4749 2514 4821 igitur
2543 4749 2626 4803 sic
2657 4745 3138 4821 interpretabere,
3161 4760 3229 4798 ne
3259 4745 3439 4811 forent
3469 4746 3568 4816 qui
3595 4745 3760 4799 arbi-

2097 4818 2395 4880 trarentur
2421 4821 2692 4876 mundum
2721 4821 2844 4874 sine
2872 4818 3150 4889 principio
3179 4831 3312 4870 esse.

2169 4896 2240 4967 (g)
2272 4891 2762 4967 Editi,iinﬁnitate
2805 4885 2992 4967 potius
3041 4885 3326 4967 excedens.
3361 4889 3437 4942 At
3461 4885 3624 4967 _Colb.
3651 4901 3751 4967 se-

2097 4957 2349 5032 candus,
2379 4957 2660 5036 inﬁnitate
2698 4957 2913 5034 penitus
2961 4961 3246 5022 excedens.
3271 4959 3614 5036 emendate;

2095 5044 2317 5110 quanto
2339 5028 2483 5109 post
2505 5037 2620 5110 duo
2649 5028 2817 5110 mss,
2842 5036 3121 5110 instruens
3149 5031 3549 5110 no_s_doctrina.
3578 5028 3755 5098 Editi,

2096 5101 2371 5167 instruens
2403 5124 2500 5163 nos
2526 5109 2816 5165 doctrinis.
2839 5106 2952 5162 Sed
2979 5105 3097 5177 vim
3118 5104 3279 5177 verbi
3311 5101 3616 5177 πρᾳὲφθασε
3639 5117 3755 5177 non

2093 5183 2236 5239 satis
2265 5180 2552 5254 expressit
2581 5180 2895 5252 interpres.
2929 5176 3130 5234 Malim
3171 5171 3372 5248 igitur,
3403 5171 3501 5230 hoc
3529 5188 3626 5228 nos
3653 5171 3755 5228 do-

2091 5272 2281 5311 sumen
2292 5263 2345 5310 to
2370 5257 2742 5324 praeoccupat.

2166 5328 2240 5398 (h)
2275 5313 2516 5396 Antiqui
2549 5313 2662 5379 duo
2695 5321 2849 5398 libri
2891 5325 2956 5398 Aet
3005 5319 3188 5398 editi,
3218 5313 3608 5398 intetteetibiie
3655 5329 3758 5369 no-

2090 5387 2235 5465 men,
2283 5387 2577 5466 corrupte.
2611 5395 2769 5450 Colb.
2817 5393 3067 5466 primus,
3101 5387 3498 5466 intettectioito
3545 5388 3752 5466 tamen,

2087 5456 2257 5547 recta.
2291 5456 2566 5547 Basilius,
2596 5467 2658 5520 τὸ
2705 5456 3065 5547 νοεέργθῷςζ
3095 5461 3306 5518 Statim
3338 5460 3565 5547 editi-et
3592 5456 3753 5547 ροῃι.

2089 5543 2340 5626 primus,
2375 5529 2588 5612 infacta
2625 5554 2762 5594 esse.
2796 5529 2910 5592 'Alii
2936 5529 3076 5590 'duo
3131 5550 3302 5602 mss.,
3333 5535 3569 5605 infecta,
3599 5529 3754 5613 Sub.-

2089 5615 2224 5670 mde
2285 5613 2446 5671 Colb.
2506 5611 2826 5681 secundu,
2883 5616 3069 5666 nostro
3122 5622 3287 5662 sensu
3349 5607 3754 5676 comprehensi-

2093 5686 2221 5743 bile.
