  <div class='ocr_page' id='page_1' title='image "/cluster/home/n/w/nwhite01/storage/ocr_20150623/30:no.2/coo.31924054873116/451.png"; bbox 0 0 4124 6380; ppageno 0'>
   <div class='ocr_carea' id='block_1_1' title="bbox 342 326 463 387">
    <p class='ocr_par' dir='ltr' id='par_1_1' title="bbox 342 326 463 387">
     <span class='ocr_line' id='line_1_1' title="bbox 342 326 463 387; baseline 0 -2"><span class='ocrx_word' id='word_1_1' title='bbox 342 326 463 387; x_wconf 79' lang='grc'><strong>873</strong></span> 
     </span>
    </p>
   </div>
   <div class='ocr_carea' id='block_1_2' title="bbox 1300 317 2815 386">
    <p class='ocr_par' dir='ltr' id='par_1_2' title="bbox 1300 317 2815 386">
     <span class='ocr_line' id='line_1_2' title="bbox 1300 317 2815 386; baseline -0.001 -1"><span class='ocrx_word' id='word_1_2' title='bbox 1300 323 1695 386; x_wconf 84' lang='lat' dir='ltr'><strong>APPENDIX</strong></span> <span class='ocrx_word' id='word_1_3' title='bbox 1734 319 2063 381; x_wconf 77' lang='lat' dir='ltr'><strong>OPERUM</strong></span> <span class='ocrx_word' id='word_1_4' title='bbox 2102 317 2169 380; x_wconf 89' lang='lat' dir='ltr'><strong>S.</strong></span> <span class='ocrx_word' id='word_1_5' title='bbox 2213 319 2494 381; x_wconf 82' lang='lat' dir='ltr'><strong>BASILII</strong></span> <span class='ocrx_word' id='word_1_6' title='bbox 2542 321 2815 383; x_wconf 82' lang='lat' dir='ltr'><strong>MAGNI.</strong></span> 
     </span>
    </p>
   </div>
   <div class='ocr_carea' id='block_1_3' title="bbox 3662 334 3788 398">
    <p class='ocr_par' dir='ltr' id='par_1_3' title="bbox 3662 334 3788 398">
     <span class='ocr_line' id='line_1_3' title="bbox 3662 334 3788 398; baseline 0.032 -5"><span class='ocrx_word' id='word_1_7' title='bbox 3662 334 3788 398; x_wconf 84' lang='lat'><strong>876</strong></span> 
     </span>
    </p>
   </div>
   <div class='ocr_carea' id='block_1_4' title="bbox 343 451 3779 533">
    <p class='ocr_par' dir='ltr' id='par_1_4' title="bbox 343 451 3779 533">
     <span class='ocr_line' id='line_1_4' title="bbox 343 451 3779 533; baseline 0.003 -19"><span class='ocrx_word' id='word_1_8' title='bbox 343 457 1571 531; x_wconf 78' lang='lat' dir='ltr'><strong>certi.(a)Pariafueruntergoanimantium</strong></span> <span class='ocrx_word' id='word_1_9' title='bbox 1599 455 1996 510; x_wconf 89' lang='lat' dir='ltr'><strong>arbustorum-</strong></span> <span class='ocrx_word' id='word_1_10' title='bbox 2025 452 2079 520; x_wconf 84' lang='grc' dir='ltr'><strong>Α</strong></span> <span class='ocrx_word' id='word_1_11' title='bbox 2107 451 2284 518; x_wconf 84' lang='lat' dir='ltr'><strong>(Rom.</strong></span> <span class='ocrx_word' id='word_1_12' title='bbox 2317 468 2356 517; x_wconf 86' lang='grc' dir='ltr'><strong>ι,</strong></span> <span class='ocrx_word' id='word_1_13' title='bbox 2387 452 2501 523; x_wconf 91' lang='grc'><strong>20).</strong></span> <span class='ocrx_word' id='word_1_14' title='bbox 2546 453 2835 511; x_wconf 79' lang='lat' dir='ltr'><strong>Fortassis</strong></span> <span class='ocrx_word' id='word_1_15' title='bbox 2882 459 3079 513; x_wconf 88' lang='lat' dir='ltr'><strong>autem</strong></span> <span class='ocrx_word' id='word_1_16' title='bbox 3131 463 3372 533; x_wconf 80' lang='lat' dir='ltr'><strong>propter</strong></span> <span class='ocrx_word' id='word_1_17' title='bbox 3415 463 3779 523; x_wconf 91' lang='lat' dir='ltr'><strong>celeritatem</strong></span> 
     </span>
    </p>
   </div>
   <div class='ocr_carea' id='block_1_5' title="bbox 341 543 1998 621">
    <p class='ocr_par' dir='ltr' id='par_1_5' title="bbox 341 543 1998 621">
     <span class='ocr_line' id='line_1_5' title="bbox 341 543 1998 621; baseline -0.005 -17"><span class='ocrx_word' id='word_1_18' title='bbox 341 566 450 619; x_wconf 91' lang='lat' dir='ltr'><strong>que</strong></span> <span class='ocrx_word' id='word_1_19' title='bbox 479 565 744 621; x_wconf 91' lang='lat' dir='ltr'><strong>corpora,</strong></span> <span class='ocrx_word' id='word_1_20' title='bbox 768 553 1054 620; x_wconf 84' lang='lat' dir='ltr'><strong>tanquam</strong></span> <span class='ocrx_word' id='word_1_21' title='bbox 1075 549 1128 601; x_wconf 88' lang='lat' dir='ltr'><strong>vi</strong></span> <span class='ocrx_word' id='word_1_22' title='bbox 1151 545 1463 617; x_wconf 81' lang='lat' dir='ltr'><strong>cujusdam</strong></span> <span class='ocrx_word' id='word_1_23' title='bbox 1494 543 1769 600; x_wconf 89' lang='lat' dir='ltr'><strong>terrentis</strong></span> <span class='ocrx_word' id='word_1_24' title='bbox 1799 543 1872 598; x_wconf 90' lang='lat' dir='ltr'><strong>ad</strong></span> <span class='ocrx_word' id='word_1_25' title='bbox 1897 557 1998 596; x_wconf 89' lang='lat' dir='ltr'><strong>ne-</strong></span> 
     </span>
    </p>
   </div>
   <div class='ocr_carea' id='block_1_6' title="bbox 341 631 1997 709">
    <p class='ocr_par' dir='ltr' id='par_1_6' title="bbox 341 631 1997 709">
     <span class='ocr_line' id='line_1_6' title="bbox 341 631 1997 709; baseline -0.005 -17"><span class='ocrx_word' id='word_1_26' title='bbox 341 638 673 694; x_wconf 73' lang='lat' dir='ltr'><strong>cessitatem</strong></span> <span class='ocrx_word' id='word_1_27' title='bbox 692 638 928 694; x_wconf 80' lang='lat' dir='ltr'><strong>insitam</strong></span> <span class='ocrx_word' id='word_1_28' title='bbox 948 637 1258 709; x_wconf 89' lang='lat' dir='ltr'><strong>relegata,e</strong></span> <span class='ocrx_word' id='word_1_29' title='bbox 1273 635 1382 689; x_wconf 89' lang='lat' dir='ltr'><strong>tilli</strong></span> <span class='ocrx_word' id='word_1_30' title='bbox 1401 633 1582 690; x_wconf 81' lang='lat' dir='ltr'><strong>motui</strong></span> <span class='ocrx_word' id='word_1_31' title='bbox 1601 631 1997 702; x_wconf 90' lang='lat' dir='ltr'><strong>subjecta,qui</strong></span> 
     </span>
    </p>
   </div>
   <div class='ocr_carea' id='block_1_7' title="bbox 341 719 1996 799">
    <p class='ocr_par' dir='ltr' id='par_1_7' title="bbox 341 719 1996 799">
     <span class='ocr_line' id='line_1_7' title="bbox 341 719 1996 799; baseline -0.003 -19"><span class='ocrx_word' id='word_1_32' title='bbox 341 727 411 781; x_wconf 91' lang='lat' dir='ltr'><strong>ad</strong></span> <span class='ocrx_word' id='word_1_33' title='bbox 446 732 612 782; x_wconf 85' lang='lat' dir='ltr'><strong>ortus</strong></span> <span class='ocrx_word' id='word_1_34' title='bbox 643 727 963 799; x_wconf 82' lang='lat' dir='ltr'><strong>obitusque</strong></span> <span class='ocrx_word' id='word_1_35' title='bbox 994 724 1346 796; x_wconf 90' lang='lat' dir='ltr'><strong>perducit,et</strong></span> <span class='ocrx_word' id='word_1_36' title='bbox 1376 739 1446 779; x_wconf 88' lang='lat' dir='ltr'><strong>ex</strong></span> <span class='ocrx_word' id='word_1_37' title='bbox 1474 728 1688 778; x_wconf 86' lang='lat' dir='ltr'><strong>natura</strong></span> <span class='ocrx_word' id='word_1_38' title='bbox 1714 719 1996 792; x_wconf 88' lang='lat' dir='ltr'><strong>temporis</strong></span> 
     </span>
    </p>
   </div>
   <div class='ocr_carea' id='block_1_8' title="bbox 341 807 1996 885">
    <p class='ocr_par' dir='ltr' id='par_1_8' title="bbox 341 807 1996 885">
     <span class='ocr_line' id='line_1_8' title="bbox 341 807 1996 885; baseline -0.006 -15"><span class='ocrx_word' id='word_1_39' title='bbox 341 816 695 880; x_wconf 82' lang='lat' dir='ltr'><strong>continetur,</strong></span> <span class='ocrx_word' id='word_1_40' title='bbox 719 819 1022 885; x_wconf 83' lang='lat' dir='ltr'><strong>cognatam</strong></span> <span class='ocrx_word' id='word_1_41' title='bbox 1057 814 1470 884; x_wconf 85' lang='lat' dir='ltr'><strong>prOprietatem</strong></span> <span class='ocrx_word' id='word_1_42' title='bbox 1496 813 1674 866; x_wconf 85' lang='lat' dir='ltr'><strong>rebus</strong></span> <span class='ocrx_word' id='word_1_43' title='bbox 1696 807 1996 864; x_wconf 88' lang='lat' dir='ltr'><strong>mutabili-</strong></span> 
     </span>
    </p>
   </div>
   <div class='ocr_carea' id='block_1_9' title="bbox 335 899 1996 976">
    <p class='ocr_par' dir='ltr' id='par_1_9' title="bbox 335 899 1996 976">
     <span class='ocr_line' id='line_1_9' title="bbox 335 899 1996 976; baseline -0.006 -16"><span class='ocrx_word' id='word_1_44' title='bbox 335 905 449 960; x_wconf 85' lang='lat' dir='ltr'><strong>bus</strong></span> <span class='ocrx_word' id='word_1_45' title='bbox 468 905 977 976; x_wconf 72' lang='lat' dir='ltr'><strong>possidente.707</strong></span> <span class='ocrx_word' id='word_1_46' title='bbox 996 903 1142 958; x_wconf 87' lang='lat' dir='ltr'><strong>Hinc</strong></span> <span class='ocrx_word' id='word_1_47' title='bbox 1158 906 1584 973; x_wconf 82' lang='lat' dir='ltr'><strong>consequenter</strong></span> <span class='ocrx_word' id='word_1_48' title='bbox 1603 899 1816 955; x_wconf 82' lang='lat' dir='ltr'><strong>relator</strong></span> <span class='ocrx_word' id='word_1_49' title='bbox 1836 913 1996 952; x_wconf 86' lang='lat' dir='ltr'><strong>exor-</strong></span> 
     </span>
    </p>
   </div>
   <div class='ocr_carea' id='block_1_10' title="bbox 336 987 1995 1062">
    <p class='ocr_par' dir='ltr' id='par_1_10' title="bbox 336 987 1995 1062">
     <span class='ocr_line' id='line_1_10' title="bbox 336 987 1995 1062; baseline -0.004 -14"><span class='ocrx_word' id='word_1_50' title='bbox 336 1011 438 1049; x_wconf 86' lang='lat' dir='ltr'><strong>sus</strong></span> <span class='ocrx_word' id='word_1_51' title='bbox 461 998 568 1062; x_wconf 88' lang='lat' dir='ltr'><strong>est,</strong></span> <span class='ocrx_word' id='word_1_52' title='bbox 594 994 902 1049; x_wconf 78' lang='lat' dir='ltr'><strong>manifeste</strong></span> <span class='ocrx_word' id='word_1_53' title='bbox 925 994 993 1048; x_wconf 91' lang='lat' dir='ltr'><strong>de</strong></span> <span class='ocrx_word' id='word_1_54' title='bbox 1016 991 1222 1047; x_wconf 89' lang='lat' dir='ltr'><strong>mundi</strong></span> <span class='ocrx_word' id='word_1_55' title='bbox 1254 991 1689 1046; x_wconf 85' lang='lat' dir='ltr'><strong>constructione</strong></span> <span class='ocrx_word' id='word_1_56' title='bbox 1723 1005 1830 1043; x_wconf 90' lang='lat' dir='ltr'><strong>nos</strong></span> <span class='ocrx_word' id='word_1_57' title='bbox 1853 987 1995 1042; x_wconf 83' lang='lat' dir='ltr'><strong>edo-</strong></span> 
     </span>
    </p>
   </div>
   <div class='ocr_carea' id='block_1_11' title="bbox 330 1077 1988 1152">
    <p class='ocr_par' dir='ltr' id='par_1_11' title="bbox 330 1077 1988 1152">
     <span class='ocr_line' id='line_1_11' title="bbox 330 1077 1988 1152; baseline -0.003 -18"><span class='ocrx_word' id='word_1_58' title='bbox 330 1096 488 1150; x_wconf 88' lang='lat' dir='ltr'><strong>cens,</strong></span> <span class='ocrx_word' id='word_1_59' title='bbox 514 1079 572 1134; x_wconf 89' lang='lat' dir='ltr'><strong>in</strong></span> <span class='ocrx_word' id='word_1_60' title='bbox 609 1080 896 1152; x_wconf 91' lang='lat' dir='ltr'><strong>principio</strong></span> <span class='ocrx_word' id='word_1_61' title='bbox 933 1079 1138 1135; x_wconf 84' lang='lat' dir='ltr'><strong>fecisse</strong></span> <span class='ocrx_word' id='word_1_62' title='bbox 1173 1081 1376 1134; x_wconf 90' lang='lat' dir='ltr'><strong>Deum.</strong></span> <span class='ocrx_word' id='word_1_63' title='bbox 1402 1077 1758 1148; x_wconf 88' lang='lat' dir='ltr'><strong>Principium</strong></span> <span class='ocrx_word' id='word_1_64' title='bbox 1793 1082 1988 1130; x_wconf 83' lang='lat' dir='ltr'><strong>autem</strong></span> 
     </span>
    </p>
   </div>
   <div class='ocr_carea' id='block_1_12' title="bbox 326 1162 1990 1240">
    <p class='ocr_par' dir='ltr' id='par_1_12' title="bbox 326 1162 1990 1240">
     <span class='ocr_line' id='line_1_12' title="bbox 326 1162 1990 1240; baseline -0.004 -18"><span class='ocrx_word' id='word_1_65' title='bbox 326 1172 415 1223; x_wconf 91' lang='lat' dir='ltr'><strong>est</strong></span> <span class='ocrx_word' id='word_1_66' title='bbox 435 1170 588 1240; x_wconf 91' lang='lat' dir='ltr'><strong>quod</strong></span> <span class='ocrx_word' id='word_1_67' title='bbox 613 1169 683 1224; x_wconf 88' lang='lat' dir='ltr'><strong>ad</strong></span> <span class='ocrx_word' id='word_1_68' title='bbox 705 1172 942 1240; x_wconf 88' lang='lat' dir='ltr'><strong>tempus</strong></span> <span class='ocrx_word' id='word_1_69' title='bbox 961 1169 1352 1238; x_wconf 89' lang='lat' dir='ltr'><strong>pertinet,non</strong></span> <span class='ocrx_word' id='word_1_70' title='bbox 1375 1167 1529 1237; x_wconf 91' lang='lat' dir='ltr'><strong>quod</strong></span> <span class='ocrx_word' id='word_1_71' title='bbox 1550 1166 1620 1220; x_wconf 89' lang='lat' dir='ltr'><strong>ad</strong></span> <span class='ocrx_word' id='word_1_72' title='bbox 1640 1165 1712 1235; x_wconf 79' lang='lat' dir='ltr'><strong>(b)</strong></span> <span class='ocrx_word' id='word_1_73' title='bbox 1731 1162 1990 1234; x_wconf 87' lang='lat' dir='ltr'><strong>antiqui-</strong></span> 
     </span>
    </p>
   </div>
   <div class='ocr_carea' id='block_1_13' title="bbox 323 1254 1989 1330">
    <p class='ocr_par' dir='ltr' id='par_1_13' title="bbox 323 1254 1989 1330">
     <span class='ocr_line' id='line_1_13' title="bbox 323 1254 1989 1330; baseline -0.004 -18"><span class='ocrx_word' id='word_1_74' title='bbox 323 1261 504 1312; x_wconf 83' lang='lat' dir='ltr'><strong>tatem</strong></span> <span class='ocrx_word' id='word_1_75' title='bbox 529 1257 790 1330; x_wconf 85' lang='lat' dir='ltr'><strong>respicit,</strong></span> <span class='ocrx_word' id='word_1_76' title='bbox 813 1273 938 1327; x_wconf 64' lang='lat' dir='ltr'><strong>que</strong></span> <span class='ocrx_word' id='word_1_77' title='bbox 955 1262 1044 1312; x_wconf 91' lang='lat' dir='ltr'><strong>est</strong></span> <span class='ocrx_word' id='word_1_78' title='bbox 1064 1258 1338 1312; x_wconf 90' lang='lat' dir='ltr'><strong>omnibus</strong></span> <span class='ocrx_word' id='word_1_79' title='bbox 1362 1256 1535 1311; x_wconf 90' lang='lat' dir='ltr'><strong>rebus</strong></span> <span class='ocrx_word' id='word_1_80' title='bbox 1557 1254 1989 1322; x_wconf 75' lang='lat' dir='ltr'><strong>anterior.Ergo</strong></span> 
     </span>
    </p>
   </div>
   <div class='ocr_carea' id='block_1_14' title="bbox 323 1342 1983 1418">
    <p class='ocr_par' dir='ltr' id='par_1_14' title="bbox 323 1342 1983 1418">
     <span class='ocr_line' id='line_1_14' title="bbox 323 1342 1983 1418; baseline -0.002 -18"><span class='ocrx_word' id='word_1_81' title='bbox 323 1363 438 1401; x_wconf 88' lang='lat' dir='ltr'><strong>non</strong></span> <span class='ocrx_word' id='word_1_82' title='bbox 464 1347 790 1402; x_wconf 89' lang='lat' dir='ltr'><strong>secundum</strong></span> <span class='ocrx_word' id='word_1_83' title='bbox 817 1363 944 1402; x_wconf 91' lang='lat' dir='ltr'><strong>eam</strong></span> <span class='ocrx_word' id='word_1_84' title='bbox 968 1346 1117 1402; x_wconf 82' lang='lat' dir='ltr'><strong>dixit</strong></span> <span class='ocrx_word' id='word_1_85' title='bbox 1139 1348 1200 1401; x_wconf 89' lang='lat' dir='ltr'><strong>In</strong></span> <span class='ocrx_word' id='word_1_86' title='bbox 1227 1347 1503 1418; x_wconf 79' lang='lat' dir='ltr'><strong>principio</strong></span> <span class='ocrx_word' id='word_1_87' title='bbox 1533 1345 1661 1415; x_wconf 71' lang='lat' dir='ltr'><strong>fecit</strong></span> <span class='ocrx_word' id='word_1_88' title='bbox 1693 1343 1856 1409; x_wconf 81' lang='lat' dir='ltr'><strong>Deus,</strong></span> <span class='ocrx_word' id='word_1_89' title='bbox 1881 1342 1983 1397; x_wconf 89' lang='lat' dir='ltr'><strong>sed</strong></span> 
     </span>
    </p>
   </div>
   <div class='ocr_carea' id='block_1_15' title="bbox 324 1435 1983 1508">
    <p class='ocr_par' dir='ltr' id='par_1_15' title="bbox 324 1435 1983 1508">
     <span class='ocr_line' id='line_1_15' title="bbox 324 1435 1983 1508; baseline -0.004 -16"><span class='ocrx_word' id='word_1_90' title='bbox 324 1441 458 1508; x_wconf 90' lang='lat' dir='ltr'><strong>post</strong></span> <span class='ocrx_word' id='word_1_91' title='bbox 478 1436 582 1492; x_wconf 90' lang='lat' dir='ltr'><strong>illa</strong></span> <span class='ocrx_word' id='word_1_92' title='bbox 607 1437 928 1492; x_wconf 83' lang='lat' dir='ltr'><strong>invisibilia</strong></span> <span class='ocrx_word' id='word_1_93' title='bbox 951 1441 1008 1493; x_wconf 91' lang='lat' dir='ltr'><strong>et</strong></span> <span class='ocrx_word' id='word_1_94' title='bbox 1030 1436 1458 1492; x_wconf 80' lang='lat' dir='ltr'><strong>intellectibilia</strong></span> <span class='ocrx_word' id='word_1_95' title='bbox 1478 1435 1713 1490; x_wconf 88' lang='lat' dir='ltr'><strong>initium</strong></span> <span class='ocrx_word' id='word_1_96' title='bbox 1738 1448 1983 1504; x_wconf 83' lang='lat' dir='ltr'><strong>genera-</strong></span> 
     </span>
    </p>
   </div>
   <div class='ocr_carea' id='block_1_16' title="bbox 322 1519 1982 1597">
    <p class='ocr_par' dir='ltr' id='par_1_16' title="bbox 322 1519 1982 1597">
     <span class='ocr_line' id='line_1_16' title="bbox 322 1519 1982 1597; baseline -0.004 -17"><span class='ocrx_word' id='word_1_97' title='bbox 322 1525 503 1581; x_wconf 86' lang='lat' dir='ltr'><strong>tionis</strong></span> <span class='ocrx_word' id='word_1_98' title='bbox 525 1542 727 1582; x_wconf 89' lang='lat' dir='ltr'><strong>eorum</strong></span> <span class='ocrx_word' id='word_1_99' title='bbox 753 1543 878 1597; x_wconf 72' lang='lat' dir='ltr'><strong>quas</strong></span> <span class='ocrx_word' id='word_1_100' title='bbox 901 1529 1244 1590; x_wconf 90' lang='lat' dir='ltr'><strong>cernuntur,</strong></span> <span class='ocrx_word' id='word_1_101' title='bbox 1276 1539 1574 1593; x_wconf 90' lang='lat' dir='ltr'><strong>sensuque</strong></span> <span class='ocrx_word' id='word_1_102' title='bbox 1597 1519 1982 1593; x_wconf 88' lang='lat' dir='ltr'><strong>comprehen-</strong></span> 
     </span>
    </p>
   </div>
   <div class='ocr_carea' id='block_1_17' title="bbox 322 1607 1984 1685">
    <p class='ocr_par' dir='ltr' id='par_1_17' title="bbox 322 1607 1984 1685">
     <span class='ocr_line' id='line_1_17' title="bbox 322 1607 1984 1685; baseline -0.005 -15"><span class='ocrx_word' id='word_1_103' title='bbox 322 1615 1060 1681; x_wconf 89' lang='lat' dir='ltr'><strong>duntur,enarrat.Dicitur</strong></span> <span class='ocrx_word' id='word_1_104' title='bbox 1075 1614 1311 1685; x_wconf 90' lang='lat' dir='ltr'><strong>quidem</strong></span> <span class='ocrx_word' id='word_1_105' title='bbox 1332 1611 1772 1684; x_wconf 89' lang='lat' dir='ltr'><strong>principium,et</strong></span> <span class='ocrx_word' id='word_1_106' title='bbox 1795 1607 1984 1679; x_wconf 89' lang='lat' dir='ltr'><strong>prima</strong></span> 
     </span>
    </p>
   </div>
   <div class='ocr_carea' id='block_1_18' title="bbox 325 1700 1984 1774">
    <p class='ocr_par' dir='ltr' id='par_1_18' title="bbox 325 1700 1984 1774">
     <span class='ocr_line' id='line_1_18' title="bbox 325 1700 1984 1774; baseline -0.005 -16"><span class='ocrx_word' id='word_1_107' title='bbox 325 1703 507 1759; x_wconf 88' lang='lat' dir='ltr'><strong>motio</strong></span> <span class='ocrx_word' id='word_1_108' title='bbox 531 1721 544 1758; x_wconf 89' lang='lat'>:</span> <span class='ocrx_word' id='word_1_109' title='bbox 568 1704 721 1758; x_wconf 89' lang='lat' dir='ltr'><strong>sicut</strong></span> <span class='ocrx_word' id='word_1_110' title='bbox 741 1704 1080 1774; x_wconf 79' lang='lat' dir='ltr'><strong>principium</strong></span> <span class='ocrx_word' id='word_1_111' title='bbox 1106 1704 1242 1757; x_wconf 82' lang='lat' dir='ltr'><strong>recti</strong></span> <span class='ocrx_word' id='word_1_112' title='bbox 1268 1703 1489 1757; x_wconf 84' lang='lat' dir='ltr'><strong>itineris</strong></span> <span class='ocrx_word' id='word_1_113' title='bbox 1515 1709 1596 1754; x_wconf 83' lang='lat' dir='ltr'><strong>est</strong></span> <span class='ocrx_word' id='word_1_114' title='bbox 1628 1701 1772 1760; x_wconf 82' lang='lat' dir='ltr'><strong>iusta</strong></span> <span class='ocrx_word' id='word_1_115' title='bbox 1799 1700 1984 1767; x_wconf 83' lang='lat' dir='ltr'><strong>facere</strong></span> 
     </span>
    </p>
   </div>
   <div class='ocr_carea' id='block_1_19' title="bbox 325 1784 1980 1862">
    <p class='ocr_par' dir='ltr' id='par_1_19' title="bbox 325 1784 1980 1862">
     <span class='ocr_line' id='line_1_19' title="bbox 325 1784 1980 1862; baseline -0.004 -16"><span class='ocrx_word' id='word_1_116' title='bbox 325 1794 507 1861; x_wconf 85' lang='lat' dir='ltr'><strong>(Prov.</strong></span> <span class='ocrx_word' id='word_1_117' title='bbox 526 1808 641 1856; x_wconf 73' lang='lat' dir='ltr'><strong>xvr,</strong></span> <span class='ocrx_word' id='word_1_118' title='bbox 663 1794 739 1862; x_wconf 86' lang='lat'><strong>5).</strong></span> <span class='ocrx_word' id='word_1_119' title='bbox 765 1791 1042 1862; x_wconf 86' lang='lat' dir='ltr'><strong>Exjustis</strong></span> <span class='ocrx_word' id='word_1_120' title='bbox 1067 1792 1222 1847; x_wconf 90' lang='lat' dir='ltr'><strong>enim</strong></span> <span class='ocrx_word' id='word_1_121' title='bbox 1256 1791 1530 1862; x_wconf 88' lang='lat' dir='ltr'><strong>operibus</strong></span> <span class='ocrx_word' id='word_1_122' title='bbox 1561 1787 1879 1843; x_wconf 87' lang='lat' dir='ltr'><strong>incitamur</strong></span> <span class='ocrx_word' id='word_1_123' title='bbox 1907 1784 1980 1840; x_wconf 89' lang='lat' dir='ltr'><strong>ad</strong></span> 
     </span>
    </p>
   </div>
   <div class='ocr_carea' id='block_1_20' title="bbox 323 1873 1979 1950">
    <p class='ocr_par' dir='ltr' id='par_1_20' title="bbox 323 1873 1979 1950">
     <span class='ocr_line' id='line_1_20' title="bbox 323 1873 1979 1950; baseline -0.004 -15"><span class='ocrx_word' id='word_1_124' title='bbox 323 1881 492 1937; x_wconf 87' lang='lat' dir='ltr'><strong>beate</strong></span> <span class='ocrx_word' id='word_1_125' title='bbox 519 1880 852 1936; x_wconf 82' lang='lat' dir='ltr'><strong>vivendum.</strong></span> <span class='ocrx_word' id='word_1_126' title='bbox 888 1881 1108 1936; x_wconf 91' lang='lat' dir='ltr'><strong>Dicitur</strong></span> <span class='ocrx_word' id='word_1_127' title='bbox 1133 1881 1311 1936; x_wconf 80' lang='lat' dir='ltr'><strong>etiam</strong></span> <span class='ocrx_word' id='word_1_128' title='bbox 1343 1878 1700 1950; x_wconf 88' lang='lat' dir='ltr'><strong>principium</strong></span> <span class='ocrx_word' id='word_1_129' title='bbox 1730 1877 1859 1946; x_wconf 87' lang='lat' dir='ltr'><strong>ejus</strong></span> <span class='ocrx_word' id='word_1_130' title='bbox 1897 1873 1979 1928; x_wconf 90' lang='lat' dir='ltr'><strong>rei</strong></span> 
     </span>
    </p>
   </div>
   <div class='ocr_carea' id='block_1_21' title="bbox 324 1964 1976 2042">
    <p class='ocr_par' dir='ltr' id='par_1_21' title="bbox 324 1964 1976 2042">
     <span class='ocr_line' id='line_1_21' title="bbox 324 1964 1976 2042; baseline -0.002 -18"><span class='ocrx_word' id='word_1_131' title='bbox 324 1986 450 2042; x_wconf 73' lang='lat' dir='ltr'><strong>quis</strong></span> <span class='ocrx_word' id='word_1_132' title='bbox 469 1970 533 2025; x_wconf 87' lang='lat' dir='ltr'><strong>ﬁt</strong></span> <span class='ocrx_word' id='word_1_133' title='bbox 549 1986 616 2025; x_wconf 90' lang='lat' dir='ltr'><strong>ex</strong></span> <span class='ocrx_word' id='word_1_134' title='bbox 635 1969 833 2039; x_wconf 85' lang='lat' dir='ltr'><strong>aliqua</strong></span> <span class='ocrx_word' id='word_1_135' title='bbox 855 1970 922 2040; x_wconf 84' lang='lat' dir='ltr'><strong>(c)</strong></span> <span class='ocrx_word' id='word_1_136' title='bbox 941 1969 1304 2025; x_wconf 88' lang='lat' dir='ltr'><strong>subsitente</strong></span> <span class='ocrx_word' id='word_1_137' title='bbox 1324 1968 1592 2037; x_wconf 89' lang='lat' dir='ltr'><strong>materia,</strong></span> <span class='ocrx_word' id='word_1_138' title='bbox 1615 1967 1771 2022; x_wconf 90' lang='lat' dir='ltr'><strong>sicut</strong></span> <span class='ocrx_word' id='word_1_139' title='bbox 1792 1965 1850 2018; x_wconf 89' lang='lat' dir='ltr'><strong>in</strong></span> <span class='ocrx_word' id='word_1_140' title='bbox 1873 1964 1976 2020; x_wconf 86' lang='lat' dir='ltr'><strong>do-</strong></span> 
     </span>
    </p>
   </div>
   <div class='ocr_carea' id='block_1_22' title="bbox 318 2054 1978 2123">
    <p class='ocr_par' dir='ltr' id='par_1_22' title="bbox 318 2054 1978 2123">
     <span class='ocr_line' id='line_1_22' title="bbox 318 2054 1978 2123; baseline -0.004 -10"><span class='ocrx_word' id='word_1_141' title='bbox 318 2058 516 2114; x_wconf 89' lang='lat' dir='ltr'><strong>mibus</strong></span> <span class='ocrx_word' id='word_1_142' title='bbox 529 2058 1066 2120; x_wconf 84' lang='lat' dir='ltr'><strong>fundamentum,in</strong></span> <span class='ocrx_word' id='word_1_143' title='bbox 1084 2057 1332 2112; x_wconf 90' lang='lat' dir='ltr'><strong>navibus</strong></span> <span class='ocrx_word' id='word_1_144' title='bbox 1343 2059 1630 2123; x_wconf 90' lang='lat' dir='ltr'><strong>carina,et</strong></span> <span class='ocrx_word' id='word_1_145' title='bbox 1649 2054 1978 2110; x_wconf 90' lang='lat' dir='ltr'><strong>secundum</strong></span> 
     </span>
    </p>
   </div>
   <div class='ocr_carea' id='block_1_23' title="bbox 318 2142 1981 2219">
    <p class='ocr_par' dir='ltr' id='par_1_23' title="bbox 318 2142 1981 2219">
     <span class='ocr_line' id='line_1_23' title="bbox 318 2142 1981 2219; baseline -0.004 -17"><span class='ocrx_word' id='word_1_146' title='bbox 318 2147 472 2219; x_wconf 91' lang='lat' dir='ltr'><strong>quod</strong></span> <span class='ocrx_word' id='word_1_147' title='bbox 524 2147 746 2203; x_wconf 87' lang='lat' dir='ltr'><strong>dictum</strong></span> <span class='ocrx_word' id='word_1_148' title='bbox 789 2151 879 2202; x_wconf 89' lang='lat' dir='ltr'><strong>est</strong></span> <span class='ocrx_word' id='word_1_149' title='bbox 920 2165 934 2202; x_wconf 92' lang='lat'><strong>:</strong></span> <span class='ocrx_word' id='word_1_150' title='bbox 971 2149 1201 2202; x_wconf 86' lang='lat' dir='ltr'><strong>Initium</strong></span> <span class='ocrx_word' id='word_1_151' title='bbox 1235 2147 1521 2217; x_wconf 54' lang='lat' dir='ltr'><strong>sapientia</strong></span> <span class='ocrx_word' id='word_1_152' title='bbox 1553 2147 1724 2200; x_wconf 89' lang='lat' dir='ltr'><strong>timor</strong></span> <span class='ocrx_word' id='word_1_153' title='bbox 1763 2142 1981 2198; x_wconf 77' lang='lat' dir='ltr'><strong>Domini</strong></span> 
     </span>
    </p>
   </div>
   <div class='ocr_carea' id='block_1_24' title="bbox 317 2231 1980 2308">
    <p class='ocr_par' dir='ltr' id='par_1_24' title="bbox 317 2231 1980 2308">
     <span class='ocr_line' id='line_1_24' title="bbox 317 2231 1980 2308; baseline -0.004 -17"><span class='ocrx_word' id='word_1_154' title='bbox 317 2239 498 2304; x_wconf 86' lang='lat' dir='ltr'><strong>(Prov.</strong></span> <span class='ocrx_word' id='word_1_155' title='bbox 524 2253 566 2304; x_wconf 83' lang='grc' dir='ltr'><strong>ι,</strong></span> <span class='ocrx_word' id='word_1_156' title='bbox 585 2239 662 2306; x_wconf 90' lang='grc'><strong>7).</strong></span> <span class='ocrx_word' id='word_1_157' title='bbox 691 2236 920 2292; x_wconf 87' lang='lat' dir='ltr'><strong>Etenim</strong></span> <span class='ocrx_word' id='word_1_158' title='bbox 951 2241 1234 2308; x_wconf 88' lang='lat' dir='ltr'><strong>tanquam</strong></span> <span class='ocrx_word' id='word_1_159' title='bbox 1267 2235 1704 2291; x_wconf 87' lang='lat' dir='ltr'><strong>munimentum</strong></span> <span class='ocrx_word' id='word_1_160' title='bbox 1727 2238 1784 2288; x_wconf 89' lang='lat' dir='ltr'><strong>et</strong></span> <span class='ocrx_word' id='word_1_161' title='bbox 1806 2231 1980 2287; x_wconf 84' lang='lat' dir='ltr'><strong>fulci-</strong></span> 
     </span>
    </p>
   </div>
   <div class='ocr_carea' id='block_1_25' title="bbox 317 2323 1981 2395">
    <p class='ocr_par' dir='ltr' id='par_1_25' title="bbox 317 2323 1981 2395">
     <span class='ocr_line' id='line_1_25' title="bbox 317 2323 1981 2395; baseline -0.004 -15"><span class='ocrx_word' id='word_1_162' title='bbox 317 2328 584 2380; x_wconf 88' lang='lat' dir='ltr'><strong>mentum</strong></span> <span class='ocrx_word' id='word_1_163' title='bbox 627 2325 922 2395; x_wconf 82' lang='lat' dir='ltr'><strong>quoddam</strong></span> <span class='ocrx_word' id='word_1_164' title='bbox 963 2327 1034 2380; x_wconf 81' lang='lat' dir='ltr'><strong>ad</strong></span> <span class='ocrx_word' id='word_1_165' title='bbox 1081 2324 1218 2380; x_wconf 88' lang='lat' dir='ltr'><strong>ﬁdei</strong></span> <span class='ocrx_word' id='word_1_166' title='bbox 1268 2325 1606 2380; x_wconf 84' lang='lat' dir='ltr'><strong>firmitatem</strong></span> <span class='ocrx_word' id='word_1_167' title='bbox 1676 2323 1981 2393; x_wconf 63' lang='lat' dir='ltr'><strong>prafertur</strong></span> 
     </span>
    </p>
   </div>
   <div class='ocr_carea' id='block_1_26' title="bbox 321 2410 1983 2486">
    <p class='ocr_par' dir='ltr' id='par_1_26' title="bbox 321 2410 1983 2486">
     <span class='ocr_line' id='line_1_26' title="bbox 321 2410 1983 2486; baseline -0.004 -17"><span class='ocrx_word' id='word_1_168' title='bbox 321 2429 556 2486; x_wconf 86' lang='lat' dir='ltr'><strong>semper</strong></span> <span class='ocrx_word' id='word_1_169' title='bbox 573 2430 707 2468; x_wconf 91' lang='lat' dir='ltr'><strong>cum</strong></span> <span class='ocrx_word' id='word_1_170' title='bbox 730 2414 941 2469; x_wconf 88' lang='lat' dir='ltr'><strong>timore</strong></span> <span class='ocrx_word' id='word_1_171' title='bbox 962 2413 1303 2486; x_wconf 88' lang='lat' dir='ltr'><strong>religio.Sed</strong></span> <span class='ocrx_word' id='word_1_172' title='bbox 1325 2418 1383 2468; x_wconf 88' lang='lat' dir='ltr'><strong>et</strong></span> <span class='ocrx_word' id='word_1_173' title='bbox 1403 2410 1824 2468; x_wconf 88' lang='lat' dir='ltr'><strong>structibilium</strong></span> <span class='ocrx_word' id='word_1_174' title='bbox 1849 2423 1983 2478; x_wconf 92' lang='lat' dir='ltr'><strong>ope-</strong></span> 
     </span>
    </p>
   </div>
   <div class='ocr_carea' id='block_1_27' title="bbox 320 2499 1978 2574">
    <p class='ocr_par' dir='ltr' id='par_1_27' title="bbox 320 2499 1978 2574">
     <span class='ocr_line' id='line_1_27' title="bbox 320 2499 1978 2574; baseline -0.004 -17"><span class='ocrx_word' id='word_1_175' title='bbox 320 2519 452 2558; x_wconf 89' lang='lat' dir='ltr'><strong>rum</strong></span> <span class='ocrx_word' id='word_1_176' title='bbox 471 2502 662 2574; x_wconf 90' lang='lat' dir='ltr'><strong>prima</strong></span> <span class='ocrx_word' id='word_1_177' title='bbox 686 2520 819 2574; x_wconf 89' lang='lat' dir='ltr'><strong>pars</strong></span> <span class='ocrx_word' id='word_1_178' title='bbox 843 2503 1202 2574; x_wconf 86' lang='lat' dir='ltr'><strong>principium</strong></span> <span class='ocrx_word' id='word_1_179' title='bbox 1225 2508 1602 2572; x_wconf 89' lang='lat' dir='ltr'><strong>nuncupatur</strong></span> <span class='ocrx_word' id='word_1_180' title='bbox 1643 2516 1657 2554; x_wconf 86' lang='lat'>:</span> <span class='ocrx_word' id='word_1_181' title='bbox 1703 2499 1857 2555; x_wconf 86' lang='lat' dir='ltr'><strong>sicut</strong></span> <span class='ocrx_word' id='word_1_182' title='bbox 1885 2515 1978 2552; x_wconf 87' lang='lat' dir='ltr'><strong>sa-</strong></span> 
     </span>
    </p>
   </div>
   <div class='ocr_carea' id='block_1_28' title="bbox 322 2589 1981 2663">
    <p class='ocr_par' dir='ltr' id='par_1_28' title="bbox 322 2589 1981 2663">
     <span class='ocr_line' id='line_1_28' title="bbox 322 2589 1981 2663; baseline -0.002 -18"><span class='ocrx_word' id='word_1_183' title='bbox 322 2591 543 2663; x_wconf 88' lang='lat' dir='ltr'><strong>pientia</strong></span> <span class='ocrx_word' id='word_1_184' title='bbox 580 2591 876 2648; x_wconf 89' lang='lat' dir='ltr'><strong>Beselehel</strong></span> <span class='ocrx_word' id='word_1_185' title='bbox 917 2607 1057 2663; x_wconf 89' lang='lat' dir='ltr'><strong>erga</strong></span> <span class='ocrx_word' id='word_1_186' title='bbox 1100 2589 1464 2646; x_wconf 85' lang='lat' dir='ltr'><strong>tabernaculi</strong></span> <span class='ocrx_word' id='word_1_187' title='bbox 1495 2591 1695 2645; x_wconf 90' lang='lat' dir='ltr'><strong>decus.</strong></span> <span class='ocrx_word' id='word_1_188' title='bbox 1728 2593 1981 2643; x_wconf 86' lang='lat' dir='ltr'><strong>Actuum</strong></span> 
     </span>
    </p>
   </div>
   <div class='ocr_carea' id='block_1_29' title="bbox 325 2680 1980 2753">
    <p class='ocr_par' dir='ltr' id='par_1_29' title="bbox 325 2680 1980 2753">
     <span class='ocr_line' id='line_1_29' title="bbox 325 2680 1980 2753; baseline -0.001 -18"><span class='ocrx_word' id='word_1_189' title='bbox 325 2697 561 2752; x_wconf 91' lang='lat' dir='ltr'><strong>quoque</strong></span> <span class='ocrx_word' id='word_1_190' title='bbox 592 2682 658 2735; x_wconf 87' lang='lat' dir='ltr'><strong>ﬁt</strong></span> <span class='ocrx_word' id='word_1_191' title='bbox 686 2680 1033 2753; x_wconf 90' lang='lat' dir='ltr'><strong>plerumque</strong></span> <span class='ocrx_word' id='word_1_192' title='bbox 1065 2680 1418 2751; x_wconf 91' lang='lat' dir='ltr'><strong>principium</strong></span> <span class='ocrx_word' id='word_1_193' title='bbox 1451 2681 1641 2734; x_wconf 89' lang='lat' dir='ltr'><strong>bonus</strong></span> <span class='ocrx_word' id='word_1_194' title='bbox 1674 2680 1866 2734; x_wconf 85' lang='lat' dir='ltr'><strong>exitus</strong></span> <span class='ocrx_word' id='word_1_195' title='bbox 1888 2680 1980 2734; x_wconf 88' lang='lat' dir='ltr'><strong>in-</strong></span> 
     </span>
    </p>
   </div>
   <div class='ocr_carea' id='block_1_30' title="bbox 323 2768 1982 2843">
    <p class='ocr_par' dir='ltr' id='par_1_30' title="bbox 323 2768 1982 2843">
     <span class='ocr_line' id='line_1_30' title="bbox 323 2768 1982 2843; baseline -0.002 -17"><span class='ocrx_word' id='word_1_196' title='bbox 323 2774 624 2843; x_wconf 90' lang='lat' dir='ltr'><strong>ceptorum</strong></span> <span class='ocrx_word' id='word_1_197' title='bbox 651 2787 665 2825; x_wconf 87' lang='lat'><strong>:</strong></span> <span class='ocrx_word' id='word_1_198' title='bbox 699 2770 852 2826; x_wconf 91' lang='lat' dir='ltr'><strong>sicut</strong></span> <span class='ocrx_word' id='word_1_199' title='bbox 877 2769 939 2825; x_wconf 89' lang='lat' dir='ltr'><strong>in</strong></span> <span class='ocrx_word' id='word_1_200' title='bbox 969 2769 1239 2842; x_wconf 82' lang='lat' dir='ltr'><strong>largitate</strong></span> <span class='ocrx_word' id='word_1_201' title='bbox 1269 2768 1982 2838; x_wconf 69' lang='lat' dir='ltr'><strong>misericordiae,sequitur</strong></span> 
     </span>
    </p>
   </div>
   <div class='ocr_carea' id='block_1_31' title="bbox 322 2857 1980 2932">
    <p class='ocr_par' dir='ltr' id='par_1_31' title="bbox 322 2857 1980 2932">
     <span class='ocr_line' id='line_1_31' title="bbox 322 2857 1980 2932; baseline -0.001 -18"><span class='ocrx_word' id='word_1_202' title='bbox 322 2859 682 2932; x_wconf 90' lang='lat' dir='ltr'><strong>prosperitas</strong></span> <span class='ocrx_word' id='word_1_203' title='bbox 707 2859 830 2930; x_wconf 88' lang='lat' dir='ltr'><strong>Dei,</strong></span> <span class='ocrx_word' id='word_1_204' title='bbox 853 2862 910 2914; x_wconf 93' lang='lat' dir='ltr'><strong>et</strong></span> <span class='ocrx_word' id='word_1_205' title='bbox 937 2858 997 2914; x_wconf 91' lang='lat' dir='ltr'><strong>in</strong></span> <span class='ocrx_word' id='word_1_206' title='bbox 1026 2858 1362 2931; x_wconf 88' lang='lat' dir='ltr'><strong>operatione</strong></span> <span class='ocrx_word' id='word_1_207' title='bbox 1391 2857 1698 2924; x_wconf 81' lang='lat' dir='ltr'><strong>virtutum,</strong></span> <span class='ocrx_word' id='word_1_208' title='bbox 1724 2857 1858 2912; x_wconf 88' lang='lat' dir='ltr'><strong>ﬁnis</strong></span> <span class='ocrx_word' id='word_1_209' title='bbox 1881 2857 1980 2913; x_wconf 94' lang='lat' dir='ltr'><strong>ille</strong></span> 
     </span>
    </p>
   </div>
   <div class='ocr_carea' id='block_1_32' title="bbox 315 2946 1743 3020">
    <p class='ocr_par' dir='ltr' id='par_1_32' title="bbox 315 2946 1743 3020">
     <span class='ocr_line' id='line_1_32' title="bbox 315 2946 1743 3020; baseline -0.001 -17"><span class='ocrx_word' id='word_1_210' title='bbox 315 2949 590 3015; x_wconf 88' lang='lat' dir='ltr'><strong>habetur,</strong></span> <span class='ocrx_word' id='word_1_211' title='bbox 623 2947 724 3020; x_wconf 87' lang='lat' dir='ltr'><strong>qui</strong></span> <span class='ocrx_word' id='word_1_212' title='bbox 756 2949 814 3004; x_wconf 89' lang='lat' dir='ltr'><strong>in</strong></span> <span class='ocrx_word' id='word_1_213' title='bbox 847 2949 1344 3020; x_wconf 89' lang='lat' dir='ltr'><strong>promissionibus</strong></span> <span class='ocrx_word' id='word_1_214' title='bbox 1375 2951 1467 3003; x_wconf 92' lang='lat' dir='ltr'><strong>est</strong></span> <span class='ocrx_word' id='word_1_215' title='bbox 1496 2946 1743 3003; x_wconf 90' lang='lat' dir='ltr'><strong>locatus.</strong></span> 
     </span>
    </p>
   </div>
   <div class='ocr_carea' id='block_1_33' title="bbox 383 3035 1976 3109">
    <p class='ocr_par' dir='ltr' id='par_1_33' title="bbox 383 3035 1976 3109">
     <span class='ocr_line' id='line_1_33' title="bbox 383 3035 1976 3109; baseline -0.001 -17"><span class='ocrx_word' id='word_1_216' title='bbox 383 3039 442 3095; x_wconf 87' lang='lat'><strong>6.</strong></span> <span class='ocrx_word' id='word_1_217' title='bbox 479 3037 674 3094; x_wconf 90' lang='lat' dir='ltr'><strong>Toties</strong></span> <span class='ocrx_word' id='word_1_218' title='bbox 706 3039 886 3109; x_wconf 83' lang='lat' dir='ltr'><strong>igitur</strong></span> <span class='ocrx_word' id='word_1_219' title='bbox 916 3037 1218 3092; x_wconf 90' lang='lat' dir='ltr'><strong>nominato</strong></span> <span class='ocrx_word' id='word_1_220' title='bbox 1250 3037 1560 3108; x_wconf 84' lang='lat' dir='ltr'><strong>principio,</strong></span> <span class='ocrx_word' id='word_1_221' title='bbox 1590 3036 1896 3092; x_wconf 90' lang='lat' dir='ltr'><strong>considera</strong></span> <span class='ocrx_word' id='word_1_222' title='bbox 1925 3035 1976 3092; x_wconf 92' lang='lat' dir='ltr'><strong>si</strong></span> 
     </span>
    </p>
   </div>
   <div class='ocr_carea' id='block_1_34' title="bbox 313 3125 1975 3196">
    <p class='ocr_par' dir='ltr' id='par_1_34' title="bbox 313 3125 1975 3196">
     <span class='ocr_line' id='line_1_34' title="bbox 313 3125 1975 3196; baseline -0.001 -14"><span class='ocrx_word' id='word_1_223' title='bbox 313 3143 432 3182; x_wconf 89' lang='lat' dir='ltr'><strong>non</strong></span> <span class='ocrx_word' id='word_1_224' title='bbox 465 3141 724 3196; x_wconf 60' lang='lat' dir='ltr'><strong>presens</strong></span> <span class='ocrx_word' id='word_1_225' title='bbox 762 3143 871 3182; x_wconf 88' lang='lat' dir='ltr'><strong>vox</strong></span> <span class='ocrx_word' id='word_1_226' title='bbox 927 3127 1206 3182; x_wconf 90' lang='lat' dir='ltr'><strong>omnibus</strong></span> <span class='ocrx_word' id='word_1_227' title='bbox 1251 3125 1601 3196; x_wconf 88' lang='lat' dir='ltr'><strong>signiﬁcatis</strong></span> <span class='ocrx_word' id='word_1_228' title='bbox 1657 3125 1975 3180; x_wconf 87' lang='lat' dir='ltr'><strong>acoomoda</strong></span> 
     </span>
    </p>
   </div>
   <div class='ocr_carea' id='block_1_35' title="bbox 2109 542 3781 622">
    <p class='ocr_par' dir='ltr' id='par_1_35' title="bbox 2109 542 3781 622">
     <span class='ocr_line' id='line_1_35' title="bbox 2109 542 3781 622; baseline 0.011 -28"><span class='ocrx_word' id='word_1_229' title='bbox 2109 545 2409 608; x_wconf 69' lang='lat' dir='ltr'><strong>creaturas,</strong></span> <span class='ocrx_word' id='word_1_230' title='bbox 2429 558 2553 612; x_wconf 63' lang='lat' dir='ltr'><strong>qua:</strong></span> <span class='ocrx_word' id='word_1_231' title='bbox 2575 542 2700 598; x_wconf 87' lang='lat' dir='ltr'><strong>sine</strong></span> <span class='ocrx_word' id='word_1_232' title='bbox 2725 543 2842 600; x_wconf 88' lang='lat' dir='ltr'><strong>ulle</strong></span> <span class='ocrx_word' id='word_1_233' title='bbox 2864 552 3164 603; x_wconf 89' lang='lat' dir='ltr'><strong>momento</strong></span> <span class='ocrx_word' id='word_1_234' title='bbox 3188 552 3471 622; x_wconf 85' lang='lat' dir='ltr'><strong>temporis</strong></span> <span class='ocrx_word' id='word_1_235' title='bbox 3493 561 3585 610; x_wconf 88' lang='lat' dir='ltr'><strong>est</strong></span> <span class='ocrx_word' id='word_1_236' title='bbox 3605 572 3781 614; x_wconf 91' lang='lat' dir='ltr'><strong>cons-</strong></span> 
     </span>
    </p>
   </div>
   <div class='ocr_carea' id='block_1_36' title="bbox 2106 630 3780 712">
    <p class='ocr_par' dir='ltr' id='par_1_36' title="bbox 2106 630 3780 712">
     <span class='ocr_line' id='line_1_36' title="bbox 2106 630 3780 712; baseline 0.012 -30"><span class='ocrx_word' id='word_1_237' title='bbox 2106 633 2321 695; x_wconf 88' lang='lat' dir='ltr'><strong>tructa,</strong></span> <span class='ocrx_word' id='word_1_238' title='bbox 2356 630 2578 686; x_wconf 91' lang='lat' dir='ltr'><strong>dictum</strong></span> <span class='ocrx_word' id='word_1_239' title='bbox 2609 638 2736 687; x_wconf 87' lang='lat' dir='ltr'><strong>est:</strong></span> <span class='ocrx_word' id='word_1_240' title='bbox 2771 635 2833 688; x_wconf 88' lang='lat' dir='ltr'><strong>In</strong></span> <span class='ocrx_word' id='word_1_241' title='bbox 2863 636 3142 707; x_wconf 88' lang='lat' dir='ltr'><strong>principio</strong></span> <span class='ocrx_word' id='word_1_242' title='bbox 3171 639 3302 707; x_wconf 80' lang='lat' dir='ltr'><strong>fecit</strong></span> <span class='ocrx_word' id='word_1_243' title='bbox 3322 657 3346 703; x_wconf 88' lang='lat'><em>;</em></span> <span class='ocrx_word' id='word_1_244' title='bbox 3379 644 3660 712; x_wconf 88' lang='lat' dir='ltr'><strong>quoniam</strong></span> <span class='ocrx_word' id='word_1_245' title='bbox 3685 645 3780 702; x_wconf 88' lang='lat' dir='ltr'><strong>in-</strong></span> 
     </span>
    </p>
   </div>
   <div class='ocr_carea' id='block_1_37' title="bbox 2107 717 3781 803">
    <p class='ocr_par' dir='ltr' id='par_1_37' title="bbox 2107 717 3781 803">
     <span class='ocr_line' id='line_1_37' title="bbox 2107 717 3781 803; baseline 0.012 -33"><span class='ocrx_word' id='word_1_246' title='bbox 2107 717 2346 774; x_wconf 91' lang='lat' dir='ltr'><strong>dividua</strong></span> <span class='ocrx_word' id='word_1_247' title='bbox 2371 721 2637 790; x_wconf 63' lang='lat' dir='ltr'><strong>quaedam</strong></span> <span class='ocrx_word' id='word_1_248' title='bbox 2662 738 2754 777; x_wconf 89' lang='lat' dir='ltr'><strong>res</strong></span> <span class='ocrx_word' id='word_1_249' title='bbox 2775 727 2888 786; x_wconf 89' lang='lat' dir='ltr'><strong>est,</strong></span> <span class='ocrx_word' id='word_1_250' title='bbox 2910 731 2968 779; x_wconf 89' lang='lat' dir='ltr'><strong>et</strong></span> <span class='ocrx_word' id='word_1_251' title='bbox 3000 725 3367 800; x_wconf 89' lang='lat' dir='ltr'><strong>indistincta,</strong></span> <span class='ocrx_word' id='word_1_252' title='bbox 3392 730 3781 803; x_wconf 89' lang='lat' dir='ltr'><strong>principium.</strong></span> 
     </span>
    </p>
   </div>
   <div class='ocr_carea' id='block_1_38' title="bbox 2104 807 3780 887">
    <p class='ocr_par' dir='ltr' id='par_1_38' title="bbox 2104 807 3780 887">
     <span class='ocr_line' id='line_1_38' title="bbox 2104 807 3780 887; baseline 0.012 -27"><span class='ocrx_word' id='word_1_253' title='bbox 2104 807 2271 862; x_wconf 91' lang='lat' dir='ltr'><strong>Sicut</strong></span> <span class='ocrx_word' id='word_1_254' title='bbox 2300 808 2456 863; x_wconf 91' lang='lat' dir='ltr'><strong>enim</strong></span> <span class='ocrx_word' id='word_1_255' title='bbox 2487 809 2723 865; x_wconf 91' lang='lat' dir='ltr'><strong>initium</strong></span> <span class='ocrx_word' id='word_1_256' title='bbox 2754 811 2857 866; x_wconf 60' lang='lat' dir='ltr'><strong>vis</strong></span> <span class='ocrx_word' id='word_1_257' title='bbox 2891 815 3140 870; x_wconf 89' lang='lat' dir='ltr'><strong>necdum</strong></span> <span class='ocrx_word' id='word_1_258' title='bbox 3175 816 3268 870; x_wconf 90' lang='lat' dir='ltr'><strong>via</strong></span> <span class='ocrx_word' id='word_1_259' title='bbox 3310 824 3420 887; x_wconf 90' lang='lat' dir='ltr'><strong>est,</strong></span> <span class='ocrx_word' id='word_1_260' title='bbox 3452 825 3509 876; x_wconf 88' lang='lat' dir='ltr'><strong>et</strong></span> <span class='ocrx_word' id='word_1_261' title='bbox 3540 820 3780 881; x_wconf 87' lang='lat' dir='ltr'><strong>initium</strong></span> 
     </span>
    </p>
   </div>
   <div class='ocr_carea' id='block_1_39' title="bbox 2104 895 3776 981">
    <p class='ocr_par' dir='ltr' id='par_1_39' title="bbox 2104 895 3776 981">
     <span class='ocr_line' id='line_1_39' title="bbox 2104 895 3776 981; baseline 0.012 -32"><span class='ocrx_word' id='word_1_262' title='bbox 2104 895 2342 963; x_wconf 92' lang='lat' dir='ltr'><strong>domus,</strong></span> <span class='ocrx_word' id='word_1_263' title='bbox 2377 899 2628 953; x_wconf 89' lang='lat' dir='ltr'><strong>necdum</strong></span> <span class='ocrx_word' id='word_1_264' title='bbox 2661 901 2874 956; x_wconf 90' lang='lat' dir='ltr'><strong>domus</strong></span> <span class='ocrx_word' id='word_1_265' title='bbox 2905 908 2997 957; x_wconf 92' lang='lat' dir='ltr'><strong>est</strong></span> <span class='ocrx_word' id='word_1_266' title='bbox 3031 921 3042 958; x_wconf 74' lang='grc' dir='ltr'>ε</span> <span class='ocrx_word' id='word_1_267' title='bbox 3079 904 3163 959; x_wconf 90' lang='lat' dir='ltr'><strong>sic</strong></span> <span class='ocrx_word' id='word_1_268' title='bbox 3194 909 3479 978; x_wconf 89' lang='lat' dir='ltr'><strong>temporis</strong></span> <span class='ocrx_word' id='word_1_269' title='bbox 3509 909 3776 981; x_wconf 88' lang='lat' dir='ltr'><strong>initium,</strong></span> 
     </span>
    </p>
   </div>
   <div class='ocr_carea' id='block_1_40' title="bbox 2103 985 3774 1072">
    <p class='ocr_par' dir='ltr' id='par_1_40' title="bbox 2103 985 3774 1072">
     <span class='ocr_line' id='line_1_40' title="bbox 2103 985 3774 1072; baseline 0.011 -34"><span class='ocrx_word' id='word_1_270' title='bbox 2103 985 2355 1040; x_wconf 88' lang='lat' dir='ltr'><strong>necdum</strong></span> <span class='ocrx_word' id='word_1_271' title='bbox 2405 985 2645 1056; x_wconf 88' lang='lat' dir='ltr'><strong>plenum</strong></span> <span class='ocrx_word' id='word_1_272' title='bbox 2690 992 2930 1060; x_wconf 88' lang='lat' dir='ltr'><strong>tempus</strong></span> <span class='ocrx_word' id='word_1_273' title='bbox 2961 997 3083 1060; x_wconf 90' lang='lat' dir='ltr'><strong>est;</strong></span> <span class='ocrx_word' id='word_1_274' title='bbox 3116 993 3219 1048; x_wconf 91' lang='lat' dir='ltr'><strong>sed</strong></span> <span class='ocrx_word' id='word_1_275' title='bbox 3255 1011 3358 1050; x_wconf 89' lang='lat' dir='ltr'><strong>nec</strong></span> <span class='ocrx_word' id='word_1_276' title='bbox 3389 998 3602 1070; x_wconf 86' lang='lat' dir='ltr'><strong>exigua</strong></span> <span class='ocrx_word' id='word_1_277' title='bbox 3636 1018 3774 1072; x_wconf 88' lang='lat' dir='ltr'><strong>pars</strong></span> 
     </span>
    </p>
   </div>
   <div class='ocr_carea' id='block_1_41' title="bbox 2099 1074 3770 1161">
    <p class='ocr_par' dir='ltr' id='par_1_41' title="bbox 2099 1074 3770 1161">
     <span class='ocr_line' id='line_1_41' title="bbox 2099 1074 3770 1161; baseline 0.012 -35"><span class='ocrx_word' id='word_1_278' title='bbox 2099 1074 2406 1144; x_wconf 88' lang='lat' dir='ltr'><strong>temporis.</strong></span> <span class='ocrx_word' id='word_1_279' title='bbox 2443 1077 2604 1140; x_wconf 78' lang='lat' dir='ltr'><strong>Quod</strong></span> <span class='ocrx_word' id='word_1_280' title='bbox 2653 1077 2702 1132; x_wconf 91' lang='lat' dir='ltr'><strong>si</strong></span> <span class='ocrx_word' id='word_1_281' title='bbox 2735 1093 3071 1150; x_wconf 85' lang='lat' dir='ltr'><strong>repugnans</strong></span> <span class='ocrx_word' id='word_1_282' title='bbox 3103 1082 3252 1138; x_wconf 88' lang='lat' dir='ltr'><strong>forte</strong></span> <span class='ocrx_word' id='word_1_283' title='bbox 3283 1084 3582 1158; x_wconf 88' lang='lat' dir='ltr'><strong>quispiam</strong></span> <span class='ocrx_word' id='word_1_284' title='bbox 3610 1091 3770 1161; x_wconf 89' lang='lat' dir='ltr'><strong>prin-</strong></span> 
     </span>
    </p>
   </div>
   <div class='ocr_carea' id='block_1_42' title="bbox 2099 1161 3771 1238">
    <p class='ocr_par' dir='ltr' id='par_1_42' title="bbox 2099 1161 3771 1238">
     <span class='ocr_line' id='line_1_42' title="bbox 2099 1161 3771 1238; baseline 0.013 -24"><span class='ocrx_word' id='word_1_285' title='bbox 2099 1161 2320 1232; x_wconf 87' lang='lat' dir='ltr'><strong>cipium</strong></span> <span class='ocrx_word' id='word_1_286' title='bbox 2347 1163 2557 1218; x_wconf 85' lang='lat' dir='ltr'><strong>dixerit</strong></span> <span class='ocrx_word' id='word_1_287' title='bbox 2585 1180 2714 1220; x_wconf 90' lang='lat' dir='ltr'><strong>esse</strong></span> <span class='ocrx_word' id='word_1_288' title='bbox 2747 1169 3002 1238; x_wconf 86' lang='lat' dir='ltr'><strong>tempus,</strong></span> <span class='ocrx_word' id='word_1_289' title='bbox 3038 1169 3186 1225; x_wconf 88' lang='lat' dir='ltr'><strong>sciat</strong></span> <span class='ocrx_word' id='word_1_290' title='bbox 3230 1172 3340 1228; x_wconf 91' lang='lat' dir='ltr'><strong>hoc</strong></span> <span class='ocrx_word' id='word_1_291' title='bbox 3370 1190 3501 1231; x_wconf 91' lang='lat' dir='ltr'><strong>esse</strong></span> <span class='ocrx_word' id='word_1_292' title='bbox 3541 1178 3771 1234; x_wconf 89' lang='lat' dir='ltr'><strong>divisu-</strong></span> 
     </span>
    </p>
   </div>
   <div class='ocr_carea' id='block_1_43' title="bbox 2097 1251 3770 1334">
    <p class='ocr_par' dir='ltr' id='par_1_43' title="bbox 2097 1251 3770 1334">
     <span class='ocr_line' id='line_1_43' title="bbox 2097 1251 3770 1334; baseline 0.014 -31"><span class='ocrx_word' id='word_1_293' title='bbox 2097 1265 2228 1304; x_wconf 86' lang='lat' dir='ltr'><strong>rum</strong></span> <span class='ocrx_word' id='word_1_294' title='bbox 2263 1251 2322 1304; x_wconf 88' lang='lat' dir='ltr'><strong>in</strong></span> <span class='ocrx_word' id='word_1_295' title='bbox 2356 1251 2714 1323; x_wconf 90' lang='lat' dir='ltr'><strong>multiplices</strong></span> <span class='ocrx_word' id='word_1_296' title='bbox 2749 1256 3066 1326; x_wconf 81' lang='lat' dir='ltr'><strong>portiones,</strong></span> <span class='ocrx_word' id='word_1_297' title='bbox 3092 1259 3148 1313; x_wconf 91' lang='lat' dir='ltr'><strong>id</strong></span> <span class='ocrx_word' id='word_1_298' title='bbox 3169 1265 3258 1316; x_wconf 90' lang='lat' dir='ltr'><strong>est</strong></span> <span class='ocrx_word' id='word_1_299' title='bbox 3280 1261 3339 1316; x_wconf 90' lang='lat' dir='ltr'><strong>in</strong></span> <span class='ocrx_word' id='word_1_300' title='bbox 3371 1264 3770 1334; x_wconf 86' lang='lat' dir='ltr'><strong>primam,me-</strong></span> 
     </span>
    </p>
   </div>
   <div class='ocr_carea' id='block_1_44' title="bbox 2096 1339 3763 1427">
    <p class='ocr_par' dir='ltr' id='par_1_44' title="bbox 2096 1339 3763 1427">
     <span class='ocr_line' id='line_1_44' title="bbox 2096 1339 3763 1427; baseline 0.011 -35"><span class='ocrx_word' id='word_1_301' title='bbox 2096 1339 2252 1393; x_wconf 90' lang='lat' dir='ltr'><strong>diam</strong></span> <span class='ocrx_word' id='word_1_302' title='bbox 2303 1345 2362 1396; x_wconf 92' lang='lat' dir='ltr'><strong>et</strong></span> <span class='ocrx_word' id='word_1_303' title='bbox 2404 1349 2745 1397; x_wconf 87' lang='lat' dir='ltr'><strong>extremam.</strong></span> <span class='ocrx_word' id='word_1_304' title='bbox 2791 1345 3155 1417; x_wconf 88' lang='lat' dir='ltr'><strong>Principium</strong></span> <span class='ocrx_word' id='word_1_305' title='bbox 3215 1356 3412 1406; x_wconf 89' lang='lat' dir='ltr'><strong>autem</strong></span> <span class='ocrx_word' id='word_1_306' title='bbox 3484 1355 3763 1427; x_wconf 88' lang='lat' dir='ltr'><strong>principii</strong></span> 
     </span>
    </p>
   </div>
   <div class='ocr_carea' id='block_1_45' title="bbox 2095 1428 3761 1515">
    <p class='ocr_par' dir='ltr' id='par_1_45' title="bbox 2095 1428 3761 1515">
     <span class='ocr_line' id='line_1_45' title="bbox 2095 1428 3761 1515; baseline 0.012 -34"><span class='ocrx_word' id='word_1_307' title='bbox 2095 1428 2703 1499; x_wconf 47' lang='lat' dir='ltr'><strong>quaereregridiculum</strong></span> <span class='ocrx_word' id='word_1_308' title='bbox 2737 1432 2974 1502; x_wconf 88' lang='lat' dir='ltr'><strong>penitus</strong></span> <span class='ocrx_word' id='word_1_309' title='bbox 3023 1440 3081 1490; x_wconf 91' lang='lat' dir='ltr'><strong>et</strong></span> <span class='ocrx_word' id='word_1_310' title='bbox 3123 1436 3393 1509; x_wconf 89' lang='lat' dir='ltr'><strong>ineptum</strong></span> <span class='ocrx_word' id='word_1_311' title='bbox 3429 1447 3538 1497; x_wconf 92' lang='lat' dir='ltr'><strong>est.</strong></span> <span class='ocrx_word' id='word_1_312' title='bbox 3574 1443 3636 1498; x_wconf 89' lang='lat' dir='ltr'><strong>Et</strong></span> <span class='ocrx_word' id='word_1_313' title='bbox 3662 1447 3761 1515; x_wconf 90' lang='lat' dir='ltr'><strong>qui</strong></span> 
     </span>
    </p>
   </div>
   <div class='ocr_carea' id='block_1_46' title="bbox 2093 1517 3763 1602">
    <p class='ocr_par' dir='ltr' id='par_1_46' title="bbox 2093 1517 3763 1602">
     <span class='ocr_line' id='line_1_46' title="bbox 2093 1517 3763 1602; baseline 0.012 -33"><span class='ocrx_word' id='word_1_314' title='bbox 2093 1517 2304 1572; x_wconf 86' lang='lat' dir='ltr'><strong>dividit</strong></span> <span class='ocrx_word' id='word_1_315' title='bbox 2333 1519 2713 1591; x_wconf 89' lang='lat' dir='ltr'><strong>principium,</strong></span> <span class='ocrx_word' id='word_1_316' title='bbox 2745 1521 2895 1578; x_wconf 89' lang='lat' dir='ltr'><strong>duas</strong></span> <span class='ocrx_word' id='word_1_317' title='bbox 2926 1527 3258 1582; x_wconf 88' lang='lat' dir='ltr'><strong>necessario</strong></span> <span class='ocrx_word' id='word_1_318' title='bbox 3291 1529 3464 1584; x_wconf 83' lang='lat' dir='ltr'><strong>faciet</strong></span> <span class='ocrx_word' id='word_1_319' title='bbox 3503 1548 3608 1602; x_wconf 91' lang='lat' dir='ltr'><strong>pro</strong></span> <span class='ocrx_word' id='word_1_320' title='bbox 3645 1550 3763 1589; x_wconf 89' lang='lat' dir='ltr'><strong>una</strong></span> 
     </span>
    </p>
   </div>
   <div class='ocr_carea' id='block_1_47' title="bbox 2093 1606 3761 1691">
    <p class='ocr_par' dir='ltr' id='par_1_47' title="bbox 2093 1606 3761 1691">
     <span class='ocr_line' id='line_1_47' title="bbox 2093 1606 3761 1691; baseline 0.011 -32"><span class='ocrx_word' id='word_1_321' title='bbox 2093 1611 2310 1677; x_wconf 89' lang='lat' dir='ltr'><strong>partes,</strong></span> <span class='ocrx_word' id='word_1_322' title='bbox 2334 1606 2421 1662; x_wconf 92' lang='lat' dir='ltr'><strong>vel</strong></span> <span class='ocrx_word' id='word_1_323' title='bbox 2455 1609 2670 1678; x_wconf 89' lang='lat' dir='ltr'><strong>potius,</strong></span> <span class='ocrx_word' id='word_1_324' title='bbox 2697 1609 2894 1681; x_wconf 87' lang='lat' dir='ltr'><strong>plures</strong></span> <span class='ocrx_word' id='word_1_325' title='bbox 2919 1628 2932 1678; x_wconf 91' lang='lat'>;</span> <span class='ocrx_word' id='word_1_326' title='bbox 2957 1615 3030 1681; x_wconf 74' lang='grc' dir='ltr'><strong>(θ)</strong></span> <span class='ocrx_word' id='word_1_327' title='bbox 3050 1615 3333 1684; x_wconf 89' lang='lat' dir='ltr'><strong>quoniam</strong></span> <span class='ocrx_word' id='word_1_328' title='bbox 3357 1633 3590 1691; x_wconf 86' lang='lat' dir='ltr'><strong>semper</strong></span> <span class='ocrx_word' id='word_1_329' title='bbox 3617 1621 3761 1678; x_wconf 91' lang='lat' dir='ltr'><strong>illud</strong></span> 
     </span>
    </p>
   </div>
   <div class='ocr_carea' id='block_1_48' title="bbox 2090 1695 3763 1767">
    <p class='ocr_par' dir='ltr' id='par_1_48' title="bbox 2090 1695 3763 1767">
     <span class='ocr_line' id='line_1_48' title="bbox 2090 1695 3763 1767; baseline 0.011 -19"><span class='ocrx_word' id='word_1_330' title='bbox 2090 1695 2243 1764; x_wconf 94' lang='lat' dir='ltr'><strong>quod</strong></span> <span class='ocrx_word' id='word_1_331' title='bbox 2275 1696 2528 1752; x_wconf 89' lang='lat' dir='ltr'><strong>divisum</strong></span> <span class='ocrx_word' id='word_1_332' title='bbox 2565 1699 2760 1765; x_wconf 88' lang='lat' dir='ltr'><strong>fuerit,</strong></span> <span class='ocrx_word' id='word_1_333' title='bbox 2794 1699 2854 1754; x_wconf 91' lang='lat' dir='ltr'><strong>in</strong></span> <span class='ocrx_word' id='word_1_334' title='bbox 2889 1701 3036 1757; x_wconf 87' lang='lat' dir='ltr'><strong>duas</strong></span> <span class='ocrx_word' id='word_1_335' title='bbox 3083 1702 3212 1758; x_wconf 89' lang='lat' dir='ltr'><strong>sine</strong></span> <span class='ocrx_word' id='word_1_336' title='bbox 3252 1705 3432 1763; x_wconf 90' lang='lat' dir='ltr'><strong>dubio</strong></span> <span class='ocrx_word' id='word_1_337' title='bbox 3466 1709 3763 1767; x_wconf 86' lang='lat' dir='ltr'><strong>scinditur</strong></span> 
     </span>
    </p>
   </div>
   <div class='ocr_carea' id='block_1_49' title="bbox 2093 1783 3760 1857">
    <p class='ocr_par' dir='ltr' id='par_1_49' title="bbox 2093 1783 3760 1857">
     <span class='ocr_line' id='line_1_49' title="bbox 2093 1783 3760 1857; baseline 0.011 -20"><span class='ocrx_word' id='word_1_338' title='bbox 2093 1783 2411 1854; x_wconf 90' lang='lat' dir='ltr'><strong>portiones.</strong></span> <span class='ocrx_word' id='word_1_339' title='bbox 2447 1787 2592 1857; x_wconf 79' lang='lat' dir='ltr'><strong>Ergo</strong></span> <span class='ocrx_word' id='word_1_340' title='bbox 2624 1793 2688 1842; x_wconf 91' lang='lat' dir='ltr'><strong>ut</strong></span> <span class='ocrx_word' id='word_1_341' title='bbox 2734 1790 3080 1846; x_wconf 91' lang='lat' dir='ltr'><strong>doceremur</strong></span> <span class='ocrx_word' id='word_1_342' title='bbox 3125 1792 3305 1849; x_wconf 90' lang='lat' dir='ltr'><strong>simul</strong></span> <span class='ocrx_word' id='word_1_343' title='bbox 3356 1811 3492 1852; x_wconf 92' lang='lat' dir='ltr'><strong>cum</strong></span> <span class='ocrx_word' id='word_1_344' title='bbox 3523 1798 3623 1854; x_wconf 90' lang='lat' dir='ltr'><strong>Dei</strong></span> <span class='ocrx_word' id='word_1_345' title='bbox 3655 1817 3760 1856; x_wconf 91' lang='lat' dir='ltr'><strong>vo-</strong></span> 
     </span>
    </p>
   </div>
   <div class='ocr_carea' id='block_1_50' title="bbox 2087 1871 3752 1956">
    <p class='ocr_par' dir='ltr' id='par_1_50' title="bbox 2087 1871 3752 1956">
     <span class='ocr_line' id='line_1_50' title="bbox 2087 1871 3752 1956; baseline 0.011 -30"><span class='ocrx_word' id='word_1_346' title='bbox 2087 1871 2314 1928; x_wconf 79' lang='lat' dir='ltr'><strong>luntate</strong></span> <span class='ocrx_word' id='word_1_347' title='bbox 2358 1875 2648 1930; x_wconf 89' lang='lat' dir='ltr'><strong>mundum</strong></span> <span class='ocrx_word' id='word_1_348' title='bbox 2698 1876 2826 1932; x_wconf 89' lang='lat' dir='ltr'><strong>sine</strong></span> <span class='ocrx_word' id='word_1_349' title='bbox 2875 1882 3139 1951; x_wconf 89' lang='lat' dir='ltr'><strong>tempore</strong></span> <span class='ocrx_word' id='word_1_350' title='bbox 3169 1883 3534 1954; x_wconf 81' lang='lat' dir='ltr'><strong>substitisse,</strong></span> <span class='ocrx_word' id='word_1_351' title='bbox 3561 1888 3752 1956; x_wconf 77' lang='lat' dir='ltr'><strong>dixit;</strong></span> 
     </span>
    </p>
   </div>
   <div class='ocr_carea' id='block_1_51' title="bbox 2086 1962 3756 2047">
    <p class='ocr_par' dir='ltr' id='par_1_51' title="bbox 2086 1962 3756 2047">
     <span class='ocr_line' id='line_1_51' title="bbox 2086 1962 3756 2047; baseline 0.011 -31"><span class='ocrx_word' id='word_1_352' title='bbox 2086 1962 2150 2016; x_wconf 87' lang='lat' dir='ltr'><strong>In</strong></span> <span class='ocrx_word' id='word_1_353' title='bbox 2165 1964 2443 2034; x_wconf 72' lang='lat' dir='ltr'><strong>principio</strong></span> <span class='ocrx_word' id='word_1_354' title='bbox 2465 1965 2808 2034; x_wconf 77' lang='lat' dir='ltr'><strong>fecit.Quam</strong></span> <span class='ocrx_word' id='word_1_355' title='bbox 2836 1983 2956 2022; x_wconf 91' lang='lat' dir='ltr'><strong>rem</strong></span> <span class='ocrx_word' id='word_1_356' title='bbox 2981 1968 3122 2024; x_wconf 89' lang='lat' dir='ltr'><strong>certi</strong></span> <span class='ocrx_word' id='word_1_357' title='bbox 3144 1968 3492 2044; x_wconf 89' lang='lat' dir='ltr'><strong>interpretes</strong></span> <span class='ocrx_word' id='word_1_358' title='bbox 3516 1975 3756 2047; x_wconf 83' lang='lat' dir='ltr'><strong>planius</strong></span> 
     </span>
    </p>
   </div>
   <div class='ocr_carea' id='block_1_52' title="bbox 2087 2054 3758 2134">
    <p class='ocr_par' dir='ltr' id='par_1_52' title="bbox 2087 2054 3758 2134">
     <span class='ocr_line' id='line_1_52' title="bbox 2087 2054 3758 2134; baseline 0.01 -29"><span class='ocrx_word' id='word_1_359' title='bbox 2087 2059 2462 2122; x_wconf 82' lang='lat' dir='ltr'><strong>exponentes,</strong></span> <span class='ocrx_word' id='word_1_360' title='bbox 2495 2054 2770 2110; x_wconf 89' lang='lat' dir='ltr'><strong>dixerunt</strong></span> <span class='ocrx_word' id='word_1_361' title='bbox 2801 2073 2814 2111; x_wconf 88' lang='lat'>:</span> <span class='ocrx_word' id='word_1_362' title='bbox 2846 2056 3180 2114; x_wconf 85' lang='lat' dir='ltr'><strong>Summatim</strong></span> <span class='ocrx_word' id='word_1_363' title='bbox 3223 2063 3355 2129; x_wconf 76' lang='lat' dir='ltr'><strong>fecit</strong></span> <span class='ocrx_word' id='word_1_364' title='bbox 3383 2065 3543 2134; x_wconf 82' lang='lat' dir='ltr'><strong>Deus,</strong></span> <span class='ocrx_word' id='word_1_365' title='bbox 3576 2067 3632 2122; x_wconf 93' lang='lat' dir='ltr'><strong>id</strong></span> <span class='ocrx_word' id='word_1_366' title='bbox 3666 2073 3758 2124; x_wconf 91' lang='lat' dir='ltr'><strong>est</strong></span> 
     </span>
    </p>
   </div>
   <div class='ocr_carea' id='block_1_53' title="bbox 2088 2139 3752 2226">
    <p class='ocr_par' dir='ltr' id='par_1_53' title="bbox 2088 2139 3752 2226">
     <span class='ocr_line' id='line_1_53' title="bbox 2088 2139 3752 2226; baseline 0.01 -30"><span class='ocrx_word' id='word_1_367' title='bbox 2088 2139 2245 2196; x_wconf 89' lang='lat' dir='ltr'><strong>brevi</strong></span> <span class='ocrx_word' id='word_1_368' title='bbox 2276 2142 2610 2214; x_wconf 88' lang='lat' dir='ltr'><strong>subitoque.</strong></span> <span class='ocrx_word' id='word_1_369' title='bbox 2663 2145 2846 2215; x_wconf 88' lang='lat' dir='ltr'><strong>lgitur</strong></span> <span class='ocrx_word' id='word_1_370' title='bbox 2892 2163 3070 2217; x_wconf 86' lang='lat' dir='ltr'><strong>super</strong></span> <span class='ocrx_word' id='word_1_371' title='bbox 3115 2148 3401 2223; x_wconf 90' lang='lat' dir='ltr'><strong>principio</strong></span> <span class='ocrx_word' id='word_1_372' title='bbox 3447 2170 3633 2226; x_wconf 90' lang='lat' dir='ltr'><strong>pauca</strong></span> <span class='ocrx_word' id='word_1_373' title='bbox 3680 2157 3752 2212; x_wconf 90' lang='lat' dir='ltr'><strong>de</strong></span> 
     </span>
    </p>
   </div>
   <div class='ocr_carea' id='block_1_54' title="bbox 2090 2229 3300 2295">
    <p class='ocr_par' dir='ltr' id='par_1_54' title="bbox 2090 2229 3300 2295">
     <span class='ocr_line' id='line_1_54' title="bbox 2090 2229 3300 2295; baseline 0.009 -12"><span class='ocrx_word' id='word_1_374' title='bbox 2090 2229 2290 2285; x_wconf 90' lang='lat' dir='ltr'><strong>multis</strong></span> <span class='ocrx_word' id='word_1_375' title='bbox 2320 2230 2607 2289; x_wconf 88' lang='lat' dir='ltr'><strong>hactenus</strong></span> <span class='ocrx_word' id='word_1_376' title='bbox 2639 2233 2994 2291; x_wconf 90' lang='lat' dir='ltr'><strong>disseruisse</strong></span> <span class='ocrx_word' id='word_1_377' title='bbox 3026 2236 3300 2295; x_wconf 85' lang='lat' dir='ltr'><strong>sufﬁciat.</strong></span> 
     </span>
    </p>
   </div>
   <div class='ocr_carea' id='block_1_55' title="bbox 2159 2409 3750 2488">
    <p class='ocr_par' dir='ltr' id='par_1_55' title="bbox 2159 2409 3750 2488">
     <span class='ocr_line' id='line_1_55' title="bbox 2159 2409 3750 2488; baseline 0.011 -26"><span class='ocrx_word' id='word_1_378' title='bbox 2159 2409 2288 2480; x_wconf 82' lang='lat'><strong>7.(/)</strong></span> <span class='ocrx_word' id='word_1_379' title='bbox 2305 2413 2452 2466; x_wconf 89' lang='lat' dir='ltr'><strong>Sane</strong></span> <span class='ocrx_word' id='word_1_380' title='bbox 2465 2410 2768 2467; x_wconf 88' lang='lat' dir='ltr'><strong>sciendum</strong></span> <span class='ocrx_word' id='word_1_381' title='bbox 2785 2413 3066 2484; x_wconf 87' lang='lat' dir='ltr'><strong>quoniam</strong></span> <span class='ocrx_word' id='word_1_382' title='bbox 3081 2416 3298 2473; x_wconf 90' lang='lat' dir='ltr'><strong>artium</strong></span> <span class='ocrx_word' id='word_1_383' title='bbox 3313 2421 3578 2476; x_wconf 89' lang='lat' dir='ltr'><strong>omnium</strong></span> <span class='ocrx_word' id='word_1_384' title='bbox 3591 2464 3604 2488; x_wconf 95' lang='lat'><strong>,</strong></span> <span class='ocrx_word' id='word_1_385' title='bbox 3620 2423 3673 2479; x_wconf 90' lang='lat' dir='ltr'><strong>al</strong></span> <span class='ocrx_word' id='word_1_386' title='bbox 3685 2424 3750 2480; x_wconf 75' lang='lat' dir='ltr'><strong>ias</strong></span> 
     </span>
    </p>
   </div>
   <div class='ocr_carea' id='block_1_56' title="bbox 2091 2497 3756 2574">
    <p class='ocr_par' dir='ltr' id='par_1_56' title="bbox 2091 2497 3756 2574">
     <span class='ocr_line' id='line_1_56' title="bbox 2091 2497 3756 2574; baseline 0.01 -22"><span class='ocrx_word' id='word_1_387' title='bbox 2091 2497 2382 2567; x_wconf 83' lang='lat' dir='ltr'><strong>factrices,</strong></span> <span class='ocrx_word' id='word_1_388' title='bbox 2407 2497 2529 2553; x_wconf 66' lang='lat' dir='ltr'><strong>aliis</strong></span> <span class='ocrx_word' id='word_1_389' title='bbox 2563 2501 2886 2571; x_wconf 87' lang='lat' dir='ltr'><strong>negotiales</strong></span> <span class='ocrx_word' id='word_1_390' title='bbox 2919 2503 3314 2574; x_wconf 87' lang='lat' dir='ltr'><strong>appellantur,</strong></span> <span class='ocrx_word' id='word_1_391' title='bbox 3336 2507 3464 2564; x_wconf 58' lang='lat' dir='ltr'><strong>alia;</strong></span> <span class='ocrx_word' id='word_1_392' title='bbox 3495 2517 3756 2568; x_wconf 90' lang='lat' dir='ltr'><strong>contem-</strong></span> 
     </span>
    </p>
   </div>
   <div class='ocr_carea' id='block_1_57' title="bbox 2091 2587 3756 2664">
    <p class='ocr_par' dir='ltr' id='par_1_57' title="bbox 2091 2587 3756 2664">
     <span class='ocr_line' id='line_1_57' title="bbox 2091 2587 3756 2664; baseline 0.01 -23"><span class='ocrx_word' id='word_1_393' title='bbox 2091 2587 2438 2658; x_wconf 73' lang='lat' dir='ltr'><strong>platoriae,et</strong></span> <span class='ocrx_word' id='word_1_394' title='bbox 2459 2588 3080 2661; x_wconf 88' lang='lat' dir='ltr'><strong>contemplatoriarum</strong></span> <span class='ocrx_word' id='word_1_395' title='bbox 3101 2595 3336 2664; x_wconf 86' lang='lat' dir='ltr'><strong>quidem</strong></span> <span class='ocrx_word' id='word_1_396' title='bbox 3362 2599 3496 2654; x_wconf 83' lang='lat' dir='ltr'><strong>ﬁnis</strong></span> <span class='ocrx_word' id='word_1_397' title='bbox 3519 2608 3609 2655; x_wconf 89' lang='lat' dir='ltr'><strong>est</strong></span> <span class='ocrx_word' id='word_1_398' title='bbox 3629 2602 3756 2658; x_wconf 88' lang='lat' dir='ltr'><strong>sola</strong></span> 
     </span>
    </p>
   </div>
   <div class='ocr_carea' id='block_1_58' title="bbox 2091 2676 3750 2760">
    <p class='ocr_par' dir='ltr' id='par_1_58' title="bbox 2091 2676 3750 2760">
     <span class='ocr_line' id='line_1_58' title="bbox 2091 2676 3750 2760; baseline 0.008 -30"><span class='ocrx_word' id='word_1_399' title='bbox 2091 2676 2306 2732; x_wconf 89' lang='lat' dir='ltr'><strong>mentis</strong></span> <span class='ocrx_word' id='word_1_400' title='bbox 2329 2677 2596 2746; x_wconf 86' lang='lat' dir='ltr'><strong>intentio,</strong></span> <span class='ocrx_word' id='word_1_401' title='bbox 2625 2678 3008 2751; x_wconf 88' lang='lat' dir='ltr'><strong>negotialium</strong></span> <span class='ocrx_word' id='word_1_402' title='bbox 3037 2690 3233 2740; x_wconf 89' lang='lat' dir='ltr'><strong>autem</strong></span> <span class='ocrx_word' id='word_1_403' title='bbox 3259 2693 3455 2742; x_wconf 89' lang='lat' dir='ltr'><strong>motus</strong></span> <span class='ocrx_word' id='word_1_404' title='bbox 3477 2689 3601 2760; x_wconf 89' lang='lat' dir='ltr'><strong>ipse</strong></span> <span class='ocrx_word' id='word_1_405' title='bbox 3624 2707 3750 2746; x_wconf 90' lang='lat' dir='ltr'><strong>cor-</strong></span> 
     </span>
    </p>
   </div>
   <div class='ocr_carea' id='block_1_59' title="bbox 2091 2765 3749 2844">
    <p class='ocr_par' dir='ltr' id='par_1_59' title="bbox 2091 2765 3749 2844">
     <span class='ocr_line' id='line_1_59' title="bbox 2091 2765 3749 2844; baseline 0.01 -26"><span class='ocrx_word' id='word_1_406' title='bbox 2091 2765 2247 2836; x_wconf 85' lang='lat' dir='ltr'><strong>poris</strong></span> <span class='ocrx_word' id='word_1_407' title='bbox 2281 2781 2294 2820; x_wconf 89' lang='lat'>:</span> <span class='ocrx_word' id='word_1_408' title='bbox 2329 2767 2429 2836; x_wconf 89' lang='lat' dir='ltr'><strong>qui</strong></span> <span class='ocrx_word' id='word_1_409' title='bbox 2463 2782 2594 2822; x_wconf 91' lang='lat' dir='ltr'><strong>cum</strong></span> <span class='ocrx_word' id='word_1_410' title='bbox 2622 2767 2880 2836; x_wconf 87' lang='lat' dir='ltr'><strong>desierit,</strong></span> <span class='ocrx_word' id='word_1_411' title='bbox 2906 2769 3050 2824; x_wconf 91' lang='lat' dir='ltr'><strong>nihil</strong></span> <span class='ocrx_word' id='word_1_412' title='bbox 3075 2771 3284 2844; x_wconf 90' lang='lat' dir='ltr'><strong>reliqui</strong></span> <span class='ocrx_word' id='word_1_413' title='bbox 3333 2780 3441 2841; x_wconf 89' lang='lat' dir='ltr'><strong>est,</strong></span> <span class='ocrx_word' id='word_1_414' title='bbox 3467 2792 3569 2831; x_wconf 91' lang='lat' dir='ltr'><strong>nec</strong></span> <span class='ocrx_word' id='word_1_415' title='bbox 3593 2778 3749 2835; x_wconf 90' lang='lat' dir='ltr'><strong>ultra</strong></span> 
     </span>
    </p>
   </div>
   <div class='ocr_carea' id='block_1_60' title="bbox 2086 2852 3742 2920">
    <p class='ocr_par' dir='ltr' id='par_1_60' title="bbox 2086 2852 3742 2920">
     <span class='ocr_line' id='line_1_60' title="bbox 2086 2852 3742 2920; baseline 0.008 -14"><span class='ocrx_word' id='word_1_416' title='bbox 2086 2852 2420 2909; x_wconf 86' lang='lat' dir='ltr'><strong>videntibus</strong></span> <span class='ocrx_word' id='word_1_417' title='bbox 2433 2856 3040 2913; x_wconf 88' lang='lat' dir='ltr'><strong>demonstratur.Nam</strong></span> <span class='ocrx_word' id='word_1_418' title='bbox 3053 2858 3383 2917; x_wconf 88' lang='lat' dir='ltr'><strong>saltationis</strong></span> <span class='ocrx_word' id='word_1_419' title='bbox 3395 2868 3632 2919; x_wconf 88' lang='lat' dir='ltr'><strong>etcantu</strong></span> <span class='ocrx_word' id='word_1_420' title='bbox 3644 2881 3742 2920; x_wconf 90' lang='lat' dir='ltr'><strong>um</strong></span> 
     </span>
    </p>
   </div>
   <div class='ocr_carea' id='block_1_61' title="bbox 2088 2941 3740 3022">
    <p class='ocr_par' dir='ltr' id='par_1_61' title="bbox 2088 2941 3740 3022">
     <span class='ocr_line' id='line_1_61' title="bbox 2088 2941 3740 3022; baseline 0.008 -25"><span class='ocrx_word' id='word_1_421' title='bbox 2088 2941 2288 2997; x_wconf 91' lang='lat' dir='ltr'><strong>nullus</strong></span> <span class='ocrx_word' id='word_1_422' title='bbox 2319 2943 2509 2999; x_wconf 87' lang='lat' dir='ltr'><strong>exitus</strong></span> <span class='ocrx_word' id='word_1_423' title='bbox 2539 2950 2631 2999; x_wconf 88' lang='lat' dir='ltr'><strong>est</strong></span> <span class='ocrx_word' id='word_1_424' title='bbox 2662 2961 2675 3000; x_wconf 89' lang='lat'><strong>:</strong></span> <span class='ocrx_word' id='word_1_425' title='bbox 2703 2947 2803 3001; x_wconf 93' lang='lat' dir='ltr'><strong>sed</strong></span> <span class='ocrx_word' id='word_1_426' title='bbox 2835 2947 2892 3001; x_wconf 89' lang='lat' dir='ltr'><strong>in</strong></span> <span class='ocrx_word' id='word_1_427' title='bbox 2923 2947 3296 3018; x_wconf 89' lang='lat' dir='ltr'><strong>semetipsam</strong></span> <span class='ocrx_word' id='word_1_428' title='bbox 3330 2953 3589 3022; x_wconf 85' lang='lat' dir='ltr'><strong>operatio</strong></span> <span class='ocrx_word' id='word_1_429' title='bbox 3617 2959 3740 3010; x_wconf 87' lang='lat' dir='ltr'><strong>tota</strong></span> 
     </span>
    </p>
   </div>
   <div class='ocr_carea' id='block_1_62' title="bbox 2087 3033 3738 3108">
    <p class='ocr_par' dir='ltr' id='par_1_62' title="bbox 2087 3033 3738 3108">
     <span class='ocr_line' id='line_1_62' title="bbox 2087 3033 3738 3108; baseline 0.007 -23"><span class='ocrx_word' id='word_1_430' title='bbox 2087 3033 2552 3089; x_wconf 73' lang='lat' dir='ltr'><strong>consumiturJn</strong></span> <span class='ocrx_word' id='word_1_431' title='bbox 2571 3035 2796 3090; x_wconf 88' lang='lat' dir='ltr'><strong>artibus</strong></span> <span class='ocrx_word' id='word_1_432' title='bbox 2813 3051 2938 3090; x_wconf 79' lang='lat' dir='ltr'><strong>vero</strong></span> <span class='ocrx_word' id='word_1_433' title='bbox 2954 3035 3550 3108; x_wconf 86' lang='lat' dir='ltr'><strong>l&#39;aotricibus,etiamsi</strong></span> <span class='ocrx_word' id='word_1_434' title='bbox 3573 3039 3738 3097; x_wconf 88' lang='lat' dir='ltr'><strong>labor</strong></span> 
     </span>
    </p>
   </div>
   <div class='ocr_carea' id='block_1_63' title="bbox 2085 3123 3739 3200">
    <p class='ocr_par' dir='ltr' id='par_1_63' title="bbox 2085 3123 3739 3200">
     <span class='ocr_line' id='line_1_63' title="bbox 2085 3123 3739 3200; baseline 0.005 -24"><span class='ocrx_word' id='word_1_435' title='bbox 2085 3129 2370 3192; x_wconf 86' lang='lat' dir='ltr'><strong>actusque</strong></span> <span class='ocrx_word' id='word_1_436' title='bbox 2390 3123 2728 3190; x_wconf 88' lang='lat' dir='ltr'><strong>cessaverit,</strong></span> <span class='ocrx_word' id='word_1_437' title='bbox 2751 3124 3127 3180; x_wconf 84' lang='lat' dir='ltr'><strong>manifestum</strong></span> <span class='ocrx_word' id='word_1_438' title='bbox 3151 3131 3348 3182; x_wconf 89' lang='lat' dir='ltr'><strong>tamen</strong></span> <span class='ocrx_word' id='word_1_439' title='bbox 3370 3134 3621 3200; x_wconf 86' lang='lat' dir='ltr'><strong>estopus</strong></span> <span class='ocrx_word' id='word_1_440' title='bbox 3643 3147 3739 3185; x_wconf 90' lang='lat' dir='ltr'><strong>ea-</strong></span> 
     </span>
    </p>
   </div>
   <div class='ocr_carea' id='block_1_64' title="bbox 316 3193 3742 3287">
    <p class='ocr_par' dir='ltr' id='par_1_64' title="bbox 316 3193 3742 3287">
     <span class='ocr_line' id='line_1_64' title="bbox 316 3193 3742 3287; baseline 0.001 -16"><span class='ocrx_word' id='word_1_441' title='bbox 316 3193 659 3271; x_wconf 47' lang='lat' dir='ltr'><strong>est.E_tenim</strong></span> <span class='ocrx_word' id='word_1_442' title='bbox 684 3232 752 3270; x_wconf 90' lang='lat' dir='ltr'><strong>ex</strong></span> <span class='ocrx_word' id='word_1_443' title='bbox 774 3231 840 3270; x_wconf 86' lang='lat' dir='ltr'><strong>eo</strong></span> <span class='ocrx_word' id='word_1_444' title='bbox 860 3218 1119 3287; x_wconf 91' lang='lat' dir='ltr'><strong>tempore</strong></span> <span class='ocrx_word' id='word_1_445' title='bbox 1151 3231 1266 3286; x_wconf 94' lang='lat' dir='ltr'><strong>quo</strong></span> <span class='ocrx_word' id='word_1_446' title='bbox 1288 3193 1496 3269; x_wconf 81' lang='lat' dir='ltr'><strong>mundi</strong></span> <span class='ocrx_word' id='word_1_447' title='bbox 1534 3214 1712 3285; x_wconf 79' lang='lat' dir='ltr'><strong>ccepit</strong></span> <span class='ocrx_word' id='word_1_448' title='bbox 1733 3214 1968 3269; x_wconf 89' lang='lat' dir='ltr'><strong>institu-</strong></span> <span class='ocrx_word' id='word_1_449' title='bbox 2003 3193 2046 3264; x_wconf 85' lang='lat' dir='ltr'><strong>C</strong></span> <span class='ocrx_word' id='word_1_450' title='bbox 2082 3225 2237 3274; x_wconf 91' lang='lat' dir='ltr'><strong>rum,</strong></span> <span class='ocrx_word' id='word_1_451' title='bbox 2257 3211 2412 3266; x_wconf 89' lang='lat' dir='ltr'><strong>sicut</strong></span> <span class='ocrx_word' id='word_1_452' title='bbox 2444 3211 2804 3281; x_wconf 88' lang='lat' dir='ltr'><strong>fabrilitatis,</strong></span> <span class='ocrx_word' id='word_1_453' title='bbox 2840 3215 2918 3286; x_wconf 83' lang='lat' dir='ltr'><strong>(g)</strong></span> <span class='ocrx_word' id='word_1_454' title='bbox 2949 3213 3376 3284; x_wconf 68' lang='lat' dir='ltr'><strong>architecturae,</strong></span> <span class='ocrx_word' id='word_1_455' title='bbox 3411 3221 3470 3272; x_wconf 92' lang='lat' dir='ltr'><strong>et</strong></span> <span class='ocrx_word' id='word_1_456' title='bbox 3497 3193 3742 3273; x_wconf 69' lang='lat' dir='ltr'><strong>texturae</strong></span> 
     </span>
    </p>
   </div>
   <div class='ocr_carea' id='block_1_65' title="bbox 314 3303 1978 3374">
    <p class='ocr_par' dir='ltr' id='par_1_65' title="bbox 314 3303 1978 3374">
     <span class='ocr_line' id='line_1_65' title="bbox 314 3303 1978 3374; baseline -0.001 -16"><span class='ocrx_word' id='word_1_457' title='bbox 314 3304 709 3374; x_wconf 85' lang='lat' dir='ltr'><strong>tio,possibile</strong></span> <span class='ocrx_word' id='word_1_458' title='bbox 730 3303 835 3359; x_wconf 91' lang='lat' dir='ltr'><strong>tibi</strong></span> <span class='ocrx_word' id='word_1_459' title='bbox 858 3308 947 3359; x_wconf 90' lang='lat' dir='ltr'><strong>est</strong></span> <span class='ocrx_word' id='word_1_460' title='bbox 963 3305 1231 3369; x_wconf 87' lang='lat' dir='ltr'><strong>dicere,si</strong></span> <span class='ocrx_word' id='word_1_461' title='bbox 1253 3305 1324 3358; x_wconf 94' lang='lat' dir='ltr'><strong>de</strong></span> <span class='ocrx_word' id='word_1_462' title='bbox 1345 3304 1732 3374; x_wconf 66' lang='lat' dir='ltr'><strong>praesentibus</strong></span> <span class='ocrx_word' id='word_1_463' title='bbox 1746 3304 1813 3357; x_wconf 85' lang='lat' dir='ltr'><strong>ad</strong></span> <span class='ocrx_word' id='word_1_464' title='bbox 1834 3319 1978 3373; x_wconf 71' lang='lat' dir='ltr'><strong>prae-</strong></span> 
     </span>
    </p>
   </div>
   <div class='ocr_carea' id='block_1_66' title="bbox 313 3392 1979 3465">
    <p class='ocr_par' dir='ltr' id='par_1_66' title="bbox 313 3392 1979 3465">
     <span class='ocr_line' id='line_1_66' title="bbox 313 3392 1979 3465; baseline -0.001 -18"><span class='ocrx_word' id='word_1_465' title='bbox 313 3393 490 3448; x_wconf 83' lang='lat' dir='ltr'><strong>terita</strong></span> <span class='ocrx_word' id='word_1_466' title='bbox 527 3394 613 3464; x_wconf 83' lang='lat' dir='ltr'><strong>(d)</strong></span> <span class='ocrx_word' id='word_1_467' title='bbox 644 3394 1000 3464; x_wconf 88' lang='lat' dir='ltr'><strong>repedando,</strong></span> <span class='ocrx_word' id='word_1_468' title='bbox 1048 3392 1433 3465; x_wconf 88' lang='lat' dir='ltr'><strong>principalem</strong></span> <span class='ocrx_word' id='word_1_469' title='bbox 1479 3394 1632 3448; x_wconf 90' lang='lat' dir='ltr'><strong>diem</strong></span> <span class='ocrx_word' id='word_1_470' title='bbox 1665 3393 1979 3447; x_wconf 64' lang='lat' dir='ltr'><strong>mundana</strong></span> 
     </span>
    </p>
   </div>
   <div class='ocr_carea' id='block_1_67' title="bbox 321 3480 1977 3553">
    <p class='ocr_par' dir='ltr' id='par_1_67' title="bbox 321 3480 1977 3553">
     <span class='ocr_line' id='line_1_67' title="bbox 321 3480 1977 3553; baseline 0.001 -18"><span class='ocrx_word' id='word_1_471' title='bbox 321 3480 634 3537; x_wconf 89' lang='lat' dir='ltr'><strong>creationis</strong></span> <span class='ocrx_word' id='word_1_472' title='bbox 665 3481 932 3553; x_wconf 89' lang='lat' dir='ltr'><strong>inquiras</strong></span> <span class='ocrx_word' id='word_1_473' title='bbox 967 3497 980 3537; x_wconf 89' lang='lat'><strong>:</strong></span> <span class='ocrx_word' id='word_1_474' title='bbox 1013 3483 1170 3537; x_wconf 91' lang='lat' dir='ltr'><strong>unde</strong></span> <span class='ocrx_word' id='word_1_475' title='bbox 1202 3482 1452 3553; x_wconf 88' lang='lat' dir='ltr'><strong>tempori</strong></span> <span class='ocrx_word' id='word_1_476' title='bbox 1502 3487 1698 3538; x_wconf 87' lang='lat' dir='ltr'><strong>motus</strong></span> <span class='ocrx_word' id='word_1_477' title='bbox 1749 3481 1977 3553; x_wconf 91' lang='lat' dir='ltr'><strong>primus</strong></span> 
     </span>
    </p>
   </div>
   <div class='ocr_carea' id='block_1_68' title="bbox 323 3569 1974 3642">
    <p class='ocr_par' dir='ltr' id='par_1_68' title="bbox 323 3569 1974 3642">
     <span class='ocr_line' id='line_1_68' title="bbox 323 3569 1974 3642; baseline 0.001 -17"><span class='ocrx_word' id='word_1_478' title='bbox 323 3569 654 3626; x_wconf 89' lang='lat' dir='ltr'><strong>accesserit.</strong></span> <span class='ocrx_word' id='word_1_479' title='bbox 678 3570 897 3626; x_wconf 90' lang='lat' dir='ltr'><strong>Deinde</strong></span> <span class='ocrx_word' id='word_1_480' title='bbox 919 3571 1059 3642; x_wconf 91' lang='lat' dir='ltr'><strong>quia</strong></span> <span class='ocrx_word' id='word_1_481' title='bbox 1085 3571 1245 3626; x_wconf 90' lang='lat' dir='ltr'><strong>velut</strong></span> <span class='ocrx_word' id='word_1_482' title='bbox 1265 3571 1433 3626; x_wconf 91' lang='lat' dir='ltr'><strong>sedes</strong></span> <span class='ocrx_word' id='word_1_483' title='bbox 1451 3577 1508 3626; x_wconf 93' lang='lat' dir='ltr'><strong>et</strong></span> <span class='ocrx_word' id='word_1_484' title='bbox 1522 3570 1803 3641; x_wconf 88' lang='lat' dir='ltr'><strong>repagula</strong></span> <span class='ocrx_word' id='word_1_485' title='bbox 1820 3587 1974 3640; x_wconf 72' lang='lat' dir='ltr'><strong>quae-</strong></span> 
     </span>
    </p>
   </div>
   <div class='ocr_carea' id='block_1_69' title="bbox 324 3658 1976 3731">
    <p class='ocr_par' dir='ltr' id='par_1_69' title="bbox 324 3658 1976 3731">
     <span class='ocr_line' id='line_1_69' title="bbox 324 3658 1976 3731; baseline 0.001 -18"><span class='ocrx_word' id='word_1_486' title='bbox 324 3659 483 3724; x_wconf 85' lang='lat' dir='ltr'><strong>dam,</strong></span> <span class='ocrx_word' id='word_1_487' title='bbox 506 3658 715 3715; x_wconf 85' lang='lat' dir='ltr'><strong>ccelum</strong></span> <span class='ocrx_word' id='word_1_488' title='bbox 749 3665 1022 3731; x_wconf 91' lang='lat' dir='ltr'><strong>terraque</strong></span> <span class='ocrx_word' id='word_1_489' title='bbox 1051 3660 1295 3716; x_wconf 90' lang='lat' dir='ltr'><strong>fundata</strong></span> <span class='ocrx_word' id='word_1_490' title='bbox 1325 3665 1465 3716; x_wconf 90' lang='lat' dir='ltr'><strong>sunt</strong></span> <span class='ocrx_word' id='word_1_491' title='bbox 1487 3678 1501 3726; x_wconf 90' lang='lat'><strong>;</strong></span> <span class='ocrx_word' id='word_1_492' title='bbox 1535 3665 1592 3714; x_wconf 93' lang='lat' dir='ltr'><strong>et</strong></span> <span class='ocrx_word' id='word_1_493' title='bbox 1613 3661 1752 3730; x_wconf 90' lang='lat' dir='ltr'><strong>quia</strong></span> <span class='ocrx_word' id='word_1_494' title='bbox 1771 3664 1862 3714; x_wconf 90' lang='lat' dir='ltr'><strong>est</strong></span> <span class='ocrx_word' id='word_1_495' title='bbox 1882 3677 1976 3714; x_wconf 85' lang='lat' dir='ltr'><strong>ar-</strong></span> 
     </span>
    </p>
   </div>
   <div class='ocr_carea' id='block_1_70' title="bbox 317 3747 1975 3820">
    <p class='ocr_par' dir='ltr' id='par_1_70' title="bbox 317 3747 1975 3820">
     <span class='ocr_line' id='line_1_70' title="bbox 317 3747 1975 3820; baseline 0.001 -19"><span class='ocrx_word' id='word_1_496' title='bbox 317 3748 457 3803; x_wconf 77' lang='lat' dir='ltr'><strong>tifex</strong></span> <span class='ocrx_word' id='word_1_497' title='bbox 486 3747 763 3815; x_wconf 84' lang='lat' dir='ltr'><strong>Verbum,</strong></span> <span class='ocrx_word' id='word_1_498' title='bbox 797 3749 948 3820; x_wconf 92' lang='lat' dir='ltr'><strong>quod</strong></span> <span class='ocrx_word' id='word_1_499' title='bbox 984 3748 1412 3804; x_wconf 90' lang='lat' dir='ltr'><strong>decorationem</strong></span> <span class='ocrx_word' id='word_1_500' title='bbox 1443 3747 1708 3805; x_wconf 90' lang='lat' dir='ltr'><strong>omnium</strong></span> <span class='ocrx_word' id='word_1_501' title='bbox 1739 3764 1867 3819; x_wconf 64' lang='lat' dir='ltr'><strong>qua</strong></span> <span class='ocrx_word' id='word_1_502' title='bbox 1898 3748 1975 3804; x_wconf 83' lang='lat' dir='ltr'><strong>vi-</strong></span> 
     </span>
    </p>
   </div>
   <div class='ocr_carea' id='block_1_71' title="bbox 317 3837 1974 3902">
    <p class='ocr_par' dir='ltr' id='par_1_71' title="bbox 317 3837 1974 3902">
     <span class='ocr_line' id='line_1_71' title="bbox 317 3837 1974 3902; baseline 0.002 -11"><span class='ocrx_word' id='word_1_503' title='bbox 317 3837 532 3892; x_wconf 88' lang='lat' dir='ltr'><strong>dentur</strong></span> <span class='ocrx_word' id='word_1_504' title='bbox 559 3837 768 3902; x_wconf 80' lang='lat' dir='ltr'><strong>eﬂ&#39;ecit,</strong></span> <span class='ocrx_word' id='word_1_505' title='bbox 800 3837 954 3892; x_wconf 88' lang='lat' dir='ltr'><strong>sicut</strong></span> <span class='ocrx_word' id='word_1_506' title='bbox 997 3854 1104 3893; x_wconf 93' lang='lat' dir='ltr'><strong>vox</strong></span> <span class='ocrx_word' id='word_1_507' title='bbox 1153 3837 1316 3892; x_wconf 89' lang='lat' dir='ltr'><strong>relati</strong></span> <span class='ocrx_word' id='word_1_508' title='bbox 1359 3842 1653 3893; x_wconf 91' lang='lat' dir='ltr'><strong>monstrat</strong></span> <span class='ocrx_word' id='word_1_509' title='bbox 1682 3838 1832 3894; x_wconf 90' lang='lat' dir='ltr'><strong>initii</strong></span> <span class='ocrx_word' id='word_1_510' title='bbox 1869 3855 1882 3894; x_wconf 90' lang='lat'>:</span> <span class='ocrx_word' id='word_1_511' title='bbox 1916 3844 1974 3895; x_wconf 90' lang='lat' dir='ltr'><strong>et</strong></span> 
     </span>
    </p>
   </div>
   <div class='ocr_carea' id='block_1_72' title="bbox 311 3925 1968 3996">
    <p class='ocr_par' dir='ltr' id='par_1_72' title="bbox 311 3925 1968 3996">
     <span class='ocr_line' id='line_1_72' title="bbox 311 3925 1968 3996; baseline 0.004 -19"><span class='ocrx_word' id='word_1_512' title='bbox 311 3927 447 3995; x_wconf 80' lang='lat' dir='ltr'><strong>quia</strong></span> <span class='ocrx_word' id='word_1_513' title='bbox 463 3942 577 3981; x_wconf 88' lang='lat' dir='ltr'><strong>non</strong></span> <span class='ocrx_word' id='word_1_514' title='bbox 603 3927 730 3981; x_wconf 90' lang='lat' dir='ltr'><strong>sine</strong></span> <span class='ocrx_word' id='word_1_515' title='bbox 757 3927 998 3996; x_wconf 91' lang='lat' dir='ltr'><strong>ratione,</strong></span> <span class='ocrx_word' id='word_1_516' title='bbox 1022 3925 1110 3982; x_wconf 93' lang='lat' dir='ltr'><strong>vel</strong></span> <span class='ocrx_word' id='word_1_517' title='bbox 1134 3927 1351 3982; x_wconf 88' lang='lat' dir='ltr'><strong>frustra</strong></span> <span class='ocrx_word' id='word_1_518' title='bbox 1374 3929 1660 3982; x_wconf 87' lang='lat' dir='ltr'><strong>formatus</strong></span> <span class='ocrx_word' id='word_1_519' title='bbox 1681 3931 1770 3983; x_wconf 90' lang='lat' dir='ltr'><strong>est</strong></span> <span class='ocrx_word' id='word_1_520' title='bbox 1793 3944 1968 3984; x_wconf 88' lang='lat' dir='ltr'><strong>mun-</strong></span> 
     </span>
    </p>
   </div>
   <div class='ocr_carea' id='block_1_73' title="bbox 308 4015 1965 4086">
    <p class='ocr_par' dir='ltr' id='par_1_73' title="bbox 308 4015 1965 4086">
     <span class='ocr_line' id='line_1_73' title="bbox 308 4015 1965 4086; baseline 0.004 -19"><span class='ocrx_word' id='word_1_521' title='bbox 308 4015 441 4070; x_wconf 91' lang='lat' dir='ltr'><strong>dus.</strong></span> <span class='ocrx_word' id='word_1_522' title='bbox 474 4015 700 4086; x_wconf 89' lang='lat' dir='ltr'><strong>Quippe</strong></span> <span class='ocrx_word' id='word_1_523' title='bbox 731 4015 827 4086; x_wconf 92' lang='lat' dir='ltr'><strong>qui</strong></span> <span class='ocrx_word' id='word_1_524' title='bbox 861 4015 1066 4071; x_wconf 88' lang='lat' dir='ltr'><strong>utilem</strong></span> <span class='ocrx_word' id='word_1_525' title='bbox 1101 4017 1617 4086; x_wconf 86' lang='lat' dir='ltr'><strong>necessariumque</strong></span> <span class='ocrx_word' id='word_1_526' title='bbox 1666 4018 1842 4073; x_wconf 89' lang='lat' dir='ltr'><strong>rebus</strong></span> <span class='ocrx_word' id='word_1_527' title='bbox 1871 4034 1965 4074; x_wconf 91' lang='lat' dir='ltr'><strong>es-</strong></span> 
     </span>
    </p>
   </div>
   <div class='ocr_carea' id='block_1_74' title="bbox 304 4103 1962 4174">
    <p class='ocr_par' dir='ltr' id='par_1_74' title="bbox 304 4103 1962 4174">
     <span class='ocr_line' id='line_1_74' title="bbox 304 4103 1962 4174; baseline 0.003 -16"><span class='ocrx_word' id='word_1_528' title='bbox 304 4108 394 4158; x_wconf 90' lang='lat' dir='ltr'><strong>set</strong></span> <span class='ocrx_word' id='word_1_529' title='bbox 423 4103 642 4159; x_wconf 85' lang='lat' dir='ltr'><strong>exitum</strong></span> <span class='ocrx_word' id='word_1_530' title='bbox 676 4105 1052 4174; x_wconf 75' lang='lat' dir='ltr'><strong>prsebiturus,</strong></span> <span class='ocrx_word' id='word_1_531' title='bbox 1087 4105 1136 4159; x_wconf 91' lang='lat' dir='ltr'><strong>si</strong></span> <span class='ocrx_word' id='word_1_532' title='bbox 1182 4122 1381 4160; x_wconf 87' lang='lat' dir='ltr'><strong>revera</strong></span> <span class='ocrx_word' id='word_1_533' title='bbox 1411 4105 1745 4161; x_wconf 90' lang='lat' dir='ltr'><strong>animorum</strong></span> <span class='ocrx_word' id='word_1_534' title='bbox 1787 4108 1962 4164; x_wconf 88' lang='lat' dir='ltr'><strong>ratio-</strong></span> 
     </span>
    </p>
   </div>
   <div class='ocr_carea' id='block_1_75' title="bbox 299 4192 1962 4266">
    <p class='ocr_par' dir='ltr' id='par_1_75' title="bbox 299 4192 1962 4266">
     <span class='ocr_line' id='line_1_75' title="bbox 299 4192 1962 4266; baseline 0.003 -20"><span class='ocrx_word' id='word_1_535' title='bbox 299 4192 611 4260; x_wconf 89' lang='lat' dir='ltr'><strong>nabilium,</strong></span> <span class='ocrx_word' id='word_1_536' title='bbox 657 4193 812 4250; x_wconf 90' lang='lat' dir='ltr'><strong>sicut</strong></span> <span class='ocrx_word' id='word_1_537' title='bbox 851 4193 1130 4260; x_wconf 86' lang='lat' dir='ltr'><strong>diximus,</strong></span> <span class='ocrx_word' id='word_1_538' title='bbox 1180 4194 1613 4266; x_wconf 88' lang='lat' dir='ltr'><strong>magisterium,</strong></span> <span class='ocrx_word' id='word_1_539' title='bbox 1645 4201 1704 4251; x_wconf 91' lang='lat' dir='ltr'><strong>et</strong></span> <span class='ocrx_word' id='word_1_540' title='bbox 1752 4197 1962 4251; x_wconf 62' lang='lat' dir='ltr'><strong>divina;</strong></span> 
     </span>
    </p>
   </div>
   <div class='ocr_carea' id='block_1_76' title="bbox 297 4281 1962 4354">
    <p class='ocr_par' dir='ltr' id='par_1_76' title="bbox 297 4281 1962 4354">
     <span class='ocr_line' id='line_1_76' title="bbox 297 4281 1962 4354; baseline 0.003 -18"><span class='ocrx_word' id='word_1_541' title='bbox 297 4281 556 4338; x_wconf 87' lang='lat' dir='ltr'><strong>notionis</strong></span> <span class='ocrx_word' id='word_1_542' title='bbox 587 4283 1002 4352; x_wconf 90' lang='lat' dir='ltr'><strong>eruditionem,</strong></span> <span class='ocrx_word' id='word_1_543' title='bbox 1023 4300 1128 4354; x_wconf 91' lang='lat' dir='ltr'><strong>per</strong></span> <span class='ocrx_word' id='word_1_544' title='bbox 1155 4283 1412 4338; x_wconf 78' lang='lat' dir='ltr'><strong>visibilis</strong></span> <span class='ocrx_word' id='word_1_545' title='bbox 1435 4283 1556 4339; x_wconf 59' lang='lat' dir='ltr'><strong>haec</strong></span> <span class='ocrx_word' id='word_1_546' title='bbox 1578 4289 1635 4339; x_wconf 92' lang='lat' dir='ltr'><strong>et</strong></span> <span class='ocrx_word' id='word_1_547' title='bbox 1657 4285 1962 4341; x_wconf 89' lang='lat' dir='ltr'><strong>sensibilia</strong></span> 
     </span>
    </p>
   </div>
   <div class='ocr_carea' id='block_1_77' title="bbox 298 4370 1958 4442">
    <p class='ocr_par' dir='ltr' id='par_1_77' title="bbox 298 4370 1958 4442">
     <span class='ocr_line' id='line_1_77' title="bbox 298 4370 1958 4442; baseline 0.003 -18"><span class='ocrx_word' id='word_1_548' title='bbox 298 4370 507 4424; x_wconf 82' lang='lat' dir='ltr'><strong>tribuit</strong></span> <span class='ocrx_word' id='word_1_549' title='bbox 528 4372 708 4426; x_wconf 90' lang='lat' dir='ltr'><strong>menti</strong></span> <span class='ocrx_word' id='word_1_550' title='bbox 735 4377 946 4426; x_wconf 71' lang='lat' dir='ltr'><strong>nostris</strong></span> <span class='ocrx_word' id='word_1_551' title='bbox 972 4387 1178 4442; x_wconf 90' lang='lat' dir='ltr'><strong>regens</strong></span> <span class='ocrx_word' id='word_1_552' title='bbox 1201 4388 1328 4434; x_wconf 88' lang='lat' dir='ltr'><strong>nos,</strong></span> <span class='ocrx_word' id='word_1_553' title='bbox 1355 4377 1420 4426; x_wconf 93' lang='lat' dir='ltr'><strong>ut</strong></span> <span class='ocrx_word' id='word_1_554' title='bbox 1446 4373 1527 4427; x_wconf 92' lang='lat' dir='ltr'><strong>ita</strong></span> <span class='ocrx_word' id='word_1_555' title='bbox 1557 4373 1958 4438; x_wconf 89' lang='lat' dir='ltr'><strong>dixerim,ma-</strong></span> 
     </span>
    </p>
   </div>
   <div class='ocr_carea' id='block_1_78' title="bbox 299 4459 1956 4532">
    <p class='ocr_par' dir='ltr' id='par_1_78' title="bbox 299 4459 1956 4532">
     <span class='ocr_line' id='line_1_78' title="bbox 299 4459 1956 4532; baseline 0.002 -19"><span class='ocrx_word' id='word_1_556' title='bbox 299 4476 400 4522; x_wconf 89' lang='lat' dir='ltr'><strong>nu,</strong></span> <span class='ocrx_word' id='word_1_557' title='bbox 426 4475 543 4529; x_wconf 92' lang='lat' dir='ltr'><strong>quo</strong></span> <span class='ocrx_word' id='word_1_558' title='bbox 572 4459 802 4514; x_wconf 86' lang='lat' dir='ltr'><strong>facilius</strong></span> <span class='ocrx_word' id='word_1_559' title='bbox 834 4459 1155 4515; x_wconf 88' lang='lat' dir='ltr'><strong>invisibilia</strong></span> <span class='ocrx_word' id='word_1_560' title='bbox 1179 4461 1665 4532; x_wconf 86' lang='lat' dir='ltr'><strong>contemplemur,</strong></span> <span class='ocrx_word' id='word_1_561' title='bbox 1696 4463 1850 4518; x_wconf 89' lang='lat' dir='ltr'><strong>sicut</strong></span> <span class='ocrx_word' id='word_1_562' title='bbox 1870 4465 1956 4518; x_wconf 90' lang='lat' dir='ltr'><strong>di-</strong></span> 
     </span>
    </p>
   </div>
   <div class='ocr_carea' id='block_1_79' title="bbox 2089 3298 3744 3376">
    <p class='ocr_par' dir='ltr' id='par_1_79' title="bbox 2089 3298 3744 3376">
     <span class='ocr_line' id='line_1_79' title="bbox 2089 3298 3744 3376; baseline 0.006 -22"><span class='ocrx_word' id='word_1_563' title='bbox 2089 3303 2146 3354; x_wconf 89' lang='lat' dir='ltr'><strong>et</strong></span> <span class='ocrx_word' id='word_1_564' title='bbox 2165 3298 2259 3354; x_wconf 90' lang='lat' dir='ltr'><strong>his</strong></span> <span class='ocrx_word' id='word_1_565' title='bbox 2282 3298 2846 3372; x_wconf 88' lang='lat' dir='ltr'><strong>similium,quarum</strong></span> <span class='ocrx_word' id='word_1_566' title='bbox 2864 3301 3002 3358; x_wconf 91' lang='lat' dir='ltr'><strong>licet</strong></span> <span class='ocrx_word' id='word_1_567' title='bbox 3023 3304 3230 3360; x_wconf 84' lang='lat' dir='ltr'><strong>artifex</strong></span> <span class='ocrx_word' id='word_1_568' title='bbox 3253 3311 3463 3376; x_wconf 67' lang='lat' dir='ltr'><strong>presto</strong></span> <span class='ocrx_word' id='word_1_569' title='bbox 3486 3324 3598 3363; x_wconf 90' lang='lat' dir='ltr'><strong>non</strong></span> <span class='ocrx_word' id='word_1_570' title='bbox 3621 3309 3744 3363; x_wconf 89' lang='lat' dir='ltr'><strong>fue-</strong></span> 
     </span>
    </p>
   </div>
   <div class='ocr_carea' id='block_1_80' title="bbox 2089 3387 3747 3467">
    <p class='ocr_par' dir='ltr' id='par_1_80' title="bbox 2089 3387 3747 3467">
     <span class='ocr_line' id='line_1_80' title="bbox 2089 3387 3747 3467; baseline 0.004 -26"><span class='ocrx_word' id='word_1_571' title='bbox 2089 3387 2183 3457; x_wconf 92' lang='lat' dir='ltr'><strong>rit,</strong></span> <span class='ocrx_word' id='word_1_572' title='bbox 2217 3389 2366 3444; x_wconf 89' lang='lat' dir='ltr'><strong>ratio</strong></span> <span class='ocrx_word' id='word_1_573' title='bbox 2396 3395 2592 3444; x_wconf 89' lang='lat' dir='ltr'><strong>tamen</strong></span> <span class='ocrx_word' id='word_1_574' title='bbox 2625 3391 2768 3446; x_wconf 90' lang='lat' dir='ltr'><strong>artis</strong></span> <span class='ocrx_word' id='word_1_575' title='bbox 2799 3391 2989 3462; x_wconf 89' lang='lat' dir='ltr'><strong>ipsius</strong></span> <span class='ocrx_word' id='word_1_576' title='bbox 3019 3400 3276 3464; x_wconf 83' lang='lat' dir='ltr'><strong>apparet,</strong></span> <span class='ocrx_word' id='word_1_577' title='bbox 3311 3411 3747 3467; x_wconf 81' lang='lat' dir='ltr'><strong>possumusqua</strong></span> 
     </span>
    </p>
   </div>
   <div class='ocr_carea' id='block_1_81' title="bbox 2087 3476 3746 3553">
    <p class='ocr_par' dir='ltr' id='par_1_81' title="bbox 2087 3476 3746 3553">
     <span class='ocr_line' id='line_1_81' title="bbox 2087 3476 3746 3553; baseline 0.007 -24"><span class='ocrx_word' id='word_1_578' title='bbox 2087 3476 2158 3530; x_wconf 94' lang='lat' dir='ltr'><strong>de</strong></span> <span class='ocrx_word' id='word_1_579' title='bbox 2175 3493 2348 3548; x_wconf 91' lang='lat' dir='ltr'><strong>opere</strong></span> <span class='ocrx_word' id='word_1_580' title='bbox 2369 3487 2678 3550; x_wconf 88' lang='lat' dir='ltr'><strong>conspecto</strong></span> <span class='ocrx_word' id='word_1_581' title='bbox 2697 3480 2968 3551; x_wconf 89' lang='lat' dir='ltr'><strong>peritiam</strong></span> <span class='ocrx_word' id='word_1_582' title='bbox 2991 3483 3274 3553; x_wconf 75' lang='lat' dir='ltr'><strong>cujusque</strong></span> <span class='ocrx_word' id='word_1_583' title='bbox 3297 3484 3540 3541; x_wconf 82' lang='lat' dir='ltr'><strong>artiﬁcis</strong></span> <span class='ocrx_word' id='word_1_584' title='bbox 3563 3487 3746 3541; x_wconf 83' lang='lat' dir='ltr'><strong>admi-</strong></span> 
     </span>
    </p>
   </div>
   <div class='ocr_carea' id='block_1_82' title="bbox 2086 3567 3746 3645">
    <p class='ocr_par' dir='ltr' id='par_1_82' title="bbox 2086 3567 3746 3645">
     <span class='ocr_line' id='line_1_82' title="bbox 2086 3567 3746 3645; baseline 0.007 -27"><span class='ocrx_word' id='word_1_585' title='bbox 2086 3568 2222 3621; x_wconf 86' lang='lat' dir='ltr'><strong>rari.</strong></span> <span class='ocrx_word' id='word_1_586' title='bbox 2248 3567 2396 3638; x_wconf 86' lang='lat' dir='ltr'><strong>Ergo</strong></span> <span class='ocrx_word' id='word_1_587' title='bbox 2419 3573 2484 3622; x_wconf 91' lang='lat' dir='ltr'><strong>ut</strong></span> <span class='ocrx_word' id='word_1_588' title='bbox 2503 3575 2726 3624; x_wconf 88' lang='lat' dir='ltr'><strong>certum</strong></span> <span class='ocrx_word' id='word_1_589' title='bbox 2749 3569 2914 3624; x_wconf 85' lang='lat' dir='ltr'><strong>ﬁeret</strong></span> <span class='ocrx_word' id='word_1_590' title='bbox 2945 3570 3084 3642; x_wconf 89' lang='lat' dir='ltr'><strong>quia</strong></span> <span class='ocrx_word' id='word_1_591' title='bbox 3113 3572 3372 3627; x_wconf 89' lang='lat' dir='ltr'><strong>mundus</strong></span> <span class='ocrx_word' id='word_1_592' title='bbox 3405 3579 3528 3628; x_wconf 89' lang='lat' dir='ltr'><strong>arte</strong></span> <span class='ocrx_word' id='word_1_593' title='bbox 3555 3576 3746 3645; x_wconf 84' lang='lat' dir='ltr'><strong>perfe-</strong></span> 
     </span>
    </p>
   </div>
   <div class='ocr_carea' id='block_1_83' title="bbox 2084 3657 3742 3733">
    <p class='ocr_par' dir='ltr' id='par_1_83' title="bbox 2084 3657 3742 3733">
     <span class='ocr_line' id='line_1_83' title="bbox 2084 3657 3742 3733; baseline 0.007 -25"><span class='ocrx_word' id='word_1_594' title='bbox 2084 3661 2215 3710; x_wconf 83' lang='lat' dir='ltr'><strong>ctus</strong></span> <span class='ocrx_word' id='word_1_595' title='bbox 2246 3664 2356 3722; x_wconf 87' lang='lat' dir='ltr'><strong>est,</strong></span> <span class='ocrx_word' id='word_1_596' title='bbox 2381 3657 2478 3725; x_wconf 90' lang='lat' dir='ltr'><strong>qui</strong></span> <span class='ocrx_word' id='word_1_597' title='bbox 2501 3662 2849 3714; x_wconf 89' lang='lat' dir='ltr'><strong>cunctorum</strong></span> <span class='ocrx_word' id='word_1_598' title='bbox 2883 3658 3103 3714; x_wconf 89' lang='lat' dir='ltr'><strong>visibus</strong></span> <span class='ocrx_word' id='word_1_599' title='bbox 3136 3659 3386 3715; x_wconf 90' lang='lat' dir='ltr'><strong>habetur</strong></span> <span class='ocrx_word' id='word_1_600' title='bbox 3414 3663 3742 3733; x_wconf 88' lang='lat' dir='ltr'><strong>expositus,</strong></span> 
     </span>
    </p>
   </div>
   <div class='ocr_carea' id='block_1_84' title="bbox 2083 3747 3744 3820">
    <p class='ocr_par' dir='ltr' id='par_1_84' title="bbox 2083 3747 3744 3820">
     <span class='ocr_line' id='line_1_84' title="bbox 2083 3747 3744 3820; baseline 0.006 -22"><span class='ocrx_word' id='word_1_601' title='bbox 2083 3750 2375 3813; x_wconf 87' lang='lat' dir='ltr'><strong>quatenus</strong></span> <span class='ocrx_word' id='word_1_602' title='bbox 2397 3762 2497 3816; x_wconf 92' lang='lat' dir='ltr'><strong>per</strong></span> <span class='ocrx_word' id='word_1_603' title='bbox 2517 3763 2652 3802; x_wconf 90' lang='lat' dir='ltr'><strong>eum</strong></span> <span class='ocrx_word' id='word_1_604' title='bbox 2675 3747 3042 3804; x_wconf 87' lang='lat' dir='ltr'><strong>fabricatoris</strong></span> <span class='ocrx_word' id='word_1_605' title='bbox 3063 3749 3155 3805; x_wconf 91' lang='lat' dir='ltr'><strong>sui</strong></span> <span class='ocrx_word' id='word_1_606' title='bbox 3173 3747 3460 3820; x_wconf 88' lang='lat' dir='ltr'><strong>sapientia</strong></span> <span class='ocrx_word' id='word_1_607' title='bbox 3481 3769 3744 3808; x_wconf 85' lang='lat' dir='ltr'><strong>noscere-</strong></span> 
     </span>
    </p>
   </div>
   <div class='ocr_carea' id='block_1_85' title="bbox 2080 3835 3740 3909">
    <p class='ocr_par' dir='ltr' id='par_1_85' title="bbox 2080 3835 3740 3909">
     <span class='ocr_line' id='line_1_85' title="bbox 2080 3835 3740 3909; baseline 0.006 -21"><span class='ocrx_word' id='word_1_608' title='bbox 2080 3839 2178 3888; x_wconf 90' lang='lat' dir='ltr'><strong>tur</strong></span> <span class='ocrx_word' id='word_1_609' title='bbox 2209 3851 2222 3890; x_wconf 89' lang='lat'><strong>:</strong></span> <span class='ocrx_word' id='word_1_610' title='bbox 2258 3851 2374 3890; x_wconf 89' lang='lat' dir='ltr'><strong>non</strong></span> <span class='ocrx_word' id='word_1_611' title='bbox 2405 3835 2519 3890; x_wconf 91' lang='lat' dir='ltr'><strong>alia</strong></span> <span class='ocrx_word' id='word_1_612' title='bbox 2548 3852 2686 3892; x_wconf 91' lang='lat' dir='ltr'><strong>voce</strong></span> <span class='ocrx_word' id='word_1_613' title='bbox 2716 3837 2944 3909; x_wconf 83' lang='lat' dir='ltr'><strong>Moyses</strong></span> <span class='ocrx_word' id='word_1_614' title='bbox 2975 3855 3119 3894; x_wconf 91' lang='lat' dir='ltr'><strong>usus</strong></span> <span class='ocrx_word' id='word_1_615' title='bbox 3157 3843 3266 3909; x_wconf 90' lang='lat' dir='ltr'><strong>est,</strong></span> <span class='ocrx_word' id='word_1_616' title='bbox 3299 3840 3399 3894; x_wconf 90' lang='lat' dir='ltr'><strong>sed</strong></span> <span class='ocrx_word' id='word_1_617' title='bbox 3433 3841 3579 3895; x_wconf 85' lang='lat' dir='ltr'><strong>dixit</strong></span> <span class='ocrx_word' id='word_1_618' title='bbox 3614 3858 3627 3897; x_wconf 91' lang='lat'>:</span> <span class='ocrx_word' id='word_1_619' title='bbox 3669 3847 3740 3898; x_wconf 84' lang='lat' dir='ltr'><strong>In</strong></span> 
     </span>
    </p>
   </div>
   <div class='ocr_carea' id='block_1_86' title="bbox 2076 3925 3738 4001">
    <p class='ocr_par' dir='ltr' id='par_1_86' title="bbox 2076 3925 3738 4001">
     <span class='ocr_line' id='line_1_86' title="bbox 2076 3925 3738 4001; baseline 0.005 -24"><span class='ocrx_word' id='word_1_620' title='bbox 2076 3925 2350 3994; x_wconf 87' lang='lat' dir='ltr'><strong>principio</strong></span> <span class='ocrx_word' id='word_1_621' title='bbox 2379 3927 2510 3995; x_wconf 83' lang='lat' dir='ltr'><strong>fecit</strong></span> <span class='ocrx_word' id='word_1_622' title='bbox 2539 3927 2695 3982; x_wconf 87' lang='lat' dir='ltr'><strong>Deus.</strong></span> <span class='ocrx_word' id='word_1_623' title='bbox 2732 3927 2857 3982; x_wconf 84' lang='lat' dir='ltr'><strong>Non</strong></span> <span class='ocrx_word' id='word_1_624' title='bbox 2889 3929 3215 3983; x_wconf 87' lang='lat' dir='ltr'><strong>construxit</strong></span> <span class='ocrx_word' id='word_1_625' title='bbox 3243 3933 3345 3984; x_wconf 91' lang='lat' dir='ltr'><strong>aut</strong></span> <span class='ocrx_word' id='word_1_626' title='bbox 3385 3937 3738 4001; x_wconf 76' lang='lat' dir='ltr'><strong>composuit,</strong></span> 
     </span>
    </p>
   </div>
   <div class='ocr_carea' id='block_1_87' title="bbox 2077 4014 3740 4089">
    <p class='ocr_par' dir='ltr' id='par_1_87' title="bbox 2077 4014 3740 4089">
     <span class='ocr_line' id='line_1_87' title="bbox 2077 4014 3740 4089; baseline 0.004 -21"><span class='ocrx_word' id='word_1_627' title='bbox 2077 4014 2178 4068; x_wconf 91' lang='lat' dir='ltr'><strong>sed</strong></span> <span class='ocrx_word' id='word_1_628' title='bbox 2203 4014 2642 4084; x_wconf 83' lang='lat' dir='ltr'><strong>/ecit.0uamvis</strong></span> <span class='ocrx_word' id='word_1_629' title='bbox 2667 4015 2932 4070; x_wconf 90' lang='lat' dir='ltr'><strong>nonnulli</strong></span> <span class='ocrx_word' id='word_1_630' title='bbox 2956 4033 3157 4072; x_wconf 88' lang='lat' dir='ltr'><strong>eorum</strong></span> <span class='ocrx_word' id='word_1_631' title='bbox 3180 4017 3278 4088; x_wconf 88' lang='lat' dir='ltr'><strong>qui</strong></span> <span class='ocrx_word' id='word_1_632' title='bbox 3301 4034 3448 4072; x_wconf 86' lang='lat' dir='ltr'><strong>vana</strong></span> <span class='ocrx_word' id='word_1_633' title='bbox 3463 4019 3740 4089; x_wconf 90' lang='lat' dir='ltr'><strong>opinione</strong></span> 
     </span>
    </p>
   </div>
   <div class='ocr_carea' id='block_1_88' title="bbox 2077 4101 3738 4174">
    <p class='ocr_par' dir='ltr' id='par_1_88' title="bbox 2077 4101 3738 4174">
     <span class='ocr_line' id='line_1_88' title="bbox 2077 4101 3738 4174; baseline 0.006 -19"><span class='ocrx_word' id='word_1_634' title='bbox 2077 4101 2352 4172; x_wconf 76' lang='lat' dir='ltr'><strong>praeventi</strong></span> <span class='ocrx_word' id='word_1_635' title='bbox 2376 4104 2974 4174; x_wconf 86' lang='lat' dir='ltr'><strong>sunt,sempiternum</strong></span> <span class='ocrx_word' id='word_1_636' title='bbox 3007 4106 3294 4161; x_wconf 87' lang='lat' dir='ltr'><strong>mundum</strong></span> <span class='ocrx_word' id='word_1_637' title='bbox 3317 4123 3451 4162; x_wconf 90' lang='lat' dir='ltr'><strong>cum</strong></span> <span class='ocrx_word' id='word_1_638' title='bbox 3470 4107 3585 4164; x_wconf 89' lang='lat' dir='ltr'><strong>Deo</strong></span> <span class='ocrx_word' id='word_1_639' title='bbox 3605 4125 3738 4164; x_wconf 89' lang='lat' dir='ltr'><strong>esse</strong></span> 
     </span>
    </p>
   </div>
   <div class='ocr_carea' id='block_1_89' title="bbox 2073 4191 3732 4265">
    <p class='ocr_par' dir='ltr' id='par_1_89' title="bbox 2073 4191 3732 4265">
     <span class='ocr_line' id='line_1_89' title="bbox 2073 4191 3732 4265; baseline 0.005 -20"><span class='ocrx_word' id='word_1_640' title='bbox 2073 4191 2354 4258; x_wconf 87' lang='lat' dir='ltr'><strong>dicentes,</strong></span> <span class='ocrx_word' id='word_1_641' title='bbox 2389 4191 2551 4248; x_wconf 89' lang='lat' dir='ltr'><strong>nullo</strong></span> <span class='ocrx_word' id='word_1_642' title='bbox 2577 4194 2750 4249; x_wconf 88' lang='lat' dir='ltr'><strong>modo</strong></span> <span class='ocrx_word' id='word_1_643' title='bbox 2781 4194 2852 4249; x_wconf 89' lang='lat' dir='ltr'><strong>ab</strong></span> <span class='ocrx_word' id='word_1_644' title='bbox 2883 4194 3013 4265; x_wconf 91' lang='lat' dir='ltr'><strong>ipso</strong></span> <span class='ocrx_word' id='word_1_645' title='bbox 3036 4195 3255 4250; x_wconf 85' lang='lat' dir='ltr'><strong>factum</strong></span> <span class='ocrx_word' id='word_1_646' title='bbox 3290 4205 3732 4265; x_wconf 88' lang='lat' dir='ltr'><strong>concesserunt,</strong></span> 
     </span>
    </p>
   </div>
   <div class='ocr_carea' id='block_1_90' title="bbox 2070 4281 3736 4355">
    <p class='ocr_par' dir='ltr' id='par_1_90' title="bbox 2070 4281 3736 4355">
     <span class='ocr_line' id='line_1_90' title="bbox 2070 4281 3736 4355; baseline 0.005 -20"><span class='ocrx_word' id='word_1_647' title='bbox 2070 4281 2172 4335; x_wconf 91' lang='lat' dir='ltr'><strong>sed</strong></span> <span class='ocrx_word' id='word_1_648' title='bbox 2187 4286 2470 4352; x_wconf 90' lang='lat' dir='ltr'><strong>tanquam</strong></span> <span class='ocrx_word' id='word_1_649' title='bbox 2487 4283 2991 4338; x_wconf 89' lang='lat' dir='ltr'><strong>obumbrationem</strong></span> <span class='ocrx_word' id='word_1_650' title='bbox 3019 4284 3338 4355; x_wconf 88' lang='lat' dir='ltr'><strong>quamdam</strong></span> <span class='ocrx_word' id='word_1_651' title='bbox 3355 4285 3587 4342; x_wconf 89' lang='lat' dir='ltr'><strong>virtutis</strong></span> <span class='ocrx_word' id='word_1_652' title='bbox 3604 4304 3736 4344; x_wconf 87' lang='lat' dir='ltr'><strong>esse</strong></span> 
     </span>
    </p>
   </div>
   <div class='ocr_carea' id='block_1_91' title="bbox 2069 4371 3736 4447">
    <p class='ocr_par' dir='ltr' id='par_1_91' title="bbox 2069 4371 3736 4447">
     <span class='ocr_line' id='line_1_91' title="bbox 2069 4371 3736 4447; baseline 0.005 -21"><span class='ocrx_word' id='word_1_653' title='bbox 2069 4371 2385 4438; x_wconf 59' lang='lat' dir='ltr'><strong>divinanUi)</strong></span> <span class='ocrx_word' id='word_1_654' title='bbox 2407 4376 2623 4428; x_wconf 81' lang='lat' dir='ltr'><strong>Ferunt</strong></span> <span class='ocrx_word' id='word_1_655' title='bbox 2653 4373 2812 4428; x_wconf 88' lang='lat' dir='ltr'><strong>enim</strong></span> <span class='ocrx_word' id='word_1_656' title='bbox 2843 4390 2979 4430; x_wconf 91' lang='lat' dir='ltr'><strong>eum</strong></span> <span class='ocrx_word' id='word_1_657' title='bbox 3010 4380 3220 4445; x_wconf 89' lang='lat' dir='ltr'><strong>sponte</strong></span> <span class='ocrx_word' id='word_1_658' title='bbox 3248 4377 3736 4447; x_wconf 88' lang='lat' dir='ltr'><strong>compositum,et</strong></span> 
     </span>
    </p>
   </div>
   <div class='ocr_carea' id='block_1_92' title="bbox 2067 4461 3732 4532">
    <p class='ocr_par' dir='ltr' id='par_1_92' title="bbox 2067 4461 3732 4532">
     <span class='ocr_line' id='line_1_92' title="bbox 2067 4461 3732 4532; baseline 0.004 -18"><span class='ocrx_word' id='word_1_659' title='bbox 2067 4462 2334 4532; x_wconf 89' lang='lat' dir='ltr'><strong>quamvis</strong></span> <span class='ocrx_word' id='word_1_660' title='bbox 2365 4461 2548 4516; x_wconf 91' lang='lat' dir='ltr'><strong>Deum</strong></span> <span class='ocrx_word' id='word_1_661' title='bbox 2580 4463 2709 4532; x_wconf 88' lang='lat' dir='ltr'><strong>ejus</strong></span> <span class='ocrx_word' id='word_1_662' title='bbox 2741 4463 2940 4518; x_wconf 89' lang='lat' dir='ltr'><strong>haberi</strong></span> <span class='ocrx_word' id='word_1_663' title='bbox 2973 4467 3267 4518; x_wconf 71' lang='lat' dir='ltr'><strong>fateantur</strong></span> <span class='ocrx_word' id='word_1_664' title='bbox 3295 4470 3628 4527; x_wconf 79' lang='lat' dir='ltr'><strong>auctorem;</strong></span> <span class='ocrx_word' id='word_1_665' title='bbox 3652 4466 3732 4521; x_wconf 86' lang='lat' dir='ltr'><strong>ita</strong></span> 
     </span>
    </p>
   </div>
   <div class='ocr_carea' id='block_1_93' title="bbox 299 4546 3729 4627">
    <p class='ocr_par' dir='ltr' id='par_1_93' title="bbox 299 4546 3729 4627">
     <span class='ocr_line' id='line_1_93' title="bbox 299 4546 3729 4627; baseline 0.003 -26"><span class='ocrx_word' id='word_1_666' title='bbox 299 4549 378 4601; x_wconf 86' lang='lat' dir='ltr'><strong>cit</strong></span> <span class='ocrx_word' id='word_1_667' title='bbox 408 4546 755 4618; x_wconf 86' lang='lat' dir='ltr'><strong>Apostolus:</strong></span> <span class='ocrx_word' id='word_1_668' title='bbox 782 4549 924 4616; x_wconf 84' lang='lat' dir='ltr'><strong>Quia</strong></span> <span class='ocrx_word' id='word_1_669' title='bbox 952 4551 1265 4604; x_wconf 80' lang='lat' dir='ltr'><strong>invisibilia</strong></span> <span class='ocrx_word' id='word_1_670' title='bbox 1293 4552 1433 4621; x_wconf 82' lang='lat' dir='ltr'><strong>ejus,</strong></span> <span class='ocrx_word' id='word_1_671' title='bbox 1453 4567 1486 4604; x_wconf 90' lang='lat' dir='ltr'><strong>a</strong></span> <span class='ocrx_word' id='word_1_672' title='bbox 1515 4553 1714 4606; x_wconf 80' lang='lat' dir='ltr'><strong>mundi</strong></span> <span class='ocrx_word' id='word_1_673' title='bbox 1741 4568 1955 4623; x_wconf 87' lang='lat' dir='ltr'><strong>compo-</strong></span> <span class='ocrx_word' id='word_1_674' title='bbox 1993 4563 2037 4627; x_wconf 76' lang='grc' dir='ltr'><strong>ι)</strong></span> <span class='ocrx_word' id='word_1_675' title='bbox 2067 4555 2263 4604; x_wconf 88' lang='lat' dir='ltr'><strong>tamen</strong></span> <span class='ocrx_word' id='word_1_676' title='bbox 2297 4553 2646 4618; x_wconf 85' lang='lat' dir='ltr'><strong>l&#39;atentur,ut</strong></span> <span class='ocrx_word' id='word_1_677' title='bbox 2666 4551 2793 4607; x_wconf 88' lang='lat' dir='ltr'><strong>sine</strong></span> <span class='ocrx_word' id='word_1_678' title='bbox 2827 4553 3124 4608; x_wconf 88' lang='lat' dir='ltr'><strong>voluntate</strong></span> <span class='ocrx_word' id='word_1_679' title='bbox 3153 4552 3346 4623; x_wconf 89' lang='lat' dir='ltr'><strong>ipsius</strong></span> <span class='ocrx_word' id='word_1_680' title='bbox 3379 4555 3729 4624; x_wconf 81' lang='lat' dir='ltr'><strong>processisse</strong></span> 
     </span>
    </p>
   </div>
   <div class='ocr_carea' id='block_1_94' title="bbox 297 4636 1961 4712">
    <p class='ocr_par' dir='ltr' id='par_1_94' title="bbox 297 4636 1961 4712">
     <span class='ocr_line' id='line_1_94' title="bbox 297 4636 1961 4712; baseline 0.002 -22"><span class='ocrx_word' id='word_1_681' title='bbox 297 4636 497 4690; x_wconf 86' lang='lat' dir='ltr'><strong>sitione</strong></span> <span class='ocrx_word' id='word_1_682' title='bbox 513 4651 610 4707; x_wconf 87' lang='lat' dir='ltr'><strong>per</strong></span> <span class='ocrx_word' id='word_1_683' title='bbox 637 4653 702 4691; x_wconf 83' lang='lat' dir='ltr'><strong>ea</strong></span> <span class='ocrx_word' id='word_1_684' title='bbox 731 4653 848 4707; x_wconf 73' lang='lat' dir='ltr'><strong>quae</strong></span> <span class='ocrx_word' id='word_1_685' title='bbox 877 4639 1028 4708; x_wconf 77' lang='lat' dir='ltr'><strong>facta</strong></span> <span class='ocrx_word' id='word_1_686' title='bbox 1054 4642 1200 4702; x_wconf 84' lang='lat' dir='ltr'><strong>sunt,</strong></span> <span class='ocrx_word' id='word_1_687' title='bbox 1235 4639 1515 4694; x_wconf 82' lang='lat' dir='ltr'><strong>intellecta</strong></span> <span class='ocrx_word' id='word_1_688' title='bbox 1543 4642 1961 4712; x_wconf 84' lang='lat' dir='ltr'><strong>conspiciuntur</strong></span> 
     </span>
    </p>
   </div>
   <div class='ocr_carea' id='block_1_95' title="bbox 367 4741 1955 4815">
    <p class='ocr_par' dir='ltr' id='par_1_95' title="bbox 367 4741 1955 4815">
     <span class='ocr_line' id='line_1_95' title="bbox 367 4741 1955 4815; baseline 0.005 -19"><span class='ocrx_word' id='word_1_689' title='bbox 367 4742 443 4814; x_wconf 85' lang='grc' dir='ltr'><strong>(α)</strong></span> <span class='ocrx_word' id='word_1_690' title='bbox 475 4741 666 4798; x_wconf 88' lang='lat' dir='ltr'><strong>Codex</strong></span> <span class='ocrx_word' id='word_1_691' title='bbox 692 4741 876 4810; x_wconf 90' lang='lat' dir='ltr'><strong>Colb.,</strong></span> <span class='ocrx_word' id='word_1_692' title='bbox 902 4745 1075 4815; x_wconf 84' lang='lat' dir='ltr'><strong>paria</strong></span> <span class='ocrx_word' id='word_1_693' title='bbox 1101 4748 1346 4815; x_wconf 84' lang='lat' dir='ltr'><strong>fuerunt.</strong></span> <span class='ocrx_word' id='word_1_694' title='bbox 1382 4746 1530 4801; x_wconf 89' lang='lat' dir='ltr'><strong>Editi</strong></span> <span class='ocrx_word' id='word_1_695' title='bbox 1579 4751 1637 4802; x_wconf 92' lang='lat' dir='ltr'><strong>et</strong></span> <span class='ocrx_word' id='word_1_696' title='bbox 1686 4748 1782 4801; x_wconf 87' lang='lat' dir='ltr'><strong>alii</strong></span> <span class='ocrx_word' id='word_1_697' title='bbox 1840 4749 1955 4804; x_wconf 91' lang='lat' dir='ltr'><strong>duo</strong></span> 
     </span>
    </p>
   </div>
   <div class='ocr_carea' id='block_1_96' title="bbox 294 4816 960 4886">
    <p class='ocr_par' dir='ltr' id='par_1_96' title="bbox 294 4816 960 4886">
     <span class='ocr_line' id='line_1_96' title="bbox 294 4816 960 4886; baseline -0.002 -16"><span class='ocrx_word' id='word_1_698' title='bbox 294 4829 461 4880; x_wconf 89' lang='lat' dir='ltr'><strong>mss.,</strong></span> <span class='ocrx_word' id='word_1_699' title='bbox 489 4831 597 4884; x_wconf 84' lang='lat' dir='ltr'><strong>par</strong></span> <span class='ocrx_word' id='word_1_700' title='bbox 621 4816 750 4886; x_wconf 85' lang='lat' dir='ltr'><strong>fuit.</strong></span> <span class='ocrx_word' id='word_1_701' title='bbox 958 4883 960 4885; x_wconf 7' lang='lat' dir='ltr'><strong>b</strong></span> 
     </span>
    </p>
   </div>
   <div class='ocr_carea' id='block_1_97' title="bbox 363 4886 1950 4958">
    <p class='ocr_par' dir='ltr' id='par_1_97' title="bbox 363 4886 1950 4958">
     <span class='ocr_line' id='line_1_97' title="bbox 363 4886 1950 4958; baseline 0.004 -18"><span class='ocrx_word' id='word_1_702' title='bbox 363 4887 436 4957; x_wconf 92' lang='lat' dir='ltr'><strong>(b)</strong></span> <span class='ocrx_word' id='word_1_703' title='bbox 470 4887 642 4949; x_wconf 91' lang='lat' dir='ltr'><strong>Editi,</strong></span> <span class='ocrx_word' id='word_1_704' title='bbox 673 4886 743 4941; x_wconf 86' lang='lat' dir='ltr'><strong>ad</strong></span> <span class='ocrx_word' id='word_1_705' title='bbox 772 4888 1158 4958; x_wconf 77' lang='lat' dir='ltr'><strong>antiquitatem</strong></span> <span class='ocrx_word' id='word_1_706' title='bbox 1189 4889 1470 4958; x_wconf 79' lang='lat' dir='ltr'><strong>perspicit.</strong></span> <span class='ocrx_word' id='word_1_707' title='bbox 1510 4890 1668 4944; x_wconf 88' lang='lat' dir='ltr'><strong>Libri</strong></span> <span class='ocrx_word' id='word_1_708' title='bbox 1709 4897 1950 4957; x_wconf 86' lang='lat' dir='ltr'><strong>veteres,</strong></span> 
     </span>
    </p>
   </div>
   <div class='ocr_carea' id='block_1_98' title="bbox 290 4957 1950 5033">
    <p class='ocr_par' dir='ltr' id='par_1_98' title="bbox 290 4957 1950 5033">
     <span class='ocr_line' id='line_1_98' title="bbox 290 4957 1950 5033; baseline 0.004 -21"><span class='ocrx_word' id='word_1_709' title='bbox 290 4959 535 5033; x_wconf 73' lang='lat' dir='ltr'><strong>respicit.</strong></span> <span class='ocrx_word' id='word_1_710' title='bbox 587 4959 847 5014; x_wconf 90' lang='lat' dir='ltr'><strong>Subinde</strong></span> <span class='ocrx_word' id='word_1_711' title='bbox 895 4957 1052 5013; x_wconf 72' lang='lat' dir='ltr'><strong>Colb.</strong></span> <span class='ocrx_word' id='word_1_712' title='bbox 1111 4957 1429 5027; x_wconf 84' lang='lat' dir='ltr'><strong>secundus,</strong></span> <span class='ocrx_word' id='word_1_713' title='bbox 1463 4970 1514 5017; x_wconf 78' lang='lat' dir='ltr'><strong>et</strong></span> <span class='ocrx_word' id='word_1_714' title='bbox 1563 4963 1950 5033; x_wconf 77' lang='lat' dir='ltr'><strong>intelligibilia</strong></span> 
     </span>
    </p>
   </div>
   <div class='ocr_carea' id='block_1_99' title="bbox 289 5029 538 5084">
    <p class='ocr_par' dir='ltr' id='par_1_99' title="bbox 289 5029 538 5084">
     <span class='ocr_line' id='line_1_99' title="bbox 289 5029 538 5084; baseline 0 -1"><span class='ocrx_word' id='word_1_715' title='bbox 289 5029 538 5084; x_wconf 86' lang='lat' dir='ltr'><strong>initium.</strong></span> 
     </span>
    </p>
   </div>
   <div class='ocr_carea' id='block_1_100' title="bbox 359 5100 1947 5172">
    <p class='ocr_par' dir='ltr' id='par_1_100' title="bbox 359 5100 1947 5172">
     <span class='ocr_line' id='line_1_100' title="bbox 359 5100 1947 5172; baseline 0.005 -19"><span class='ocrx_word' id='word_1_716' title='bbox 359 5101 430 5171; x_wconf 89' lang='lat' dir='ltr'><strong>(c)</strong></span> <span class='ocrx_word' id='word_1_717' title='bbox 457 5100 615 5154; x_wconf 89' lang='lat' dir='ltr'><strong>Colb.</strong></span> <span class='ocrx_word' id='word_1_718' title='bbox 651 5101 973 5164; x_wconf 88' lang='lat' dir='ltr'><strong>secunduo,</strong></span> <span class='ocrx_word' id='word_1_719' title='bbox 1021 5115 1094 5172; x_wconf 76' lang='lat' dir='ltr'><strong>ea:</strong></span> <span class='ocrx_word' id='word_1_720' title='bbox 1145 5103 1336 5172; x_wconf 81' lang='lat' dir='ltr'><strong>aliqua</strong></span> <span class='ocrx_word' id='word_1_721' title='bbox 1363 5103 1746 5160; x_wconf 79' lang='lat' dir='ltr'><strong>substentante</strong></span> <span class='ocrx_word' id='word_1_722' title='bbox 1769 5111 1947 5161; x_wconf 82' lang='lat' dir='ltr'><strong>matc-</strong></span> 
     </span>
    </p>
   </div>
   <div class='ocr_carea' id='block_1_101' title="bbox 284 5171 1948 5248">
    <p class='ocr_par' dir='ltr' id='par_1_101' title="bbox 284 5171 1948 5248">
     <span class='ocr_line' id='line_1_101' title="bbox 284 5171 1948 5248; baseline 0.007 -27"><span class='ocrx_word' id='word_1_723' title='bbox 284 5171 375 5248; x_wconf 84' lang='lat' dir='ltr'><strong>ria</strong></span> <span class='ocrx_word' id='word_1_724' title='bbox 405 5173 606 5248; x_wconf 83' lang='lat' dir='ltr'><strong>:_quod</strong></span> <span class='ocrx_word' id='word_1_725' title='bbox 643 5173 910 5248; x_wconf 72' lang='lat' dir='ltr'><strong>fortassis</strong></span> <span class='ocrx_word' id='word_1_726' title='bbox 941 5171 1195 5241; x_wconf 90' lang='lat' dir='ltr'><strong>cuipiam</strong></span> <span class='ocrx_word' id='word_1_727' title='bbox 1223 5171 1682 5248; x_wconf 15' lang='lat' dir='ltr'><strong>irmeliusivideri</strong></span> <span class='ocrx_word' id='word_1_728' title='bbox 1737 5179 1948 5248; x_wconf 90' lang='lat' dir='ltr'><strong>poterit</strong></span> 
     </span>
    </p>
   </div>
   <div class='ocr_carea' id='block_1_102' title="bbox 279 5242 1946 5310">
    <p class='ocr_par' dir='ltr' id='par_1_102' title="bbox 279 5242 1946 5310">
     <span class='ocr_line' id='line_1_102' title="bbox 279 5242 1946 5310; baseline 0.006 -17"><span class='ocrx_word' id='word_1_729' title='bbox 279 5246 338 5310; x_wconf 80' lang='lat' dir='ltr'><strong>et</strong></span> <span class='ocrx_word' id='word_1_730' title='bbox 370 5243 439 5296; x_wconf 88' lang='lat' dir='ltr'><strong>ad</strong></span> <span class='ocrx_word' id='word_1_731' title='bbox 473 5242 629 5297; x_wconf 89' lang='lat' dir='ltr'><strong>hunc</strong></span> <span class='ocrx_word' id='word_1_732' title='bbox 660 5242 853 5297; x_wconf 86' lang='lat' dir='ltr'><strong>locum</strong></span> <span class='ocrx_word' id='word_1_733' title='bbox 899 5247 1422 5300; x_wconf 79' lang='lat' dir='ltr'><strong>accommodatius.</strong></span> <span class='ocrx_word' id='word_1_734' title='bbox 1469 5247 1585 5301; x_wconf 90' lang='lat' dir='ltr'><strong>Nec</strong></span> <span class='ocrx_word' id='word_1_735' title='bbox 1635 5249 1716 5303; x_wconf 90' lang='lat' dir='ltr'><strong>ita</strong></span> <span class='ocrx_word' id='word_1_736' title='bbox 1737 5242 1946 5304; x_wconf 44' lang='lat' dir='ltr'><strong>-multo</strong></span> 
     </span>
    </p>
   </div>
   <div class='ocr_carea' id='block_1_103' title="bbox 275 5315 1942 5388">
    <p class='ocr_par' dir='ltr' id='par_1_103' title="bbox 275 5315 1942 5388">
     <span class='ocr_line' id='line_1_103' title="bbox 275 5315 1942 5388; baseline 0.006 -23"><span class='ocrx_word' id='word_1_737' title='bbox 275 5319 410 5382; x_wconf 79' lang='lat' dir='ltr'><strong>post</strong></span> <span class='ocrx_word' id='word_1_738' title='bbox 440 5315 603 5388; x_wconf 83' lang='lat' dir='ltr'><strong>editi,</strong></span> <span class='ocrx_word' id='word_1_739' title='bbox 628 5319 722 5368; x_wconf 84' lang='lat' dir='ltr'><strong>sed</strong></span> <span class='ocrx_word' id='word_1_740' title='bbox 751 5325 809 5388; x_wconf 70' lang='lat' dir='ltr'><strong>et</strong></span> <span class='ocrx_word' id='word_1_741' title='bbox 834 5318 1324 5370; x_wconf 82' lang='lat' dir='ltr'><strong>instructibitium.</strong></span> <span class='ocrx_word' id='word_1_742' title='bbox 1359 5320 1599 5388; x_wconf 81' lang='lat' dir='ltr'><strong>Antiqui</strong></span> <span class='ocrx_word' id='word_1_743' title='bbox 1633 5321 1748 5374; x_wconf 91' lang='lat' dir='ltr'><strong>duo</strong></span> <span class='ocrx_word' id='word_1_744' title='bbox 1789 5323 1942 5388; x_wconf 84' lang='lat' dir='ltr'><strong>libri,</strong></span> 
     </span>
    </p>
   </div>
   <div class='ocr_carea' id='block_1_104' title="bbox 273 5386 1939 5453">
    <p class='ocr_par' dir='ltr' id='par_1_104' title="bbox 273 5386 1939 5453">
     <span class='ocr_line' id='line_1_104' title="bbox 273 5386 1939 5453; baseline 0.005 -15"><span class='ocrx_word' id='word_1_745' title='bbox 273 5386 692 5440; x_wconf 81' lang='lat' dir='ltr'><strong>structibilium.</strong></span> <span class='ocrx_word' id='word_1_746' title='bbox 726 5387 909 5453; x_wconf 85' lang='lat' dir='ltr'><strong>Alius,</strong></span> <span class='ocrx_word' id='word_1_747' title='bbox 942 5389 1432 5443; x_wconf 73' lang='lat' dir='ltr'><strong>exstruetibilium.</strong></span> <span class='ocrx_word' id='word_1_748' title='bbox 1471 5386 1732 5447; x_wconf 71' lang='lat' dir='ltr'><strong>Subinde</strong></span> <span class='ocrx_word' id='word_1_749' title='bbox 1777 5386 1939 5448; x_wconf 78' lang='lat' dir='ltr'><strong>Colb.</strong></span> 
     </span>
    </p>
   </div>
   <div class='ocr_carea' id='block_1_105' title="bbox 275 5457 1545 5528">
    <p class='ocr_par' dir='ltr' id='par_1_105' title="bbox 275 5457 1545 5528">
     <span class='ocr_line' id='line_1_105' title="bbox 275 5457 1545 5528; baseline 0.005 -18"><span class='ocrx_word' id='word_1_750' title='bbox 275 5457 593 5528; x_wconf 78' lang='lat' dir='ltr'><strong>secundus,</strong></span> <span class='ocrx_word' id='word_1_751' title='bbox 617 5459 938 5526; x_wconf 79' lang='lat' dir='ltr'><strong>signiﬁcatis</strong></span> <span class='ocrx_word' id='word_1_752' title='bbox 969 5462 1399 5528; x_wconf 79' lang='lat' dir='ltr'><strong>accommodata,</strong></span> <span class='ocrx_word' id='word_1_753' title='bbox 1433 5467 1545 5516; x_wconf 91' lang='lat' dir='ltr'><strong>etc.</strong></span> 
     </span>
    </p>
   </div>
   <div class='ocr_carea' id='block_1_106' title="bbox 349 5527 1938 5610">
    <p class='ocr_par' dir='ltr' id='par_1_106' title="bbox 349 5527 1938 5610">
     <span class='ocr_line' id='line_1_106' title="bbox 349 5527 1938 5610; baseline 0.007 -30"><span class='ocrx_word' id='word_1_754' title='bbox 349 5527 424 5610; x_wconf 76' lang='grc' dir='ltr'><strong>(ά)</strong></span> <span class='ocrx_word' id='word_1_755' title='bbox 454 5527 615 5610; x_wconf 70' lang='lat' dir='ltr'><strong>Golb.</strong></span> <span class='ocrx_word' id='word_1_756' title='bbox 647 5531 966 5610; x_wconf 70' lang='lat' dir='ltr'><strong>secundus.</strong></span> <span class='ocrx_word' id='word_1_757' title='bbox 1009 5532 1091 5610; x_wconf 83' lang='lat' dir='ltr'><strong>art_</strong></span> <span class='ocrx_word' id='word_1_758' title='bbox 1121 5527 1394 5610; x_wconf 74' lang='lat' dir='ltr'><strong>prelerita</strong></span> <span class='ocrx_word' id='word_1_759' title='bbox 1434 5535 1745 5610; x_wconf 76' lang='lat' dir='ltr'><strong>repetendo,</strong></span> <span class='ocrx_word' id='word_1_760' title='bbox 1782 5535 1938 5591; x_wconf 88' lang='lat' dir='ltr'><strong>haud</strong></span> 
     </span>
    </p>
   </div>
   <div class='ocr_carea' id='block_1_107' title="bbox 275 5597 1937 5682">
    <p class='ocr_par' dir='ltr' id='par_1_107' title="bbox 275 5597 1937 5682">
     <span class='ocr_line' id='line_1_107' title="bbox 275 5597 1937 5682; baseline 0.008 -32"><span class='ocrx_word' id='word_1_761' title='bbox 275 5597 552 5682; x_wconf 64' lang='lat' dir='ltr'><strong>dissimili</strong></span> <span class='ocrx_word' id='word_1_762' title='bbox 577 5597 1297 5682; x_wconf 24' lang='lat' dir='ltr'><strong>sensumliquandonpost</strong></span> <span class='ocrx_word' id='word_1_763' title='bbox 1319 5604 1474 5660; x_wconf 90' lang='lat' dir='ltr'><strong>idem</strong></span> <span class='ocrx_word' id='word_1_764' title='bbox 1499 5597 1706 5682; x_wconf 74' lang='lat' dir='ltr'><strong>codex,</strong></span> <span class='ocrx_word' id='word_1_765' title='bbox 1735 5597 1787 5662; x_wconf 75' lang='lat' dir='ltr'><strong>et</strong></span> <span class='ocrx_word' id='word_1_766' title='bbox 1812 5624 1937 5682; x_wconf 82' lang='lat' dir='ltr'><strong>sen-</strong></span> 
     </span>
    </p>
   </div>
   <div class='ocr_carea' id='block_1_108' title="bbox 2070 4636 3733 4708">
    <p class='ocr_par' dir='ltr' id='par_1_108' title="bbox 2070 4636 3733 4708">
     <span class='ocr_line' id='line_1_108' title="bbox 2070 4636 3733 4708; baseline 0.003 -18"><span class='ocrx_word' id='word_1_767' title='bbox 2070 4637 2440 4701; x_wconf 87' lang='lat' dir='ltr'><strong>conlirment,</strong></span> <span class='ocrx_word' id='word_1_768' title='bbox 2474 4636 2629 4691; x_wconf 91' lang='lat' dir='ltr'><strong>sicut</strong></span> <span class='ocrx_word' id='word_1_769' title='bbox 2671 4653 2740 4692; x_wconf 86' lang='lat' dir='ltr'><strong>ex</strong></span> <span class='ocrx_word' id='word_1_770' title='bbox 2786 4653 3026 4708; x_wconf 90' lang='lat' dir='ltr'><strong>corpore</strong></span> <span class='ocrx_word' id='word_1_771' title='bbox 3059 4637 3355 4703; x_wconf 81' lang='lat' dir='ltr'><strong>umbram,</strong></span> <span class='ocrx_word' id='word_1_772' title='bbox 3387 4638 3473 4693; x_wconf 91' lang='lat' dir='ltr'><strong>vel</strong></span> <span class='ocrx_word' id='word_1_773' title='bbox 3504 4656 3573 4694; x_wconf 87' lang='lat' dir='ltr'><strong>ex</strong></span> <span class='ocrx_word' id='word_1_774' title='bbox 3602 4639 3733 4695; x_wconf 88' lang='lat' dir='ltr'><strong>luce</strong></span> 
     </span>
    </p>
   </div>
   <div class='ocr_carea' id='block_1_109' title="bbox 2137 4740 3726 4814">
    <p class='ocr_par' dir='ltr' id='par_1_109' title="bbox 2137 4740 3726 4814">
     <span class='ocr_line' id='line_1_109' title="bbox 2137 4740 3726 4814; baseline 0.001 -16"><span class='ocrx_word' id='word_1_775' title='bbox 2137 4744 2209 4814; x_wconf 89' lang='lat' dir='ltr'><strong>(c)</strong></span> <span class='ocrx_word' id='word_1_776' title='bbox 2240 4740 2410 4805; x_wconf 87' lang='lat' dir='ltr'><strong>Editi,</strong></span> <span class='ocrx_word' id='word_1_777' title='bbox 2443 4757 2568 4796; x_wconf 84' lang='lat' dir='ltr'><strong>cum</strong></span> <span class='ocrx_word' id='word_1_778' title='bbox 2598 4743 2758 4798; x_wconf 79' lang='lat' dir='ltr'><strong>illud.</strong></span> <span class='ocrx_word' id='word_1_779' title='bbox 2791 4743 2980 4799; x_wconf 85' lang='lat' dir='ltr'><strong>Codex</strong></span> <span class='ocrx_word' id='word_1_780' title='bbox 3011 4749 3231 4809; x_wconf 81' lang='lat' dir='ltr'><strong>noster,</strong></span> <span class='ocrx_word' id='word_1_781' title='bbox 3261 4746 3726 4814; x_wconf 60' lang='lat' dir='ltr'><strong>quoniamiltud.</strong></span> 
     </span>
    </p>
   </div>
   <div class='ocr_carea' id='block_1_110' title="bbox 2064 4811 3728 4891">
    <p class='ocr_par' dir='ltr' id='par_1_110' title="bbox 2064 4811 3728 4891">
     <span class='ocr_line' id='line_1_110' title="bbox 2064 4811 3728 4891; baseline -0.001 -19"><span class='ocrx_word' id='word_1_782' title='bbox 2064 4811 2223 4891; x_wconf 83' lang='lat' dir='ltr'><strong>Colb.</strong></span> <span class='ocrx_word' id='word_1_783' title='bbox 2248 4830 2383 4891; x_wconf 66' lang='lat' dir='ltr'><strong>sequ</strong></span> <span class='ocrx_word' id='word_1_784' title='bbox 2395 4814 2468 4891; x_wconf 80' lang='lat' dir='ltr'><strong>n_d</strong></span> <span class='ocrx_word' id='word_1_785' title='bbox 2479 4832 2569 4891; x_wconf 30' lang='lat' dir='ltr'><strong>uis,</strong></span> <span class='ocrx_word' id='word_1_786' title='bbox 2590 4818 2855 4886; x_wconf 85' lang='lat' dir='ltr'><strong>quoniam</strong></span> <span class='ocrx_word' id='word_1_787' title='bbox 2873 4831 3102 4891; x_wconf 81' lang='lat' dir='ltr'><strong>semper.</strong></span> <span class='ocrx_word' id='word_1_788' title='bbox 3126 4811 3496 4883; x_wconf 72' lang='lat' dir='ltr'><strong>Basilius,toii</strong></span> <span class='ocrx_word' id='word_1_789' title='bbox 3525 4811 3728 4891; x_wconf 76' lang='grc' dir='ltr'><strong>διαιρε-</strong></span> 
     </span>
    </p>
   </div>
   <div class='ocr_carea' id='block_1_111' title="bbox 2063 4881 3036 4959">
    <p class='ocr_par' dir='ltr' id='par_1_111' title="bbox 2063 4881 3036 4959">
     <span class='ocr_line' id='line_1_111' title="bbox 2063 4881 3036 4959; baseline -0.002 -17"><span class='ocrx_word' id='word_1_790' title='bbox 2063 4890 2244 4953; x_wconf 70' lang='grc' dir='ltr'><strong>θέντος</strong></span> <span class='ocrx_word' id='word_1_791' title='bbox 2278 4881 2467 4959; x_wconf 52' lang='grc' dir='ltr'><strong>ἀεὶ-ιῖς</strong></span> <span class='ocrx_word' id='word_1_792' title='bbox 2496 4881 2650 4959; x_wconf 75' lang='grc' dir='ltr'>ἕτερα</span> <span class='ocrx_word' id='word_1_793' title='bbox 2679 4881 3036 4958; x_wconf 66' lang='grc' dir='ltr'><strong>τεμνομένοὶ).</strong></span> 
     </span>
    </p>
   </div>
   <div class='ocr_carea' id='block_1_112' title="bbox 2132 4956 3726 5033">
    <p class='ocr_par' dir='ltr' id='par_1_112' title="bbox 2132 4956 3726 5033">
     <span class='ocr_line' id='line_1_112' title="bbox 2132 4956 3726 5033; baseline 0.002 -23"><span class='ocrx_word' id='word_1_794' title='bbox 2132 4967 2200 5033; x_wconf 67' lang='grc' dir='ltr'><strong>(ι)</strong></span> <span class='ocrx_word' id='word_1_795' title='bbox 2232 4960 2322 5012; x_wconf 77' lang='lat' dir='ltr'><strong>Sic</strong></span> <span class='ocrx_word' id='word_1_796' title='bbox 2353 4957 2512 5033; x_wconf 37' lang='lat' dir='ltr'><strong>Go‘lb.</strong></span> <span class='ocrx_word' id='word_1_797' title='bbox 2535 4956 2862 5033; x_wconf 68' lang='lat' dir='ltr'><strong>secundus.</strong></span> <span class='ocrx_word' id='word_1_798' title='bbox 2883 4963 3002 5033; x_wconf 80' lang='lat' dir='ltr'><strong>Vox</strong></span> <span class='ocrx_word' id='word_1_799' title='bbox 3017 4956 3309 5033; x_wconf 74' lang='lat' dir='ltr'><strong>sciendum</strong></span> <span class='ocrx_word' id='word_1_800' title='bbox 3337 4958 3502 5012; x_wconf 88' lang='lat' dir='ltr'><strong>abest</strong></span> <span class='ocrx_word' id='word_1_801' title='bbox 3529 4975 3560 5012; x_wconf 93' lang='lat' dir='ltr'><strong>a</strong></span> <span class='ocrx_word' id='word_1_802' title='bbox 3590 4959 3726 5013; x_wconf 81' lang='lat' dir='ltr'><strong>vul-</strong></span> 
     </span>
    </p>
   </div>
   <div class='ocr_carea' id='block_1_113' title="bbox 2060 5027 3731 5105">
    <p class='ocr_par' dir='ltr' id='par_1_113' title="bbox 2060 5027 3731 5105">
     <span class='ocr_line' id='line_1_113' title="bbox 2060 5027 3731 5105; baseline -0.001 -19"><span class='ocrx_word' id='word_1_803' title='bbox 2060 5027 2232 5105; x_wconf 66' lang='lat' dir='ltr'><strong>gatis.</strong></span> <span class='ocrx_word' id='word_1_804' title='bbox 2257 5035 2382 5084; x_wconf 84' lang='lat' dir='ltr'><strong>Mox</strong></span> <span class='ocrx_word' id='word_1_805' title='bbox 2404 5027 2564 5086; x_wconf 87' lang='lat' dir='ltr'><strong>Colb.</strong></span> <span class='ocrx_word' id='word_1_806' title='bbox 2591 5032 2908 5105; x_wconf 84' lang='lat' dir='ltr'><strong>secundus,</strong></span> <span class='ocrx_word' id='word_1_807' title='bbox 2937 5029 3248 5105; x_wconf 77' lang='lat' dir='ltr'><strong>videntibus</strong></span> <span class='ocrx_word' id='word_1_808' title='bbox 3275 5035 3731 5105; x_wconf 69' lang='lat' dir='ltr'><strong>demonstratur,-</strong></span> 
     </span>
    </p>
   </div>
   <div class='ocr_carea' id='block_1_114' title="bbox 2059 5097 3721 5224">
    <p class='ocr_par' dir='ltr' id='par_1_114' title="bbox 2059 5097 3721 5224">
     <span class='ocr_line' id='line_1_114' title="bbox 2059 5097 3721 5224; baseline -0.002 -62"><span class='ocrx_word' id='word_1_809' title='bbox 2059 5097 2116 5162; x_wconf 77' lang='lat' dir='ltr'><strong>et</strong></span> <span class='ocrx_word' id='word_1_810' title='bbox 2135 5106 2217 5161; x_wconf 86' lang='lat' dir='ltr'><strong>ita</strong></span> <span class='ocrx_word' id='word_1_811' title='bbox 2247 5117 2478 5224; x_wconf 55' lang='lat' dir='ltr'><strong>quoqiue</strong></span> <span class='ocrx_word' id='word_1_812' title='bbox 2497 5103 2784 5174; x_wconf 82' lang='lat' dir='ltr'><strong>scriptum</strong></span> <span class='ocrx_word' id='word_1_813' title='bbox 2809 5101 3143 5158; x_wconf 85' lang='lat' dir='ltr'><strong>invenimus</strong></span> <span class='ocrx_word' id='word_1_814' title='bbox 3175 5101 3232 5154; x_wconf 92' lang='lat' dir='ltr'><strong>in</strong></span> <span class='ocrx_word' id='word_1_815' title='bbox 3265 5108 3461 5156; x_wconf 80' lang='lat' dir='ltr'><strong>nostro</strong></span> <span class='ocrx_word' id='word_1_816' title='bbox 3494 5102 3721 5170; x_wconf 89' lang='lat' dir='ltr'><strong>codice,</strong></span> 
     </span>
     <span class='ocr_line' id='line_1_115' title="bbox 2059 5171 3721 5224; baseline 0 0"><span class='ocrx_word' id='word_1_817' title='bbox 2059 5180 2157 5224; x_wconf 70' lang='lat' dir='ltr'><strong>sed</strong></span> <span class='ocrx_word' id='word_1_818' title='bbox 2189 5191 2365 5224; x_wconf 79' lang='lat' dir='ltr'><strong>secun</strong></span> <span class='ocrx_word' id='word_1_819' title='bbox 2415 5189 2448 5224; x_wconf 78' lang='grc' dir='ltr'><strong>ει</strong></span> <span class='ocrx_word' id='word_1_820' title='bbox 2498 5193 2673 5224; x_wconf 85' lang='lat' dir='ltr'><strong>manu</strong></span> <span class='ocrx_word' id='word_1_821' title='bbox 2712 5178 3014 5224; x_wconf 80' lang='lat' dir='ltr'><strong>duntaxat.</strong></span> <span class='ocrx_word' id='word_1_822' title='bbox 3066 5171 3242 5224; x_wconf 82' lang='lat' dir='ltr'><strong>Editi.</strong></span> <span class='ocrx_word' id='word_1_823' title='bbox 3280 5173 3584 5224; x_wconf 75' lang='lat' dir='ltr'><strong>visentibus</strong></span> <span class='ocrx_word' id='word_1_824' title='bbox 3622 5173 3721 5224; x_wconf 80' lang='lat' dir='ltr'><strong>de-</strong></span> 
     </span>
    </p>
   </div>
   <div class='ocr_carea' id='block_1_115' title="bbox 2057 5173 3724 5239">
    <p class='ocr_par' dir='ltr' id='par_1_115' title="bbox 2057 5173 3724 5239">
     <span class='ocr_line' id='line_1_116' title="bbox 2057 5173 3724 5239; baseline -0.002 -5"><span class='ocrx_word' id='word_1_825' title='bbox 2057 5180 2158 5234; x_wconf 91' lang='lat' dir='ltr'><strong>sed</strong></span> <span class='ocrx_word' id='word_1_826' title='bbox 2189 5173 2448 5231; x_wconf 79' lang='lat' dir='ltr'><strong>sccunda</strong></span> <span class='ocrx_word' id='word_1_827' title='bbox 2498 5173 2673 5230; x_wconf 86' lang='lat' dir='ltr'><strong>manu</strong></span> <span class='ocrx_word' id='word_1_828' title='bbox 2712 5178 3014 5231; x_wconf 85' lang='lat' dir='ltr'><strong>duntaxat.</strong></span> <span class='ocrx_word' id='word_1_829' title='bbox 3066 5173 3242 5239; x_wconf 88' lang='lat' dir='ltr'><strong>Editi,</strong></span> <span class='ocrx_word' id='word_1_830' title='bbox 3280 5173 3584 5228; x_wconf 76' lang='lat' dir='ltr'><strong>visentibus</strong></span> <span class='ocrx_word' id='word_1_831' title='bbox 3622 5173 3724 5230; x_wconf 83' lang='lat' dir='ltr'><strong>de-</strong></span> 
     </span>
    </p>
   </div>
   <div class='ocr_carea' id='block_1_116' title="bbox 2055 5253 2419 5305">
    <p class='ocr_par' dir='ltr' id='par_1_116' title="bbox 2055 5253 2419 5305">
     <span class='ocr_line' id='line_1_117' title="bbox 2055 5253 2419 5305; baseline -0.005 -1"><span class='ocrx_word' id='word_1_832' title='bbox 2055 5253 2419 5305; x_wconf 74' lang='lat' dir='ltr'><strong>monstratur.</strong></span> 
     </span>
    </p>
   </div>
   <div class='ocr_carea' id='block_1_117' title="bbox 2125 5313 3726 5391">
    <p class='ocr_par' dir='ltr' id='par_1_117' title="bbox 2125 5313 3726 5391">
     <span class='ocr_line' id='line_1_118' title="bbox 2125 5313 3726 5391; baseline -0.002 -17"><span class='ocrx_word' id='word_1_833' title='bbox 2125 5323 2201 5391; x_wconf 87' lang='lat' dir='ltr'><strong>(g)</strong></span> <span class='ocrx_word' id='word_1_834' title='bbox 2239 5321 2406 5382; x_wconf 70' lang='lat' dir='ltr'><strong>Editi.</strong></span> <span class='ocrx_word' id='word_1_835' title='bbox 2441 5319 2828 5375; x_wconf 66' lang='lat' dir='ltr'><strong>architectura?</strong></span> <span class='ocrx_word' id='word_1_836' title='bbox 2857 5322 2907 5372; x_wconf 85' lang='lat' dir='ltr'><strong>et</strong></span> <span class='ocrx_word' id='word_1_837' title='bbox 2954 5319 3040 5372; x_wconf 87' lang='lat' dir='ltr'><strong>his</strong></span> <span class='ocrx_word' id='word_1_838' title='bbox 3087 5313 3586 5391; x_wconf 72' lang='lat' dir='ltr'><strong>similium.__(Jolb.</strong></span> <span class='ocrx_word' id='word_1_839' title='bbox 3629 5331 3726 5370; x_wconf 84' lang='lat' dir='ltr'><strong>se-</strong></span> 
     </span>
    </p>
   </div>
   <div class='ocr_carea' id='block_1_118' title="bbox 2053 5386 3723 5456">
    <p class='ocr_par' dir='ltr' id='par_1_118' title="bbox 2053 5386 3723 5456">
     <span class='ocr_line' id='line_1_119' title="bbox 2053 5386 3723 5456; baseline -0.002 -10"><span class='ocrx_word' id='word_1_840' title='bbox 2053 5386 2203 5446; x_wconf 72' lang='lat' dir='ltr'><strong>cund</strong></span> <span class='ocrx_word' id='word_1_841' title='bbox 2216 5408 2303 5452; x_wconf 90' lang='lat' dir='ltr'><strong>us,</strong></span> <span class='ocrx_word' id='word_1_842' title='bbox 2329 5395 2720 5448; x_wconf 52' lang='lat' dir='ltr'><strong>architectura</strong></span> <span class='ocrx_word' id='word_1_843' title='bbox 2748 5401 2800 5445; x_wconf 80' lang='lat' dir='ltr'><strong>et</strong></span> <span class='ocrx_word' id='word_1_844' title='bbox 2829 5396 3064 5444; x_wconf 73' lang='lat' dir='ltr'><strong>texturae</strong></span> <span class='ocrx_word' id='word_1_845' title='bbox 3085 5397 3134 5442; x_wconf 84' lang='lat' dir='ltr'><strong>et</strong></span> <span class='ocrx_word' id='word_1_846' title='bbox 3159 5388 3233 5442; x_wconf 91' lang='lat' dir='ltr'><strong>iis</strong></span> <span class='ocrx_word' id='word_1_847' title='bbox 3254 5386 3529 5441; x_wconf 75' lang='lat' dir='ltr'><strong>similium</strong></span> <span class='ocrx_word' id='word_1_848' title='bbox 3547 5403 3568 5446; x_wconf 86' lang='grc'><strong>,·</strong></span> <span class='ocrx_word' id='word_1_849' title='bbox 3594 5404 3723 5456; x_wconf 68' lang='lat' dir='ltr'><strong>quae</strong></span> 
     </span>
    </p>
   </div>
   <div class='ocr_carea' id='block_1_119' title="bbox 2051 5459 3718 5535">
    <p class='ocr_par' dir='ltr' id='par_1_119' title="bbox 2051 5459 3718 5535">
     <span class='ocr_line' id='line_1_120' title="bbox 2051 5459 3718 5535; baseline -0.004 -16"><span class='ocrx_word' id='word_1_850' title='bbox 2051 5466 2340 5528; x_wconf 87' lang='lat' dir='ltr'><strong>scriptura</strong></span> <span class='ocrx_word' id='word_1_851' title='bbox 2373 5465 2515 5535; x_wconf 89' lang='lat' dir='ltr'><strong>quin</strong></span> <span class='ocrx_word' id='word_1_852' title='bbox 2552 5479 2685 5535; x_wconf 82' lang='lat' dir='ltr'><strong>vera</strong></span> <span class='ocrx_word' id='word_1_853' title='bbox 2715 5470 2793 5516; x_wconf 71' lang='lat' dir='ltr'><strong>snt</strong></span> <span class='ocrx_word' id='word_1_854' title='bbox 2823 5459 3078 5535; x_wconf 76' lang='lat' dir='ltr'><strong>dubitari</strong></span> <span class='ocrx_word' id='word_1_855' title='bbox 3112 5475 3225 5535; x_wconf 72' lang='lat' dir='ltr'><strong>non</strong></span> <span class='ocrx_word' id='word_1_856' title='bbox 3250 5462 3606 5528; x_wconf 85' lang='lat' dir='ltr'><strong>potest,cum</strong></span> <span class='ocrx_word' id='word_1_857' title='bbox 3632 5459 3718 5514; x_wconf 92' lang='lat' dir='ltr'><strong>le-</strong></span> 
     </span>
    </p>
   </div>
   <div class='ocr_carea' id='block_1_120' title="bbox 2049 5529 3269 5606">
    <p class='ocr_par' dir='ltr' id='par_1_120' title="bbox 2049 5529 3269 5606">
     <span class='ocr_line' id='line_1_121' title="bbox 2049 5529 3269 5606; baseline -0.007 -16"><span class='ocrx_word' id='word_1_858' title='bbox 2049 5552 2263 5606; x_wconf 90' lang='lat' dir='ltr'><strong>gamus</strong></span> <span class='ocrx_word' id='word_1_859' title='bbox 2293 5529 2449 5604; x_wconf 76' lang='lat' dir='ltr'><strong>apud</strong></span> <span class='ocrx_word' id='word_1_860' title='bbox 2482 5534 2790 5594; x_wconf 81' lang='lat' dir='ltr'><strong>Basillum,</strong></span> <span class='ocrx_word' id='word_1_861' title='bbox 2824 5529 2913 5606; x_wconf 70' lang='lat' dir='ltr'><strong>xui</strong></span> <span class='ocrx_word' id='word_1_862' title='bbox 2951 5531 3269 5606; x_wconf 77' lang='grc' dir='ltr'><strong>ὑφαντικῆς.</strong></span> 
     </span>
    </p>
   </div>
   <div class='ocr_carea' id='block_1_121' title="bbox 2121 5598 3745 5676">
    <p class='ocr_par' dir='ltr' id='par_1_121' title="bbox 2121 5598 3745 5676">
     <span class='ocr_line' id='line_1_122' title="bbox 2121 5598 3745 5676; baseline -0.004 -14"><span class='ocrx_word' id='word_1_863' title='bbox 2121 5612 2200 5676; x_wconf 82' lang='lat' dir='ltr'><strong>(h)</strong></span> <span class='ocrx_word' id='word_1_864' title='bbox 2231 5598 2404 5676; x_wconf 74' lang='lat' dir='ltr'><strong>Editi,</strong></span> <span class='ocrx_word' id='word_1_865' title='bbox 2427 5611 2605 5676; x_wconf 82' lang='lat' dir='ltr'><strong>fertur</strong></span> <span class='ocrx_word' id='word_1_866' title='bbox 2623 5598 3220 5676; x_wconf 62' lang='lat' dir='ltr'><strong>enirn.codex&#39;_no_ster</strong></span> <span class='ocrx_word' id='word_1_867' title='bbox 3240 5604 3296 5656; x_wconf 89' lang='lat' dir='ltr'><strong>et</strong></span> <span class='ocrx_word' id='word_1_868' title='bbox 3317 5598 3475 5676; x_wconf 78' lang='lat' dir='ltr'><strong>Colb.</strong></span> <span class='ocrx_word' id='word_1_869' title='bbox 3502 5616 3745 5676; x_wconf 73' lang='lat' dir='ltr'><strong>secum-</strong></span> 
     </span>
    </p>
   </div>
   <div class='ocr_carea' id='block_1_122' title="bbox 273 5669 3722 5748">
    <p class='ocr_par' dir='ltr' id='par_1_122' title="bbox 273 5669 3722 5748">
     <span class='ocr_line' id='line_1_123' title="bbox 273 5669 3722 5748; baseline 0.002 -28"><span class='ocrx_word' id='word_1_870' title='bbox 273 5669 468 5748; x_wconf 73' lang='lat' dir='ltr'><strong>sibilia</strong></span> <span class='ocrx_word' id='word_1_871' title='bbox 508 5672 736 5748; x_wconf 79' lang='lat' dir='ltr'><strong>tribuat.</strong></span> <span class='ocrx_word' id='word_1_872' title='bbox 788 5669 1048 5726; x_wconf 84' lang='lat' dir='ltr'><strong>Subinde</strong></span> <span class='ocrx_word' id='word_1_873' title='bbox 1105 5669 1204 5729; x_wconf 78' lang='lat' dir='ltr'><strong>ille</strong></span> <span class='ocrx_word' id='word_1_874' title='bbox 1258 5676 1380 5744; x_wconf 86' lang='lat' dir='ltr'><strong>ipse</strong></span> <span class='ocrx_word' id='word_1_875' title='bbox 1428 5677 1629 5748; x_wconf 88' lang='lat' dir='ltr'><strong>codex,</strong></span> <span class='ocrx_word' id='word_1_876' title='bbox 1661 5669 1700 5732; x_wconf 24' lang='grc' dir='ltr'><strong>α.</strong></span> <span class='ocrx_word' id='word_1_877' title='bbox 1740 5681 1941 5735; x_wconf 85' lang='lat' dir='ltr'><strong>mundi</strong></span> <span class='ocrx_word' id='word_1_878' title='bbox 2046 5669 2190 5744; x_wconf 59' lang='lat' dir='ltr'><strong>dus,</strong></span> <span class='ocrx_word' id='word_1_879' title='bbox 2211 5669 2436 5748; x_wconf 44' lang='lat' dir='ltr'><strong>ferunt:</strong></span> <span class='ocrx_word' id='word_1_880' title='bbox 2461 5677 2774 5748; x_wconf 87' lang='lat' dir='ltr'><strong>Aliquanto</strong></span> <span class='ocrx_word' id='word_1_881' title='bbox 2814 5680 2948 5748; x_wconf 88' lang='lat' dir='ltr'><strong>post</strong></span> <span class='ocrx_word' id='word_1_882' title='bbox 2996 5672 3157 5730; x_wconf 88' lang='lat' dir='ltr'><strong>Colb.</strong></span> <span class='ocrx_word' id='word_1_883' title='bbox 3191 5672 3508 5743; x_wconf 86' lang='lat' dir='ltr'><strong>secundus,</strong></span> <span class='ocrx_word' id='word_1_884' title='bbox 3535 5671 3620 5728; x_wconf 80' lang='lat' dir='ltr'><strong>vel</strong></span> <span class='ocrx_word' id='word_1_885' title='bbox 3649 5687 3722 5730; x_wconf 76' lang='lat' dir='ltr'><strong>ex</strong></span> 
     </span>
    </p>
   </div>
   <div class='ocr_carea' id='block_1_123' title="bbox 273 5743 682 5799">
    <p class='ocr_par' dir='ltr' id='par_1_123' title="bbox 273 5743 682 5799">
     <span class='ocr_line' id='line_1_124' title="bbox 273 5743 682 5799; baseline 0.01 -7"><span class='ocrx_word' id='word_1_886' title='bbox 273 5743 682 5799; x_wconf 83' lang='lat' dir='ltr'><strong>constitutione.</strong></span> 
     </span>
    </p>
   </div>
   <div class='ocr_carea' id='block_1_124' title="bbox 2049 5751 2563 5822">
    <p class='ocr_par' dir='ltr' id='par_1_124' title="bbox 2049 5751 2563 5822">
     <span class='ocr_line' id='line_1_125' title="bbox 2049 5751 2563 5822; baseline -0.004 -16"><span class='ocrx_word' id='word_1_887' title='bbox 2049 5753 2166 5807; x_wconf 85' lang='lat' dir='ltr'><strong>luce</strong></span> <span class='ocrx_word' id='word_1_888' title='bbox 2194 5751 2563 5822; x_wconf 75' lang='lat' dir='ltr'><strong>splendorem.</strong></span> 
     </span>
    </p>
   </div>
  </div>
