4124 6358
373 385 491 446 889

1112 380 1538 445 EUSTATHII
1582 377 2048 442 HEXAEMERI
2094 378 2646 442 METAPHRASIS
2693 380 2924 444 LIBER
2967 381 3046 443 II.

3667 383 3788 445 890

369 517 547 574 etiam
592 515 736 571 illud
779 515 933 588 quod
974 532 1008 571 a
1055 514 1414 587 quibusdam
1463 513 1629 570 valde
1678 512 2021 586 requiritur,
2052 511 2106 579 Α
2137 515 2441 583 operatum
2471 516 2581 583 est,
2634 513 2735 569 sed
2783 513 2923 585 quia
2969 512 3180 571 coloris
3227 513 3320 570 sui
3371 530 3584 588 magna
3614 514 3785 571 nobis

370 605 677 678 approbari
709 609 901 678 potest
932 623 944 661 :
979 605 1118 677 quia
1164 621 1270 661 nec
1301 604 1543 678 genitali
1593 603 1852 676 potentia
1884 602 2017 674 Spi-

368 697 518 751 ritus
552 697 703 750 714
735 700 976 750 sanctus
1007 699 1183 750 caret.

436 787 490 840 7.
525 786 589 841 Et
615 786 760 840 dixit
787 787 948 853 Deus,
972 787 1099 841 Fiat
1129 787 1245 840 lux.
1267 784 1462 840 Prima
1492 801 1599 839 vox
1619 783 1721 840 Dei
1745 786 2016 838 naturam

366 874 613 931 luminis
646 875 964 945 fabricavit,
990 891 1054 930 ac
1086 875 1356 930 tenebras
1375 873 1642 946 dispulit,
1678 889 2015 928 mmrorem-

369 981 480 1036 que
511 963 796 1035 dissolvit,
831 967 887 1019 et
916 980 1150 1020 omnem
1183 963 1378 1019 subito
1410 963 1601 1019 laetam
1637 963 1889 1034 speciem
1915 962 2015 1032 ju-

367 1053 738 1124 cundamque
769 1053 1062 1124 produxit.
1095 1052 1267 1108 Polus
1291 1057 1431 1108 tunc
1453 1053 1744 1125 apparuit,
1770 1051 1868 1123 qui
1893 1055 2017 1106 erat

365 1142 600 1198 interim
632 1141 854 1198 celatus
886 1158 919 1198 a
946 1142 1190 1198 Domino
1217 1160 1230 1210 ;
1279 1146 1561 1212 tantaque
1591 1142 1721 1212 ejus
1758 1139 2017 1213 pulchri-

363 1233 506 1288 tudo
537 1231 872 1304 perclaruit,
923 1237 1207 1304 quantam
1257 1249 1412 1287 nunc
1442 1231 1617 1288 etiam
1667 1230 2016 1286 testiﬁcatur

363 1325 657 1392 aspectus.
694 1328 805 1376 Aer
835 1325 1031 1377 autem
1076 1321 1485 1378 illustrabatur
1531 1337 1599 1376 ex
1629 1335 1697 1376 ea
1725 1319 1856 1376 luce
1885 1335 2013 1391 quae

359 1409 472 1465 sibi
489 1414 613 1465 erat
626 1411 908 1481 admixta,
932 1415 1287 1484 acutumque
1310 1411 1766 1483 penetrationem
1796 1408 2014 1482 proprii

361 1499 854 1572 fulgoris,ubique
869 1517 970 1572 per
983 1516 1184 1556 omnes
1198 1517 1336 1556 suos
1353 1499 2011 1556 terminosintendebat.

358 1591 604 1644 Sursum
631 1589 788 1644 enim
835 1589 1035 1644 aetheri
1066 1594 1189 1646 erat
1237 1589 1496 1662 caeloque
1525 1589 1786 1659 vicinus;
1816 1588 2014 1644 latitu-

359 1676 495 1732 dine
509 1683 703 1734 autem
727 1677 989 1735 boreales
1010 1677 1190 1734 simul
1212 1683 1270 1734 et
1293 1677 1870 1749 australes,eoasque
1888 1695 2016 1750 par-

355 1769 465 1837 tes,
501 1783 728 1822 necnon
759 1771 816 1823 et
845 1768 1117 1824 occiduas
1161 1769 1558 1840 contingebat,
1593 1767 1812 1839 quippe
1844 1768 2014 1838 cujus

358 1860 572 1911 natura
600 1854 795 1912 lucida
847 1862 939 1913 est
986 1863 1160 1928 atque
1211 1856 1538 1929 perspicua,
1573 1861 1807 1928 propter
1856 1857 2011 1929 quod
2045 1888 2093 1955 Β

358 1943 556 2000 nullas
587 1961 783 2000 moras
821 1950 921 2001 aut
951 1951 1217 2018 tempore.
1245 1947 1345 2001 lux
1375 1963 1478 2018 per
1507 1961 1642 2001 eum
1673 1961 2015 2003 commeans

363 2031 710 2091 sustinebat.
757 2034 921 2091 Sicut
949 2034 1104 2091 enim
1156 2037 1398 2091 obtutus
1449 2039 1703 2102 nostros,
1737 2036 1862 2091 sine
1896 2036 2013 2093 ullo

367 2129 664 2178 momento
695 2125 999 2196 temporis,
1032 2139 1129 2180 aer
1168 2141 1302 2180 mox
1332 2126 1401 2180 ad
1436 2143 1502 2181 ea
1548 2124 1745 2198 dirigit
1775 2143 1900 2198 qua:
1931 2126 2013 2182 vi-

363 2211 614 2282 dentur;
648 2214 728 2268 ita
747 2212 898 2270 lucis
916 2230 1217 2270 accessum
1235 2213 1526 2281 velociter,
1551 2219 1605 2270 et
1630 2215 1790 2270 omni
1813 2215 2014 2272 celeri-

362 2303 481 2356 tate
511 2305 875 2373 perceptum,
903 2319 1006 2375 per
1034 2319 1239 2359 omnes
1266 2304 1412 2359 ﬁnes
1439 2321 1557 2359 suae
1589 2303 2014 2376 complexionis

358 2387 598 2445 infudit.
624 2390 1063 2464 Etherquoque
1083 2393 1388 2448 venustius
1407 2391 1486 2465 (a)
1509 2392 1908 2449 illuminatum
1931 2395 2013 2450 ef-

359 2477 576 2546 ﬁcitur,
609 2485 666 2535 et
695 2496 859 2551 aquae
891 2479 1316 2553 splendidiores
1347 2487 1651 2554 apparent,
1681 2500 1795 2539 non
1818 2483 2011 2540 solum

365 2567 502 2638 quia
530 2567 680 2625 lucis
711 2571 962 2625 candore
991 2569 1340 2641 lustrantur,
1364 2572 1465 2626 sed
1502 2571 1676 2627 etiam
1709 2590 2010 2644 repercus-

358 2657 523 2713 sione
553 2657 682 2728 ejus
711 2657 1056 2730 emicantes,
1079 2659 1384 2715 clariorem
1416 2661 1672 2716 reddunt
1702 2663 1851 2718 aeris
1882 2663 2010 2718 efﬁ-

356 2744 535 2817 giem.
557 2745 644 2801 Ita
665 2747 867 2803 omnia
895 2764 1002 2803 vox
1027 2748 1243 2818 divina,
1259 2752 1426 2820 grata
1448 2754 1503 2805 et
1524 2749 1771 2807 honesta
1792 2752 2010 2808 consti-

360 2833 494 2890 tuit.
528 2835 676 2891 Nam
707 2836 857 2892 sicut
886 2835 947 2892 hi
995 2837 1097 2908 qui
1129 2836 1241 2893 olei
1293 2839 1601 2910 aspergine
1631 2839 2009 2912 perspicuum

356 2923 468 2979 sibi
497 2925 857 2996 profundum
882 2925 1062 2982 maris
1091 2927 1377 2998 efﬁciunt,
1401 2929 1486 2984 sic
1517 2946 1711 2984 rerum
1745 2931 2012 2986 conditor

359 3015 508 3070 Deus
538 3015 662 3069 suis
709 3013 826 3070 oris
856 3015 1082 3083 afﬂatu,
1107 3016 1538 3086 jucunditatem
1570 3017 1739 3085 lucis,
1786 3021 2009 3076 mundo

355 3106 591 3172 repente
603 3103 929 3159 constituit.
946 3105 1070 3158 Fiat
1084 3104 1356 3173 tux,dixit
1367 3105 1522 3160 Deus
1546 3106 2009 3179 :[confestimque

353 3192 665 3263 praeceptio
697 3192 808 3249 fuit
833 3211 1002 3266 opus,
1034 3199 1093 3250 et
1117 3194 1269 3251 facta
1300 3201 1514 3252 natura
1543 3202 1654 3264 est,
1685 3197 1826 3268 quia
1860 3197 2004 3254 nihil

352 3259 764 3352 voluptuosius
787 3283 846 3338 in
869 3259 1115 3339 fruendo
1132 3285 1550 3357 cogitationem
1574 3259 1788 3358 pote-rit
1809 3288 2008 3345 subire
2037 3259 2080 3326 Ο

353 3369 712 3426 mortalium.
733 3373 843 3428 Sed
875 3377 934 3429 et
955 3374 1006 3428 si
1038 3374 1276 3444 quando
1304 3391 1505 3430 vocem
1529 3392 2002 3448 sermonemque.

350 3458 439 3514 vel
471 3461 916 3539 praeceptionem
940 3461 1043 3518 Dei
1069 3462 1346 3532 dicimus,
1369 3464 1548 3520 debes
1569 3466 1867 3522 advertere
1890 3484 2006 3522 non

352 3549 762 3622 intentione(b)
789 3555 1072 3624 motuque
1094 3552 1356 3625 corporis
1369 3569 1566 3609 vocem
1590 3555 1892 3611 reddentis
1913 3574 2007 3612 so-

352 3654 497 3692 num
508 3655 682 3710 quem
691 3640 848 3711 piam
863 3641 1279 3710 destinari,nec
1293 3659 1486 3698 aerem
1504 3643 1788 3717 lingua(c)
1806 3646 2004 3702 verbe-

353 3729 570 3796 ratum,
603 3742 732 3782 esse
756 3727 851 3782 Dei
883 3745 1215 3786 sermonem
1242 3749 1255 3787 :
1281 3732 1382 3788 sed
1402 3731 1722 3790 voluntatis
1747 3752 1865 3790 suae
1889 3752 2008 3791 mo-

354 3817 642 3881 mentum,
674 3816 952 3886 quoniam
984 3823 1220 3890 prOpter
1240 3836 1339 3876 eos
1367 3822 1468 3891 qui
1497 3823 1780 3878 docentur
1800 3825 2004 3881 utilius

351 3917 482 3958 esse
511 3920 840 3972 censemus,
891 3906 1196 3978 speciatim
1249 3909 1500 3979 ﬁgurare
1532 3916 1906 3984 praceptum.
1939 3915 2006 3970 Et

349 3991 488 4048 vidit
515 3995 660 4048 Deus
689 3997 824 4068 quia
854 3995 953 4050 tua:
983 3995 1141 4052 bona.
1177 3997 1404 4061 Quibus
1436 3997 1617 4071 igitur
1643 4000 1834 4057 lucem
1860 4001 2005 4059 cele-

347 4081 520 4138 brare
535 4100 642 4139 nos
658 4084 983 4156 poterimus
1003 4084 1301 4158 laudibus,
1316 4103 1450 4142 cum
1476 4087 1589 4145 tale
1611 4089 1681 4145 de
1702 4107 1812 4146 sua
1834 4091 2003 4148 boni-

349 4174 468 4226 tate
482 4172 891 4230 testimonium
909 4192 942 4231 a
961 4175 1270 4232 Conditore
1291 4177 1611 4234 meruerit?
1633 4180 1788 4236 Licet
1807 4180 2004 4239 divina

347 4260 522 4317 verba
551 4266 784 4319 nostros
813 4263 977 4335 paria
1005 4263 1205 4322 oculos
1236 4266 1309 4322 de
1336 4265 1436 4323 illa
1447 4266 1719 4338 judicare
1741 4270 2002 4344 compel-

343 4345 488 4416 lant,
505 4367 642 4406 nam
660 4367 853 4408 sermo
875 4370 992 4409 non
1007 4353 1227 4410 sufﬁcit
1249 4355 1538 4428 explicare
1562 4362 1850 4430 quantum
1874 4376 2002 4416 seu-

345 4455 451 4496 sus
468 4440 610 4496 aciei
624 4441 988 4513 praeveniens
1005 4447 1340 4501 attestatur.
1363 4445 1418 4501 Si
1441 4445 1598 4503 enim
1621 4447 1999 4520 pulchritudo

345 4545 622 4601 corporea
651 4547 720 4587 ex
737 4531 816 4604 (ά)
836 4533 1118 4588 membris
1141 4533 1298 4590 inter
1325 4551 1388 4591 se
1417 4536 1528 4592 rite
1556 4538 1919 4610 compositis,
1943 4543 2002 4595 et

2126 599 2558 657 oblectamenta
2603 601 2870 675 largitur.
2920 602 3202 659 Similiter
3249 603 3424 660 etiam
3457 603 3624 660 stella
3655 620 3782 676 quas

2126 689 2952 759 vocitaturAntifer,omnium
2979 692 3236 748 siderum
3262 692 3656 765 pulcherrima
3680 711 3782 748 no-

2128 779 2409 850 minatur,
2427 782 2490 851 (e)
2517 798 2630 836 non
2647 785 2883 853 propter
2913 783 3189 838 eximiam
3213 783 3781 855 compaginationem

2128 870 2550 936 membrorum,
2574 887 2700 942 qua)
2726 870 2887 925 nulla
2910 878 3046 926 sunt
3068 871 3248 942 ei,sed
3274 873 3412 944 quia
3433 872 3632 927 laetum
3658 872 3783 927 ala-

2127 974 2402 1026 cremque
2434 959 2720 1031 fulgorem
2747 960 2965 1015 nostris
2990 961 3281 1033 impendit
3312 961 3638 1018 obtutibus.
3662 961 3774 1016 Hu~

2119 1047 2386 1118 jusmodi
2417 1065 2553 1121 ergo
2589 1049 2684 1104 Dei
2733 1050 3165 1121 testimonium,
3200 1067 3314 1106 non
3349 1052 3419 1106 ad
3450 1051 3560 1106 hoc
3587 1050 3779 1106 solum

2126 1137 2366 1209 respicit
2385 1140 2538 1210 quod
2563 1156 2666 1211 per
2682 1156 2745 1195 se
2775 1138 2874 1194 lux
2893 1139 3048 1195 bona
3068 1143 3155 1196 est
3171 1146 3229 1196 et
3251 1141 3519 1211 jucunda
3538 1157 3778 1196 cernen-

2126 1225 2305 1297 tibus,
2325 1229 2426 1284 sed
2447 1228 2624 1284 etiam
2658 1232 2894 1301 propter
2913 1229 3228 1285 utilitatem
3252 1247 3377 1302 qua:
3400 1231 3777 1302 postmodum

2125 1331 2193 1370 ex
2223 1331 2290 1371 ea
2321 1317 2430 1372 fuit
2461 1317 3068 1390 collatimortaiibus,
3090 1319 3304 1375 bonam
3337 1319 3500 1375 dixit.
3526 1322 3594 1376 Et
3614 1335 3779 1389 sepa-

2122 1407 2280 1461 ravit
2309 1406 2450 1462 Deus
2481 1408 2629 1462 inter
2658 1409 2834 1463 lucem
2855 1417 2906 1464 et
2934 1409 3206 1477 tenebras,
3236 1409 3292 1464 id
3318 1413 3404 1465 est
3433 1409 3781 1465 incommix-

2125 1497 2247 1549 tam
2279 1499 2550 1552 naturam
2582 1495 2838 1569 illarum,
2872 1497 3105 1570 sibique
3135 1515 3204 1554 ex
3234 1498 3644 1554 contrarietate
3665 1498 3782 1554 dis-

2123 1598 2323 1654 parem
2348 1585 2686 1654 fabricavit;
2714 1586 2930 1659 quippe
2963 1604 3111 1660 quas
3142 1587 3385 1659 prolixis
3417 1605 3450 1643 a
3481 1604 3543 1643 se
3573 1588 3780 1660 spatiis

2125 1676 2184 1727 et
2213 1673 2485 1730 destituit
2514 1679 2572 1732 et
2601 1677 2899 1746 discrevit,
2925 1677 3076 1732 sicut
3106 1677 3329 1733 dictum
3361 1681 3450 1733 est
3482 1693 3494 1732 :
3529 1678 3592 1733 Et
3621 1693 3776 1733 voca-

2123 1762 2204 1816 vit
2230 1762 2371 1818 Deus
2403 1764 2578 1820 lucem
2607 1765 2772 1832 diem,
2803 1774 2854 1821 et
2883 1766 3138 1822 tenebras
3165 1769 3375 1822 vocavit
3405 1775 3632 1824 noctem.

2193 1851 2247 1906 8.
2282 1851 2452 1910 Nunc
2474 1854 2712 1926 quidem
2732 1861 2864 1926 post
2881 1855 3020 1911 solis
3049 1857 3404 1912 creationem
3430 1856 3554 1912 dies
3577 1856 3777 1929 appel-

2124 1937 2366 2007 latur,id
2390 1945 2478 1997 est
2500 1959 2596 1998 aer
2616 1942 2683 2014 (Γ)
2707 1943 2828 1998 sole
2847 1943 3413 2010 illustratus,cumin
3428 1945 3779 2018 hemisphae-

2122 2026 2207 2084 rio
2239 2031 2394 2102 quod
2427 2049 2608 2104 supra
2630 2036 2846 2088 terram
2879 2037 2969 2090 est
2989 2039 3420 2103 commoratur;
3444 2051 3559 2090 nox
3580 2040 3776 2090 autem

2123 2115 2340 2173 dicitur
2369 2123 2539 2177 terrae
2569 2122 2962 2194 obumbratio,
2995 2140 3123 2195 quas
3156 2123 3275 2180 sole
3303 2123 3363 2178 in
3395 2139 3606 2180 occasu
3639 2140 3779 2180 con-

2122 2205 2245 2263 dito
2297 2215 2628 2282 generatur,
2663 2217 2802 2267 tunc
2851 2219 3047 2268 autem
3105 2230 3219 2268 non
3270 2212 3463 2268 solum
3515 2213 3777 2285 corporis

2123 2299 2312 2366 motu,
2345 2300 2445 2355 sed
2479 2300 2788 2357 diti‘usione
2836 2301 3178 2374 principalis
3209 2301 3473 2368 luminis,
3507 2303 3681 2360 modo
3714 2321 3776 2360 se

2122 2386 2531 2460 subducentis,
2549 2391 2722 2446 modo
2744 2392 2934 2447 denuo
2959 2391 3310 2463 reducentis,
3338 2393 3661 2448 secundum
3685 2393 3775 2448 di-

2120 2475 2317 2532 vinam
2343 2481 2792 2553 praeceptionem
2809 2483 2934 2538 dies
2955 2483 3386 2555 ﬁebat,noxque
3399 2484 3772 2554 sequebatur.

2125 2568 2191 2621 Et
2218 2568 2366 2636 facta
2397 2577 2476 2624 est
2527 2586 2770 2642 vespera,
2816 2580 2868 2627 et
2893 2574 3108 2643 factum
3135 2580 3215 2627 est
3255 2589 3420 2627 mane
3465 2572 3583 2628 dies
3611 2590 3772 2628 unus.

2119 2652 2387 2726 Vesperae
2404 2657 2587 2730 igitur
2604 2661 3775 2735 nuncupatio,communiterintelligenda

2119 2747 2227 2798 est.
2259 2744 2403 2802 Nam
2437 2751 2495 2803 et
2519 2748 2836 2821 incipiente
2868 2750 3056 2818 die,et
3085 2751 3156 2806 ad
3190 2767 3462 2808 occasum
3484 2759 3776 2824 vergente,

2122 2849 2237 2888 nox
2267 2833 2319 2890 ei
2353 2852 2460 2890 sua
2483 2835 2782 2894 vicinitate
2814 2839 3090 2911 contigua
3116 2843 3204 2896 est
3235 2857 3249 2896 :
3283 2845 3688 2896 verumtamen
3718 2848 3778 2896 ut

2119 2921 2443 2979 nativitatis
2475 2925 2698 2981 diurna:
2730 2926 3032 3000 privilegia
3053 2933 3396 2995 reservaret,
3418 2929 3565 2985 dixit
3587 2930 3778 3002 primo

2115 3024 2440 3081 vesperam,
2474 3013 2676 3070 dicens
2724 3016 2865 3086 quia
2913 3033 3027 3072 nox
3058 3016 3212 3073 diem
3263 3018 3598 3074 comitatur.
3633 3024 3774 3075 Nam

2119 3103 2438 3170 antequam
2456 3101 2558 3158 lux
2574 3108 3012 3175 crearetur,nox
3038 3123 3154 3162 non
3177 3106 3502 3162 habebatur
3520 3106 3578 3162 in
3603 3124 3774 3164 mun-

2119 3187 2214 3254 do,
2250 3189 2352 3245 sed
2383 3191 2658 3248 tenebrae.
2692 3192 3074 3251 Obnmbratio
3106 3211 3243 3268 ergo
3272 3199 3438 3252 terra:
3472 3213 3650 3268 quam
3672 3215 3774 3253 su-

2116 3293 2222 3348 pra
2253 3277 2513 3337 diximus
2545 3281 2905 3340 intercidens
2927 3285 3081 3341 diem
3105 3301 3219 3342 nox
3249 3284 3541 3358 appellata
3569 3290 3695 3343 est:
3721 3293 3779 3342 ct

2092 3365 2226 3422 .deo
2257 3384 2403 3424 novo
2435 3370 2674 3427 nomine
2720 3377 2853 3444 post
2894 3375 3331 3446 generationem
3363 3375 3614 3432 vocitata
3643 3381 3729 3432 est
3761 3393 3773 3431 :

2117 3457 2286 3511 Facta
2315 3460 2394 3512 est
2423 3459 2618 3531 itaque
2663 3477 2916 3532 vespera,
2948 3473 3001 3518 et
3044 3466 3254 3535 factum
3289 3468 3375 3520 est
3418 3481 3581 3519 mane
3609 3481 3628 3519 :
3659 3483 3773 3522 non

2119 3542 2262 3599 dixit
2293 3546 2416 3602 dies
2442 3557 2606 3620 atque
2634 3565 2764 3622 nox,
2798 3553 2900 3607 sed
2930 3568 3171 3624 vespera
3200 3557 3258 3608 et
3288 3569 3482 3621 mane,
3515 3559 3580 3609 ut
3609 3571 3773 3610 voca-

2117 3631 2239 3693 buli
2286 3634 2553 3692 videlicet
2598 3639 2945 3710 dignitatem
2994 3642 3146 3714 parti
3194 3641 3420 3699 meliori
3469 3643 3772 3700 tribueret.

2115 3720 2263 3778 Nam
2312 3724 2438 3781 dies
2483 3743 2646 3800 aeque
2697 3745 3001 3802 vesperam
3042 3748 3334 3804 muneque
3382 3733 3686 3805 contingit,
3718 3740 3776 3789 et

2115 3809 2266 3868 hanc
2280 3816 2766 3874 consuetudinem
2789 3820 3045 3891 reperies
3062 3821 3281 3892 ubique
3303 3814 3599 3878 custodire
3619 3823 3772 3880 Serio

2114 3905 2350 3971 pturam
2384 3904 2442 3960 in
2473 3908 2839 3978 temporibus
2870 3910 3279 3967 numerandis.
3303 3910 3566 3968 Dicimus
3612 3913 3770 3968 enim

2113 3992 2199 4044 tot
2216 3990 2343 4048 dies
2361 3992 2593 4066 elapsos
2611 3997 2994 4063 esse,nullam
3030 3999 3311 4056 facientes
3325 3999 3586 4056 noctium
3600 4018 3762 4057 men-

2111 4077 2354 4148 tionem,
2380 4081 2534 4139 sicut
2553 4084 2822 4156 psalmus
2849 4087 3018 4145 docet
3049 4104 3062 4144 :
3100 4090 3220 4145 Dies
3249 4105 3526 4146 annorum
3554 4095 3768 4147 nostro—

2112 4183 2240 4222 rum
2268 4169 2450 4238 (Psal.
2485 4189 2714 4243 Lxxxu,
2742 4175 2849 4248 10).
2884 4177 2953 4231 Et
2981 4176 3194 4232 iterum
3223 4177 3405 4234 Jacob
3439 4193 3452 4234 :
3485 4179 3610 4234 Dies
3642 4181 3772 4236 vitae

2113 4271 2248 4313 mese
2275 4257 2458 4315 breves
2474 4260 2612 4331 (g)et
2639 4262 2943 4336 mati(Gen.
2964 4281 3137 4332 van,
3167 4264 3246 4336 9).
3274 4264 3343 4320 Et
3364 4263 3504 4320 alibi
3531 4281 3545 4322 :
3575 4265 3771 4323 Omnes

2109 4344 2225 4402 dies
2254 4349 2384 4404 vitae
2412 4366 2545 4406 meae
2574 4350 2752 4422 (Psal.
2784 4369 2922 4422 xm,
2950 4353 3026 4425 6).
3061 4354 3212 4426 Ergo
3245 4370 3372 4426 qua:
3404 4357 3546 4410 tunc
3579 4354 3766 4412 histo-

2112 4436 2212 4492 ria
2224 4452 2403 4494 causa
2415 4438 2596 4496 relata
2607 4445 2878 4514 sunt,pro
2892 4441 3124 4515 legibus
3138 4442 3504 4515 inposterum
3516 4444 3771 4502 valitura

2109 4525 2363 4599 scriptor
2381 4527 2732 4586 instituit.Et
2745 4532 2858 4600 fuit
2867 4540 3167 4604 vespera,et
3176 4533 3289 4604 fuit
3298 4548 3462 4589 mane
3472 4535 3589 4589 dies
3601 4551 3766 4591 unus.

345 4619 636 4676 excoloris
656 4625 964 4678 venustate
987 4623 1593 4698 formatur,quomodo
1609 4624 1802 4684 lucem
1827 4629 1998 4699 cujus
2027 4623 2078 4687 D
2106 4616 2498 4682 QuamObl‘em
2522 4634 2637 4674 n0u
2660 4619 3194 4693 dixinprimusﬁed
3217 4623 3589 4696 υῐιιιΒΡΕιθι)
3613 4629 3769 4681 certe

345 4711 556 4765 natura
577 4709 830 4783 simplex
851 4715 960 4782 est,
976 4711 1201 4784 sibique
1223 4729 1328 4786 per
1347 4715 1548 4771 omnia
1569 4715 1804 4784 similis,
1827 4717 2001 4790 plena

343 4797 760 4869 pradicatione
792 4801 949 4873 quod
991 4801 1147 4858 bona
1177 4802 1275 4870 sit,
1307 4820 1629 4876 possumus
1659 4806 1949 4879 explicem
1974 4810 1998 4864 ?

343 4887 431 4944 Ita
460 4887 617 4944 enim
649 4892 707 4945 et
734 4905 943 4946 aurum
974 4891 1196 4948 bonum
1227 4891 1498 4964 dicimus,
1533 4910 1650 4952 non
1682 4895 1821 4969 quia
1847 4897 1996 4954 bene

411 5012 681 5090 (a)__Colb.
706 5015 1026 5090 secundus,
1048 5017 1398 5090 ittuminatus
1425 5021 1698 5090 efficitur;
1729 5026 1786 5078 et
1815 5022 1893 5079 ita
1925 5041 1996 5081 ex

340 5086 573 5164 regulis
603 5087 1006 5164 grammaticis
1043 5088 1166 5164 legi
1219 5086 1488 5164 Oportere
1532 5096 1827 5164 putarem,
1877 5097 1993 5154 nisi

339 5173 450 5239 vox
471 5157 652 5239 faber
678 5163 846 5239 esset‘
859 5157 1139 5239 διευςτὶυὲ
1151 5157 1382 5239 generis
1403 5157 1562 5239 apud
1591 5157 1988 5239 Eustathium,

338 5230 437 5310 qui
467 5228 528 5283 in
560 5229 914 5310 lib_r0_te_rtio
945 5232 1100 5310 ultra
1122 5228 1383 5290 medium
1414 5228 1499 5292 sic
1531 5237 1788 5310 scripsit,
1810 5228 1992 5297 aether

335 5303 673 5374 autemiquis
699 5302 909 5360 dubitet
934 5305 1252 5374 ﬂammeum
1279 5322 1394 5362 esse
1412 5310 1438 5361 .9

407 5372 482 5455 (ὁ)
502 5373 688 5455 Dditi,
717 5372 997 5455 mentione
1022 5383 1302 5450 motuque.
1334 5383 1410 5435 At
1447 5379 1631 5436 nostri
1662 5384 1782 5438 tres
1813 5398 1984 5455 mss.,

335 5445 643 5518 intentione
672 5451 951 5518 motuque.

407 5516 476 5598 (ᾳ)
506 5517 680 5598 Editi,
710 5516 1058 5598 verberatum
1101 5537 1427 5598 sermonem.
1471 5522 1632 5598 golb.
1664 5526 1983 5598 secundus,

331 5591 684 5716 agrberatum
709 5606 821 5648 esse
847 5592 950 5648 Dei
977 5607 1300 5650 sermonem.
1347 5595 1414 5651 In
1462 5595 1683 5669 Graeco,
1713 5596 1804 5651 τὸν
1838 5591 1982 5653 eam}

405 5681 525 5716 γον.

443 5681 525 5717 ον.

431 5734 488 5807 d)
513 5731 674 5790 Colb.
707 5734 1025 5806 secundus,
1056 5751 1126 5793 ex
1171 5737 1430 5796 membris
1457 5745 1510 5796 et
1535 5740 1809 5798 coloribus
1837 5741 1984 5798 inter

2110 4705 2568 4776 consequentius
2581 4706 2773 4764 fuerat
2783 4707 2860 4780 ei,
2883 4709 2985 4782 qui
2997 4710 3269 4767 dicturus
3283 4716 3410 4768 erat
3420 4712 3492 4768 de
3506 4713 3767 4769 secundo

2109 4797 2167 4850 et
2193 4795 2389 4866 tertio,
2415 4798 2473 4851 et
2501 4801 2732 4868 quarto,
2767 4797 3026 4870 primum
3059 4800 3215 4857 diem
3247 4801 3440 4872 potius
3471 4800 3765 4872 appellare

2108 4899 2285 4956 quam
2315 4900 2521 4940 unum.
2545 4885 2658 4942 Sed
2681 4885 2790 4944 hoc
2815 4888 3090 4962 dixit,aut
3104 4906 3444 4947 mensuram
3457 4889 3572 4946 diei
3584 4889 3761 4948 simul

2103 5043 2162 5083 se
2183 5029 2502 5104 compositis
2530 5031 2581 5084 et
2610 5044 2682 5084 ea:
2710 5036 2991 5089 venustate
3015 5036 3310 5104 formatur.

2173 5098 2244 5175 (e)
2271 5101 2463 5175 godex
2494 5117 2667 5175 unus,
2721 5119 2827 5159 non
2872 5121 2973 5175 pro
3001 5098 3215 5160 eximia
3260 5105 3754 5175 compaginatione.

2171 5173 2238 5242 (ι’)
2270 5171 2442 5237 Editi,
2474 5173 2585 5229 sole
2614 5171 2902 5231 lustratus.
2936 5176 3094 5233 Colb.
3130 5171 3587 5247 secundus,'sote
3614 5179 3755 5234 illu-

2098 5251 2782 5391 straauaolb.‘secqndgsz
2803 5316 2990 5391 breves
3006 5325 3057 5374 et
3069 5319 3326 5388 maligni.
3349 5319 3559 5391 Statim
3584 5321 3750 5391 editi,

2101 5387 2662 5476 qufeti't‘m'bistoriz.
2697 5387 2856 5476 Libri
2886 5394 3143 5476 Ave‘teres,
3177 5387 3454 5476 q’uz‘tune
3481 5387 3746 5476 historiae;

2109 5457 2123 5458 ί
2171 5457 2250 5529 (h)
2283 5457 2457 5528 Editi,
2499 5460 2632 5582 quia
2663 5468 2823 5514 certe.
2851 5461 3144 5546 .Antiqui.
3164 5457 3280 5548 duo
3310 5462 3466 5548 libri,
3499 5469 3560 5547 et_
3581 5471 3747 5522 certe.

2099 5530 2160 5585 In
2190 5531 2408 5598 Graeco,
2437 5549 2505 5583 κα
2557 5527 2728 5656 τοίέε.
2781 5531 3217 5619 Ιὺιάᾳωοθάιιι,
3246 5551 3342 5607 qui
3389 5535 3750 5618 distrigturus

2099 5605 2189 5656 est.
2243 5601 2402 5656 Colb.
2455 5617 2633 5656 secun
2685 5618 2774 5656 us.
2831 5619 2925 5656 aut
2971 5604 3221 5656 dictum:
3271 5615 3412 5656 erat-
3461 5607 3575 5656 A111
3629 5609 3745 5656 duo

2093 5605 2189 5656 est.
2243 5601 2406 5675 Colb.
2455 5601 2774 5675 secundus,
2831 5605 2928 5675 qui
2971 5601 3221 5664 dicturus
3252 5601 3412 5664 erat.
3461 5606 3576 5662 Alii
3629 5609 3745 5664 duo

2093 5689 2274 5742 mss.,
2307 5673 2408 5747 qui
2437 5674 2689 5730 dicturus
2717 5676 2817 5730 est.
