4124 6408
336 379 449 442 891
1277 382 1677 443 APPENDIX
1723 382 2053 446 OPERUM
2097 385 2166 445 S.
2211 385 2495 448 BASILII
2539 387 2817 449 MAGNI.
3652 382 3794 444 892

341 511 533 567 noctis
563 527 675 583 que
705 511 1010 580 deﬁniens,
1043 516 1100 568 et
1143 515 1377 583 tempus
1407 513 1482 586 (a)
1515 514 1822 587 utriusque
1852 532 1985 571 con-
2024 515 2079 581 Α
2111 516 2298 572 multa
2329 519 2544 575 secula
2573 519 2742 574 nobis
2763 518 3066 590 Scriptura
3088 515 3344 572 declaret
3368 513 3572 571 dicens
3591 531 3786 572 sacu-

332 602 595 674 jungens
631 616 645 658 :
678 605 744 657 ut
771 601 978 673 viginti
1022 605 1276 672 quatuor
1320 601 1477 657 horse
1527 604 1703 659 unius
1735 605 1992 677 spatium
2106 606 2282 662 lorum
2303 623 2416 662 esse
2433 608 2868 677 szcula,tamen
2894 623 3000 663 nec
3024 605 3100 661 ibi
3125 605 3412 677 primum,
3437 609 3539 659 aut
3560 621 3784 660 secun-

339 690 454 745 diei
506 690 846 746 viderentur
892 692 1141 759 efficere,
1184 691 1680 750 subaudientibus
1727 694 1996 750 videlicet

340 779 534 849 nobis,
569 779 707 850 quia
740 779 1175 851 nuncupatione
1223 780 1360 847 diei,
1416 799 1526 837 nox
1562 800 1795 855 quoque
1826 784 1997 838 debet

339 868 611 942 intelligi.
647 868 828 936 Unde,
877 869 1108 924 etiamsi
1143 887 1327 924 unum
1359 871 1440 925 'ex
1471 871 1562 927 his
1615 872 1737 928 ﬁeri
1769 873 1992 944 longio-

341 975 487 1029 rem,
519 958 814 1014 solstitiali
858 959 1266 1015 immutatione
1301 962 1446 1018 715
1485 963 1814 1034 contigerit,
1849 981 1995 1034 prae-

339 1048 572 1103 ﬁnitum
604 1052 801 1103 tamen
825 1050 1061 1120 tempus
1081 1049 1359 1105 horarum
1383 1052 1694 1123 utriusque
1711 1051 1997 1124 complec-

339 1137 486 1192 titur
515 1136 842 1205 intervalla,
869 1142 1154 1209 tanquam
1187 1140 1235 1196 si
1267 1139 1484 1196 dixeris
1504 1141 1712 1213 viginti
1746 1146 1999 1212 quatuor

339 1226 514 1282 horas
547 1227 619 1282 ad
645 1244 985 1282 mensuram
1011 1228 1188 1285 unius
1209 1229 1323 1284 diei
1347 1229 1623 1302 pertineri
1655 1247 1669 1285 :
1703 1229 1786 1286 vel
1812 1248 1993 1286 unum

336 1316 583 1371 forsitan
615 1315 782 1382 dixit,
818 1316 889 1372 ob
920 1316 1049 1388 hoc,
1077 1318 1216 1390 quia
1249 1319 1306 1374 in
1339 1319 1478 1375 cmlo
1501 1319 1572 1375 de
1605 1320 1778 1376 certis
1811 1320 1998 1392 signis

336 1404 398 1460 in
430 1405 632 1461 eadem
666 1405 877 1461 iterum
912 1407 1023 1462 sub
1054 1425 1168 1463 uno
1198 1408 1290 1464 die
1320 1409 1613 1480 processio
1649 1409 1791 1465 solis
1816 1413 1872 1464 et
1905 1428 1996 1464 re-

334 1493 525 1550 versio
556 1494 902 1551 celebratur.
937 1495 1021 1551 Ita
1050 1497 1280 1568 quoties
1300 1516 1542 1569 vespera
1573 1498 1658 1555 vel
1693 1515 1888 1567 mane,
1908 1516 1996 1554 se-

342 1585 603 1641 cundum
637 1584 778 1640 solis
810 1585 1146 1652 circuitum,
1171 1591 1457 1644 terrarum
1481 1589 1681 1644 orbem
1713 1588 1998 1660 complec-

337 1675 508 1740 titur,
526 1691 639 1730 non
663 1674 946 1746 ampliore
963 1679 1225 1748 tempore
1247 1694 1423 1749 quam
1451 1677 1624 1732 unius
1649 1677 1764 1734 diei
1783 1678 1997 1750 spatio,

340 1763 581 1836 prepria
611 1763 762 1818 solet
791 1763 1082 1820 curricula
1109 1765 1374 1821 deﬁnire.
1399 1765 1504 1822 Vel
1537 1766 1690 1822 sicut
1721 1767 2000 1822 secretior

343 1852 529 1909 tradit
561 1853 730 1924 ratio,
762 1853 916 1908 Deus
947 1869 1081 1908 cum
1107 1860 1380 1910 naturam
1413 1857 1692 1927 temporis
1724 1872 1999 1928 procrea-

341 1945 452 2009 ret,
476 1945 533 1997 et
568 1959 908 1998 mensuram
942 1943 992 1999 ei
1025 1944 1315 2016 signaque
1336 1949 1493 2000 certa
1515 1961 1584 2000 ex
1614 1945 1843 2001 dierum
1865 1961 2000 2000 con-

343 2031 538 2088 stituit
587 2031 962 2088 intervallis:
1008 2038 1064 2088 et
1110 2051 1214 2105 per
1260 2034 1652 2107 septimanam
1706 2035 2006 2090 numerari

339 2119 543 2191 voluit,
568 2135 818 2192 eamque
844 2139 1080 2194 semper
1103 2125 1163 2180 in
1187 2124 1568 2196 semetipsam
1591 2123 1846 2181 converti
1868 2142 2007 2196 pras-

341 2210 753 2282 cepit,motum
768 2213 1051 2284 temporis
1069 2214 1427 2280 metientem,
1451 2230 1773 2285 rursusque
1789 2215 1862 2285 (b)
1876 2231 2004 2286 sep-

342 2299 628 2356 timanam
646 2301 936 2373 supplerij
949 2303 1095 2358 ussit
1109 2302 1287 2359 unius
1303 2303 1413 2358 diei
1430 2305 1780 2376 spatio,qua-.
1791 2303 2008 2375 septies

345 2388 407 2444 in
440 2383 758 2461 semetipsa
789 2389 1126 2448 reflectitur.
1156 2393 1469 2464 Hecjenim
1502 2393 1650 2449 ratio
1672 2397 1760 2449 est
1783 2391 2006 2448 volubi-

345 2476 494 2533 lium
515 2477 978 2549 schematum,ut
998 2498 1030 2537 a
1046 2482 1778 2555 seincipientiasemperjn
1803 2485 2012 2538 semet-

345 2566 476 2637 ipsa
507 2568 790 2626 ferantur.
814 2570 974 2634 Quod
995 2571 1170 2627 etiam
1197 2575 1546 2628 seculorum
1571 2571 1874 2645 proprium
1895 2575 2004 2638 est,

348 2674 479 2729 quae
511 2673 614 2730 per
631 2675 739 2713 sua
761 2676 824 2716 se
844 2659 1208 2717 incessanter
1237 2661 1480 2733 vestigia
1504 2661 1871 2725 revolvendo,
1889 2663 2008 2716 ter-

349 2747 576 2802 minum
597 2746 758 2804 nulla
781 2749 1004 2806 ratione
1022 2751 1374 2822 percipiunt.
1399 2751 1711 2823 Propterea
1733 2751 2005 2806 verticem

344 2837 627 2909 temporis
646 2855 761 2893 non
782 2839 1065 2910 primum,
1091 2841 1193 2896 sed
1218 2858 1402 2896 unum
1429 2842 1792 2914 nuncupavit
1814 2841 1967 2896 diem
1993 2856 2005 2894 :

347 2930 414 2982 ut
442 2944 510 2982 ex
541 2926 668 2999 ipsa
696 2929 1134 3001 nuncupatione
1153 2946 1288 2986 cum
1317 2930 1528 2986 saeculo
1548 2930 1658 2986 sibi
1681 2934 2012 2986 servaretur

352 3015 2011 3092 affinitasﬂerumenimsimplicium,nihilquecommune
2124 3017 2476 3074 claritudine
2515 3021 2854 3072 sanctorum
2904 3030 3166 3079 suorum,
3202 3011 3274 3067 ad
3324 3009 3774 3066 exsultationem

353 3121 488 3160 cum
519 3106 651 3162 aliis
701 3106 1071 3180 habentium,
1105 3112 1406 3182 specimen
1451 3111 1720 3168 indicans
1752 3127 2011 3183 congrue
2124 3123 2317 3164 meam
2349 3108 2406 3162 in
2441 3106 2596 3163 diem
2651 3104 2900 3172 Domini,
2937 3103 3031 3160 cui
3061 3101 3249 3174 gloria
3295 3103 3352 3156 et
3380 3100 3588 3165 honor,
3619 3111 3783 3152 nunc

347 3195 584 3266 penitus
603 3201 662 3252 et
685 3196 962 3254 decenter
983 3199 1323 3258 nominatus
1345 3205 1436 3256 est
1453 3217 1630 3258 unus.
1656 3200 1724 3257 Et
1744 3198 2013 3271 quamvis
2061 3270 2067 3271 ί
2125 3201 2183 3252 et
2214 3213 2448 3269 semper
2477 3199 2534 3252 et
2567 3195 2624 3251 in
2658 3193 2876 3250 saecula
2901 3191 3278 3250 saeculorum.
3312 3189 3514 3244 Amen.

2041 3270 2084 3336 C

422 3340 502 3410 (a)
537 3339 777 3410 Antiqui
805 3342 922 3396 duo
948 3339 1082 3397 libri
1100 3348 1158 3397 et
1179 3343 1337 3409 editi,
1357 3346 1649 3416 utriusque
1671 3345 2008 3413 contingens.
2047 3326 2083 3336 u
2121 3340 2392 3396 saeculum
2418 3340 2715 3408 septimum
2743 3335 2953 3391 dixeris
2985 3352 3004 3390 :
3035 3333 3094 3388 in
3140 3333 3359 3458 (ﬁnibus
3389 3327 3670 3410 omnibus
3699 3326 3786 3408 vi-

422 3411 611 3458 .(Inlh-
645 3415 963 3458 annnndna,
988 3416 1276 3458 utrinxmm
1303 3418 1658 3458 nnniurmnnn,
1684 3423 1740 3458 nt
1761 3416 1838 3458 ita
1864 3418 2012 3458 anni-
2121 3414 2185 3458 tii
2221 3411 2443 3458 nlinnid
2477 3412 2673 3458 inesse
2723 3408 3013 3458 suspicor.
3066 3405 3142 3458 Ml
3194 3405 3210 3458 ί
3244 3404 3428 3458 icitur
3469 3399 3786 3456 VBPlBlmlle

349 3399 611 3486 At‘c'olb.
645 3399 1276 3486 secundus,utriusque
1303 3399 1661 3486 coniungens,
1677 3399 1741 3472 et
1761 3416 1843 3470 ita
1858 3399 2012 3470 Ecri-
2121 3414 2187 3468 tii
2221 3411 2445 3482 aliquid
2476 3399 2673 3486 inesse
2723 3408 3013 3486 suspicor.
3066 3399 3210 3486 Mihi
3244 3404 3428 3486 igitur
3469 3399 3787 3456 verisimile

350 3483 614 3556 bendum
637 3475 1039 3556 judicavimus
1071 3490 1144 3542 ob
1176 3475 1320 3542 illud
1354 3475 1658 3543 σόνάτέτωνξ
1685 3493 1815 3544 Mox
1843 3487 2011 3556 editi,
2122 3490 2189 3539 tit
2238 3475 2447 3556 vocem
2483 3485 2781 3556 septimum
2832 3475 2959 3556 loco
3010 3484 3233 3556 motam
3281 3475 3490 3556 fuisse,
3539 3486 3786 3554 eamque

348 3553 610 3630 videntur
637 3544 882 3630 Efﬁcere.
915 3558 988 3630 At
1017 3559 1200 3614 nostri
1232 3563 1350 3616 tres
1382 3577 1552 3630 mss.,
1583 3559 1928 3616 viderentur.
1998 3544 2010 3556 ’
2122 3555 2323 3625 reponi
2360 3544 2571 3609 debere
2603 3551 2776 3630 paulo
2818 3551 3029 3630 altius,
3053 3549 3162 3604 hoc
3194 3546 3368 3628 modo
3401 3561 3420 3628 :_
3453 3544 3660 3630 Quippe
3689 3544 3783 3613 qui

424 3619 900 3704 (blAntiq'uiduo
918 3628 1053 3704 libri
1072 3631 1306 3704 etpediti,
1328 3619 1625 3704 rursusque
1646 3633 2013 3704 septimanam
2122 3619 2289 3684 extra
2320 3631 2530 3704 tempus
2550 3619 2844 3704 septimum
2868 3623 3142 3704 habetur“:
3170 3619 3641 3704 cui‘cp’njecturze
3665 3629 3781 3704 non

2104 695 2270 767 dum,
2291 703 2392 752 aut
2423 697 2656 752 tertium
2677 695 2953 752 saeculum
2973 698 3340 750 numeratur.
3369 692 3536 748 Unde
3561 709 3781 748 causa-

2104 787 2438 856 rumpotius
2452 786 2818 842 diversarum
2835 783 3642 856 actuumqueditIerentias,et
3657 800 3777 838 non

2106 875 2455 930 seculorum
2489 875 2769 932 circuitus
2800 879 2854 930 et
2885 873 3294 930 successiones
3327 889 3392 928 ac
3428 871 3572 927 fines
3602 872 3781 927 datur

2106 963 2375 1036 intelligi.
2410 966 2534 1020 Dies
2556 967 2724 1034 enim,
2745 963 2960 1035 inquit,
2984 964 3207 1019 Domini
3227 978 3466 1033 magnus
3485 964 3537 1016 et
3559 960 3781 1016 lucidus

2107 1054 2262 1125 (Joel.
2289 1071 2350 1121 ιι,
2388 1054 2492 1126 11).
2528 1055 2595 1108 Et
2624 1053 2762 1109 alibi
2797 1070 2809 1108 :
2845 1053 2987 1121 Quid
3019 1052 3167 1108 vobis
3196 1066 3450 1122 quaerere
3489 1050 3642 1106 diem
3676 1051 3775 1105 Do-

2105 1144 2293 1198 mini?
2323 1143 2436 1214 Qui
2459 1152 2643 1198 tamen
2664 1142 2909 1198 tenebras
2938 1141 3122 1208 habet,
3144 1156 3256 1196 non
3293 1138 3479 1195 lucem
3503 1138 3690 1211 (Amos
3717 1157 3769 1207 v,

2110 1232 2217 1304 18).
2251 1233 2358 1287 Sed
2391 1233 2662 1288 tenebras
2693 1248 2790 1287 eas
2823 1230 2972 1286 dixit
3002 1247 3128 1302 qua
3161 1230 3456 1300 deputatae
3491 1231 3629 1284 sunt
3661 1229 3772 1283 sibi

2109 1322 2327 1395 dignis.
2343 1322 2488 1377 Nam
2511 1321 2886 1377 inocciduum
2901 1325 2960 1376 et
2973 1318 3406 1392 sempiternum
3427 1317 3581 1374 diem
3603 1315 3774 1373 illum

2109 1427 2302 1466 sermo
2334 1415 2607 1481 testatur,
2640 1427 2815 1483 quem
2838 1409 3016 1466 etiam
3061 1412 3336 1466 octavum
3370 1405 3632 1479 psalmus
3665 1424 3770 1478 ap-

2107 1500 2287 1571 pellat
2319 1519 2332 1556 :
2367 1499 2584 1572 quippe
2614 1500 2712 1572 qui
2739 1503 2903 1556 extra
2922 1503 3155 1570 tempus
3178 1497 3455 1554 habetur.
3483 1495 3611 1552 Sive
3633 1513 3772 1568 ergo

2105 1588 2288 1659 diem,
2311 1589 2431 1644 sive
2452 1589 2521 1660 (α)
2545 1587 2974 1659 saeculum,sive
2997 1586 3323 1657 septimum
3347 1585 3665 1654 dixeris,ex
3682 1601 3773 1640 eo-

2108 1679 2241 1733 dem
2257 1677 2842 1744 trahiturintellectu,
2866 1675 3246 1748 singulariter
3267 1680 3328 1731 et
3349 1692 3465 1730 non
3485 1672 3771 1746 multipli-

2109 1767 2256 1823 citer
2285 1766 2635 1822 declaratur.
2659 1768 2861 1838 Itaque
2878 1769 2942 1820 ut
2974 1764 3047 1821 ad
3072 1764 3333 1820 futuram
3366 1763 3548 1818 vitam
3574 1766 3777 1816 nostra

2108 1857 2364 1929 cogitata
2396 1857 2690 1928 dirigeret,
2724 1857 2876 1912 diem
2903 1852 3313 1926 principalem,
3345 1853 3446 1924 qui
3469 1851 3777 1924 estimago

2117 1947 2488 2016 saeculorum,
2523 1963 2708 2002 unum
2742 1962 2855 2002 non
2891 1944 3185 2000 immerito
3216 1941 3514 2010 vocitavit,
3550 1945 3616 1997 ut
3646 1945 3779 2014 poto

2115 2036 2330 2093 lumini
2354 2053 2692 2107 aequaevum.
2720 2035 2857 2090 Dico
2877 2037 3073 2089 autem
3106 2036 3379 2087 sanctum
3403 2030 3777 2086 Dominicum

2119 2125 2223 2198 qui
2255 2124 2682 2185 resurrectione
2701 2121 3060 2196 gloriﬁcatus
3092 2124 3184 2178 est
3211 2119 3547 2176 Salvatoris.
3582 2119 3652 2174 Et
3671 2118 3781 2174 hoc

2118 2219 2209 2270 est
2239 2214 2574 2287 quod.dixit
2605 2230 2618 2268 :
2654 2217 2817 2270 Facta
2845 2220 2923 2268 est
2953 2227 3198 2283 vespera,
3219 2213 3269 2265 et
3288 2213 3502 2282 factum
3523 2216 3602 2264 est
3620 2225 3784 2263 mane

2116 2305 2238 2360 dies
2269 2320 2427 2358 unus.
2459 2302 2571 2358 Sed
2602 2319 2853 2374 vesperae
2885 2299 3122 2372 quidem
3142 2297 3305 2355 illius
3327 2296 3587 2354 narratio
3611 2313 3781 2352 occu-

2119 2401 2277 2465 pata,
2299 2393 2570 2466 praesenti
2594 2408 2837 2464 vespera
2855 2391 3095 2447 modum
3117 2387 3320 2446 cursui
3346 2391 3560 2443 nostra:
3583 2387 3783 2458 dispu-

2117 2482 2360 2540 tationis
2394 2481 2664 2555 imponit.
2703 2482 2868 2538 Pater
2890 2484 3087 2536 autem
3111 2496 3260 2535 vera:
3291 2478 3465 2547 lucis,
3500 2477 3602 2548 qui
3624 2477 3778 2532 diem

2119 2572 2336 2628 ccelcsti
2370 2572 2591 2628 lumine
2616 2571 2932 2641 decoravit,
2953 2578 3006 2626 et
3023 2575 3256 2625 noctem
3289 2568 3442 2641 ignis
3467 2566 3648 2622 radiis
3671 2565 3784 2622 cla-

2119 2661 2700 2733 refecit,quiventuri
2723 2659 2918 2715 saeculi
2954 2657 3217 2730 requiem
3253 2655 3616 2712 merentibus
3639 2672 3781 2727 prir-

2120 2750 2367 2824 paravit,
2401 2750 2580 2805 corda
2611 2754 2805 2805 vestra
2827 2747 3143 2820 perlustret
3161 2745 3463 2820 agnitione
3493 2743 3779 2814 veritatis,

2123 2845 2181 2897 et
2209 2839 2617 2895 intemeratam
2649 2838 2945 2895 custodiat
2963 2837 3140 2893 vitam
3176 2839 3450 2900 vestram,
3487 2837 3777 2905 praestans

2120 2928 2286 2985 vobis
2313 2928 2556 2984 honeste
2577 2926 2902 2999 ambulare,
2917 2930 3206 2998 quatenus
3231 2921 3500 2994 fulgentis
3523 2923 3585 2975 ut
3607 2918 3693 2975 sol
3714 2919 3771 2972 in

352 3699 607 3780 supplere
627 3699 796 3780 jussit
823 3703 991 3780 unius
1020 3702 1138 3758 diei
1175 3707 1378 3780 spatia.
1415 3708 1488 3758 At
1518 3699 2014 3780 Colbfsecundus

355 3776 421 3824 ut
450 3774 508 3824 in
537 3776 836 3827 contextu.
872 3774 1094 3829 Ibidem
1125 3774 1306 3831 codex
1337 3781 1556 3842 noster,
1590 3778 1688 3842 qui
1717 3777 1940 3842 septies.

389 3913 398 3924 .
430 3843 497 3912 (ο)
529 3843 683 3924 Editi
714 3851 772 3924 et
802 3845 959 3924 Colb:
997 3847 1247 3924 primus,
1280 3851 1397 3924 sive
1442 3843 1722 3924 saeculum,
1753 3849 1868 3924 sive
1898 3863 2014 3916 sep-

354 3915 550 3994 timum
579 3915 812 3994 digneris.
845 3915 1015 3994 Colb.’
1038 3918 1207 3994 alter,
1255 3920 1696 3994 siveAsecundum
1723 3915 2016 3994 septimum

351 3985 583 4041 dixeris.
630 3986 813 4045 Vetus
864 3990 1043 4046 codex
1091 3985 1200 4063 qui
1241 3991 1396 4064 apud
1429 4009 1536 4047 nos
1585 3985 1871 4062 servatur,
1903 3991 2017 4045 sive

2166 3715 2333 3753 arum
2373 3685 2568 3752 favent
2609 3685 2911 3750 'Basiliana
2953 3693 3075 3756 illa,
3109 3687 3198 3744 διὰ
3225 3688 3288 3743 τὸ
3318 3685 3420 3756 ἔξω
3449 3689 3661 3747 κεῖσθαι
3689 3687 3787 3737 τοῦ

2154 3765 2494 3840 ϐδοματικοῦ
2523 3765 2722 3822 τούτου
2749 3766 2977 3840 χρόνῳ.
3022 3765 3164 3840 Uttlt
3194 3764 3317 3818 haec
3348 3758 3694 3840 sunt,.nihil
3728 3760 3789 3812 in

2126 3836 2395 3899 contextu
2448 3836 2828 3907 mutavimus,
2878 3839 3054 3912 fidem
3090 3836 3374 3912 librorum
3412 3836 3793 3912 antiquorum

2126 3913 2331 3971 secuti.
2387 3912 2704 3984 Aliquanto
2749 3902 2881 3982 post
2927 3908 3088 3966 Colb.
3147 3905 3464 3974 secundus,
3514 3905 3578 3956 ut
3621 3902 3702 3958 sol
3735 3902 3796 3956 in

2129 3988 2406 4044 claritate.

366 4109 3257 4139 ____________________________.____.___.__

1587 4207 1959 4303 LIBER
2020 4199 2574 4299 TERTIUS.

431 4385 455 4442 l
473 4427 488 4441 .
518 4385 727 4441 Prima:
760 4385 874 4442 diei
906 4403 1105 4458 opera,
1129 4387 1216 4443 vel
1242 4387 1437 4460 potius
1463 4385 2026 4458 unius,nequeenim

357 4474 448 4530 fas
469 4480 562 4530 est
584 4476 636 4530 ei
654 4491 758 4530 nos
781 4476 1088 4532 detrahere
1108 4475 1455 4549 dignitatem
1473 4493 1650 4547 quam
1665 4495 1699 4532 a
1717 4477 2028 4532 Conditore

359 4563 705 4636 promeruit,
731 4579 864 4619 cum
889 4581 992 4636 per
1012 4582 1074 4621 se
1097 4565 1476 4638 singulariter
1489 4565 2029 4634 ederetur,nullate-

2137 4381 2492 4438 suavitatem
2524 4376 2963 4442 demonstrans,
2997 4372 3080 4426 ita
3099 4370 3244 4427 dicit
3275 4387 3288 4426 :
3322 4368 3516 4426 Dulcia
3543 4363 3805 4440 faucibus

2135 4472 2273 4526 meis
2297 4469 2464 4525 verba
2493 4471 2614 4533 tua,
2633 4479 2801 4535 super
2824 4463 2934 4518 mel
2962 4463 3051 4517 ori
3078 4475 3196 4516 meo
3227 4459 3400 4530 (Psal.
3430 4471 3625 4522 cxvm,
3653 4452 3798 4522 103).

2141 4559 2276 4616 Heri
2307 4557 2524 4627 itaque,
2560 4557 2847 4626 quantum
2872 4547 3154 4623 possibile
3185 4548 3315 4615 fuit,
3339 4562 3478 4617 erga
3498 4543 3676 4600 verba
3697 4541 3800 4596 D0-

361 4669 476 4709 nus
495 4651 745 4707 aliarum
765 4661 1190 4710 connumerata
1207 4654 1540 4723 curriculis,
1562 4656 1640 4727 (a)
1663 4672 1797 4710 cum
1822 4655 2022 4709 omnia
2052 4633 2097 4697 D
2131 4649 2262 4706 mini
2280 4647 2707 4703 commorantes
2724 4649 2946 4696 vestros
2961 4655 3172 4695 sensus
3191 4633 3582 4692 delectatione
3628 4629 3810 4727 rePlf?

355 4758 484 4813 quae
517 4741 577 4796 in
599 4757 669 4796 ea
685 4741 838 4797 facta
863 4747 1025 4812 sunt,
1050 4744 1175 4799 heri
1197 4749 1398 4800 noster
1419 4760 1613 4800 sermo
1636 4743 1938 4800 disseruit.
1959 4744 2030 4798 Et

360 4830 485 4886 haec
505 4831 725 4902 passim
747 4831 1036 4900 dividens,
1051 4832 1391 4888 alimoniam
1410 4834 2025 4905 matutinam,vesper-

359 4920 947 4992 tinamquelaatitiam
966 4923 1463 4992 prastititanimis
1478 4923 1846 4992 auditorum;
1869 4937 2029 4977 nunc

359 5014 560 5066 autem
598 5011 670 5064 ad
707 5009 994 5064 miracula
1024 5010 1268 5065 secundi
1323 5011 1436 5066 diei
1472 5028 1876 5083 properamus.
1914 5013 2029 5066 Hoc

361 5103 563 5154 autem
608 5114 1106 5164 commemorans,
1154 5115 1268 5153 non
1318 5098 1378 5153 in
1415 5099 1720 5155 referentis
1770 5100 2032 5171 potentia

365 5186 585 5243 colloco
610 5204 740 5259 quae
774 5187 1074 5256 dicuntur,
1101 5187 1200 5242 sed
1237 5188 1298 5243 in
1329 5188 1642 5260 Scriptum
1671 5188 1880 5261 gratia,
1906 5205 2032 5260 quas

366 5274 715 5331 naturaliter
750 5275 1064 5347 possidens
1115 5275 1482 5347 intelligendi
1514 5278 1881 5345 facilitatem,
1915 5277 2034 5333 illis

369 5379 632 5418 amorem
667 5381 846 5419 suum
885 5365 1161 5420 cordibus
1193 5365 1638 5438 inspiravit,qui
1664 5365 2034 5438 persuasioni

375 5469 439 5508 su
451 5451 684 5524 perﬂuaa
707 5452 1547 5524 anteferuntveritatem;sicut
1563 5459 1619 5511 et
1637 5454 1904 5527 psalmus
1917 5453 2036 5510 veri

449 5591 862 5664 (a),Editi,cum
879 5594 1153 5664 omnibus.
1174 5599 1247 5650 At
1266 5595 1452 5651 nostri
1468 5605 1587 5652 tres
1607 5611 1904 5661 mss.,cum
1920 5611 2039 5649 om-

376 5662 498 5718 nia.
511 5662 891 5738 "Statimediti
903 5666 1268 5738 ,intetligendi
1277 5668 1779 5738 facultatemLibri
1793 5670 2040 5738 veteres,

379 5733 748 5805 intelligendi
773 5733 1132 5806 facilitatem.
1186 5740 1246 5794 In
1277 5733 1496 5810 Graeco,
1527 5738 1590 5791 τὸ
1621 5733 2037 5810 εὖπαράδικτονζ

2136 4739 2354 4795 vimus.
2391 4740 2454 4790 In
2479 4733 2952 4800 hodiernumque
2982 4729 3138 4782 diem
3174 4725 3517 4781 festinanter
3547 4717 3806 4777 occurri-

2138 4823 2679 4897 mus,sequentium
2696 4835 2894 4874 rerum
2919 4815 3202 4872 miracula
3215 4811 3814 4886 spectaturi.Verum-

2137 4925 2336 4974 tamen
2353 4895 2787 4969 minimelatere
2802 4925 2908 4963 nos
2926 4901 3455 4978 potuit,quiamu1ti
3477 4899 3718 4972 opifices
3732 4895 3814 4951 la-

2141 5008 2282 5063 bore
2296 5017 2534 5059 suarum
2553 5013 2770 5053 manuu
2782 5013 2837 5050 m
2855 4990 3373 5059 victitantes,circu
3385 4992 3608 5044 mstant
3621 4988 3816 5052 nos,et

2143 5093 2535 5153 admonentut
2556 5086 2951 5143 narrationem
2969 5081 3328 5156 prepositam
3342 5077 3626 5134 brevitate
3639 5073 3818 5130 strin-

2143 5200 2377 5258 gamus,
2404 5177 2720 5252 ne§diutius
2743 5175 3130 5232 extrahantur
3149 5171 3222 5228 ab
3241 5184 3435 5258 opere.
3457 5161 3816 5258 Quibus_hoc

2145 5251 2496 5343 respondeo,
2517 5267 2657 5339 quia
2682 5283 2820 5338 pars
2836 5263 3072 5320 modica
3091 5256 3377 5330 temporis
3401 5256 3661 5310 fenerata
3675 5251 3818 5343 Deo,

2145 5341 2263 5418 non
2293 5359 2481 5415 solum
2513 5358 2644 5429 ipsa
2664 5372 2782 5411 non
2814 5351 3064 5425 deperit,
3089 5350 3188 5405 sed
3224 5362 3362 5403 cum
3395 5343 3633 5416 magnis
3653 5341 3728 5396 ab
3751 5356 3820 5395 eo

2147 5447 2494 5521 rependitur
2506 5443 2887 5501 incrementis
2898 5438 3214 5510 .Omnes(b)
3230 5436 3384 5493 enim
3401 5451 3493 5490 res
3507 5448 3633 5504 quae
3647 5446 3786 5486 occu
3797 5457 3823 5470 -

2147 5590 2333 5648 Paulo
2367 5594 2501 5662 post
2528 5587 2694 5662 editi,
2727 5600 2853 5662 quae
2879 5581 3257 5656 persuasioni,
3298 5577 3460 5634 Colb.
3497 5572 3824 5642 secundus,

2155 5665 2253 5736 qui
2320 5661 2645 5718 εἰδααεὶοηί
2674 5676 2692 5714 :
2719 5661 2896 5714 recte.

2226 5681 2315 5806 (βξ
2335 5733 2513 5800 Editi,
2536 5746 2725 5789 omnes
2753 5731 2896 5787 enim

2226 5737 2247 5805 (

2335 5716 2513 5800 Editi,
2536 5746 2725 5789 omnes
2753 5731 2901 5787 enim
2932 5741 3040 5784 res.
3063 5721 3302 5794 Antiqui
3327 5721 3444 5776 duo
3465 5716 3623 5788 libri,
3641 5716 3825 5773 omnis
