4156 6364
391 281 511 342 903

1351 273 1746 336 APPENDIX
1787 271 2119 336 OPERUM
2163 271 2231 334 ε.
2273 271 2555 333 BASILII
2597 269 2852 333 MAGNI

3707 273 3833 334 904

391 414 716 471 bricatores
750 409 1188 484 allegoriarum,
1236 407 1562 466 refutabilis
1626 407 1964 464 aestimatur
2019 423 2054 462 a
2079 408 2135 476 Α
2163 410 2458 478 petentem
2490 405 2749 478 laudem,
2794 421 2932 461 cum
2982 405 3159 462 fuerit
3205 410 3678 479 consummatus,
3711 407 3830 464 im-

392 502 704 562 Psalmista
736 517 750 559 :
783 517 918 558 cum
949 504 1007 556 et
1035 499 1166 572 ipsa
1204 498 1528 555 secundum
1581 515 1750 554 suam
1799 496 2048 568 qualita-

391 600 508 651 tem
541 593 793 664 hymnos
829 591 969 646 721
1011 589 1282 662 potentiae
1315 589 1644 644 Conditoris
1678 587 1914 644 emittit.

467 683 550 736 10.
586 681 648 735 Et
677 679 815 735 vidit
844 679 978 733 Deus
1010 677 1087 749 (a)
1119 678 1249 748 quia
1284 676 1482 732 bonum
1514 685 1590 732 est
1617 679 2048 747 ﬁrmamentum.

391 773 518 828 Non
541 769 842 827 oculorum
870 767 1208 838 probatione
1232 766 1376 821 dixit
1407 767 1649 822 bonum.
1675 767 1873 839 Neque
1893 768 2050 824 enim

393 875 732 932 corpoream
767 855 1211 911 delectationem
1243 860 1522 928 praestant
1545 857 1713 913 nobis
1743 875 1866 928 qua
1891 875 2053 915 cons-

385 952 493 1006 titu
507 953 681 1005 untur
713 964 745 1002 a
773 945 913 1014 Deo,
941 959 1046 1001 nec
1075 962 1143 1001 ea
1172 944 1408 1001 illorum
1438 945 1815 1019 percipienda
1843 947 2050 1021 volup-

382 1044 473 1097 tas
505 1043 593 1094 est
621 1054 749 1109 quas
780 1035 1054 1091 videntur
1077 1034 1338 1107 jocunda
1390 1035 1783 1104 mortalibus;
1835 1038 1935 1093 sed
1976 1038 2049 1111 (ὁ)

381 1131 600 1186 bonum
633 1125 777 1182 dixit
807 1142 954 1198 opus
987 1125 1135 1196 quod
1171 1125 1317 1181 artis
1350 1142 1467 1181 sua:
1501 1125 1724 1182 ratione
1745 1130 2045 1198 pensatur,

380 1223 436 1275 et
468 1218 539 1275 ad
572 1217 752 1272 ﬁnem
784 1214 993 1270 futurae
1038 1214 1476 1272 commoditatis
1527 1214 1800 1271 intendit.
1843 1216 2049 1272 Merito

381 1325 518 1382 ergo
533 1305 857 1380 (c)quidem
890 1304 948 1360 in
964 1304 1247 1360 rationem
1281 1304 1648 1377 gignentium
1677 1305 2049 1362 manifestam

382 1415 513 1456 esse
537 1395 875 1470 proposuit;
897 1393 998 1451 illa
1015 1411 1141 1466 quae
1161 1394 1412 1450 subinde
1434 1411 1536 1467 per
1552 1399 1747 1467 partes
1778 1395 2047 1468 (d)el1'ec-

379 1492 441 1544 ta
471 1490 631 1555 sunt,
658 1485 867 1558 opiﬁco
902 1500 1008 1540 suo
1039 1484 1273 1540 virtutis
1305 1500 1573 1541 sermone
1604 1490 2050 1556 percurrens,ut

387 1582 522 1651 pote
556 1575 760 1631 mundi
793 1573 1296 1630 consummatoria
1344 1573 1711 1630 collaudavit.
1745 1575 1888 1630 Nam
1919 1593 2048 1632 ma-

384 1685 500 1724 nus
533 1670 588 1722 et
623 1663 849 1732 oculus,
909 1667 1231 1734 caeteraque
1263 1663 1528 1720 membra
1572 1663 1877 1721 simulacri
1906 1664 2047 1722 aenei

2161 495 2388 568 pertict.
2410 497 2522 552 Sed
2540 496 2636 552 hic
2650 496 2778 566 jam
2803 497 3062 552 narratio
3097 495 3390 553 matutina
3420 497 3696 554 secundae
3713 498 3833 554 diei

2157 591 2481 646 terminum
2513 589 2794 646 sortiatur
2819 607 2830 645 :
2858 593 2924 645 ut
2946 590 3312 647 auditoribus
3337 591 3623 648 studiosis
3653 591 3830 648 indu-

2159 679 2279 736 cias
2309 680 2693 753 praebeamus,
2729 696 2843 751 quo
2874 679 3029 736 inter
3079 696 3140 735 se
3189 681 3453 736 conferre
3494 697 3622 753 quae
3675 681 3835 738 dicta

2159 772 2320 836 sunt,
2355 769 2774 840 memoriaque
2821 769 3133 838 beneficio,
3165 769 3394 826 intimis
3439 771 3721 826 cordibus
3755 772 3830 826 ad

2159 858 2471 912 utilitatem
2507 857 2802 929 propriam
2823 859 3074 914 retinere
3094 859 3163 930 (Γ)
3187 866 3396 914 cuncta
3427 864 3830 932 procurent,et

2159 963 2270 1002 usu
2305 946 2706 1002 meditationis
2746 947 3023 1012 assiduae,
3057 947 3333 1003 doctrinm
3383 948 3586 1004 cibum
3637 951 3830 1005 rumi-

2158 1038 2388 1104 nantes,
2412 1038 2542 1106 post
2563 1035 2949 1107 digestionem
2973 1035 3293 1107 salubrem,
3319 1036 3540 1092 residui
3563 1038 3830 1111 ﬂagitent

2158 1123 2438 1180 alimenta
2467 1124 2780 1180 sermonis.
2804 1124 2906 1180 His
2932 1142 3064 1181 vero
3089 1124 3191 1197 qui
3215 1125 3442 1182 vivendi
3471 1142 3685 1183 causas
3707 1145 3824 1184 ma-

2159 1215 2332 1271 nibus
2353 1219 2621 1270 exercent
2642 1214 3072 1288 indulgentiam
3105 1215 3297 1272 medio
3318 1220 3581 1288 tempore
3600 1217 3824 1274 tribua-

2158 1320 2326 1373 mus;
2363 1309 2427 1359 ut
2457 1302 2764 1376 completis
2795 1303 3074 1376 operibus
3105 1305 3371 1360 animum
3404 1322 3677 1361 curarum
3713 1323 3824 1361 ne-

2155 1410 2230 1448 xu
2254 1396 2541 1460 sotutum,
2575 1409 2784 1449 rursus
2811 1393 3062 1466 dapibus
3095 1393 3411 1450 exhibeant
3449 1395 3816 1468 vespertinis.

2156 1485 2403 1555 Interea,
2436 1483 2740 1551 Dominus,
2771 1482 2872 1554 qui
2901 1483 2976 1556 (g)
3010 1483 3324 1556 magniﬁca
3349 1483 3486 1540 fecit
3514 1501 3581 1540 ex
3611 1485 3820 1554 nihilo,

2155 1577 2211 1629 et
2227 1591 2260 1629 a
2277 1573 2447 1629 nobis
2473 1573 2589 1628 haec
2607 1589 2784 1644 parva
2801 1573 3111 1630 verborum
3137 1574 3384 1646 proferri
3400 1573 3684 1629 libamina
3705 1574 3824 1630 dis-

2155 1662 2440 1736 pensavit,
2470 1663 2568 1718 det
2596 1661 2758 1718 vobis
2789 1661 3154 1718 intellectum
3178 1680 3296 1718 suae
3328 1662 3593 1719 veritatis
3621 1689 3635 1730 ;
3666 1667 3733 1718 ut
3752 1679 3824 1719 ex

379 1756 634 1830 sparsim
665 1754 924 1826 projecta
947 1750 1092 1808 nulli
1114 1752 1385 1809 videntur
1404 1770 1534 1810 esse
1554 1753 1741 1822 bona;
1777 1771 1912 1810 cum
1936 1772 2040 1810 au-
2072 1789 2119 1854 Β
2154 1752 2485 1808 visibilibus
2518 1750 2873 1808 invisibilem
2899 1751 3202 1824 reputetis,
3226 1758 3283 1808 et
3312 1769 3381 1809 ex
3410 1752 3822 1825 magnitudine

377 1851 495 1904 tam
527 1846 586 1902 in
617 1861 784 1901 suum
821 1842 1086 1899 ordinem
1136 1842 1463 1916 composita
1511 1843 1873 1917 redigantur,
1905 1861 2037 1917 spe-

375 1936 638 2006 ciemque
670 1949 937 2005 congruae
989 1931 1357 1989 iormationis
1397 1933 1747 2006 acceperint,
1782 1951 1816 1990 a
1848 1933 2037 2006 quoli-

374 2027 472 2082 bct
495 2023 761 2096 imperito
793 2021 960 2078 facile
991 2021 1427 2078 discernuntur.
1450 2024 1522 2078 At
1552 2038 1684 2079 vero
1717 2022 2036 2079 elemento-

374 2133 507 2172 rum
538 2115 792 2183 Creator,
818 2116 874 2167 et
923 2116 1056 2167 ante
1104 2110 1479 2183 singulorum
1529 2113 2036 2185 compositionem,

376 2208 615 2262 noverat
637 2203 926 2273 cujusque
953 2201 1145 2273 operis
1167 2201 1389 2258 bonum
1415 2219 1428 2257 :
1455 2201 1806 2274 singulaque
1829 2202 2042 2258 collau-

378 2295 550 2362 dans,
585 2291 1001 2364 cogitationem
1034 2308 1151 2346 sua:
1184 2291 1397 2347 mentis
1426 2292 1499 2347 ad
1524 2291 1596 2364 (e)
1619 2292 1884 2348 futurum
1916 2291 2037 2347 exi-

375 2389 505 2440 tum
544 2381 748 2454 dirigit
780 2381 1184 2437 formatorum.
1237 2379 1395 2436 Talis
1443 2397 1576 2453 ergo
1621 2380 1778 2436 nunc
1809 2397 2040 2453 quoque

379 2472 588 2530 artifex
621 2469 988 2543 singularum
1020 2469 1276 2542 partium
1312 2471 1484 2538 Deus,
1518 2473 1777 2526 assertor
1808 2474 1865 2525 et
1893 2488 2043 2543 prae.

378 2562 640 2631 dicator;
673 2561 776 2617 sed
808 2558 982 2633 paulo
1012 2562 1145 2631 post
1173 2558 1335 2614 omni
1365 2558 1582 2632 pariter
1611 2560 1854 2629 mundo,
1878 2576 2039 2616 com-

451 2677 530 2750 (a)
565 2676 736 2803 Editi,
769 2675 909 2749 quod
941 2677 1140 2732 bonum
1170 2679 1270 2732 est.
1303 2675 1541 2746 Antiqui
1572 2680 1693 2732 tres
1723 2675 1878 2748 libri,
1909 2678 2043 2748 quia

453 2766 586 2803 num
614 2766 671 2803 es
701 2791 714 2803 .

383 2753 586 2806 bonum
614 2753 714 2804 est.

453 2818 798 2894 (blAntiqui
831 2818 945 2894 duo
969 2817 1123 2894 l_i_b_ri,
1149 2817 1255 2894 sed
1281 2817 1482 2894 bonum
1511 2817 1662 2874 diruit
1690 2835 1845 2893 opus,
1879 2819 2039 2891 quod,

383 2890 648 2948 etéﬁVox
678 2890 812 2964 opus
841 2891 901 2964 in
926 2891 1099 2964 editis
1134 2890 1522 2946 desideratur.

449 2965 516 3034 (ε)
547 2962 785 3020 Εάίῐῖθῐ
813 2962 970 3017 Colb.
1006 2962 1255 3034 primus,
1307 2964 1504 3018 merito
1551 2978 1681 3034 ergo
1730 2963 1952 3033 quidem
1985 2963 2044 3018 in

376 3039 648 3092 rationem
673 3037 1019 3107 gignentium
1045 3036 1542 3107 manifestamesse
1566 3037 1854 3107 proposuit
1875 3052 1893 3088 :
1913 3036 2043 3107 qui-

383 3108 494 3165 bus
525 3125 595 3164 ex
619 3106 810 3164 verbis
843 3124 969 3178 quae
1001 3113 1138 3178 apta
1168 3106 1458 3163 sententia
1510 3106 1658 3178 eftici
1710 3107 1896 3178 possit
1926 3106 2042 3162 non

379 3125 880 3237 είῗλῗιὲῗίέῧὲῗὲοίῖ

381 3253 666 3323 gnentium
706 3252 1005 3321 manifesta
1046 3267 1158 3306 esse
1185 3251 1485 3323 proposuit,
1520 3267 1633 3323 non
1671 3251 1900 3305 melius.
1934 3252 2042 3307 Co-

384 3322 492 3380 dex
511 3329 728 3389 noster,
753 3324 948 3378 merito
973 3338 1106 3394 ergo
1123 3322 1344 3393 quidem
1369 3323 1427 3376 in
1450 3322 1668 3376 ratione
1696 3325 2046 3393 gignentium

383 3398 684 3466 manifesta
711 3411 828 3450 esse
857 3396 1179 3465 proposuit;
1200 3396 1357 3464 quod
1381 3410 1613 3463 quoque
1641 3394 1919 3466 vitiosum
1951 3412 2045 3449 es-

381 3483 468 3538 se,
501 3465 875 3540 negaturum
897 3471 1060 3540 puto
1089 3466 1406 3540 neminem,
1457 3466 1560 3522 sed
1594 3465 1690 3540 sic
1733 3472 1930 3540 tamen
1963 3471 2045 3540 _ut

385 3537 555 3596 faeile
582 3537 879 3596 emendari
898 3537 1109 3609 possit.
1148 3537 1473 3610 Igituripro
1504 3537 1726 3608 quidem
1756 3538 1924 3594 velim
1963 3537 2043 3593 le-

381 3629 484 3684 gas
516 3612 788 3684 quaedam.
821 3611 1007 3666 Merito
1036 3625 1163 3681 ergo
1183 3609 1444 3684 quaedam
1475 3611 1536 3662 in
1567 3613 1784 3684 ratione
1812 3612 2043 3684 gigner

386 3680 536 3757 t’ium‘
553 3685 856 3757 manifesta
875 3697 986 3738 esse
1001 3680 1540 3757 propocuit.Graece,
1567 3680 1594 3733 ὁ
1625 3680 1808 3734 τοίνυν
1844 3680 2045 3757 nam

380 3756 477 3809 τὸν
511 3751 718 3809 axonde
739 3757 855 3838 sibi
879 3751 1188 3827 γενοίμένίων
1215 3753 1575 3838 Ξιροθσάμενος,

451 3828 532 3899 (d)
563 3828 738 3895 Editi,
771 3827 970 3899 a/Tecta
1015 3830 1165 3881 sunt.
1215 3826 1368 3882 Libri
1403 3829 1645 3899 veteres,
1675 3826 1865 3895 eﬂecta
1891 3833 2042 3899 sunt.

383 3895 552 3956 Haud
584 3899 754 3971 longe
785 3895 947 3968 editi,
981 3914 1176 3954 manus
1204 3907 1255 3954 et
1294 3899 1494 3954 oculos.
1529 3895 1689 3953 Colb.
1724 3897 2043 3971 secundus,

377 3987 585 4026 manus
613 3982 664 4028 et
693 3969 858 4028 oculi.
891 3971 1080 4026 Codex
1111 3973 1328 4038 noster,
1360 3984 1566 4024 manus
1598 3977 1648 4024 et
1681 3969 1894 4024 oculus.
1930 3970 2043 4026 Su-

2150 1859 2215 1898 ac
2235 1840 2674 1914 pulchritudine
2699 1842 3076 1913 creaturaa,(h)
3093 1842 3391 1898 decentem
3413 1841 3662 1914 gloriam
3676 1842 3819 1898 Gon-

2145 1931 2352 1988 ditoris
2376 1947 2542 1986 mens
2563 1934 2756 1986 vestra
2777 1930 3080 2003 percipiat,
3107 1935 3172 1987 ut
3201 1935 3258 1987 et
3275 1930 3333 1986 in
3357 1936 3533 2000 terra,
3558 1936 3616 1987 et
3637 1931 3696 1986 in
3720 1948 3822 1988 ac-

2147 2038 2228 2089 re,
2249 2026 2304 2076 et
2335 2021 2394 2076 in
2427 2018 2592 2086 coelo,
2625 2024 2684 2076 et
2712 2019 2773 2075 in
2806 2020 2996 2091 aquis,
3017 2024 3073 2075 et
3101 2019 3256 2076 inter
3284 2019 3439 2076 diem
3472 2025 3529 2076 et
3560 2024 3816 2092 noctem,

2146 2116 2202 2167 et
2233 2111 2290 2166 in
2323 2109 2602 2167 omnibus
2634 2126 2758 2181 quae
2803 2112 3126 2164 cernuntur
3162 2109 3552 2165 benefactoris
3600 2126 3815 2166 monu-

2151 2205 2352 2256 menta
2383 2198 2717 2256 certissima
2747 2197 3014 2270 capiatis.
3059 2198 3258 2272 Neque
3287 2199 3445 2254 enim
3479 2203 3580 2254 aut
3609 2214 3818 2272 pecca-

2149 2291 2226 2346 tis
2258 2294 2494 2362 tempus
2525 2289 2784 2360 dabitur,
2813 2293 2914 2344 aut
2955 2288 3194 2344 inimico
3243 2288 3407 2345 locus
3461 2290 3818 2362 suggerendi

2150 2381 2444 2437 contraria
2475 2379 2865 2453 relinquetur,
2891 2379 3140 2436 Domino
3171 2380 3381 2437 vestris
3413 2381 3686 2437 sensibus
3717 2382 3821 2437 ad-

2150 2471 2404 2528 haerente
2431 2488 2444 2539 ;
2497 2470 2590 2525 cui
2620 2468 2809 2542 gloria
2838 2472 2895 2525 et
2933 2469 3248 2542 veneratio,
3279 2486 3435 2526 nunc
3478 2476 3536 2526 et
3565 2487 3818 2543 semper,

2152 2567 2209 2620 et
2238 2578 2340 2635 per
2371 2559 2573 2617 omnia
2597 2558 2810 2616 saecula
2841 2557 3210 2616 saeclorum.
3244 2561 3442 2616 Amen.

2150 2679 2330 2735 binde
2357 2676 2512 2732 Colb.
2547 2675 2865 2744 secundus,
2893 2677 3104 2746 passim
3128 2678 3397 2748 projecta.

2223 2749 2297 2821 (e)
2327 2748 2502 2821 Editi,
2561 2748 2634 2804 ad
2687 2745 3006 2821 [murorum
3060 2745 3288 2804 exitum.
3338 2752 3414 2802 At
3463 2745 3649 2803 nostri
3694 2750 3816 2802 tres

2153 2819 2323 2889 mss.,
2356 2819 2424 2875 ad
2450 2822 2707 2891 futurum
2735 2819 2970 2883 exiium.

2223 2896 2286 2965 (γ’)
2311 2888 2556 2964 Antiqui
2589 2893 2704 2947 duo
2725 2891 2881 2965 libri,
2911 2893 3104 2965 cuncta
3121 2897 3430 2965 procurent.
3462 2888 3810 2965 Editi,cunc-

2151 2971 2212 3020 ta
2234 2959 2580 3036 percurrent.
2613 2964 2824 3019 Statim
2855 2959 3032 3036 codex
3073 2959 3270 3016 uester
3298 2966 3354 3016 et
3381 2959 3544 3017 Colb.
3594 2975 3810 3015 secun-

2154 3034 2288 3100 dus,
2325 3053 2426 3092 usu
2453 3035 2826 3092 meditationis
2855 3034 3092 3090 assiduo.

2225 3110 2301 3179 (g)
2334 3107 2492 3164 Colb.
2527 3109 2847 3174 secundus,
2880 3123 3092 3176 magna
3120 3105 3270 3179 fecit.
3306 3101 3422 3179 Alii
3453 3102 3740 3179 duomss.
3761 3103 3820 3179 et

886 3180 966 3245 b.,
998 3167 1200 3234 merito
1227 3194 1356 3247 ergo
1401 3194 1519 3252 qum
1567 3167 1928 3252 destinatione
1957 3181 2040 3249 gi-
2073 3167 2118 3235 C
2156 3167 2318 3247 editi,
2350 3180 2647 3252 magniﬁca
2676 3167 3066 3252 fecithraece,
3120 3167 3190 3229 ³εὰ
3239 3171 3465 3252 paula:
3500 3172 3818 3252 Aliquanto

2158 3244 2482 3325 post'editi,
2516 3244 2578 3325 ut
2609 3244 2686 3307 ex.
2713 3244 3116 3322 magnitudine.
3161 3244 3402 3319 Antiqui
3429 3245 3544 3301 duo
3575 3244 3734 3312 libri,
3767 3246 3819 3301 et

2152 3324 2223 3382 ea:
2250 3324 2668 3382 maanitudine.

2226 3342 2444 3468 (1⁷3αὲἔίῑὲ
2447 3342 2790 3461 tlifzzgntem
2809 3394 3000 3521 lqltoria
3022 3391 3330 3448 Conditoris
3349 3405 3672 3445 mensuram
3689 3404 3818 3471 per-

2226 3477 2347 3521 ual.
2382 3474 2670 3521 corruote.
2705 3466 2801 3521 Col
2848 3508 2861 3521 .
2914 3465 3232 3521 secundus.
3265 3463 3545 3519 decentem
3579 3461 3818 3521 gloriam

2154 3461 2347 3538 cipidl,
2382 3474 2670 3539 corrupte.
2705 3461 2861 3524 Colb.
2914 3465 3232 3532 secundus,
3265 3463 3545 3539 decentem
3579 3461 3819 3539 gloriam

2154 3531 2464 3597 conditoris
2493 3531 2648 3596 mens
2675 3549 2858 3595 vestra
2899 3539 3168 3608 percipiat
3198 3531 3223 3590 :'
3249 3535 3402 3606 quod
3446 3531 3593 3588 cum
3611 3531 3819 3608 genui-

2156 3628 2297 3695 num
2332 3627 2470 3702 esse
2492 3615 2636 3702 satis
2670 3627 2864 3702 per‘se
2895 3604 3343 3702 pateat,ppotést
3372 3611 3574 3692 tamen
3603 3604 3824 3702 conﬁr:

2155 3683 2299 3738 mari
2330 3700 2398 3738 ex
2429 3674 2722 3739 Basiliario
2753 3674 3340 3752 ἱιιο,ἆναλαμϐἆνητε,
3363 3677 3825 3752 percipiatis,aut

2155 3772 2309 3811 mens
2323 3759 2504 3828 vestra
2515 3749 3130 3828 percipiat.Aliquanto
3145 3758 3277 3826 post
3291 3749 3429 3828 editi
3445 3750 3548 3828 et_d
3559 3765 3630 3828 uo
3649 3765 3822 3828 mss.,

2155 3838 2206 3883 et
2237 3831 2385 3955 ipter
2412 3820 2558 3884 diem
2584 3837 2635 3886 ct
2662 3820 2892 3884 noctem.
2919 3820 3078 3884 Colb.
3113 3820 3431 3890 secundus,
3463 3825 3514 3878 et
3545 3821 3608 3877 in
3639 3820 3728 3878 die
3759 3837 3826 3877 ac

2151 3915 2256 3956 nec
2283 3916 2331 3956 e.

3444 4092 3635 4099 _——_-——.
3648 4090 3776 4097 —_

1577 4167 1951 4263 LIBER
2018 4168 2617 4280 QUARTUS.

1095 4321 1179 4382 De
1208 4321 1664 4401 congregatione
1692 4339 2014 4402 aquarum,
2045 4330 2103 4382 et
2131 4321 2511 4404 apparitione
2541 4320 2728 4382 arida:
2758 4319 3105 4403 disputatio.

448 4457 660 4514 LSunt
681 4457 856 4513 urbes
878 4456 1147 4528 quaedam
1171 4472 1422 4527 quarum
1453 4453 1654 4528 populi
1690 4455 2043 4526 spectaculis

2153 4456 2432 4514 inanibus
2445 4456 2676 4513 actibus
2689 4454 3329 4529 occupantur,ignoran
3339 4457 3424 4508 tes
3438 4451 3579 4523 quia
3590 4449 3824 4507 saltatio

381 4544 757 4602 mirabilibus
771 4563 804 4602 ⁸
821 4546 1109 4602 matutino
1127 4549 1388 4617 tempore
1405 4561 1594 4617 usque
1616 4544 1688 4600 ad
1710 4561 2045 4616 vesperum,
2079 4547 2124 4612 Ι)
2155 4561 2710 4634 spectationibus(b)
2725 4563 3048 4633 approbata
3062 4554 3827 4630 turpissimis,publicumet

377 4635 648 4708 proprios
679 4635 878 4692 oculos
910 4635 1202 4708 pascendo
1248 4634 1522 4690 reficiunt
1564 4651 1578 4690 :
1619 4638 1833 4690 cantus
1863 4634 2039 4691 etiam

378 4723 1778 4798 blandos,(a)modulationesquelascivas,luxum
1795 4723 2044 4780 nimium

378 4814 1166 4888 generantes,sensil.ussuis
1181 4813 1734 4885 injiciunt,quorum
1755 4813 2047 4870 ausculta-

381 4904 540 4962 tione
573 4903 797 4960 diutius
829 4903 1123 4970 oblectati,
1149 4902 1488 4958 nullatenus
1522 4901 1828 4958 satiantur.
1856 4907 1924 4958 Et
1954 4908 2045 4960 ta-

382 5011 518 5052 men
549 5011 648 5052 eos
680 4994 950 5050 homines
974 4991 1145 5049 multi
1178 4992 1377 5048 beatos
1406 4989 1701 5063 appellare
1733 5006 2046 5049 consueve-

383 5087 541 5150 runt,
577 5083 718 5154 quia
760 5082 1086 5139 necessaria
1135 5081 1364 5150 negotia
1411 5080 1767 5150 deserentes,
1808 5087 1865 5136 et
1894 5087 2049 5138 artes

381 5172 598 5242 quibus
629 5172 856 5228 vivendi
883 5171 1152 5228 subsidia
1175 5174 1614 5242 comparantur,
1637 5185 1740 5242 per
1761 5170 2049 5228 desidiam

386 5264 443 5316 et
460 5260 823 5334 voluptatem
845 5265 1134 5318 statutum
1150 5258 1262 5316 sibi
1281 5258 1659 5331 tempusvitae
1681 5267 2046 5334 peragentes,

481 5380 531 5439 α)
563 5377 654 5432 Sic
686 5395 825 5434 mss.
863 5378 1070 5434 nostri.
1106 5376 1255 5432 Illud
1294 5392 1413 5446 qua:
1446 5376 1643 5432 aberat
1677 5394 1710 5432 u
1736 5377 2011 5448 vulgatis.

485 5449 535 5519 ὁ)
566 5448 717 5504 Editi
749 5455 806 5506 et
825 5451 983 5505 Colb.
1020 5449 1267 5522 primus,
1301 5450 1603 5522 approbata
1633 5451 1904 5522 pessimis.
1937 5449 2050 5503 Alii

389 5521 506 5574 duo
563 5537 733 5588 mss.,
777 5521 1085 5592 approbata
1133 5521 1510 5591 turpissimis:
1545 5521 1697 5592 quod
1732 5521 1920 5592 magis
1953 5537 2049 5576 ac-

389 5592 750 5665 commodari
781 5589 977 5665 potest
1016 5594 1087 5649 ad
1141 5589 1654 5665 vocemﬁraacam
1704 5589 2048 5654 ἀκολᾶστοις.

392 5664 614 5720 Ibidem
647 5662 964 5734 duo‘mssq
993 5665 1234 5738 perﬁcit.
1274 5662 1451 5732 Editi,
1480 5667 1730 5737 perfecit.

2155 4676 2466 4715 commune
2481 4658 3118 4732 perﬁcitmagisterium
3134 4653 3644 4727 vitiorum.Lyrica
3654 4654 3830 4710 etiam

2153 4758 2440 4826 carmina,
2464 4762 2790 4829 cantusque
2810 4757 3208 4823 tibicinum,et
3225 4752 3576 4810 meretriciae
3599 4752 3828 4807 cantio-

2157 4856 2563 4926 nes,cordibus
2586 4854 2955 4911 audientium
2980 4853 3328 4925 lapsae,quid
3353 4851 3514 4907 aliud
3536 4867 3714 4922 quam
3733 4850 3828 4905 in-

2156 4956 2378 5013 famiam
2391 4952 2817 5027 spectatoribus
2833 4951 3162 5007 inolescunt
3177 4948 3577 5005 aamulantibus
3593 4947 3833 5003 histrio-

2159 5053 2305 5110 nes?
2337 5053 2614 5109 Nonnulli
2647 5057 2843 5109 autem
2876 5050 3230 5108 circensium
3261 5047 3457 5103 furiali
3491 5047 3698 5103 ardore
3729 5047 3831 5102 de-

2157 5153 2324 5221 tenti,
2355 5152 2630 5208 noctibus
2663 5152 3027 5208 somniantes
3070 5166 3173 5220 pro
3204 5163 3491 5218 equorum
3523 5145 3834 5200 velocitate

2159 5261 2540 5332 contendunt,
2565 5262 2738 5316 modo
2762 5261 2832 5331 (ο)
2855 5273 3062 5316 currus
3086 5259 3369 5322 rotantes,
3395 5253 3568 5309 modo
3589 5253 3830 5323 aurigas

2231 5376 2302 5445 (ο)
2334 5374 2479 5428 Edili
2515 5379 2569 5430 et
2601 5376 2716 5430 duo
2744 5391 2913 5440 mss.,
2943 5388 3141 5427 currus
3169 5373 3425 5445 notantes
3452 5389 3462 5401 ο
3492 5369 3646 5439 quod
3683 5367 3831 5445 quin

2164 5441 2516 5501 mendosum
2543 5447 2621 5501 sit
2643 5446 2901 5501 dubitari
2922 5461 3038 5498 non
3069 5448 3280 5514 potest.
3313 5441 3469 5514 Colb.
3505 5442 3830 5506 secundus,

2163 5535 2362 5574 currus
2373 5513 3325 5574 rotantes.CerteEustathiusillud
3345 5513 3410 5586 ἂρ
3420 5531 3560 5586 μᾳτα
3581 5515 3831 5586 peragu-

2163 5589 2388 5664 γνόντες
2414 5592 2617 5664 Latine
2648 5587 3144 5664 redderervoluit;
3189 5587 3289 5664 sed
3323 5582 3554 5664 non_ita
3583 5582 3836 5664 feliciter

2167 5657 2441 5720 reddidit.
2475 5662 2686 5721 Melius
2716 5662 2801 5719 sic
2831 5658 3204 5733 interpretari
3227 5657 3399 5715 licet:
3424 5657 3831 5728 Transjungen-
