4156 6364
363 381 480 441 eos
1089 382 1509 463 EUSTATHII
1555 374 2021 441 HEXAEMERI

2138 373 2628 438 ETAPHRASIS
2675 375 2907 438 LIBER
2953 379 3056 441 IV.
3672 386 3794 449 906

367 513 427 568 in
460 501 685 586 partem
716 513 894 570 aliam
925 516 1368 582 transferentes,
1395 529 1747 585 omnemque
1779 525 2021 582 prorsus
2053 511 2103 574 Α
2139 507 2314 562 modo
2343 507 2403 562 in
2436 524 2613 564 unam
2638 513 3145 581 congregationem
3162 515 3335 584 jussa
3350 521 3441 572 est
3461 518 3791 587 convenire,

369 603 646 659 diurnam
691 603 1117 676 cogitationem
1171 610 1434 676 tempore
1466 603 1694 675 soporis
1745 600 2036 656 revolvere
2146 612 2280 651 cum
2304 597 2490 652 maria
2511 615 2639 652 esse
2660 599 2888 655 diversa
2910 600 3192 670 sciamus,
3215 621 3341 676 qua
3364 615 3516 663 certe
3535 607 3792 664 multum

369 709 488 748 non
519 693 838 750 desistunt.
871 693 990 750 Nos
1021 697 1217 750 autem
1251 711 1399 765 quos
1431 693 1738 760 Dominus,
1772 688 1874 761 qui
1905 686 2031 758 opi-
2145 702 2178 740 a
2209 701 2271 741 se
2300 685 2520 742 distare
2550 689 2927 744 noscuntur?
2977 691 3060 747 Ad
3093 691 3240 748 illud
3272 693 3451 766 igitur
3481 697 3636 767 quod
3669 698 3791 769 pri-

371 781 466 838 fex
495 799 692 838 rerum
727 783 1024 839 maximus
1055 788 1112 838 et
1135 782 1306 838 valde
1340 781 1627 836 mirificus
1659 780 1928 842 habetur,
1961 774 2034 829 ad
2146 790 2309 828 mum
2343 775 2653 846 quaesitum
2688 781 2796 842 cst,
2830 778 2938 833 hoc
2969 780 3038 850 (c)
3082 783 3570 853 respondebimus
3603 802 3616 842 :
3651 786 3794 857 quia

370 870 937 928 demonstrationem
969 888 1212 928 suorum
1263 887 1507 943 operum
1541 866 1898 933 convocavit,
1931 864 2030 918 de-

372 960 544 1016 ﬂoere
576 977 691 1016 non
747 962 1029 1017 debemus
1082 977 1220 1032 erga
1268 977 1470 1016 eorum
1521 957 1874 1032 spectacula,
1929 969 2032 1008 nec

375 1051 607 1107 desides
638 1051 762 1106 ﬁeri
794 1051 853 1105 in
887 1049 1289 1106 auscultandis
1313 1049 1567 1122 Spiritus
1598 1047 1785 1104 sancti
1810 1059 2032 1100 sermo-

373 1141 588 1208 nibus;
639 1141 738 1195 sed
793 1140 1229 1196 circumdantes
1277 1139 1616 1211 praeclaram
1666 1137 1817 1192 hanc
1847 1132 2033 1198 divini

371 1230 562 1300 operis
595 1230 932 1297 stationem,
965 1233 1381 1301 transactaque
1433 1237 1699 1299 tempore.
1727 1221 2026 1294 cogitatio-

373 1317 547 1374 nibus
582 1322 942 1390 reputantes,
977 1318 1446 1389 contemplemur
1479 1317 1629 1374 722
1661 1313 1872 1370 caelum
1906 1311 2030 1384 qui-

370 1407 504 1463 dem
554 1407 809 1464 levatum
859 1413 926 1465 ut
982 1424 1298 1474 cameram,
1351 1407 1504 1462 sicut
1553 1406 1696 1461 dicit
1745 1402 2028 1474 propheta

369 1498 524 1568 (Isai.
556 1514 646 1566 xL,
677 1500 791 1567 22),
825 1502 1043 1552 terram
1069 1500 1262 1552 autem
1285 1501 1512 1552 vastam
1547 1493 1747 1558 nimis,
1781 1492 2028 1546 immen-

369 1587 540 1641 sitate
568 1585 658 1641 vel
701 1586 956 1657 pondere
987 1587 1046 1640 in
1101 1585 1484 1657 semetipsam
1517 1588 1786 1640 constare
1815 1580 2024 1636 funda-

369 1679 514 1741 tam,
574 1690 887 1745 aeremque
935 1673 1218 1730 diﬂ‘usum
1295 1673 1708 1746 liquidumque
1773 1675 2020 1737 natura;

369 1779 691 1835 congruam
723 1768 780 1818 et
818 1763 1232 1820 incessabilem
1273 1761 1640 1834 spirantibus
1679 1758 2022 1816 alimoniam

373 1851 846 1916 ministrantem,
929 1852 1420 1922 scindentemque
1499 1867 1562 1906 se
1651 1847 2022 1904 moventibus

370 1941 671 2008 omnibus,
720 1941 1043 2012 leniterque
1081 1942 1382 1996 cedentem
1421 1938 1809 1995 mollitudinis
1847 1936 2024 1992 inter-

369 2046 783 2102 cessu;aquam
801 2046 933 2085 vero
951 2030 1215 2085 altricem
1233 2045 1563 2101 corporum,
1579 2033 1637 2083 et
1650 2028 1910 2082 humano
1923 2041 2021 2097 ge-

369 2118 492 2174 neri
509 2118 684 2174 nimis
699 2117 902 2174 utilem
917 2119 1386 2186 constitutam,ac
1399 2118 1696 2174 moderate
1712 2117 1767 2170 in
1781 2116 2021 2186 deputa-

367 2209 445 2262 tis
468 2207 579 2263 sibi
610 2207 1043 2279 conceptaculis
1074 2213 1536 2280 permanentem.
1570 2208 1696 2270 Qua
1726 2222 1838 2273 res,
1863 2205 1945 2260 ita
1960 2220 2021 2260 se

369 2295 604 2364 habere,
636 2297 706 2351 de
738 2295 831 2352 his
861 2312 989 2367 quas
1022 2300 1283 2351 recenter
1304 2295 1454 2352 lecta
1483 2300 1623 2350 sunt
1643 2292 2016 2367 approbabis.

437 2384 492 2440 2.
525 2385 590 2440 Et
616 2384 761 2440 ducit
786 2387 927 2440 Deus
956 2402 975 2438 :
1009 2386 1426 2456 Congregentur
1446 2400 1603 2456 aqua?
1623 2398 1749 2455 quae
1767 2384 1868 2439 sub
1889 2382 2018 2437 caelo

368 2481 498 2529 sunt
527 2476 588 2529 in
615 2475 1139 2545 congregationibus
1181 2474 1319 2540 suis,
1349 2480 1402 2529 et
1443 2476 1708 2546 appareat
1737 2473 1920 2528 arida.
1955 2473 2019 2526 Et

369 2564 583 2618 vocavit
613 2564 750 2619 Deus
780 2562 999 2618 aridam
1027 2567 1257 2630 terram,
1285 2572 1336 2620 et
1363 2564 1812 2634 congregationes
1843 2577 2016 2632 aqua-

368 2668 495 2708 rum
523 2655 732 2708 vocavit
760 2654 966 2709 maria.
1005 2655 1268 2716 Quantas
1299 2651 1444 2707 mihi
1477 2652 1806 2707 calumnias
1836 2654 1895 2705 in
1927 2650 2020 2706 his

370 2755 496 2811 quae
525 2747 856 2812 sequuntur
897 2741 1204 2811 objeceris,
1237 2742 1476 2813 exigens
1520 2741 2018 2812 quemadmodum

367 2833 524 2886 terra
556 2829 743 2901 possit
771 2829 1086 2886 invisibilis
1123 2830 1349 2896 haberi,
1380 2829 1571 2887 colore
1602 2833 1908 2901 praesente,
1942 2828 2021 2884 si-

368 2918 607 2991 quidem
629 2919 786 2976 color
807 2919 999 2975 omnis
1016 2935 1193 2975 sensu
1219 2919 1737 2992 comprehenditur
1757 2917 2020 2982 visionis,

365 3012 424 3064 et
453 3009 704 3064 fortasse
732 3009 839 3063 tibi
869 3025 986 3063 non
1015 3008 1251 3064 videtur
1281 3025 1410 3064 esse
1435 3008 1738 3063 sufficiens
1759 3008 1912 3078 quod
1935 3007 2021 3062 di-

365 3095 602 3166 ximus;
635 3097 773 3167 quia
795 3112 910 3150 non
934 3097 1007 3151 ad
1044 3102 1338 3165 naturam,
1363 3097 1461 3150 sed
1488 3096 1559 3151 ad
1584 3112 1691 3150 nos
1711 3093 2023 3150 invisibilis

367 3185 551 3240 fuisse
584 3190 740 3240 terra
756 3183 939 3240 relata
955 3189 1066 3254 est,
1086 3189 1318 3256 propter
1341 3201 1628 3256 aquarum
1651 3183 1921 3239 videlicet
1941 3183 2024 3238 in-

363 3273 707 3344 jectionem,
739 3291 866 3345 qua
897 3279 1039 3329 tunc
1061 3275 1140 3344 (η)
1171 3289 1376 3330 omnes
1405 3279 1592 3329 terras
1623 3273 2011 3345 operuissent.

367 3362 533 3419 Nuno
562 3379 696 3418 vero
728 3362 997 3419 ausculta
1027 3363 1415 3434 Soripturam,
1437 3363 1732 3434 quomodo
1758 3363 2014 3433 seipsam

365 3451 623 3508 declarat
655 3469 669 3508 :
707 3453 1130 3523 Congregentur,
1183 3451 1394 3522 inquit,
1442 3467 1624 3522 aquae,
1657 3461 1708 3508 et
1749 3454 2017 3522 appareat

363 3542 550 3598 arida.
575 3543 986 3598 Velamentum
1005 3540 1377 3607 subducitur,
1404 3545 1466 3596 ut
1491 3541 1810 3612 conSpicua
1833 3541 2016 3606 ﬁeret,

364 3647 494 3703 qua:
509 3631 746 3686 interim
767 3648 881 3686 non
899 3630 1226 3687 videbatur.
1249 3630 1396 3685 lllud
1417 3630 1592 3685 etiam
1617 3631 1860 3685 forsitan
1885 3629 2018 3700 quis

368 3719 645 3790 requiret,
681 3735 784 3773 cur
812 3719 870 3772 id
901 3720 1055 3789 quod
1089 3736 1190 3790 per
1216 3724 1488 3774 naturam
1513 3719 1719 3774 subest
1746 3719 1934 3789 aquis,
1960 3718 2018 3772 id

368 3811 480 3871 est,
515 3812 577 3861 ut
606 3822 838 3877 semper
884 3807 956 3860 ad
1006 3807 1352 3878 procliviora
1400 3809 1774 3874 contendant,
1809 3807 1918 3862 hoc
1949 3807 2019 3862 ad

367 3895 1108 3966 praeceptionemCreatoris
1126 3911 1320 3950 sermo
1343 3896 1848 3951 convertit.Donec
1865 3895 2019 3950 enim

369 3984 427 4039 in
461 3983 706 4056 planitie
735 3983 913 4038 fuerit
938 3999 1094 4055 aqua
1140 3982 1461 4050 recondita,
1495 3984 1726 4040 stabilis
1765 3988 1876 4049 est,
1909 4000 2024 4038 non

370 4074 677 4130 inveniens
689 4089 806 4145 quo
819 4072 1201 4139 declinet,ubi
1215 4073 1674 4128 verodescensus
1687 4072 2026 4140 occurrerit,

369 4164 735 4234 irrumpente
751 4161 1022 4234 protinus
1042 4166 1205 4233 parte
1222 4161 1438 4233 priore,
1460 4162 1685 4233 reliqua
1708 4161 2026 4218 multitudo

371 4251 752 4324 consequitur
772 4255 1152 4324 properanter
1168 4251 1612 4324 eﬂ‘ugiens,quis
1637 4252 1909 4324 priscedit
1931 4269 2027 4307 ur-

374 4347 545 4414 gente
573 4341 862 4396 venientis
885 4339 1148 4412 impulsu
1179 4358 1192 4396 :
1220 4344 1497 4411 tantoque
1519 4339 1769 4396 velocior
1800 4346 2029 4397 meatus

373 4431 676 4502 aspicitur,
702 4433 923 4502 quanto
946 4429 1191 4500 majoris
1212 4430 1488 4501 ponderis
1521 4429 1696 4485 fuerit
1721 4447 1875 4501 aqua
1898 4447 2026 4503 quas

374 4520 637 4587 conﬂuit,
672 4518 954 4589 locusque
975 4519 1267 4574 devexior.
1294 4518 1350 4573 Si
1385 4535 1523 4590 ergo
1553 4519 1690 4574 talis
1723 4523 1932 4575 natura
1961 4520 2030 4575 li-

2142 867 2206 917 tu
2238 864 2475 934 quidem
2509 871 2641 936 post
2670 866 2984 922 editionem
3010 872 3278 941 precepti
3312 871 3494 928 divini
3525 873 3791 931 humoris

2143 956 2368 1008 motum
2421 954 2763 1026 cognovisti,
2823 962 2879 1011 et
2925 957 3061 1028 quia
3113 959 3493 1018 circumﬂuus
3541 963 3792 1020 habetur

2141 1056 2489 1113 semperque
2538 1043 2875 1100 decurrens.
2938 1046 3084 1103 Nam
3134 1050 3480 1121 priusquam
3529 1059 3790 1108 meatum

2140 1134 2373 1200 caperet
2401 1147 2468 1185 ex
2499 1133 2850 1188 auctoritate
2887 1137 3131 1202 caelesti,
3169 1154 3273 1192 nec
3305 1144 3368 1194 tu
3399 1157 3534 1195 eum
3570 1139 3786 1212 vidisti,

2140 1235 2244 1272 nec
2275 1219 2346 1273 ab
2379 1219 2490 1274 alio
2523 1222 2622 1290 qui
2653 1221 2877 1276 viderat
2899 1224 3155 1280 didicisti
3188 1244 3201 1282 :
3227 1229 3380 1284 unde
3408 1229 3648 1286 debebis
3680 1231 3788 1285 ad-

2137 1310 2358 1361 vertere
2389 1308 2527 1378 quia
2556 1324 2663 1364 vox
2691 1309 2813 1377 Dei,
2845 1316 3066 1368 natura
3096 1314 3398 1372 formatrix
3425 1323 3534 1387 est,
3565 1324 3622 1374 et
3641 1335 3790 1392 pre-

2137 1397 2325 1466 ceptio
2358 1413 2485 1467 quae
2517 1401 2656 1452 tunc
2695 1399 2835 1456 data
2863 1407 2953 1457 est
3004 1410 3302 1473 creaturae,
3335 1407 3786 1478 dispositionem

2135 1485 2364 1540 cunctis
2395 1502 2522 1556 quas
2546 1486 2736 1542 forent
2755 1489 3049 1560 gignenda
3074 1495 3387 1564 praebebat.
3405 1496 3550 1552 Nam
3581 1503 3639 1554 et
3658 1499 3785 1555 dies

2134 1577 2190 1628 et
2220 1591 2334 1629 nox
2363 1573 2542 1630 semel
2576 1576 2740 1631 factas
2773 1583 2934 1646 sunt,
2968 1586 3025 1636 et
3069 1581 3170 1638 illo
3216 1601 3406 1657 usque
3434 1603 3614 1656 nunc,
3647 1587 3784 1644 sibi-

2135 1667 2254 1718 met
2317 1663 2543 1719 vicibus
2608 1667 2993 1740 succedendo,
3051 1671 3478 1732 curriculorum
3537 1693 3782 1735 suorum

2131 1756 2400 1824 tempora
2431 1753 2606 1809 certis
2637 1755 3004 1826 portionibus
3035 1759 3222 1818 divisa
3255 1765 3618 1823 custodiunt.

2202 1842 2255 1896 3.
2292 1843 2701 1912 Congregentur
2727 1859 2908 1915 aquae.
2958 1847 3040 1917 (ά)
3069 1847 3312 1906 Jussum
3363 1861 3451 1909 est
3492 1871 3781 1926 aquarum

2133 1935 2406 1986 naturam
2440 1932 2723 2001 difﬂuere,
2757 1938 2814 1988 et
2844 1951 3148 2007 nunquam
3182 1940 3379 1995 deficit
3408 1943 3781 2014 obsequendo

2130 2021 2444 2076 mandatis.
2477 2020 2595 2076 Hoc
2638 2027 2836 2078 autem
2869 2024 2999 2080 dico
3038 2028 3358 2098 respiciens
3389 2032 3461 2086 ad
3491 2031 3780 2104 liquidam

2127 2126 2415 2180 aquarum
2455 2115 2693 2180 sortem,
2727 2129 2978 2184 quarum
3010 2116 3137 2171 aliis
3185 2134 3418 2191 semper
3442 2127 3685 2179 manant
3713 2128 3782 2180 ut

2130 2201 2319 2254 fontes
2349 2204 2405 2256 et
2435 2199 2618 2266 ﬂuvii,
2651 2200 2776 2257 aliis
2819 2210 3181 2276 congregatae
3230 2213 3369 2264 sunt
3397 2215 3452 2265 et
3480 2211 3775 2271 sistentes.

2127 2288 2234 2342 Sed
2261 2288 2402 2343 mihi
2432 2305 2588 2344 nunc
2609 2290 2680 2346 de
2697 2290 3015 2348 ﬂuentibus
3033 2311 3226 2352 sermo
3246 2305 3354 2353 est.
3375 2299 3784 2373 Congrsgentur

2127 2392 2288 2447 aqua:
2319 2394 2376 2432 in
2396 2381 2878 2450 congregationem
2900 2399 3084 2438 unam.
3106 2385 3162 2439 Si
3195 2389 3431 2457 quando
3461 2391 3607 2464 te(e)
3628 2396 3785 2448 stan-

2127 2470 2246 2522 tem
2273 2469 2441 2537 juxta
2470 2467 2657 2522 rivum
2690 2469 2848 2524 subit
2869 2472 3163 2541 cogitatio,
3183 2482 3463 2546 reputans
3485 2481 3656 2552 cujus
3678 2481 3787 2538 im-

2129 2555 2304 2627 pulsu
2340 2557 2411 2610 de
2445 2555 2756 2613 telluribus
2781 2575 2934 2630 aqua
2958 2563 3350 2634 progreditur,
3373 2565 3463 2622 vel
3495 2584 3620 2640 quae
3645 2574 3788 2627 sunt

2129 2644 2339 2700 horrea
2369 2646 2440 2699 de
2470 2645 2684 2716 quibus
2725 2652 2846 2702 tam
2895 2648 3135 2721 largiter
3163 2652 3503 2727 effunditur,
3537 2663 3638 2714 aut
3687 2660 3790 2731 qui

2130 2734 2294 2789 locus
2325 2734 2397 2789 ad
2432 2751 2610 2806 quem
2641 2737 2873 2808 cogitur
2895 2741 3218 2810 pervenire,
3242 2742 3330 2798 vel
3363 2749 3658 2817 quomodo
3680 2765 3788 2806 nec

2131 2823 2234 2878 illa
2265 2823 2460 2878 deﬁcit
2490 2840 2616 2895 quae
2639 2826 2926 2897 sequitur,
2947 2845 3052 2884 nec
3082 2846 3150 2885 ea
3170 2848 3296 2903 quas
3321 2836 3621 2905 praecessit
3644 2853 3788 2894 exu-

2133 2912 2335 2980 berat;
2368 2916 2624 2984 profecto
2657 2915 2911 2987 reperies
2941 2919 3142 2974 omnia
3180 2919 3300 2977 haec
3331 2939 3400 2978 ex
3427 2941 3565 2980 voce
3595 2928 3790 2997 prima

2132 3004 2501 3070 teneri,unde
2524 3003 2702 3058 etiam
2726 3009 2959 3062 meatus
2977 3006 3063 3061 illi
3086 3012 3342 3082 suppetit
3366 3015 3782 3085 sempiternus.

2133 3093 2524 3158 Quamobrem
2549 3093 2606 3147 in
2630 3094 2790 3148 omni
2807 3111 3040 3166 semper
3067 3097 3318 3157 historia
3347 3110 3643 3161 memento
3665 3106 3787 3177 pri-

2134 3197 2239 3235 mae
2273 3182 2700 3253 praeceptionis,
2733 3199 2860 3254 quae
2911 3185 3052 3240 dicit
3085 3204 3098 3242 :
3133 3189 3546 3260 Congregentur
3591 3211 3777 3266 aquae.

2049 3254 2091 3320 ί)
2131 3271 2358 3326 Etenim
2390 3273 2692 3343 Oportebat
2715 3288 2814 3328 eas
2845 3274 3154 3332 decurrere
3176 3254 3657 3350 prope'rantermt
3681 3285 3786 3341 de-

2126 3358 2391 3414 venirent
2422 3361 2493 3414 ad
2528 3362 2825 3432 propriam
2859 3363 3156 3434 regionem
3185 3381 3196 3420 :
3234 3371 3291 3422 et
3315 3374 3631 3441 postquam
3653 3388 3786 3428 ven-

2126 3451 2253 3502 tum
2303 3456 2478 3516 esset,
2513 3454 2667 3504 stare
2701 3451 2759 3505 in
2791 3455 3226 3524 conceptaculis
3257 3457 3576 3530 deputatis,
3610 3465 3788 3534 atque

2129 3535 2283 3591 ultra
2309 3553 2424 3591 non
2458 3538 2714 3593 tendere.
2740 3543 3054 3612 Propterea
3073 3547 3163 3597 est
3191 3544 3263 3599 ab
3294 3545 3646 3605 Ecclesiaste
3663 3550 3788 3607 dic-

2129 3631 2254 3680 tum
2294 3641 2307 3680 :
2338 3631 2406 3682 In
2436 3643 2595 3682 mare
2617 3629 2777 3696 ﬂuvii
2795 3629 3158 3702 delabuntur,
3184 3634 3278 3688 sed
3305 3651 3460 3692 mare
3489 3653 3600 3693 non
3629 3657 3789 3712 supe-

2128 3717 2426 3785 rimptetur
2459 3717 2652 3786 (Eccle.
2688 3734 2726 3784 ι,
2758 3721 2834 3789 7).
2869 3720 3013 3783 Quia
3045 3727 3101 3776 et
3131 3725 3288 3792 quod
3319 3741 3608 3795 aquarum
3647 3746 3785 3786 cur-

2132 3821 2234 3859 sus
2266 3809 2526 3875 urgetur,
2560 3810 2616 3860 et
2655 3807 2809 3875 quod
2857 3825 3016 3865 mare
3064 3811 3240 3866 certis
3271 3813 3789 3890 circumscriptum

2135 3893 2353 3948 ﬁnibus
2389 3894 2698 3962 retinetur,
2732 3897 2933 3967 primae
2985 3901 3394 3972 praeceptionis
3435 3905 3621 3962 virtus
3655 3911 3746 3964 est
3777 3925 3792 3966 :

2136 3983 2542 4054 Congregentur
2565 4001 2720 4055 aquae
2753 3988 2813 4041 in
2843 4003 3017 4043 unam
3041 3994 3518 4063 congregationem
3539 3999 3558 4050 ."
3581 4003 3645 4051 ut
3675 4015 3792 4055 non

2135 4069 2357 4126 scilicet
2389 4071 2488 4127 illa
2519 4089 2645 4144 quae
2677 4073 2894 4141 inﬂuit,
2940 4077 3186 4148 expletis
3217 4083 3653 4152 conoeptaculis
3685 4102 3793 4141 su-

2137 4161 2395 4230 perfusa,
2417 4168 2659 4217 cunctos
2691 4163 2966 4219 similiter
2988 4169 3274 4222 terrarum
3311 4172 3590 4228 terminos
3616 4174 3791 4230 inun-

2139 4250 2337 4318 daret;
2368 4251 2583 4306 idcirco
2600 4253 2768 4320 jussa
2789 4253 2899 4308 fuit
2918 4254 2976 4308 in
2998 4271 3175 4310 unam
3195 4273 3256 4312 se
3279 4262 3792 4330 congregationem

2139 4340 2422 4411 redigere.
2457 4339 2768 4412 Propterea
2798 4341 3042 4415 pelagus
3063 4343 3253 4400 ventis
3283 4363 3435 4419 saepe
3465 4350 3796 4421 turbatum,

2140 4445 2206 4483 ac
2240 4429 2515 4484 ﬂuctibus
2546 4433 2827 4496 aestuans,
2861 4431 2920 4485 in
2953 4432 3252 4505 altumque
3283 4451 3671 4511 consurgens,
3694 4441 3797 4496 ubi

2143 4518 2338 4573 littora
2369 4518 2561 4573 vicina
2609 4519 2678 4589 (Γ)
2729 4521 3007 4591 tetigerit,
3044 4523 3284 4579 fervoris
3334 4525 3622 4598 impetum
3653 4547 3800 4602 spu-

373 4609 574 4680 quoris
592 4607 1285 4680 est,(b)diﬂ‘erretutique
1303 4607 2020 4680 praeceptionemlquajus-
2056 4628 2103 4691 Β
2143 4607 2357 4662 mando
2391 4606 2705 4674 resolvens,
2734 4624 2868 4664 mox
2900 4610 3192 4681 frangitur
3222 4619 3398 4685 atque
3430 4618 3801 4676 subducitur.

373 4704 531 4754 serat
551 4714 737 4769 aquas
764 4697 824 4752 in
846 4714 1032 4753 unum
1047 4697 1529 4768 conceptaculum
1550 4699 1909 4769 congregari.
1932 4703 2035 4754 Po-

374 4792 526 4843 terat
555 4787 712 4842 enim
745 4785 872 4842 sine
894 4786 1095 4852 dubio,
1124 4792 1362 4858 prapter
1384 4785 1712 4841 naturalem
1745 4785 2031 4858 impetum

376 4877 437 4932 in
470 4876 736 4949 regiones
767 4891 1050 4932 concavas
1082 4879 1288 4946 sponte
1320 4876 1650 4942 decurrere,
1685 4874 2031 4946 priusquam

376 4969 540 5038 terga
570 4964 889 5036 compleret
921 4981 934 5018 :
969 4965 1170 5020 nullus
1215 4964 1371 5020 enim
1419 4970 1712 5020 terrarum
1759 4965 1921 5020 locus
1953 4967 2039 5023 sic

380 5054 620 5126 aqualis
643 5059 824 5126 est,ut
842 5070 1132 5126 aquarum
1157 5053 2037 5127 situs.Deinde,inquiunt,quo-

384 5178 464 5226 tes
493 5186 708 5225 currus.
740 5170 951 5225 Statim
983 5169 1122 5224 editi
1156 5173 1212 5224 et
1237 5171 1354 5225 duo
1387 5186 1557 5234 mss.,
1589 5171 1921 5224 diuturnam
1952 5186 2036 5226 co-

384 5243 728 5314 gitationem.
779 5241 940 5298 Colb.
993 5242 1312 5311 secundus,
1362 5241 1640 5297 diurnam.
1693 5241 1908 5311 Graece,
1941 5247 2040 5311 τῆς

393 5323 528 5386 μεθη
543 5317 785 5386 μερενῆς-

459 5383 723 5458 (ἢούκ).
757 5383 1322 5458 εθοῃηὰιξερῄορηηενη
1345 5387 1570 5439 terram.
1600 5387 1728 5439 Mox
1758 5385 1912 5441 idem
1943 5402 2042 5442 co-

388 5455 527 5524 dex,
547 5458 670 5528 quis
698 5457 964 5528 requiret.
997 5455 1172 5522 Editi,
1205 5471 1325 5526 quae
1354 5458 1624 5527 requiret.
1653 5459 1912 5514 Subinde
1945 5457 2044 5514 ille

389 5530 517 5603 ipse
547 5527 747 5603 cedes,
780 5527 1017 5603 τδρζρσεον
1045 5531 1337 5603 remeat“:-

460 5603 537 5675 (b)
568 5600 742 5666 Editi;
773 5599 1010 5675 (ti/Terei.
1047 5599 1196 5652 Libri
1245 5604 1488 5675 veteres,
1522 5599 1804 5675 diﬁerret.
1837 5599 2045 5656 Statim

389 5671 548 5729 Colb.
582 5671 902 5736 secundus,
935 5671 995 5742 in
1026 5686 1200 5742 unum
1229 5671 1652 5741 receptaculum.

459 5746 528 5819 (c)
561 5750 648 5802 Ita
675 5744 812 5802 libri
854 5745 1100 5797 veteres.
1151 5741 1272 5796 Vox
1303 5743 1404 5798 hoc
1433 5744 1494 5800 in
1526 5742 1699 5801 editis
1745 5743 2048 5801 desidera-

711 5877 980 5943 Psmon.
1025 5874 1139 5946 Gn.
1183 5871 1368 5938 XXX.

2141 4697 2248 4750 Aut
2278 4711 2364 4752 me
2391 4711 2503 4752 non
2531 4697 2814 4766 timebitis,
2841 4699 2974 4753 dicit
3003 4701 3290 4771 Dominus,
3315 4709 3413 4775 qui
3439 4722 3671 4763 arenam
3691 4712 3803 4764 ter-

2142 4787 2511 4856 minumpono
2529 4787 2677 4840 mari
2697 4789 2827 4854 (Jer.
2853 4789 3038 4857 v,22)?
3061 4790 3285 4847 Etenim
3315 4794 3531 4850 mirum
3555 4800 3646 4851 est
3664 4813 3806 4867 quo-

2147 4875 2319 4929 modo
2351 4891 2442 4930 res
2475 4874 2737 4930 omnium
2773 4893 2898 4947 quae
2931 4877 2990 4931 in
3023 4880 3291 4952 terris(g)
3324 4881 3800 4940 habenturinﬂr-

2148 4963 2296 5018 mior
2317 4981 2512 5032 arena,
2529 4965 2706 5034 jussu
2730 4965 2830 5021 Dei
2847 4966 3183 5023 violentiam
3209 4970 3387 5025 maris
3409 4973 3802 5038 i'renat.Quod

2149 5053 2198 5107 si
2212 5069 2381 5108 secus
2395 5059 2704 5125 esset,quae
2719 5055 2864 5111 ratio
2879 5061 3071 5112 vetare
3084 5061 3309 5127 poterat
3327 5059 3590 5117 Rubrum
3618 5079 3804 5135 mare,

2149 5171 2486 5383 :3§:Dolb.
2521 5243 2842 5313 secundus,
2865 5244 3025 5314 jussa
3055 5247 3136 5298 est
3167 5261 3437 5316 aquarum
3473 5253 3682 5307 natura
3712 5253 3810 5311 de-

2223 5385 2298 5510 ﬂe)
2331 5383 2483 5438 Editi
2515 5387 2570 5437 et
2599 5383 2714 5438 duo
2767 5388 2824 5438 et
2873 5401 3040 5450 mss.,
3073 5391 3124 5442 te
3169 5395 3410 5446 stante...
3442 5403 3808 5465 reputantem.

2153 5457 2230 5512 Co
2260 5459 2316 5512 b.
2351 5456 2669 5512 secundus.
2702 5460 2752 5509 te
2781 5459 3038 5512 stante...
3073 5465 3358 5512 reputans.

2200 5465 2316 5512 olb.
2351 5465 2669 5524 secundus,
2702 5465 2752 5509 te
2781 5465 3038 5513 stante...
3073 5465 3358 5530 reputans.

2327 5527 2835 5612 Colb.‘secundus,
2874 5530 3084 5612 sucina
3107 5535 3420 5612 contigerit.
3475 5537 3651 5612 Paulo
3674 5541 3820 5612 post

2157 5598 2317 5667 editi,
2349 5615 2460 5653 non
2489 5598 2726 5673 timebis.
2757 5599 3022 5673 ⁸Αῐιῐὶίιυί
3053 5603 3168 5660 duo
3194 5598 3350 5673 libri,
3384 5624 3498 5662 non
3527 5598 3815 5666 timebitis.

2158 5673 2220 5728 In
2252 5663 2565 5742 Θὲωοοηοό
2597 5663 2996 5742 φοϐηθήσεσσε.

2230 5746 2311 5815 (g)
2343 5740 2518 5813 Editi,
2544 5740 2796 5799 habetur.
2825 5743 2982 5800 Libri
3011 5749 3256 5818 veteres,
3289 5749 3584 5806 habentur.

3414 5878 3494 5940 29
