4156 6366
337 385 456 448 907

1290 373 1684 436 APPENDIX
1729 366 2055 434 ()PERUM
2101 369 2159 431 S.
2208 371 2488 434 BASILII
2536 371 2808 434 MAGNI.

3649 373 3774 439 908

339 523 400 574 ut
434 533 548 572 non
579 515 887 586 Egyptum
921 514 1125 581 totam,
1173 525 1300 581 quae
1332 509 1535 581 utique
1585 507 1855 562 devexior
1885 505 1986 561 ba-
2019 509 2074 572 Α
2103 506 2442 578 corporibus
2485 508 2562 562 sit
2610 507 2886 578 illapsus,
2939 507 3280 563 universum
3331 514 3530 564 tamen
3563 511 3771 567 orbem

338 609 530 674 betur,
581 603 898 671 invaderet,
944 600 1324 673 proximoque
1369 596 1573 670 pelago
1625 597 1992 660 misceretur,

340 697 456 753 nisi
511 698 798 767 praecepto
847 689 1175 747 Conditoris
1227 693 1382 744 esset
1431 686 1790 742 inhibitum?
1847 685 1992 739 Nam

343 786 486 859 quia
511 782 795 839 humilior
829 781 977 836 723
1008 784 1099 835 est
1128 779 1408 850 [Egyptus
1441 777 1632 831 Rubro
1677 776 1844 841 mari,
1871 791 1992 829 cer-

343 875 575 931 tissime
604 873 682 943 (α)
712 871 989 925 docemur
1027 869 1099 923 ab
1132 866 1225 922 bis
1257 866 1356 939 qui
1389 865 1716 937 Egyptium
1749 869 1807 919 et
1840 862 1996 918 Indi-

349 981 484 1020 cum
516 978 675 1018 mare
715 959 1070 1030 conjungere
1119 957 1451 1023 voluerunt,
1486 972 1736 1026 quorum
1771 954 1997 1025 primus

349 1059 442 1110 est
470 1054 769 1108 Sesostres
817 1048 1147 1120 Egyptius,
1205 1046 1502 1102 secundus
1533 1045 1743 1100 Darius
1773 1044 1996 1098 Medus.

349 1143 480 1200 Hac
509 1157 576 1197 eo
606 1139 749 1208 dixi,
783 1145 847 1194 ut
876 1137 1086 1192 divinis
1135 1135 1460 1191 sanctionis
1508 1133 1826 1204 potentiam
1858 1149 1998 1188 nos-

349 1245 636 1288 ceremus.
697 1227 1116 1298 Congregcntur
1184 1240 1340 1296 aqua:
1406 1225 1465 1278 in
1523 1223 2002 1293 congregationem

349 1337 545 1388 unam,
576 1317 631 1373 id
667 1321 779 1387 est,
833 1317 1014 1372 altera
1066 1331 1178 1370 non
1235 1313 1512 1385 procedat
1554 1329 1622 1367 ex
1655 1311 1774 1382 illa,
1807 1311 1907 1366 sed
1944 1311 2001 1364 in

351 1410 541 1484 primo
571 1405 1008 1478 conceptaculo,
1037 1421 1164 1476 qua:
1195 1401 1438 1458 collecta
1466 1407 1556 1458 est
1587 1405 1874 1457 teneatur.

423 1500 477 1555 4.
510 1497 728 1553 Deinde
750 1511 880 1551 cum
903 1495 1151 1550 diceret:
1175 1493 1585 1563 Congrege-nlur
1605 1493 1664 1546 in
1692 1507 1862 1546 unam
1876 1505 2005 1543 con-

351 1588 747 1661 gregatim,
783 1584 986 1640 docuit
1014 1582 1151 1654 quia
1198 1581 1396 1636 multa
1445 1585 1612 1636 erant
1641 1596 1804 1651 aquae
1833 1577 2008 1634 variis

356 1677 554 1735 divisa
589 1675 799 1730 modis.
825 1673 976 1729 Loca
1004 1671 1160 1728 enim
1193 1669 1503 1742 convallia,
1529 1668 2009 1742 profundioribus

360 1763 712 1824 naturaliter
742 1768 942 1820 cavata
972 1761 1202 1833 spatiis,
1225 1760 1522 1816 habebant
1550 1776 1764 1831 aquam
1797 1758 2009 1815 collec-

2103 599 2266 652 terris
2299 613 2423 652 com
2438 595 2709 668 plectitur
2740 615 2754 664 ;
2789 597 2874 652 sic
2904 600 2963 652 et
2993 613 3284 668 aquarum
3319 603 3531 655 natura
3553 616 3770 672 quam-

2106 685 2189 739 vis
2211 685 2386 740 variis
2405 685 2722 742 commissa
2737 687 3095 742 stationibus
3112 692 3401 754 teneatur,
3428 705 3548 744 una
3563 693 3764 746 tamen

2106 779 2193 829 est
2225 776 2479 829 maxima
2507 776 2909 848 congregatio,
2961 793 3090 847 quis
3121 793 3297 832 omne
3326 776 3472 832 illud
3503 778 3766 836 elemen-

2104 869 2228 919 tum
2265 864 2545 920 discernit
2575 883 2607 919 a
2636 866 2878 920 caeteris.
2938 867 3123 920 Lacus
3154 868 3309 923 enim
3343 867 3441 939 qui
3487 869 3642 923 circa
3676 885 3767 923 re-

2108 953 2310 1024 giones
2341 954 2635 1008 habentur
2656 960 2908 1020 arctoas,
2931 954 3016 1010 vel
3041 955 3099 1010 in
3133 955 3534 1028 Hellesponto,
3568 975 3672 1014 seu
3706 958 3768 1014 in

2109 1041 2467 1112 Macedonia,
2490 1044 2574 1098 vel
2608 1045 2664 1098 in
2697 1043 2972 1116 Bithynia
2995 1046 3476 1116 congregationes
3500 1046 3628 1104 sine
3659 1049 3771 1103 du-

2109 1131 2203 1187 bio
2255 1134 2676 1200 nominantur;
2729 1135 2829 1188 sed
2884 1136 3054 1189 modo
3107 1135 3274 1189 nobis
3307 1137 3526 1192 mentio
3577 1139 3774 1194 estde

2111 1220 2229 1287 illa,
2264 1239 2390 1292 quae
2422 1223 2666 1294 reliquis
2699 1224 2976 1279 omnibus
3010 1225 3092 1278 ita
3114 1224 3396 1296 prolixior
3426 1231 3535 1296 est,
3569 1235 3634 1283 ut
3660 1232 3778 1283 ter-

2111 1328 2310 1366 rarum
2343 1313 2721 1384 amplitudini
2755 1320 3108 1385 coaequatur,
3143 1317 3200 1370 et
3232 1331 3573 1387 quanquam
3605 1318 3675 1388 (δ)
3710 1318 3769 1372 in

2115 1401 2443 1457 minoribus
2457 1419 2692 1474 quoque
2705 1402 3260 1475 congregationibus
3276 1422 3564 1476 aquarum
3579 1407 3771 1462 inesse

2119 1491 2557 1547 multitudinem
2592 1491 2794 1548 nullus
2816 1493 3086 1560 obsistat,
3113 1510 3225 1548 non
3250 1499 3447 1549 tamen
3481 1495 3612 1551 illas
3637 1495 3774 1566 quis

2118 1581 2225 1634 rite
2257 1581 2442 1635 maria
2465 1581 3157 1653 nuncupabitzquamvis
3188 1587 3358 1638 certe:
3389 1583 3636 1654 paludes
3658 1584 3779 1639 sal-

2119 1669 2329 1740 sugine
2352 1670 2529 1725 maris
2557 1671 2780 1726 iniec-ta:
2798 1671 2939 1735 sint,
2962 1671 3114 1727 sicut
3133 1671 3236 1727 illa
3253 1688 3384 1743 quas
3405 1674 3698 1730 vocitatur
3711 1675 3774 1746 (Ι)

2119 1759 2405 1814 Asfaltitis
2436 1761 2493 1814 in
2515 1761 2773 1831 partibus
2788 1761 3026 1825 Judiees,
3045 1760 3131 1816 vel
3161 1762 3507 1829 Serbonitis,
3534 1781 3662 1835 qua:
3685 1765 3777 1819 in-

359 1860 504 1923 tem,
539 1870 644 1910 nec
675 1869 790 1908 non
822 1853 999 1908 etiam
1033 1849 1224 1921 campi
1259 1849 1414 1920 pleni
1446 1855 1635 1912 erant,
1670 1847 2009 1904 similitudi-
2046 1884 2092 1949 Β
2123 1852 2210 1902 ter
2238 1853 2552 1921 Aigyptum
2605 1849 3089 1921 Palaastinamque
3113 1850 3342 1920 jacens,
3376 1853 3606 1908 deserta
3637 1870 3779 1908 con-

364 1960 496 2000 nem
530 1941 716 2014 pelagi
746 1942 1083 2006 referentes,
1117 1939 1360 2010 aliaeque
1399 1938 1690 2009 ejusmodi
1730 1938 2014 2008 regiones,

363 2035 435 2090 de
464 2032 680 2105 quibus
711 2030 988 2086 omnibus
1019 2029 1077 2084 in
1112 2044 1291 2084 unam
1337 2027 1843 2100 congregationem
1878 2045 2016 2082 con-

363 2123 542 2178 ﬂuere
573 2125 713 2176 sunt
740 2123 1056 2191 praeceptae.
1082 2118 1147 2173 Et
1169 2117 1370 2173 nullus
1393 2117 1568 2184 dicat,
1593 2117 1731 2188 quia
1753 2117 1800 2173 si
1833 2123 2016 2172 totam

359 2217 596 2277 terram,
614 2216 756 2265 tunc
785 2225 1072 2280 aquarum
1104 2211 1328 2262 texerat
1360 2206 1695 2269 multitudo,
1717 2206 2016 2261 nihilomi-

364 2316 475 2357 nus
501 2316 568 2355 ea
599 2315 824 2370 quoque
853 2299 998 2365 loca,
1023 2297 1084 2351 in
1107 2313 1234 2368 quae
1269 2297 1665 2366 posteajnssse
1689 2303 1829 2350 sunt
1855 2312 2016 2366 aquae

363 2386 961 2458 concurrere,repleta
978 2390 1118 2441 tunc
1136 2399 1322 2440 erant.
1341 2384 1444 2441 Ubi
1460 2401 1596 2456 ergo
1615 2385 1849 2440 deberet
1869 2403 2022 2457 aqua

363 2477 581 2551 colligi,
609 2495 735 2549 quas
768 2492 968 2532 omnes
999 2479 1287 2530 terrarum
1334 2478 1530 2545 partes
1563 2475 1903 2530 invaserat?
1931 2476 2016 2529 Ad

362 2569 473 2625 hoc
503 2568 953 2638 respondemus,
977 2565 1118 2635 quia
1148 2564 1383 2634 quando
1417 2564 1725 2635 praeceptio
1759 2565 1896 2620 data
1925 2571 2018 2619 est

364 2662 432 2713 ut
462 2657 523 2712 in
555 2671 733 2712 unam
764 2653 1281 2726 congregationem
1333 2653 1576 2718 coirent,
1627 2660 1766 2708 tunc
1796 2658 1850 2707 et
1882 2670 2015 2708 sus-

363 2745 649 2818 ceptionis
679 2760 881 2800 earum
915 2759 1095 2798 causa
1126 2742 1436 2814 processit.
1478 2742 1671 2813 Neque
1704 2742 1858 2797 enim
1893 2746 2018 2798 erat

362 2835 464 2892 illo
493 2842 756 2906 tempore
778 2849 938 2888 mare
955 2831 1106 2903 quod
1131 2835 1295 2886 extra
1318 2830 1604 2886 Gaddiros
1634 2837 1741 2898 est,
1763 2848 1866 2887 nec
1896 2850 2019 2886 ma-

361 2925 588 2981 ximum
619 2923 790 2988 illud,
809 2927 865 2978 et
893 2921 1036 2977 solis
1054 2920 1375 2976 audacibus
1395 2919 1718 2991 navigabile
1752 2921 2014 2993 pelagus,

362 3014 520 3087 quod
551 3012 946 3068 Britannicam
979 3009 1255 3079 insulam,
1279 3014 1334 3063 et
1365 3009 1601 3064 lliberos
1634 3010 1905 3065 occiduos
1936 3011 2016 3066 al-

359 3102 494 3171 luit,
526 3101 875 3165 habebatur,
909 3100 1006 3154 sed
1044 3099 1419 3170 postmodum
1451 3099 1620 3168 jussu
1654 3099 1751 3153 Dei
1787 3099 2013 3170 capaci-

360 3196 454 3248 tas
482 3190 783 3247 sufﬁciens
821 3192 1145 3261 praeparata
1195 3190 1304 3257 est,
1358 3190 1423 3241 ut
1453 3203 1741 3258 aquarum
1791 3187 2010 3245 ibidem

2127 1938 2299 2008 tingit
2347 1939 2592 1994 Arabiae.
2646 1939 2865 1994 Omnes
2918 1940 2999 1994 ha:
3049 1941 3286 2012 quidem
3339 1940 3585 2012 paludes
3618 1947 3783 2011 sunt,

2128 2045 2311 2083 unum
2344 2033 2542 2083 tamen
2576 2028 2823 2084 habetur
2854 2045 3033 2098 mare,
3058 2030 3213 2085 sicut
3243 2035 3518 2086 asserunt
3547 2033 3646 2102 qui
3680 2049 3783 2104 pe-

2127 2119 2384 2188 ragando
2407 2122 2593 2174 terras
2611 2134 2817 2173 omnes
2833 2119 3124 2174 obierunt.
3144 2121 3252 2174 Sed
3273 2119 3787 2192 Hyrcanium,Cas-

2131 2208 2410 2277 piumque
2441 2207 2633 2262 lacum
2669 2207 2910 2279 quidam
2946 2208 3003 2262 in
3037 2209 3390 2281 semetipsos
3422 2210 3790 2266 circumscri-

2130 2302 2258 2366 ptos
2288 2312 2416 2350 esse
2453 2297 2855 2365 pronuntiant.
2880 2297 2944 2350 Et
2966 2313 3108 2351 sane
3124 2297 3404 2368 quoniam
3429 2305 3658 2370 oportet
3679 2317 3787 2355 nos

2127 2384 2544 2440 historicorum
2577 2385 3091 2456 cosmographiam
3142 2386 3488 2459 diligentius
3544 2387 3783 2456 intueri,

2128 2475 2268 2546 quid
2295 2474 2470 2528 dehis
2495 2473 2744 2529 relatum
2768 2477 2846 2530 sit
2867 2476 3430 2532 audiamus.Ferunt
3449 2478 3646 2550 itaque
3665 2495 3785 2534 me-

2127 2570 2387 2618 moratos
2416 2564 2583 2618 lacus
2615 2564 2860 2619 occultis
2911 2564 3268 2636 quibusdam
3309 2567 3653 2637 perforatas,
3686 2586 3783 2624 ca-

2127 2652 2342 2719 vernis,
2376 2654 2432 2706 in
2476 2670 2637 2708 mare
2690 2653 3015 2709 maximum
3049 2671 3187 2710 suos
3221 2661 3451 2711 meatus
3480 2657 3780 2726 evolvere;

2127 2743 2282 2796 unde
2295 2742 2740 2797 etiamRubrum
2760 2742 2999 2814 pelagus
3013 2744 3346 2798 affirmatur
3365 2745 3424 2798 in
3450 2762 3609 2801 mare
3624 2747 3777 2816 quod

2129 2833 2281 2886 ultra
2313 2831 2598 2887 Gaddiros
2623 2832 2873 2886 habetur
2893 2832 3146 2887 efﬂuere.
3168 2833 3470 2896 Quomodo
3499 2850 3656 2905 ergo,
3683 2835 3775 2888 in-

2127 2921 2358 2993 quiunt,
2383 2920 2432 2975 si
2463 2921 2616 2976 Deus
2645 2922 2906 2977 diversas
2935 2937 3220 2992 aquarum
3253 2921 3554 2987 stationes,
3589 2923 3771 2978 maria

2124 3010 2661 3082 vocavit,quoniam
2697 3010 2754 3065 in
2775 3028 2956 3066 unum
2981 3010 3458 3083 conceptaculum
3491 3027 3774 3070 convene-

2126 3103 2283 3164 runt,
2311 3103 2368 3154 et
2401 3116 2606 3154 rursus
2639 3099 3116 3172 congregationes
3139 3115 3363 3166 omnes,
3385 3100 3442 3154 id
3475 3106 3565 3156 est
3587 3103 3776 3168 sinus,

2125 3204 2273 3259 quos
2307 3204 2409 3260 pro
2441 3189 2740 3244 schemate
2772 3205 2878 3245 suo
2899 3193 3066 3244 terris
3097 3189 3484 3244 oircumdatio
3507 3205 3779 3260 compre-

360 3279 680 3338 multitudo
711 3252 1050 3334 conllueret.
1081 3279 1159 3344 (b)
1192 3281 1268 3332 De
1291 3252 1414 3347 qua
1445 3252 1810 3347 re-quoniam
1845 3295 2012 3349 repu-
2043 3252 2085 3320 θ
2126 3252 2351 3344 hendit,
2382 3278 2563 3332 maria
2591 3276 2978 3333 nihilominus
3000 3276 3455 3349 appellantur,id
3479 3285 3589 3345 est,
3616 3252 3777 3335 mare

358 3384 540 3442 gnare
560 3367 792 3422 videtur
807 3370 1019 3420 nostra;
1037 3363 1542 3419 mundiﬂcationis
1571 3381 1784 3432 sermo,
1809 3365 2008 3421 dicen-

360 3457 522 3514 tibus
555 3454 943 3529 philosophis,
961 3471 1027 3508 eo
1051 3453 1200 3523 quod
1227 3453 1468 3508 minime
1487 3453 1542 3507 in
1567 3471 1740 3509 unam
1766 3470 2008 3526 congre-

361 3545 677 3620 gationem,
711 3543 864 3599 sicut
911 3542 1128 3614 experti
1181 3559 1411 3610 sumus,
1441 3559 1596 3614 aqua
1625 3542 1870 3599 collecta
1899 3549 2006 3612 est,

361 3635 554 3691 dicere
583 3634 826 3705 quidem
857 3630 1045 3687 multa
1071 3637 1128 3686 et
1175 3631 1451 3686 omnibus
1483 3639 1622 3686 nota
1651 3649 1960 3703 possemus
1993 3651 2006 3689 :

357 3724 430 3797 (ο)
461 3723 562 3779 sed
595 3739 666 3778 ne
693 3721 1043 3778 contendere
1071 3737 1204 3775 cum
1238 3719 1454 3775 talibus
1476 3721 1792 3776 ridiculum
1823 3723 2013 3779 videa-

362 3817 480 3884 tur,
511 3827 850 3884 quanquam
880 3810 1056 3865 etiam
1106 3807 1359 3878 objicere
1390 3809 1560 3865 nobis
1607 3811 1886 3867 deberent
1917 3829 2011 3884 pa-

348 3901 520 3959 ludes
549 3905 608 3957 et
636 3906 870 3971 stagna,
889 3915 991 3954 nec
1026 3915 1136 3953 non
1157 3914 1254 3952 eas
1287 3915 1472 3968 aquas
1499 3915 1626 3969 qua:
1651 3898 2010 3972 colliguntur

350 4007 421 4048 ex
448 3990 766 4057 imbribus,
790 3991 854 4043 ut
883 4004 986 4059 per
1015 3987 1136 4042 haec
1168 3989 1552 4042 assertionem
1582 3986 1761 4042 nostri
1786 4007 2007 4045 sermo-

350 4081 444 4136 nis
476 4079 880 4151 infringerent,
907 4078 1093 4133 sciant
1115 4082 1308 4131 tamen
1344 4079 1482 4146 quia
1515 4078 1853 4144 maximam,
1879 4098 2007 4150 per-

348 4170 682 4240 fectamque
699 4183 986 4238 aquarum
1007 4167 1268 4222 omnium
1291 4167 1716 4232 occursionem,
1742 4174 1890 4224 Deus
1918 4187 2008 4226 vo-

348 4259 500 4316 cavit
528 4258 1024 4329 congregationem.
1052 4255 1197 4313 Nam
1232 4261 1287 4310 et
1314 4262 1526 4327 puteus
1557 4273 1723 4327 aquae
1743 4258 2005 4316 collectio

346 4353 440 4406 est
483 4348 840 4418 manufacta,
892 4347 949 4401 in
980 4346 1330 4418 profundam
1383 4347 1743 4402 cavationem
1778 4348 2006 4420 liquore

346 4437 607 4508 delapso.
642 4436 768 4491 Non
799 4453 932 4506 ergo
966 4435 1240 4507 quaslibet
1263 4452 1551 4504 aquarum
1587 4439 2004 4509 conceptacula

343 4523 993 4598 congregationisillius
1011 4524 1359 4579 vocabulum
1383 4524 2003 4594 manifestant,sedilla

2126 3370 2421 3436 Arctoum,
2456 3383 2616 3421 mare
2663 3367 2953 3435 Australe,
2990 3383 3144 3422 mare
3175 3367 3382 3437 Eoum,
3417 3383 3579 3423 mare
3610 3367 3774 3423 Occi~

2123 3457 2329 3526 duum,
2361 3462 2416 3512 et
2447 3455 2658 3511 iterum
2685 3456 3155 3527 uniuscujusque
3182 3455 3364 3527 pelagi
3403 3456 3638 3528 propria
3667 3474 3771 3513 no-

2123 3546 2284 3600 mina
2313 3551 2473 3611 sunt,
2524 3546 2838 3611 Euxinum,
2874 3545 3338 3616 Hellespontum,
3368 3545 3652 3616 (Egeum,
3687 3548 3771 3602 lo-

2120 3651 2286 3698 num,
2305 3635 2591 3700 Siculum,
2611 3633 3000 3706 Tyrrhenum,
3019 3639 3074 3689 et
3090 3633 3204 3688 alia
3223 3633 3497 3706 plurima,
3517 3652 3767 3706 quorum

2121 3725 2385 3779 omnium
2432 3722 2777 3795 singillatim
2827 3722 3112 3780 vocabula
3161 3739 3498 3794 percurrere
3529 3723 3769 3795 longum

2121 3814 2300 3869 nimis
2331 3819 2390 3868 et
2420 3829 2729 3884 operosum
2763 3817 2854 3868 est
2886 3829 2900 3868 :
2934 3819 3240 3885 propterea
3288 3814 3775 3886 congregationes

2119 3919 2404 3976 aquarum
2443 3908 2594 3958 Deus
2625 3903 2812 3958 maria
2859 3902 3204 3958 nominavit.
3250 3903 3361 3958 Sed
3395 3919 3500 3958 nos
3531 3904 3770 3974 quidem

2117 4011 2274 4049 nunc
2306 3994 2377 4047 ad
2414 3993 2519 4046 hoc
2552 3992 2954 4063 pratereuntis
2987 3993 3129 4046 ordo
3160 3993 3449 4047 sermonis
3480 3993 3722 4048 adduxit
3756 4012 3769 4048 :

2116 4085 2187 4138 ad
2223 4083 2367 4136 illud
2399 4098 2533 4136 vero
2583 4082 2736 4152 quod
2790 4082 3015 4136 dudum
3066 4081 3352 4152 coepimus
3384 4086 3768 4138 revertamur.

2185 4173 2239 4226 5.
2278 4174 2335 4226 Et
2365 4171 2510 4226 dixit
2536 4176 2682 4226 Deus
2718 4186 2730 4226 :
2769 4173 3186 4242 Congregentur
3206 4186 3368 4242 aqua?
3393 4172 3451 4227 in
3473 4187 3769 4243 congrega-

2115 4264 2317 4316 tionem
2351 4278 2543 4326 unam,
2566 4266 2619 4316 et
2648 4270 2920 4332 apparent
2954 4259 3136 4314 arida.
3170 4259 3294 4314 Non
3319 4259 3465 4314 dixit
3492 4268 3774 4332 appareat

2114 4355 2289 4418 terra,
2321 4367 2393 4404 ne
2425 4350 2635 4405 iterum
2669 4367 2796 4404 eam
2831 4348 3281 4420 incompositam
3317 4349 3770 4421 demonstraret,

2115 4446 2179 4495 ut
2193 4447 2321 4511 poto
2336 4439 2604 4494 limosam
2622 4438 2882 4494 etadhuc
2895 4455 2962 4494 ex
2976 4454 3196 4509 aquaru
3209 4455 3262 4492 m
3281 4437 3666 4495 inundatione
3678 4441 3778 4496 deo

2113 4531 2562 4599 formem,atque
2580 4525 3232 4596 invalidam;simulque
3256 4542 3326 4581 ne
3345 4525 3452 4582 soli
3472 4527 3767 4599 quispiam

344 4611 1412 4685 maximaexcellensquesusceptio;in
1431 4614 1877 4684 quem(d)totum
1895 4616 2003 4672 ele-
2037 4631 2077 4694 D
2109 4634 2346 4672 causam
2371 4623 2612 4672 terrenas
2632 4617 2966 4672 siccationis
2985 4614 3533 4679 ascriberet,merito
3559 4619 3771 4672 nativi-

341 4709 602 4761 mentum
617 4707 854 4774 repente
873 4702 1148 4758 collatum
1174 4703 1431 4758 est.Nam
1454 4705 1606 4758 sicut
1626 4704 1778 4774 ignis
1795 4705 1850 4758 in
1876 4723 1999 4777 par-

344 4791 496 4850 vulis
524 4809 590 4848 ac
621 4793 868 4848 diversis
901 4791 1236 4863 quibusque
1260 4791 1520 4846 materiis
1553 4797 1642 4846 est
1671 4793 1996 4865 dispersus,

343 4882 660 4956 perhibens
682 4881 959 4937 omnibus
983 4896 1156 4936 usum
1185 4879 1600 4946 necessarium,
1617 4886 1773 4938 totus
1801 4889 1994 4940 tamen

341 4973 402 5028 in
434 4971 646 5028 aethere
664 4971 1018 5040 continetur,
1049 4968 1432 5041 similiterque
1452 4976 1567 5038 aer,
1591 4971 1723 5026 licet
1746 4972 1994 5045 singulis

413 5097 492 5167 (α)
526 5096 682 5152 Libri
712 5095 1010 5168 impressi,
1059 5095 1318 5168 docemur
1365 5095 1430 5149 ab
1471 5097 1572 5154 his.
1609 5099 1756 5167 quia.
1809 5100 1996 5155 Codex

341 5174 544 5223 noster
571 5174 629 5223 et
657 5167 817 5223 Colb}
855 5169 1173 5229 secundus,
1207 5167 1465 5222 dccc-mur
1488 5170 1558 5222 ab
1592 5169 1695 5235 his,
1731 5172 1843 5239 qui.
1880 5173 1990 5226 lbi-

341 5239 474 5295 dem
504 5239 666 5312 editi,
699 5242 1014 5312 £gypium.
1047 5240 1201 5312 Colb.
1241 5240 1489 5312 primus,
1515 5243 1858 5312 .‘Egyptium,
1895 5244 1987 5297 bc-

342 5326 436 5367 ne.
466 5310 781 5383 Aliquanto
805 5310 945 5383 post
973 5311 1131 5366 Colb.
1184 5311 1500 5377 secundus,
1534 5310 1665 5368 ha’c‘
1695 5315 1833 5369 ideo.
1880 5316 1988 5370 Alii

341 5384 458 5438 duo
489 5388 724 5458 mss._et
754 5384 916 5452 editi,
944 5384 1059 5440 haac
1085 5399 1164 5439 eo.
1200 5383 1330 5438 Mox
1362 5400 1515 5438 unus
1556 5401 1692 5451 ms.,
1727 5387 1785 5440 in
1811 5389 1990 5458 primo

337 5456 704 5524 receptaculo.

413 5527 489 5598 (ὁ)
511 5525 762 5653 lAnttiqui
795 5526 910 5580 duo
940 5525 1096 5593 libri,
1121 5529 1191 5581 De
1221 5544 1325 5596 qua
1347 5543 1424 5581 re.
1445 5527 1568 5581 Vox
1599 5527 1811 5583 ultima
1832 5530 1992 5585 deest

433 5616 499 5653 vu
533 5615 606 5653 2a
637 5616 705 5652 IS.

337 5595 398 5653 in
422 5595 705 5653 vulgatis.

408 5615 705 5742 ($115533.
719 5669 816 5725 sed
842 5684 938 5724 nec
978 5668 1299 5742 contendere
1329 5670 1552 5742 talibus,
1605 5670 1777 5727 Vetus
1809 5673 1988 5727 codex

339 5741 559 5811 noster,
607 5742 702 5798 sed
747 5755 818 5795 ne
861 5741 1192 5796 contendere
1243 5756 1368 5796 cum
1415 5741 1647 5798 talibus.
1703 5743 1826 5799 Vox
1861 5759 1982 5800 cum

2109 4711 2229 4762 tate
2259 4707 2401 4761 solis
2433 4706 2782 4761 anteriorem
2808 4705 3036 4759 telluris
3057 4703 3390 4758 ariditatem
3423 4707 3769 4762 Creatorin-

2109 4797 2322 4851 stituit.
2358 4797 2605 4850 Advorte
2624 4810 2880 4866 namque
2900 4809 3074 4847 sensu
3101 4791 3458 4865 diligentius,
3485 4797 3622 4866 quia
3651 4815 3768 4853 non

2107 4884 2299 4940 solum
2332 4902 2507 4957 aqua,
2541 4901 2666 4955 quae
2699 4883 3074 4955 superfuerat
3103 4885 3289 4951 terris,
3325 4884 3425 4938 sed
3457 4885 3634 4941 etiam
3666 4886 3770 4943 illa

2105 4992 2228 5046 qua:
2263 4975 2317 5029 in
2353 4973 2840 5045 prol'undioribus
2865 4971 3128 5043 partibus
3157 4970 3447 5043 latitabat,
3483 4974 3770 5032 famulata

2105 5100 2301 5155 addita
2337 5103 2426 5154 est
2456 5099 2695 5170 quidem
2727 5097 2784 5151 in
2817 5097 2941 5170 110οῄ
2959 5100 3158 5170 nostro
3189 5095 3361 5165 libro,
3394 5099 3492 5154 sed
3527 5107 3630 5157 aut
3661 5119 3768 5158 ea-

2105 5174 2236 5227 dem
2271 5168 2609 5236 manu,_aut
2639 5175 2794 5226 certe
2825 5168 3263 5240 antiquissima.

2174 5245 2249 5314 (ά)
2278 5245 2371 5299 Sic
2403 5243 2560 5298 Colb.
2596 5243 2916 5298 secundus.
2950 5241 3056 5296 Alii
3087 5241 3203 5314 duo
3235 5257 3378 5297 mss.
3414 5248 3471 5297 et
3503 5244 3665 5313 editi,
3701 5263 3763 5302 in

2102 5313 2282 5386 quam.
2323 5316 2484 5370 Haud
2519 5314 2690 5385 longe
2740 5315 2898 5370 Colb.
2951 5313 3268 5380 secundus,
3299 5316 3604 5385 prociduae
3648 5333 3767 5374 om-

2099 5389 2266 5442 nibus
2297 5403 2478 5442 usum.

2171 5460 2242 5528 (ε)
2271 5457 2508 5514 Veteres
2551 5458 2667 5512 duo
2697 5456 2828 5510 libri
2863 5459 2920 5510 et
2947 5453 3112 5523 editi,
3163 5459 3215 5509 et
3260 5457 3539 5528 quidquid
3567 5461 3624 5515 in
3653 5463 3766 5516 mi-

2099 5533 2344 5587 noribus.
2377 5531 2559 5598 Alius,
2589 5534 2638 5583 et
2669 5544 2985 5599 quanquam
3016 5529 3076 5581 in
3106 5530 3437 5584 minoribus.

2172 5606 2231 5672 (Ι)
2265 5603 2438 5676 Editi,
2474 5603 2777 5676 Asﬂamitis,
2803 5599 2984 5654 Vetus
3011 5599 3115 5654 ille
3146 5609 3344 5656 noster
3375 5601 3540 5673 liber,
3573 5605 3760 5676 As/al-

2099 5669 2230 5730 iiiis.
2266 5674 2481 5744 Graace,
2513 5669 2887 5745 Ἀσφαλτίτις.
