4156 6390
405 362 524 424 913

1161 363 1585 430 EUSTATHlI
1628 364 2090 426 HEXAEMERI
2137 364 2692 428 METAPHRASIS
2736 368 2972 429 LIBER
3018 367 3088 431 V.

3717 369 3834 430 914

406 510 511 550 nec
544 510 769 566 crocus,
796 511 907 572 nec
939 494 1055 551 alia
1085 494 1340 567 plurima
1387 496 1665 552 nascendi
1707 496 2063 568 principium
2095 498 2147 563 Α
2177 497 2714 571 gravissimumque
2746 504 3024 556 terrorem
3046 498 3120 571 (ε)
3144 498 3511 571 supplicibus
3543 499 3832 556 ferentes:

407 573 739 640 sortiuntur
767 601 836 639 ex
867 584 1133 640 semine?
1163 585 1244 640 Ad
1278 585 1399 640 haec
1429 587 1876 658 respondemus,
1911 587 2064 658 quod

405 675 484 745 (a)
503 675 773 746 quaedam
803 675 952 730 726
970 691 1171 730 eorum
1192 690 1317 746 quae
1338 679 1494 731 terra
1515 676 1802 746 producit,
1827 675 1886 730 in
1912 677 2065 730 radi-

405 763 575 819 cibus
607 767 664 819 et
694 763 753 818 in
789 764 968 819 fundo
998 765 1317 819 creduntur
1339 765 1618 820 virtutem
1649 765 1894 820 seminis
1916 765 2065 820 obti-

405 869 564 918 nere,
599 852 749 908 sicut
779 852 1043 908 calamus
1077 859 1208 925 post
1238 854 1602 910 incrementa
1634 855 1909 919 recentia,
1937 871 2063 909 rur-

402 959 505 998 sus
528 941 704 997 aliam
729 941 989 997 sobolem
1015 943 1085 997 de
1107 943 1303 998 radice
1326 943 1621 999 submittit
1638 943 2064 1015 reparationem

402 1031 607 1103 stirpis
638 1031 696 1084 in
731 1034 1028 1101 posterum
1057 1039 1476 1102 porrecturam.
1530 1032 1648 1088 Hoc
1693 1037 1889 1087 autem
1931 1032 2068 1087 facit

403 1136 520 1174 non
555 1118 748 1174 solum
779 1118 1064 1189 calamus,
1089 1121 1188 1176 sed
1223 1121 1399 1175 etiam
1433 1120 1548 1177 alia
1579 1119 1757 1188 mille,
1793 1138 1918 1192 quae
1955 1121 2064 1176 sub

401 1209 612 1264 tellure
640 1207 960 1277 nascentia,
994 1209 1305 1264 redivivam
1359 1209 1584 1281 prolem
1633 1211 1691 1264 in
1737 1211 1930 1266 radice
1960 1226 2062 1266 cu-

402 1297 686 1354 stodiunt.
717 1297 880 1353 Unde
909 1314 1112 1354 verum
1149 1314 1277 1354 esse
1307 1300 1616 1370 probatum
1647 1303 1737 1356 est
1766 1300 1905 1372 quia
1935 1299 2063 1355 uni-

401 1386 616 1458 cuique
665 1386 1060 1457 nascentium,
1091 1392 1193 1442 aut
1221 1403 1422 1443 semen
1454 1388 1718 1460 suppetit
1749 1389 2064 1447 renovandi

400 1476 652 1548 generis,
678 1479 780 1530 aut
809 1475 893 1530 vis
918 1477 1183 1546 quaedam
1217 1476 1533 1532 seminaria
1558 1478 1634 1532 sit
1666 1479 1962 1549 adjuncta.
1996 1479 2065 1533 Et

399 1564 510 1619 hoc
541 1570 631 1620 est
661 1565 817 1636 quod
850 1564 990 1620 dicit
1019 1565 1326 1620 secundum
1353 1581 1544 1633 genus.
1569 1565 1766 1637 Neque
1794 1567 1952 1622 enim
1975 1584 2063 1622 ca-

397 1652 540 1708 lami
563 1654 868 1726 progenies
893 1658 1088 1724 potest
1119 1653 1382 1709 olearum
1413 1654 1616 1710 haberi
1638 1655 1885 1711 creatrix
1911 1674 1926 1724 ;
1961 1657 2061 1712 sed

399 1759 468 1798 ex
498 1741 722 1798 calamo
754 1741 1018 1798 calamus
1049 1742 1213 1810 alter,
1238 1759 1340 1814 per
1370 1743 1817 1801 similitudinem
1855 1762 2064 1817 cogna-

2177 587 2324 642 adde
2373 588 2633 655 verbera,
2684 587 3160 660 proscriptiones,
3213 587 3534 657 auctiones,
3574 587 3831 655 vincula,

2177 691 2532 742 carceres,ex
2555 677 2771 748 quibus
2794 676 3182 733 intolerabilis
3203 675 3565 749 glomeratur
3584 677 3834 734 formido

2175 764 2478 835 subjectis.
2503 766 2649 830 Quid
2675 766 2922 838 postea?
2950 784 3062 823 nox
3094 783 3231 838 una,
3255 770 3313 822 et
3342 766 3519 823 febris
3551 766 3834 838 accessio,

2175 854 2377 910 lateris
2410 855 2597 922 dolor,
2618 855 3035 928 pulmonisque
3067 856 3415 928 suspirium,
3448 855 3744 912 divulsum
3767 873 3837 912 ex

2174 943 2516 1000 hominibus
2547 945 2708 999 ducit
2739 945 3054 1014 hominem,
3105 945 3175 1018 (Γ)
3205 949 3444 1016 totaque
3491 946 3622 1015 ejus
3659 961 3837 1000 scena

2174 1041 2410 1103 repente
2437 1033 2747 1101 detegitur,
2779 1038 2835 1088 et
2863 1033 2965 1088 illa
2994 1038 3156 1089 tanta
3193 1034 3454 1105 potentia
3481 1032 3639 1088 velut
3666 1035 3833 1088 tran—

2173 1127 2397 1178 sactum
2431 1121 2727 1177 somnium
2764 1139 2878 1176 non
2908 1122 3153 1178 videtur.
3187 1123 3550 1195 Quapropter
3575 1127 3832 1195 tempes-

2172 1211 2287 1266 tive
2327 1211 2610 1282 propheta
2663 1211 2874 1267 ﬂorum
2921 1211 3832 1281 imbecillitati,simillitudinem

2173 1301 2368 1371 gloriae
2399 1300 2754 1370 comparavit
2782 1300 3073 1357 humanis.

2243 1391 2296 1444 3.
2329 1391 2614 1445 Gcrminet
2642 1396 2788 1444 terra
2819 1389 3046 1445 herbam
3090 1390 3302 1461 pabuli,
3343 1392 3619 1446 seminans
3649 1406 3834 1447 semen

2171 1478 2470 1533 secundum
2499 1494 2690 1547 genus.
2715 1478 2912 1550 Usque
2945 1495 3100 1533 nunc
3135 1477 3318 1550 igitur
3341 1478 3544 1550 prima
3575 1479 3832 1552 disposi-

2171 1567 2317 1622 tioni
2349 1569 2514 1623 testis
2545 1572 2635 1622 est
2666 1568 2806 1622 ordo
2852 1566 3242 1623 nascentium.
3285 1567 3644 1624 Germinatio
3673 1569 3831 1624 enim

2171 1657 2371 1713 omnia
2403 1674 2528 1728 quae
2560 1662 2916 1728 generantur
2951 1657 3266 1724 antevenit,
3295 1663 3353 1711 et
3381 1657 3432 1711 si
3463 1657 3606 1729 quid
3637 1659 3710 1714 de
3739 1675 3831 1714 ra-

2172 1747 2299 1801 dice
2329 1746 2675 1817 prorumpit,
2701 1752 2767 1800 ut
2793 1761 2998 1801 crocus
3027 1749 3083 1800 et
3111 1761 3379 1816 gramen,
3414 1747 3582 1818 prius
3611 1746 3667 1802 id
3701 1763 3829 1819 ger-

399 1832 580 1890 tionis
609 1833 888 1899 exoritur,
927 1839 986 1890 et
1016 1834 1101 1889 ita
1131 1835 1285 1905 quod
1337 1835 1407 1890 de
1451 1835 1643 1905 prima
1689 1836 2062 1908 generatione
2093 1869 2139 1934 Β
2175 1834 2399 1890 minare
2431 1851 2667 1889 necesse
2699 1838 2871 1903 est,ct
2892 1837 3024 1906 post
3053 1833 3162 1890 hoc
3182 1834 3381 1890 fenum
3415 1834 3594 1891 viride
3621 1835 3829 1906 videri,

397 1926 555 1981 terra
585 1925 879 1997 produxit,
902 1941 1090 1996 usque
1119 1941 1277 1979 nunc
1303 1925 1659 1996 posteritatis
1687 1927 2061 1982 successione

303 2029 312 2037 ‘
400 2015 976 2082 servaturﬂerminet
1005 2023 1174 2070 terra.
1191 2013 1435 2086 Respice
1462 2016 1758 2086 quomodo
1789 2031 1859 2070 ex
1885 2033 2061 2087 parva

401 2118 559 2173 voce,
593 2107 650 2157 et
681 2103 1065 2174 praeceptione
1093 2100 1441 2158 brevissima
1469 2102 1644 2159 tellus
1677 2105 1860 2170 arida,
1885 2104 2059 2160 steri-

401 2189 594 2262 lisque
627 2196 863 2263 repente
893 2192 1246 2263 parturiens,
1271 2195 1327 2247 et
1348 2192 1419 2246 ad
1450 2192 1632 2248 fetum
1657 2193 2059 2250 fructiﬁcatio-

403 2279 497 2335 nis
530 2280 807 2352 impulsa,
842 2279 998 2337 velut
1027 2281 1282 2352 quodam
1315 2280 1584 2338 luctuoso
1629 2283 1849 2338 amictu
1881 2285 2060 2357 depo-

401 2370 916 2443 sito,sumptisque
938 2370 1260 2427 latioribus
1284 2371 1734 2443 indumentis,et
1751 2372 1912 2428 cultu
1936 2391 2064 2444 pro-

406 2458 516 2529 prii
547 2459 776 2515 decoris
823 2459 1115 2528 exultans,
1146 2459 1346 2516 omnia
1377 2477 1502 2532 que
1535 2463 1612 2530 (b)
1634 2462 1807 2532 jussu
1840 2463 2062 2519 coelesti

403 2549 1129 2620 conceperat,eﬂ'undebat.
1145 2549 1326 2621 Cupio
1349 2549 1549 2621 itaque
1570 2550 1629 2605 in
1652 2551 1768 2606 tuis
1789 2553 2063 2609 sensibus

405 2634 582 2692 altius
611 2637 826 2692 haerere
865 2638 935 2709 (c)
972 2641 1250 2693 creatum
1277 2637 1563 2695 miracula
1592 2655 1606 2696 :
1643 2644 1708 2695 ut
1730 2641 2064 2712 ubicunque

403 2731 670 2798 repertus
695 2727 875 2782 fueris
906 2733 964 2783 et
993 2727 1236 2782 cuilibet
1266 2729 1634 2784 nascentium
1668 2731 1866 2802 generi
1899 2747 2064 2801 spec-

401 2818 559 2870 tator
613 2815 895 2885 astiteris,
942 2816 1318 2889 magniﬁcam
1373 2817 1660 2890 percipias
1718 2820 2064 2876 memoriam

402 2903 750 2974 Conditoris,
773 2910 830 2960 et
859 2910 994 2961 ante
1023 2905 1220 2962 omnia
1246 2923 1381 2963 cum
1404 2907 1620 2964 videris
1649 2908 1894 2966 herbam
1925 2910 2063 2978 feni,

400 2993 489 3050 vel
521 2993 745 3065 ﬂorem,
778 3010 913 3050 mox
948 2998 1006 3051 te
1053 2995 1126 3050 ad
1171 2995 1442 3052 humanas
1491 3001 1716 3052 natura:
1763 3002 2066 3055 convertas

402 3081 726 3154 imaginem
761 3099 774 3138 :
809 3084 1151 3139 recordatus
1197 3084 1360 3139 Isaias
1405 3085 1688 3156 sapientis
1719 3087 2017 3159 exemplar
2049 3107 2061 3145 :

408 3171 555 3238 Quia
583 3172 767 3226 omnis
796 3187 924 3227 caro
955 3180 1225 3242 tanquam
1252 3175 1464 3243 fenum,
1486 3181 1542 3228 et
1570 3176 1748 3230 omnis
1776 3176 1958 3244 gloria
1975 3177 2067 3234 ho-

2170 1926 2344 1994 atque
2373 1923 2454 1978 ita
2485 1925 2543 1977 in
2591 1923 2820 1993 frugem
2868 1928 3183 1993 maturam,
3223 1923 3444 1995 stipula
3463 1925 3592 1994 jam
3622 1925 3830 1982 ﬂaves-

2170 2018 2334 2067 cente
2367 2012 2624 2083 perduci.
2655 2013 2930 2069 Ger-minet
2962 2018 3110 2067 terra
3138 2013 3362 2069 herbam
3387 2014 3829 2085 pabuli.Semen

2169 2101 2350 2174 igitur
2399 2119 2534 2156 cum
2585 2101 2862 2156 ceciderit
2893 2102 2953 2156 in
2984 2101 3200 2168 solum,
3231 2106 3289 2157 et
3319 2103 3694 2158 mediocriter
3721 2104 3840 2158 hu-

2171 2207 2332 2247 more
2372 2190 2548 2247 fuerit
2575 2194 2631 2246 et
2674 2189 2864 2246 calore
2897 2190 3190 2260 molitum,
3227 2207 3359 2247 mox
3391 2192 3615 2264 gremio
3668 2195 3838 2248 terra

2172 2281 2835 2351 connectitur,quzedam
2858 2279 3110 2336 subinde
3139 2280 3399 2354 genitiva
3428 2281 3690 2338 fomenta
3710 2299 3839 2338 sus-

2173 2370 2397 2442 cipiens
2427 2376 2484 2424 et
2514 2370 2570 2424 in
2603 2385 2779 2424 venas
2812 2370 2940 2439 ejus
2995 2369 3218 2449 sensim
3267 2369 3516 2426 labendo
3546 2371 3839 2442 demergi-

2171 2462 2288 2526 tur,
2325 2459 2668 2531 sparsisque
2716 2458 3140 2514 minutissimis
3187 2457 3354 2514 ﬁbris
3405 2463 3693 2515 tumorem
3742 2476 3842 2515 su-

2175 2548 2442 2620 perjectaa
2493 2547 2719 2602 telluris
2764 2547 3059 2603 nascendo
3108 2547 3458 2620 perrumpit,
3491 2547 3842 2604 fundatum-

2175 2638 2442 2711 quejam
2475 2636 2740 2705 firmiter,
2773 2636 3034 2704 armiter,
3069 2635 3236 2692 facile
3269 2636 3573 2709 consurgit
3601 2641 3687 2692 tot
3730 2655 3844 2694 nu-

2175 2743 2336 2782 mero
2362 2743 2600 2782 sursum
2623 2724 2881 2782 calamos
2904 2725 3224 2798 explicans,
3257 2731 3402 2798 quot
3441 2727 3719 2782 deorsum
3746 2743 3839 2781 ra-

2175 2817 2336 2873 dices
2358 2817 2899 2886 cxtenderit.Atque
2916 2814 2999 2870 ita
3018 2815 3348 2872 teneritudo
3372 2815 3658 2888 germinis
3681 2820 3841 2888 tepe-

2175 2906 2348 2970 facta,
2374 2905 2634 2975 subjecto
2655 2920 2887 2974 vapore,
2912 2903 3013 2975 qui
3031 2907 3221 2958 tractu
3247 2902 3458 2959 caloris
3480 2902 3730 2976 illapsus
3752 2908 3845 2960 est

2175 3010 2280 3067 per
2295 2993 2541 3063 radices,
2564 2996 2621 3048 et
2641 2997 2804 3048 terrae
2827 2991 3208 3048 nutrimentis
3229 2991 3547 3048 adhibetur
3573 3008 3586 3047 :
3613 2995 3840 3064 partem

2175 3083 2268 3139 sui
2301 3081 2577 3137 diffundit
2609 3081 2667 3136 in
2700 3081 3233 3152 cuimum,partem
3265 3079 3428 3136 ducit
3447 3080 3507 3135 in
3534 3082 3840 3153 corticem,

2178 3175 2403 3243 partem
2430 3169 2724 3224 ministrat
2756 3169 2812 3223 in
2840 3186 3045 3242 grana,
3065 3173 3288 3241 partem
3327 3169 3574 3240 porrigit
3602 3169 3660 3224 in
3690 3169 3841 3226 aris-

405 3257 577 3312 minis
608 3261 873 3328 tanquam
896 3258 995 3327 ﬂos
1021 3239 1140 3328 feni
1161 3239 1316 3329 (Isai.
1345 3276 1436 3327 XL,
1456 3260 1532 3333 6).
1553 3239 1937 3320 Etenim'vitas
1959 3265 2064 3320 hu-
2097 3239 2140 3306 (ἶ
2179 3239 2292 3318 tas.
2318 3262 2386 3316 Et
2406 3261 2514 3316 hoc
2537 3261 2711 3316 modo
2733 3259 2812 3332 fg)
2836 3239 3205 3314 concretione
3241 3239 3516 3331 perfecta,
3550 3257 3836 3332 paulatim

399 3345 502 3416 jus
535 3345 811 3415 brevitas,
838 3351 897 3403 et
927 3346 1240 3403 minimum
1271 3349 1564 3421 gaudium.
1599 3355 1655 3406 et
1684 3369 1863 3424 super
1893 3354 2070 3410 rebus

304 3434 319 3446 '
403 3434 699 3507 prosperis
729 3435 1048 3491 hilaritudo
1082 3437 1444 3506 mortalium,
1478 3455 1734 3512 congrue
1766 3458 2007 3512 prorsus
2038 3461 2073 3498 a

402 3523 694 3597 propheta
722 3529 1059 3596 comparata
1091 3530 1181 3581 est
1221 3527 1450 3583 videtur
1493 3528 1649 3584 enim
1700 3530 1874 3586 hodie
1907 3532 2071 3603 quis-

400 3613 560 3684 piam
598 3613 880 3669 membris
909 3615 1184 3686 refectus,
1217 3615 1383 3671 facile
1421 3617 1723 3686 robustus,
1756 3624 1923 3676 astate
1948 3621 2070 3692 pri-

402 3717 644 3766 mtevus,
677 3703 934 3759 fremens
965 3703 1212 3774 viribus,
1243 3709 1419 3778 atque
1461 3706 1688 3780 impetu
1728 3726 1843 3765 non
1875 3710 2068 3766 feren-

401 3789 533 3843 dus.
570 3791 674 3844 Hic
704 3790 972 3861 sequenti
1000 3808 1137 3848 mox
1183 3794 1278 3849 die
1327 3795 1682 3853 miserabilis
1732 3799 2065 3869 invenitur;

402 3879 544 3933 dum
591 3881 692 3933 aut
738 3883 1041 3934 senectute
1071 3881 1381 3954 frangitur,
1432 3891 1535 3939 aut
1563 3885 1845 3958 languore
1873 3889 2066 3944 tabes-

400 3966 497 4021 cit.
550 3965 710 4022 Alter
755 3966 963 4023 itidem
1013 3969 1351 4041 spectabilis
1382 3971 1654 4043 habetur,
1684 3980 1742 4029 et
1787 3978 2065 4032 maxima-

399 4071 534 4111 rum
566 4056 816 4113 refertus
862 4057 1076 4129 Opibus
1127 4058 1496 4129 facultatum,
1532 4061 1714 4119 fultus
1741 4065 2062 4138 obsequiis,

398 4149 812 4217 susceptorum
851 4146 1176 4203 amicorum
1227 4148 1402 4204 etiam
1432 4151 1846 4208 simulatorum
1882 4155 2066 4227 stipa:

396 4235 495 4288 tus
543 4233 834 4305 examine,
889 4251 994 4290 nec
1045 4252 1164 4291 non
1213 4237 1626 4309 parasitorum,
1658 4241 1746 4297 vel
1795 4243 2062 4300 affinium

398 4321 773 4377 adulatorum
807 4321 1274 4397 circumspectus
1307 4326 1588 4396 excubiis,
1623 4347 1657 4385 a
1685 4330 1902 4402 quibus
1933 4349 2062 4388 om-

397 4410 596 4482 nibus,
629 4413 687 4466 et
714 4411 1059 4485 procedens,
1092 4419 1149 4471 et
1178 4414 1409 4472 rediens
1431 4417 1712 4475 invidiam
1743 4437 1872 4478 cum
1902 4422 2061 4479 vitu-

395 4501 697 4573 peratione
726 4501 1040 4574 conquirit.
1071 4505 1270 4576 Neque
1304 4509 1460 4562 enim
1493 4512 1684 4580 potest
1714 4509 1871 4566 hunc
1901 4529 2062 4568 mor-

2181 3353 2252 3409 ad
2285 3353 2374 3408 sui
2409 3366 2747 3406 mensuram
2772 3347 3007 3421 singula
3036 3364 3284 3420 quaeque
3304 3349 3669 3420 perveniunt.
3694 3350 3844 3420 Ergo

2178 3443 2300 3498 sive
2331 3440 2622 3496 tricticum
2655 3439 2849 3505 fuerit,
2883 3437 3002 3494 sive
3031 3437 3331 3510 legumen,
3363 3437 3504 3503 sive,
3539 3437 3690 3502 olus,
3721 3437 3843 3494 sive

2179 3533 2511 3597 arbustum,
2546 3527 2907 3584 sufﬁcienter
2936 3527 3230 3581 instruere
3262 3526 3473 3598 poterit
3501 3530 3671 3581 tuum
3703 3543 3839 3582 sen-

2179 3637 2336 3688 sum,
2360 3636 2476 3691 quo
2500 3617 2690 3690 possis
2725 3615 2942 3672 intueri
2971 3615 3324 3688 sapientiam
3357 3615 3675 3671 conditoris
3706 3615 3843 3671 arti-

2178 3709 2306 3764 ﬁcis
2328 3725 2338 3763 :
2359 3707 2651 3779 quomodo
2673 3710 2955 3776 tanquam
2982 3703 3232 3776 genibus
3253 3704 3604 3775 quibusdam
3625 3703 3846 3776 stipula

2176 3797 2456 3854 frumenti
2481 3796 2866 3868 succingitur,
2893 3799 2957 3850 ut
2979 3793 3200 3850 crebris
3222 3793 3608 3865 compagibus
3632 3793 3841 3866 alliga-

2174 3891 2254 3955 ta,
2288 3887 2520 3942 facilius
2550 3885 2739 3940 valeat
2775 3900 2926 3939 onus
2971 3883 3310 3938 subvectare
3351 3881 3671 3953 spicarum,
3703 3899 3840 3938 cum

2175 3975 2545 4048 gravitudine
2576 3973 2932 4028 maturitatis
2965 3971 3185 4028 inﬂexaa
3233 3972 3509 4028 deorsum
3560 3971 3845 4044 coeperint

2175 4065 2467 4121 inclinari.
2493 4065 2560 4118 Et
2582 4067 2889 4135 propterea
2911 4060 3171 4117 calamus
3205 4075 3397 4116 avenas
3427 4063 3589 4117 totus
3615 4077 3837 4117 vacuus

2175 4155 2424 4210 habetur
2458 4171 2470 4215 :
2504 4156 2646 4224 quia
2675 4152 2904 4208 nullum
2953 4151 3173 4206 scilicet
3200 4149 3352 4221 gerit
3383 4150 3614 4221 pondus
3646 4151 3706 4206 in
3737 4167 3835 4209 ca-

2173 4245 2312 4316 pite.
2347 4244 2634 4298 Triticum
2669 4248 2867 4296 autem
2900 4242 3083 4311 longas
3107 4237 3279 4294 aliter
3307 4245 3523 4294 natura
3552 4239 3832 4305 munivit,

2173 4333 2343 4404 cujus
2367 4349 2552 4405 grana
2577 4330 2948 4402 providenter
2965 4327 3284 4382 admodum
3308 4326 3522 4383 locavit
3543 4326 3603 4382 in
3629 4327 3841 4397 thecis,

2172 4427 2238 4478 ut
2268 4439 2380 4477 non
2417 4420 2775 4493 diripiantur
2802 4419 2874 4474 ab
2897 4416 3123 4473 avibus.
3147 4415 3452 4472 Etidcirco
3483 4414 3545 4471 in
3576 4416 3627 4472 ei
3661 4417 3840 4473 ratio-

2173 4511 2446 4569 nabiliter
2479 4511 2690 4567 aristas
2735 4525 2914 4564 causa
2964 4505 3264 4574 custodite,
3299 4505 3459 4562 velut
3505 4507 3706 4564 hastas
3736 4524 3839 4579 ap-

393 4591 538 4646 bum
590 4589 883 4647 declinare
931 4594 1032 4664 qui
1081 4595 1318 4652 eminet.
1366 4597 1528 4653 Adde
1563 4597 1781 4656 divitiis
1828 4601 2056 4658 civilem
2089 4614 2136 4677 D
2171 4603 2390 4675 posuit,
2413 4616 2663 4674 quarum
2687 4597 2907 4654 aculeis
2930 4597 3187 4652 minores
3217 4595 3420 4652 bestiae
3454 4595 3834 4668 repellantur,

395 4696 634 4752 quoque
667 4681 1007 4752 potentiam,
1040 4687 1100 4739 et
1145 4683 1395 4740 honores
1427 4685 1650 4744 delatos
1696 4706 1729 4744 a
1779 4689 2059 4763 principi-

392 4769 528 4840 bus,
563 4769 829 4841 gentium
864 4772 1212 4845 regimenta,
1247 4773 1505 4831 militum
1542 4777 1903 4852 magisteria,
1927 4799 2070 4854 prin'

391 4875 568 4944 conos
597 4859 675 4931 (ά)
707 4858 983 4918 horrifica
1024 4879 1162 4920 voce
1193 4873 1576 4936 personantes
1608 4874 1745 4925 ante
1783 4871 2069 4944 seipsum’

390 4938 767 5021 fasciumque
821 4955 1078 5008 vectores
1125 4953 1261 5010 hinc
1311 4959 1369 5009 et
1430 4955 1567 5012 inde
1625 4938 2071 5033 prosequ-cntes'

464 5072 544 5214 (ei;
577 5072 774 5156 Nostri
809 5078 930 5132 tres
964 5092 1134 5144 mss.,
1165 5081 1299 5150 quia
1329 5081 1600 5150 quadam.

467 5143 520 5214 (b
576 5145 748 5213 Editi,
783 5148 900 5203 visu
929 5149 1146 5205 caelesti.
1190 5151 1343 5206 Libri
1375 5158 1598 5210 veteres

467 5143 543 5227 ςὺ)
571 5145 748 5227 Editi,
783 5148 900 5203 visu
929 5149 1146 5227 caelesti.
1171 5143 1352 5227 Libri
1375 5158 1619 5223 veteres,
1644 5157 1808 5227 jussu
1835 5161 2061 5216 cozlesli.

468 5215 538 5285 (ο)
571 5217 778 5290 vocem
807 5224 1091 5278 creaturae
1139 5222 1472 5280 addidimus
1523 5215 1816 5284 ex'veteri
1863 5215 2062 5290 nostro

397 5285 813 5368 libr-(3.“Graice,
849 5293 949 5355 τῆς
979 5291 1206 5368 κτίσεως
1234 5294 1296 5348 τὸ
1329 5295 1524 5368 θαῦμα.

469 5357 545 5427 (d)
578 5358 750 5434 Editi,
787 5361 1093 5434 honoriﬁca
1123 5383 1271 5422 voce.
1321 5357 1510 5424 Codex
1550 5375 1749 5426 noster
1794 5377 1850 5426 et
1899 5373 2057 5430 Colb.

397 5430 715 5554 se‘cunguds,
749 5430 1051 5506 honoriﬁca
1081 5455 1225 5493 voce.
1263 5441 1536 5512 Legimus
1565 5445 1717 5513 apud
1751 5443 2054 5514 Basiliam,

403 5521 442 5554 υ.
473 5520 545 5554 γα
615 5523 808 5554 οωντα.

403 5520 545 5574 μεγα
578 5520 808 5574 pomum.

465 5575 740 5654 (ci‘Editi,
769 5578 1117 5654 simplicibus
1132 5583 1402 5654 ferentes.
1428 5583 1502 5637 At
1533 5585 1716 5639 nostri
1744 5591 1862 5642 tres
1886 5603 2055 5654 mss.,

392 5645 740 5726 supplicibus
759 5645 997 5726 ferentes
1014 5671 1033 5716 ;
1051 5657 1109 5706 et
1128 5645 1210 5726 ita
1235 5654 1546 5726 scripsisse
1567 5657 1939 5714 Eustathium
1965 5645 2053 5716 ar-I

394 5716 599 5802 bitror,
621 5721 741 5802 qui,
759 5716 832 5777 tut
851 5721 991 5777 alibi
1015 5723 1259 5802 passim,
1286 5716 1481 5802 itahic
1500 5745 1734 5802 quoque
1756 5732 1870 5786 vim
1896 5731 2051 5787 verbi

395 5785 758 5851 Graci'male
787 5785 1093 5866 expressit.
1121 5795 1208 5853 Ita
1235 5785 1432 5870 potius
1462 5785 1716 5858 scribere
1746 5785 2049 5874 debuerat,

2241 4693 2292 4747 4.
2327 4691 2473 4756 Quid
2518 4690 2745 4761 loquar,
2795 4687 3006 4759 quidve
3056 4684 3355 4754 reticeam,
3401 4691 3520 4741 tam
3570 4685 3839 4756 copiosos

2182 4781 2498 4852 respiciens
2527 4778 2836 4833 thesauros
2859 4776 3180 4830 creatura?
3206 4777 3294 4830 est
3316 4775 3554 4846 quidem
3579 4773 3837 4829 difllcilis

2178 4870 2470 4927 assecutio
2485 4866 3166 4936 meliorum,sedjactura
3177 4880 3293 4921 non
3313 4862 3636 4920 tolerabilis
3656 4863 3839 4920 omis-

2177 4977 2398 5016 sorum.
2435 4959 2713 5015 Gcrminct
2743 4965 2897 5011 terra
2927 4954 3152 5010 herbam
3181 4953 3392 5024 pabuli.
3415 4957 3541 5007 Mox
3576 4967 3712 5008 cum
3743 4951 3834 5007 vi-

2173 5085 2409 5141 subditis
2439 5087 3002 5155 [ριηοεηιεειιςἰδντυνςνηξ
3030 5076 3344 5155 cum_ap_ud
3379 5073 3657 5155 Basilium
3689 5075 3840 5142 lega-

2177 5173 2312 5212 mus
2343 5147 2456 5218 τοιέ
2493 5151 3108 5230 ἀρχομίὲνοιςτᾷὺὶάεξη
3152 5147 3312 5230 Golb.
3345 5147 3663 5230 secundus,
3709 5164 3837 5220 gra-

2175 5219 2604 5300 vissimumquéi
2636 5219 2758 5301 Vox
2789 5223 2999 5301 ultima
3028 5223 3226 5276 deerat
3241 5220 3312 5301 nin
3343 5219 3653 5301 vu_igatis.__
3684 5290 3694 5301 .

2247 5301 2313 5373 (Ι)
2345 5290 2503 5357 Colb..
2540 5299 2857 5373 secundus,
2888 5297 3174 5373 igtumquc
3200 5292 3319 5373 eius
3347 5290 3588 5373 schema.
3612 5290 3840 5373 ibidem

2174 5363 2392 5428 ibidem
2416 5374 2615 5441 codex,
2648 5373 2699 5424 ct
2727 5371 2900 5423 tanta.
2919 5364 3142 5420 Vocula
3171 5371 3224 5420 et
3247 5364 3306 5420 in
3335 5365 3508 5420 editis
3539 5363 3841 5419 desidera-

2168 5446 2360 5500 batur.

2242 5519 2311 5586 (g)
2337 5514 2487 5570 Editi
2520 5517 2576 5568 et
2606 5513 2720 5566 duo
2751 5524 2916 5586 mss.,
2949 5507 3372 5586 congregatione
3401 5508 3671 5586 perfecta,
3705 5521 3830 5586 ρρς-

2167 5575 2354 5657 rupta.
2391 5586 2552 5642 Colb.
2595 5581 2917 5657 secundus,
2963 5581 3306 5657 concretione
3345 5575 3632 5657 per/ecta;
3666 5580 3723 5636 et
3752 5575 3831 5657 i_ta

2164 5648 2479 5730 legendum
2514 5672 2642 5730 esse
2671 5657 2828 5725 puto.
2875 5649 3152 5730 Legimus
3203 5648 3390 5730 apud
3416 5648 3696 5730 Basilium
3725 5648 3828 5710 τῆς

2161 5719 2361 5800 alligem:
2388 5719 2686 5804 γινομὲνηξ
2715 5742 2728 5779 :
2762 5723 2918 5804 quod
2950 5719 3162 5804 melius
3201 5719 3283 5804 ita
3312 5720 3770 5795 interpretabere
3803 5735 3816 5773 :

2160 5795 2464 5861 accessioiie
2491 5795 2664 5876 facta,
2696 5797 2933 5870 perfecto
2963 5795 3315 5851 incremento.
