4156 6372
363 391 480 451 929

1099 382 1522 445 EUSTATHII
1568 379 2032 442 HEXAEMERI
2079 378 2636 442 METAPHRASIS
2683 383 2911 445 LiBElt
2956 385 3059 446 VI.

3665 389 3784 450 930

368 528 581 580 menta.
618 522 696 594 (α)
731 527 930 592 Itaque
978 520 1120 574 dum
1173 518 1583 573 manit‘estalur
1630 517 1823 572 editus
1873 532 2016 588 puer
2044 517 2097 580 Α
2127 519 2216 569 est
2245 515 2506 586 signiferi
2541 518 2765 573 circuli.
2801 522 3102 584 Quomodo
3147 539 3284 592 ergo
3334 521 3685 594 principales
3720 524 3787 592 (c)

368 611 808 678 mathematice,
842 613 1065 682 quanta
1095 608 1344 663 dicimus
1393 607 1594 678 elapsa
1627 623 1754 662 esse
1785 610 2027 678 puncta,

368 704 511 759 dum
543 701 738 757 media
766 715 1051 771 responsa
1083 697 1601 763 redduntur.Quod
1635 696 1746 751 etsi
1769 695 2025 766 contige-

370 793 448 848 rit
477 795 640 848 extra
669 790 821 846 fores
853 786 1108 844 cubiculi
1143 791 1295 842 stare
1321 803 1455 842 eum
1490 786 1588 858 qui
1613 784 1909 840 nascentis
1933 785 2032 838 ho-

372 897 497 937 ram
531 879 1015 951 colligit,oportet
1038 876 1264 931 visitari
1298 875 1670 942 laterculum,
1690 881 1755 930 ut
1783 873 2032 944 diligen-

375 975 478 1039 ter,
511 973 568 1024 et
599 969 724 1024 sine
757 965 877 1021 ulla
908 965 1346 1021 intermissione
1376 964 1650 1019 calculari
1684 963 1868 1034 possit
1899 979 2029 1017 cur-

372 1075 474 1116 sus
524 1059 824 1125 horarum,
859 1055 979 1110 sive
1028 1055 1224 1109 diurni
1279 1053 1516 1125 iuerint,
1567 1053 1687 1108 sive
1740 1052 2028 1107 nocturni.

373 1149 740 1213 Quantorum
775 1145 956 1216 igitur
983 1143 1477 1216 sexagesimorum
1501 1158 1885 1210 numerus,co
1906 1141 2031 1212 ipso

372 1243 634 1308 tempore
666 1234 1020 1307 preteriisse
1069 1233 1372 1305 putabitur
1398 1236 1420 1286 Ρ
1450 1236 1697 1287 Necesse
1739 1235 1827 1286 est
1874 1230 2031 1285 enim

375 1331 438 1383 ut
470 1325 800 1382 inveniatur
834 1322 1161 1395 stella,qua2
1196 1339 1313 1378 non
1347 1322 1536 1377 solum
1569 1321 1628 1375 in
1660 1325 1842 1392 quota
1872 1324 2034 1391 parte

371 1413 708 1472 duodecimi
743 1411 941 1484 spatii,
976 1412 1075 1466 sed
1111 1411 1286 1466 etiam
1317 1410 1376 1464 in
1428 1415 1605 1480 quoto
1635 1412 1850 1480 puncto
1890 1410 2033 1462 duo-

374 1504 568 1561 decies
602 1501 798 1558 divisae
831 1500 1116 1573 portionis
1148 1499 1504 1568 assistit,vel
1538 1498 1733 1570 potius
1763 1498 1823 1552 in
1857 1501 2034 1568 quoto

374 1597 674 1651 momento
707 1589 1207 1663 sexagesimorum
1259 1589 1573 1661 reperitur,
1605 1587 1663 1642 in
1697 1587 1912 1659 quibus
1943 1586 2034 1642 di-

371 1683 568 1739 ximus
612 1682 981 1737 decretorum
1038 1684 1258 1734 sortem
1310 1677 1491 1734 fuisse
1540 1676 1805 1744 divisam,
1840 1679 1942 1731 aut
1975 1679 2035 1730 ut

374 1771 618 1827 omnino
648 1769 863 1825 veritas
893 1767 1325 1839 inquiratur,in
1357 1772 1534 1838 quoto
1561 1782 1764 1821 eorum
1799 1781 2036 1836 sexage-

2136 604 2272 657 inde
2302 621 2512 658 causas
2543 611 2858 664 asserenda
2892 611 3019 664 vitae
3054 610 3413 679 mortalium,
3445 612 3514 666 de
3539 612 3788 668 terrenis

2139 694 2463 764 pecudibus
2498 698 2863 753 nascentium
2900 700 3116 754 formas
3139 705 3455 770 mentes,et
3483 701 3628 756 dicis
3661 717 3790 756 mu-

2138 782 2381 837 niﬁcum
2437 784 2554 837 fore
2603 786 2912 842 arietinum
2965 789 3264 844 hominem
3302 808 3315 844 :
3348 806 3460 845 non
3497 791 3634 860 quia
3667 807 3790 846 mo-

2138 889 2268 927 rum
2303 873 2591 943 ejusmodi
2627 893 2759 946 pars
2793 877 2892 932 illa
2917 879 3043 932 cmli
3071 879 3377 950 perfectrix
3406 879 3626 950 est,sed
3657 879 3795 951 quia

2140 967 2348 1017 natura
2383 963 2516 1018 talis
2565 970 2654 1018 est
2696 967 2865 1020 ovis?
2897 968 3162 1024 Hortaris
3212 985 3348 1040 ergo
3400 986 3506 1024 nos
3556 968 3796 1040 prelata

2140 1051 2424 1123 dignitate
2473 1053 2800 1115 stellarum,
2843 1062 2946 1110 aut
2992 1059 3186 1128 potius
3242 1058 3490 1113 suadere
3541 1057 3792 1126 conaris,

2142 1157 2243 1212 per
2274 1140 2489 1195 bestias
2548 1149 2742 1196 mutas
2793 1147 3237 1200 accommodare
3267 1146 3372 1200 tibi
3419 1163 3795 1202 consensum.

2143 1230 2304 1291 Quod
2335 1231 2383 1284 si
2417 1232 2486 1284 de
2518 1230 2877 1288 animalibus
2911 1242 3248 1305 assumptas
3283 1251 3509 1290 morum
3543 1235 3802 1306 proprie-

2143 1322 2291 1374 tates
2323 1319 2496 1374 habet
2531 1320 2854 1392 polus,ipse
2886 1338 3114 1392 quoque
3147 1324 3412 1393 subjacct
3443 1324 3804 1379 necessitati-

2146 1407 2254 1462 bus
2286 1408 2530 1475 alienis;
2556 1410 2628 1480 (d)
2662 1411 2879 1482 quippe
2913 1413 3049 1482 quia
3081 1417 3288 1467 nactus
3323 1418 3410 1466 est
3439 1429 3507 1468 ex
3539 1413 3799 1484 quadru-

2145 1496 2392 1568 pedibus
2442 1515 2754 1554 causarum
2787 1501 2965 1556 ducta
3016 1501 3324 1573 principia.
3359 1501 3415 1555 Si
3466 1507 3657 1557 autem
3692 1502 3802 1558 hoc

2145 1585 2293 1640 dicis
2323 1587 2587 1658 ineptum
2621 1605 2770 1653 esse,
2805 1589 2986 1645 multo
3020 1589 3161 1645 illud
3197 1589 3608 1662 pronuntiabis
3635 1589 3802 1662 inep-

2136 1675 2286 1742 tius,
2320 1681 2384 1730 ut
2431 1679 2675 1733 auderes
2706 1679 2776 1733 de
2809 1678 2900 1734 his
2953 1681 3127 1734 rebus
3171 1679 3524 1734 assertiones
3578 1679 3804 1750 afferre,

2147 1779 2273 1834 qua)
2319 1765 2463 1819 nihil
2517 1767 2824 1821 nobiscum
2876 1767 3150 1821 videntur
3201 1769 3415 1824 habere
3465 1785 3801 1824 commune.

374 1863 663 1917 simorum
713 1862 963 1926 ostento,
1000 1873 1126 1928 qua;
1159 1873 1190 1911 a
1224 1855 1430 1927 primis
1463 1860 1603 1910 sunt
1651 1853 2032 1926 sexagesimis
2063 1892 2110 1956 Β
2149 1856 2361 1907 Verum
2395 1853 2514 1908 haec
2542 1854 2772 1909 illorum
2800 1859 3148 1920 argumenta
3172 1857 3391 1912 similia
3413 1861 3551 1912 sunt
3581 1857 3652 1929 (θ)
3681 1874 3808 1913 cas-

379 1951 530 2006 784
562 1949 640 2020 (b)
671 1950 959 2020 reparata.
985 1945 1200 2001 Verum
1234 1945 1408 2000 istam
1442 1945 1524 2000 sic
1555 1942 1942 2014 enucleatum,
1975 1946 2032 1998 et

373 2034 1033 2110 incomprehensibilem
1066 2034 1351 2105 temporis
1387 2032 1878 2103 inventionem,in
1909 2031 2030 2087 sin-

372 2129 530 2200 gulis
580 2127 918 2197 quibusque
967 2123 1220 2195 planetis
1271 2123 1418 2188 tieri,
1452 2122 1853 2178 necessarium
1903 2137 2031 2176 esse

372 2217 726 2274 confirmant
750 2233 762 2271 :
788 2219 854 2270 ut
884 2217 1242 2284 agnoscatur
1273 2213 1506 2284 qualem
1533 2212 1803 2268 habitum
1833 2227 2032 2283 gesse-

374 2309 450 2366 rit
469 2309 750 2365 advsrsus
770 2304 1048 2360 erraticas
1081 2301 1399 2371 stellas,vel
1424 2303 1597 2374 quale
1619 2301 1771 2356 inter
1788 2318 1850 2356 se
1872 2300 2033 2356 sche-

377 2416 473 2454 ma
495 2396 955 2466 tenuerint,cum
971 2401 1310 2449 nasceretur
1330 2391 1832 2448 infantulus.Nam
1857 2391 1905 2446 si
1930 2390 2032 2445 ho-

376 2505 440 2543 ra
463 2486 711 2542 sollicite
763 2501 878 2538 non
926 2483 1102 2538 fuerit
1141 2482 1451 2548 custodita,
1485 2481 1914 2551 contigeritque
1945 2478 2032 2534 vel

378 2574 678 2631 modicum
709 2573 851 2644 quid
875 2572 945 2626 de
967 2570 1068 2626 illa
1090 2569 1481 2626 subtilissima
1511 2568 1735 2624 ratione
1765 2568 1982 2623 mutari
2016 2583 2028 2623 :

379 2680 622 2736 prorsus
652 2660 983 2718 observatio
1014 2664 1140 2716 tota
1184 2659 1586 2715 confunditur.
1619 2659 1768 2714 Sunt
1796 2657 2031 2729 quidem

379 2753 500 2809 risu
533 2751 697 2824 digni
728 2749 830 2823 qui
861 2750 1042 2820 hujus
1074 2747 1502 2820 inexplicabilis
1550 2746 1877 2819 disciplinae
1908 2751 2034 2802 stu-

379 2842 492 2898 diis
523 2843 875 2896 vacaverunt
905 2855 918 2894 :
952 2839 1054 2893 sed
1088 2836 1274 2892 multo
1303 2835 1494 2908 magis
1525 2835 1609 2890 illi
1656 2836 1756 2906 qui
1805 2835 2033 2892 avidius

379 2932 440 2988 in
479 2947 577 2988 eos
609 2929 861 2996 inhiant,
896 2931 1178 2998 tanquam
1208 2926 1457 2981 scientes
1488 2924 1732 2996 aliquid.

447 3022 504 3078 6.
537 3020 742 3091 Itaque
771 3018 962 3073 solent
979 3019 1242 3085 eventus,
1276 3018 1332 3070 et
1361 3014 1586 3086 efﬁgies
1635 3028 1867 3084 quoque
1889 3029 2034 3084 prm-

379 3111 573 3166 dicere
604 3103 1369 3178 singulorum,declarantes
1391 3102 1561 3157 illum
1594 3102 1790 3172 crispo
1820 3100 2034 3172 capillo

379 3201 642 3254 futurum
677 3199 732 3250 et
762 3194 1014 3249 alacrem
1042 3209 1056 3248 :
1089 3191 1368 3263 quoniam
1419 3191 1476 3244 in
1510 3191 1689 3246 ariete
1719 3190 1910 3261 posita
1947 3193 2036 3246 est

379 3289 508 3357 ejus
546 3285 710 3351 hora,
744 3283 876 3338 talis
923 3280 1078 3337 enim
1131 3280 1355 3352 species
1403 3284 1491 3335 est
1540 3280 1668 3350 ejus
1717 3279 2030 3347 animalis;
2063 3266 2106 3331 C

380 3376 608 3448 eritque
643 3389 866 3445 magnae
913 3371 1206 3442 potentiae,
1243 3367 1520 3441 quoniam
1577 3367 1920 3441 principalis
1951 3371 2041 3424 est

381 3460 929 3522 aries.Praasidalem
965 3476 1199 3531 quoque
1233 3459 1584 3527 futurum,et
1614 3461 2039 3529 quaestuorum,

381 3553 660 3626 quoniam
696 3566 873 3622 pecus
904 3549 1062 3604 istud
1098 3549 1224 3604 sine
1275 3547 1546 3603 molestia
1593 3546 1919 3618 depositam
1958 3547 2039 3602 la-

385 3661 524 3700 nam
556 3639 726 3697 facile
758 3638 1007 3695 resumit
1037 3637 1410 3693 ministrante
1443 3641 1673 3691 natura.
1699 3636 1804 3702 Qui
1842 3641 2037 3691 autem

383 3731 494 3785 sub
525 3731 696 3782 tauro
727 3731 958 3780 creatus
988 3728 1072 3780 est
1099 3724 1440 3796 tyrannicus
1458 3725 1654 3792 erit,et
1683 3723 2038 3791 laboriosus,

382 3817 658 3886 idemque
689 3813 1152 3881 servilis,taurus
1170 3813 1326 3868 enim
1351 3814 1496 3884 jugo
1515 3813 1859 3868 submittere
1891 3812 2042 3868 colla

385 3903 704 3960 consuevit.
739 3901 844 3967 Qui
875 3918 1008 3958 vero
1041 3903 1208 3973 signo
1241 3901 1454 3973 scorpii
1487 3903 1772 3971 nascitur,
1800 3901 2039 3956 vulnifi-

385 4010 490 4050 cus
520 3991 852 4056 habebitur,
885 3995 1112 4063 utpote
1141 3989 1355 4046 similis
1403 3989 1486 4044 illi
1517 4009 1529 4057 ;
1563 3989 1663 4062 qui
1698 3995 1893 4045 autem
1929 3990 2038 4044 sub

385 4083 530 4139 hora
576 4080 737 4137 libris
787 4079 963 4134 fuerit
993 4079 1209 4147 editus,
1239 4079 1444 4148 justus
1475 4079 1767 4146 efﬁcitur;
1802 4082 2040 4150 propter

385 4171 717 4244 equitatem
747 4186 878 4240 quas
909 4172 1174 4223 servatur
1203 4167 1259 4220 in
1294 4167 1538 4222 trutina.
1574 4168 1734 4232 Quod
1782 4167 1874 4222 his
1905 4166 2038 4222 risi-

388 4259 565 4316 bilius
615 4259 737 4314 ﬁeri
792 4257 1050 4329 poterit?
1087 4256 1248 4312 Aries
1299 4257 1482 4328 igitur
1512 4273 1580 4311 ex
1619 4273 1734 4327 quo
1773 4257 2036 4328 genesim

388 4347 682 4403 mutuaris
715 4345 1082 4410 hominibus,
1115 4345 1466 4400 duodecima
1497 4361 1631 4416 pars
1682 4343 1808 4398 coeli
1861 4345 2038 4399 habe-

393 4443 522 4503 tur;
558 4436 615 4490 in
647 4451 763 4506 quo
795 4434 844 4489 si
887 4433 975 4488 sol
1015 4433 1364 4500 constiterit,
1393 4435 1642 4489 aetherea
1690 4434 1859 4506 signa
1901 4450 2038 4490 con-

388 4524 598 4597 tingit;
633 4523 781 4579 libra
812 4538 1043 4594 quoque
1093 4522 1180 4577 vel
1215 4526 1419 4577 taurus
1470 4521 1821 4577 duodecima
1851 4522 2038 4594 portio

2141 1942 2308 1998 sibus
2358 1959 2730 2010 aranearum,
2766 1946 2822 1998 in
2874 1945 3087 2014 quibus
3133 1945 3180 2000 si
3229 1945 3418 2013 culex,
3449 1952 3551 2002 aut
3603 1963 3810 2003 musca

2139 2032 2724 2098 consederit,tenetur
2756 2034 3005 2100 innexa;
3039 2051 3173 2089 cum
3207 2042 3401 2090 autem
3432 2035 3503 2090 de
3551 2036 3808 2091 fortiori-

2142 2122 2254 2176 bus
2286 2120 2510 2193 aliquid
2546 2122 3039 2195 inciderit,ipsum
3073 2124 3310 2194 quidem
3347 2141 3480 2179 mox
3512 2130 3808 2196 penetrat,

2142 2214 2335 2265 textus
2367 2227 2499 2267 vero
2532 2212 2861 2282 perrumpit
2892 2211 3202 2268 invalidos.

2212 2301 2264 2354 7.
2299 2305 2513 2354 Tamen
2552 2301 2641 2355 his
2684 2318 2794 2354 non
2853 2317 3286 2374 usquequaque
3338 2304 3596 2359 contenti
3647 2306 3809 2369 sunt,

2144 2390 2240 2444 sed
2289 2387 2670 2461 longinquius
2720 2390 3190 2462 progrediuntur
3237 2397 3515 2447 errantes.
3551 2393 3693 2447 Nam
3724 2408 3818 2448 res

2144 2495 2270 2550 quae
2303 2479 2360 2532 in
2394 2480 2623 2534 arbitrii
2658 2481 2842 2534 nostri
2897 2479 3167 2536 libertate
3199 2485 3337 2536 sunt
3370 2481 3590 2552 positae,
3613 2480 3670 2536 id
3705 2486 3816 2550 est,

2144 2566 2388 2622 virtutes
2422 2572 2522 2622 aut
2551 2567 2716 2632 vitia,
2748 2567 2887 2624 cmle
2906 2569 3088 2624 stium
3142 2570 3594 2626 necessitatibus
3625 2569 3817 2643 appli-

2145 2661 2298 2712 cant.
2333 2657 2556 2720 Quibus
2586 2658 2982 2714 contradicere
3014 2659 3284 2729 quamvis
3328 2659 3553 2715 risibile
3585 2660 3684 2729 sit,
3719 2665 3808 2716 ta-

2146 2764 2277 2802 men
2313 2746 2448 2818 quia
2480 2745 2676 2818 plures
2710 2746 2818 2802 hac
2851 2747 2915 2819 (Ι)
2951 2748 3290 2803 seductione
3334 2748 3592 2820 prolapsi
3641 2755 3806 2818 sunt,

2146 2851 2471 2907 congruum
2525 2835 2665 2890 mihi
2712 2837 2942 2891 videtur
2991 2853 3105 2891 non
3185 2837 3438 2893 transire
3484 2837 3736 2894 silentio.
3767 2840 3814 2894 Α

2146 2926 2364 2996 quibus
2393 2923 2538 2978 illud
2575 2924 2838 2996 principe
2872 2926 2928 2979 in
2967 2925 3092 2982 loco
3135 2926 3508 2998 postulamus
3535 2944 3816 2999 agnosce-

2147 3031 2206 3069 re
2239 3031 2252 3067 :
2287 3013 2334 3068 si
2369 3030 2485 3067 non
2518 3013 2728 3068 diebus
2777 3013 3029 3083 singulis
3063 3014 3275 3070 millies
3328 3015 3630 3072 schemata
3669 3033 3804 3074 mu-

2144 3107 2345 3157 tantur
2376 3107 2694 3156 astrorum.
2725 3106 2966 3173 Semper
2989 3105 3144 3157 enim
3179 3109 3484 3159 moventur
3514 3109 3688 3176 atque
3723 3105 3800 3178 (g)

2145 3192 2486 3246 discurrunt
2533 3206 2610 3245 ea:
2643 3190 2825 3246 stellae
2879 3209 3007 3263 qua
3040 3191 3284 3264 planetae
3320 3199 3620 3263 vocantur,
3654 3211 3800 3266 qua-

2147 3297 2278 3336 rum
2311 3280 2438 3336 aliae
2471 3279 2754 3336 celeribus
2784 3297 2844 3336 se
2875 3281 3138 3353 vestigiis
3170 3289 3632 3354 consequuntur,
3659 3301 3804 3341 non-

2149 3369 2322 3425 nullas
2374 3370 2603 3424 tardius
2649 3369 3071 3438 discurrentes,
3106 3373 3211 3426 sub
3259 3373 3461 3427 eadem
3515 3373 3652 3429 hora
3693 3391 3802 3430 sm-

2149 3459 2368 3532 pius,et
2397 3459 2696 3531 aspiciunt
2727 3464 2876 3530 se,et
2905 3460 3632 3519 absconduntur.Maxima
3661 3481 3804 3520 sane

2148 3549 2236 3604 vis
2268 3549 2517 3603 habetur
2549 3548 2606 3603 in
2661 3551 2882 3620 genesi,
2934 3554 2996 3603 ut
3027 3549 3111 3604 illi
3145 3551 3368 3620 dicunt,
3405 3552 3450 3605 si
3501 3557 3603 3607 aut
3648 3553 3805 3610 bona

2152 3637 2320 3693 stella
2351 3638 2691 3709 respexerit,
2725 3645 2826 3692 aut
2875 3638 3136 3709 maligna
3185 3645 3546 3695 nascentem.
3582 3642 3668 3696 Fit
3696 3660 3804 3698 au-

2151 3733 2268 3782 tem
2325 3726 2671 3798 plerumque
2722 3731 2786 3781 ut
2835 3743 2901 3782 eo
2951 3733 3232 3799 tempore,
3266 3746 3381 3798 quo
3429 3729 3582 3786 bona
3636 3730 3809 3788 stella

2150 3817 2469 3889 praefuerit,
2531 3816 2989 3872 mathematicus
3045 3835 3159 3872 non
3217 3818 3518 3875 inveniens
3571 3825 3808 3893 tempus

2149 3907 2377 3962 edicere
2410 3911 2644 3977 propter
2677 3905 3103 3977 ignorationem
3151 3907 3328 3962 unius
3376 3908 3806 3965 minutissima-

2151 4013 2306 4064 rum,
2342 4012 2490 4066 quas
2521 4013 2700 4066 supra
2732 3995 3042 4050 retulimus
3095 3997 3454 4067 portionum,
3487 3998 3597 4054 sub
3635 4015 3807 4055 caco-

2150 4087 2414 4140 daamone
2439 4084 2605 4138 illum
2625 4086 2820 4154 jacere
2845 4085 3496 4157 describat,utipsorum
3514 4089 3806 4144 sermoni-

2150 4175 2258 4229 bus
2282 4189 2457 4244 cogar
2483 4174 2654 4238 uti,in
2680 4172 3249 4244 quibusestquidem
3265 4177 3804 4248 magnadementia,

2149 4263 2248 4317 sed
2275 4263 2460 4331 major
2478 4261 2726 4315 habetur
2750 4261 3197 4334 impietas.Nam
3227 4261 3806 4334 malignioresstellar

2149 4368 2357 4406 causas
2383 4351 2656 4422 nequitiae
2679 4351 2922 4422 proprias
2950 4351 3006 4404 in
3031 4367 3206 4405 suum
3231 4353 3808 4410 transferuntcondi-

2150 4446 2357 4496 torem:
2381 4439 2597 4512 quibus
2613 4439 2659 4494 si
2677 4455 2743 4494 ex
2760 4445 2969 4494 natura
2988 4440 3258 4495 subesset
3276 4439 3644 4514 improbitas,
3668 4460 3806 4500 con-

2151 4531 2306 4584 ditor
2339 4529 2594 4600 profecto
2628 4526 3019 4600 malignitatis
3051 4529 3127 4599 (h)
3160 4533 3363 4585 auctor
3391 4531 3808 4589 exstiterit.Sin

461 4650 539 4731 (ᾳ)
569 4648 756 4731 Godex
775 4663 970 4731 unus,
1000 4647 1132 4731 dum
1161 4648 1567 4731 manifestatur.
1595 4646 1770 4731 ‘lllud
1803 4646 1944 4731 dum.
1983 4646 2041 4700 in
2076 4639 2121 4701 D
2152 4649 2300 4731 sunt.

389 4719 564 4778 editis
595 4719 1129 4790 deerat.Aliquanto
1163 4723 1293 4788 post
1319 4719 1460 4773 editi
1493 4724 1550 4773 et
1578 4719 1694 4774 duo
1724 4735 1886 4788 mss.,
1907 4720 2039 4774 dum

388 4793 597 4849 modice
625 4807 880 4862 responsa
909 4791 1234 4845 redduntur.
1273 4790 1446 4845 Vetus
1485 4791 1662 4845 codex
1695 4795 1912 4853 noster,
1946 4807 2036 4845 se-

391 4866 583 4922 cunda
614 4865 849 4948 quidem
884 4880 1083 4948 manu2
1115 4863 1217 4948 sed
1238 4863 1516 4948 antiqua,
1547 4864 1678 4948 dun}
1709 4863 1899 4945 media
1934 4879 2040 4948 res:

387 4953 558 5009 pansa
588 4934 914 4991 rédduntur.
946 4934 1204 4990 Subinde
1234 4934 1390 4990 Colb.
1444 4935 1762 5000 secundus,
1796 4936 2040 4989 inveniet

391 5010 628 5065 stellam.
655 5023 800 5079 qua},
834 5013 944 5062 etc.

464 5082 540 5152 (b)
571 5077 722 5134 Editi
753 5085 809 5134 et
839 5080 954 5133 duo
989 5094 1156 5147 mss.,
1190 5086 1474 5147 reparata.
1508 5077 1668 5132 Colb.
1720 5078 2038 5146 secundus,

393 5155 659 5223 reputata,
693 5152 943 5206 fortasse
972 5154 1273 5223 amputata.

395 5219 535 5349 d_'(c)
565 5219 772 5279 Volcem
807 5223 934 5278 inde
962 5237 1031 5277 ex
1062 5219 1279 5276 nostris
1321 5220 1614 5277 veteribus
1662 5220 1829 5276 libris
1876 5219 2041 5273 addi-

437 5310 613 5348 imus.

437 5310 769 5436 ιῗιῖἷεάοᾱθχ
800 5365 1178 5436 unus,quippe
1206 5363 1750 5436 quia.Editi,quippe
1779 5362 2045 5436 qui.Mox

395 5435 509 5493 duo
543 5453 709 5502 mss.,
741 5438 791 5490 si
819 5444 1006 5491 autem
1037 5435 1135 5492 hoc
1179 5435 1337 5490 dicis.
1368 5436 1540 5502 Editi,
1573 5438 1620 5490 si
1649 5440 1837 5490 autem
1888 5435 2040 5489 dicit.

395 5509 677 5636 Hoctipbsot
703 5508 760 5562 in
791 5506 917 5562 loco
951 5507 1239 5572 mss.duo,
1271 5507 1674 5578 pronuntiabis.
1709 5506 1883 5572 Editi,
1914 5522 2041 5578 pro-

395 5600 509 5636 nun
541 5599 594 5636 ια
637 5597 653 5634 ι
684 5622 695 5633 .

392 5583 695 5637 nuntiabit.

465 5655 535 5724 (ε)
571 5652 818 5708 Verbum
847 5656 973 5702 sunt
1003 5647 1344 5704 addidimus
1374 5667 1442 5704 ex
1458 5649 1688 5704 duobus
1721 5647 2042 5704 codicibus.

394 5727 523 5781 Mox
552 5723 714 5791 editi,
747 5729 934 5778 tamen
961 5719 1048 5774 his
1079 5735 1205 5792 qua:
1231 5737 1452 5792 quaque
1479 5737 1591 5776 non
1619 5721 1863 5776 contenti
1889 5725 2044 5774 sunt.

397 5796 642 5875 Antiqui
659 5797 774 5853 duo
798 5793 1144 5863 libri,tam¢n
1166 5791 1252 5849 his
1271 5809 1384 5849 non
1405 5807 1791 5866 usquequaque
1805 5792 2049 5848 contenti

2220 4717 2502 4790 (/)7CAodex
2535 4731 2708 4790 unus,
2741 4715 3077 4790 hacﬂseducti
3107 4717 3343 4790 ratione,
3373 4719 3629 4790 prolapsi
3655 4724 3805 4775 sunt.

2153 4789 2309 4842 Haud
2345 4788 2515 4863 longe
2562 4787 2697 4841 editi
2748 4786 2996 4863 et__Co_lb.
3047 4787 3297 4863 primus,
3329 4786 3803 4863 illudi'prrincipi.

2149 4863 2279 4916 loco.
2314 4862 2498 4914 Codex
2531 4865 2746 4922 noster,
2780 4859 2920 4912 illud
2948 4861 3205 4931 principe
3233 4861 3290 4915 in
3323 4861 3454 4916 loco.
3489 4859 3806 4918 Gelb.alter

2148 4932 2289 4986 illud
2318 4933 2495 5002 primo
2528 4932 2658 4986 loco.
2693 4931 2904 5005 Graece,
2937 4933 3172 5005 πρῶτον.
3211 4931 3456 5005 Ultimas
3503 4935 3649 4989 duas
3694 4935 3805 4991 leo-

2150 5007 2338 5060 tioues
2369 5021 2434 5058 ex
2465 5020 2630 5074 sequo
2661 5004 2783 5056 voci
2817 5003 3024 5057 Greecée
3069 5003 3377 5078 convenire
3424 5006 3640 5078 vident,
3674 5007 3804 5078 opi-

2153 5094 2275 5142 nor,
2310 5092 2514 5130 omnes
2551 5093 2564 5140 ;
2600 5080 2738 5148 pulo
2774 5082 2966 5128 tamen
3006 5075 3350 5148 potiuslegi
3405 5075 3614 5148 debere
3643 5075 3803 5148 prin-

2150 5151 2267 5219 cipe
2297 5151 2351 5202 in
2388 5149 2536 5220 toco,_
2566 5150 2651 5220 uti
2686 5147 2745 5200 in
2777 5149 2956 5220 veteri
2973 5153 3184 5220 nostro
3216 5145 3362 5200 libro
3395 5145 3676 5220 scriptum
3710 5151 3799 5206 in-

2152 5215 2916 5292 venimussVideturuenirr
2973 5215 3267 5292 librarius,
3297 5215 3656 5292 quicunque
3702 5221 3803 5277 ille

2155 5292 2266 5346 fuit
2293 5293 2390 5362 qui
2427 5290 2685 5362 alterum,
2710 5288 2877 5342 illum
2925 5288 3181 5343 codicem
3214 5288 3614 5347 Colbertinum
3656 5295 3804 5349 scri-

2155 5361 2625 5436 psitfnonnulla
2657 5361 2726 5414 de
2760 5377 2883 5436 suo
2932 5365 2990 5413 et
3039 5367 3333 5436 mutasse,‘
3353 5367 3409 5416 et
3455 5366 3800 5435 correxisse,

2156 5432 2294 5504 sive,
2328 5451 2461 5513 cum
2495 5432 2794 5513 scriberet,
2814 5433 3146 5513 respexerit
3177 5434 3254 5513 ad
3296 5436 3594 5513 exemplar
3640 5432 3801 5494 Graa¥

2157 5503 2311 5568 cum,
2345 5508 2464 5560 sive
2496 5506 2550 5558 id
2588 5504 2710 5559 solo
2742 5503 2985 5557 rationis
3017 5505 3194 5558 ductu
3229 5506 3450 5561 fecerit.

2227 5582 2300 5649 (g)
2335 5578 2506 5645 Editi,
2539 5579 2862 5632 discurrunt
2905 5573 3105 5630 stellas.
3139 5581 3214 5631 At
3268 5576 3428 5634 Colb.
3481 5581 3801 5652 secundus,

2155 5667 2230 5705 ex
2251 5652 2447 5705 stellaz.

2229 5723 2308 5793 (h)
2340 5721 2510 5786 Editi,
2543 5721 2693 5774 actor
2720 5718 3009 5773 exstiterit.
3043 5717 3204 5774 Colb.
3239 5721 3556 5792 secundus,
3589 5723 3806 5778 auctori

2157 5794 2450 5850 exstiterit.
