  <div class='ocr_page' id='page_1' title='image "/cluster/home/n/w/nwhite01/storage/ocr_20150623/30:no.2/coo.31924054873116/479.png"; bbox 0 0 4156 6372; ppageno 0'>
   <div class='ocr_carea' id='block_1_1' title="bbox 377 386 3814 467">
    <p class='ocr_par' dir='ltr' id='par_1_1' title="bbox 377 386 3814 467">
     <span class='ocr_line' id='line_1_1' title="bbox 377 386 3814 467; baseline 0.005 -19"><span class='ocrx_word' id='word_1_1' title='bbox 377 388 489 451; x_wconf 78' lang='grc'>931</span> <span class='ocrx_word' id='word_1_2' title='bbox 1332 387 1726 451; x_wconf 83' lang='lat' dir='ltr'>APPENDIX</span> <span class='ocrx_word' id='word_1_3' title='bbox 1770 386 2097 453; x_wconf 82' lang='lat' dir='ltr'>OPERUM</span> <span class='ocrx_word' id='word_1_4' title='bbox 2142 391 2207 451; x_wconf 93' lang='lat' dir='ltr'>S.</span> <span class='ocrx_word' id='word_1_5' title='bbox 2253 388 2534 453; x_wconf 84' lang='lat' dir='ltr'>BASILII</span> <span class='ocrx_word' id='word_1_6' title='bbox 2579 393 2855 456; x_wconf 85' lang='lat' dir='ltr'>MAGNI.</span> <span class='ocrx_word' id='word_1_7' title='bbox 3694 404 3814 467; x_wconf 68' lang='lat'>933</span> 
     </span>
    </p>
   </div>
   <div class='ocr_carea' id='block_1_2' title="bbox 377 520 3815 604">
    <p class='ocr_par' dir='ltr' id='par_1_2' title="bbox 377 520 3815 604">
     <span class='ocr_line' id='line_1_2' title="bbox 377 520 3815 604; baseline 0.004 -26"><span class='ocrx_word' id='word_1_8' title='bbox 377 521 911 595; x_wconf 81' lang='lat' dir='ltr'>autem.pr0posito</span> <span class='ocrx_word' id='word_1_9' title='bbox 943 521 1191 578; x_wconf 76' lang='lat' dir='ltr'>faciente</span> <span class='ocrx_word' id='word_1_10' title='bbox 1222 527 1360 577; x_wconf 89' lang='lat' dir='ltr'>sunt</span> <span class='ocrx_word' id='word_1_11' title='bbox 1377 521 1866 594; x_wconf 83' lang='lat' dir='ltr'>pessimae,primo</span> <span class='ocrx_word' id='word_1_12' title='bbox 1899 520 2032 593; x_wconf 89' lang='lat' dir='ltr'>qui-</span> <span class='ocrx_word' id='word_1_13' title='bbox 2061 522 2116 588; x_wconf 82' lang='grc' dir='ltr'><strong>Α</strong></span> <span class='ocrx_word' id='word_1_14' title='bbox 2146 527 2201 578; x_wconf 82' lang='lat' dir='ltr'>et</span> <span class='ocrx_word' id='word_1_15' title='bbox 2230 523 2290 577; x_wconf 83' lang='lat' dir='ltr'>in</span> <span class='ocrx_word' id='word_1_16' title='bbox 2316 524 2501 580; x_wconf 82' lang='lat' dir='ltr'>annis.</span> <span class='ocrx_word' id='word_1_17' title='bbox 2534 523 2799 582; x_wconf 83' lang='lat' dir='ltr'>Diximus</span> <span class='ocrx_word' id='word_1_18' title='bbox 2822 527 2950 597; x_wconf 88' lang='lat' dir='ltr'>jam</span> <span class='ocrx_word' id='word_1_19' title='bbox 2983 528 3054 584; x_wconf 93' lang='lat' dir='ltr'>de</span> <span class='ocrx_word' id='word_1_20' title='bbox 3095 528 3284 601; x_wconf 79' lang='lat' dir='ltr'>signis</span> <span class='ocrx_word' id='word_1_21' title='bbox 3319 547 3332 585; x_wconf 75' lang='grc' dir='ltr'>ε</span> <span class='ocrx_word' id='word_1_22' title='bbox 3367 535 3636 604; x_wconf 88' lang='lat' dir='ltr'>tempora</span> <span class='ocrx_word' id='word_1_23' title='bbox 3667 551 3815 592; x_wconf 97' lang='lat' dir='ltr'>sane</span> 
     </span>
    </p>
   </div>
   <div class='ocr_carea' id='block_1_3' title="bbox 378 609 3809 692">
    <p class='ocr_par' dir='ltr' id='par_1_3' title="bbox 378 609 3809 692">
     <span class='ocr_line' id='line_1_3' title="bbox 378 609 3809 692; baseline 0.004 -26"><span class='ocrx_word' id='word_1_24' title='bbox 378 611 511 668; x_wconf 90' lang='lat' dir='ltr'>dem</span> <span class='ocrx_word' id='word_1_25' title='bbox 542 612 622 684; x_wconf 87' lang='lat' dir='ltr'>(a)</span> <span class='ocrx_word' id='word_1_26' title='bbox 655 611 936 667; x_wconf 78' lang='lat' dir='ltr'>animalia</span> <span class='ocrx_word' id='word_1_27' title='bbox 975 612 1241 682; x_wconf 84' lang='lat' dir='ltr'>quaedam</span> <span class='ocrx_word' id='word_1_28' title='bbox 1296 611 1558 682; x_wconf 90' lang='lat' dir='ltr'>putanda</span> <span class='ocrx_word' id='word_1_29' title='bbox 1607 614 1746 666; x_wconf 88' lang='lat' dir='ltr'>sunt</span> <span class='ocrx_word' id='word_1_30' title='bbox 1794 610 2033 666; x_wconf 86' lang='lat' dir='ltr'>arbitrio</span> <span class='ocrx_word' id='word_1_31' title='bbox 2143 609 2531 681; x_wconf 85' lang='lat' dir='ltr'>intelligimus</span> <span class='ocrx_word' id='word_1_32' title='bbox 2563 629 2691 669; x_wconf 89' lang='lat' dir='ltr'>esse</span> <span class='ocrx_word' id='word_1_33' title='bbox 2721 619 2916 685; x_wconf 88' lang='lat' dir='ltr'>partes</span> <span class='ocrx_word' id='word_1_34' title='bbox 2947 620 3205 686; x_wconf 82' lang='lat' dir='ltr'>quatuor</span> <span class='ocrx_word' id='word_1_35' title='bbox 3229 618 3368 673; x_wconf 88' lang='lat' dir='ltr'>anni</span> <span class='ocrx_word' id='word_1_36' title='bbox 3400 622 3708 692; x_wconf 89' lang='lat' dir='ltr'>vertentis,</span> <span class='ocrx_word' id='word_1_37' title='bbox 3748 623 3809 680; x_wconf 90' lang='lat' dir='ltr'>id</span> 
     </span>
    </p>
   </div>
   <div class='ocr_carea' id='block_1_4' title="bbox 377 699 3809 778">
    <p class='ocr_par' dir='ltr' id='par_1_4' title="bbox 377 699 3809 778">
     <span class='ocr_line' id='line_1_4' title="bbox 377 699 3809 778; baseline 0.003 -19"><span class='ocrx_word' id='word_1_38' title='bbox 377 719 486 759; x_wconf 89' lang='lat' dir='ltr'>suo</span> <span class='ocrx_word' id='word_1_39' title='bbox 518 701 887 769; x_wconf 80' lang='lat' dir='ltr'>famulantia,</span> <span class='ocrx_word' id='word_1_40' title='bbox 920 700 1306 771; x_wconf 85' lang='lat' dir='ltr'>absolutoque</span> <span class='ocrx_word' id='word_1_41' title='bbox 1356 704 1414 756; x_wconf 92' lang='lat' dir='ltr'>et</span> <span class='ocrx_word' id='word_1_42' title='bbox 1454 699 1636 756; x_wconf 91' lang='lat' dir='ltr'>libero</span> <span class='ocrx_word' id='word_1_43' title='bbox 1686 700 1926 771; x_wconf 87' lang='lat' dir='ltr'>impetu,</span> <span class='ocrx_word' id='word_1_44' title='bbox 1959 699 2032 755; x_wconf 91' lang='lat' dir='ltr'>ad</span> <span class='ocrx_word' id='word_1_45' title='bbox 2141 703 2250 768; x_wconf 90' lang='lat' dir='ltr'>est,</span> <span class='ocrx_word' id='word_1_46' title='bbox 2282 717 2401 766; x_wconf 90' lang='lat' dir='ltr'>ver,</span> <span class='ocrx_word' id='word_1_47' title='bbox 2433 707 2720 771; x_wconf 68' lang='lat' dir='ltr'>aestatem,</span> <span class='ocrx_word' id='word_1_48' title='bbox 2754 708 3130 770; x_wconf 85' lang='lat' dir='ltr'>autumnum,</span> <span class='ocrx_word' id='word_1_49' title='bbox 3162 711 3340 778; x_wconf 91' lang='lat' dir='ltr'>atque</span> <span class='ocrx_word' id='word_1_50' title='bbox 3373 707 3631 766; x_wconf 84' lang='lat' dir='ltr'>hiemen.</span> <span class='ocrx_word' id='word_1_51' title='bbox 3671 711 3809 770; x_wconf 77' lang='lat' dir='ltr'>Haec</span> 
     </span>
    </p>
   </div>
   <div class='ocr_carea' id='block_1_5' title="bbox 377 788 3805 865">
    <p class='ocr_par' dir='ltr' id='par_1_5' title="bbox 377 788 3805 865">
     <span class='ocr_line' id='line_1_5' title="bbox 377 788 3805 865; baseline 0.003 -18"><span class='ocrx_word' id='word_1_52' title='bbox 377 791 488 848; x_wconf 87' lang='lat' dir='ltr'>hoc</span> <span class='ocrx_word' id='word_1_53' title='bbox 535 791 691 862; x_wconf 90' lang='lat' dir='ltr'>quod</span> <span class='ocrx_word' id='word_1_54' title='bbox 742 791 852 844; x_wconf 88' lang='lat' dir='ltr'>sibi</span> <span class='ocrx_word' id='word_1_55' title='bbox 902 789 1143 844; x_wconf 81' lang='lat' dir='ltr'>libuerit</span> <span class='ocrx_word' id='word_1_56' title='bbox 1193 789 1456 859; x_wconf 90' lang='lat' dir='ltr'>incitata,</span> <span class='ocrx_word' id='word_1_57' title='bbox 1508 789 1801 862; x_wconf 84' lang='lat' dir='ltr'>siquidem</span> <span class='ocrx_word' id='word_1_58' title='bbox 1848 788 2031 844; x_wconf 80' lang='lat' dir='ltr'>totius</span> <span class='ocrx_word' id='word_1_59' title='bbox 2140 789 2374 845; x_wconf 87' lang='lat' dir='ltr'>sibimet</span> <span class='ocrx_word' id='word_1_60' title='bbox 2405 793 2770 847; x_wconf 79' lang='lat' dir='ltr'>succedendo</span> <span class='ocrx_word' id='word_1_61' title='bbox 2791 792 3049 849; x_wconf 79' lang='lat' dir='ltr'>vicissim</span> <span class='ocrx_word' id='word_1_62' title='bbox 3090 795 3652 865; x_wconf 81' lang='lat' dir='ltr'>proluminariorum</span> <span class='ocrx_word' id='word_1_63' title='bbox 3685 802 3805 858; x_wconf 91' lang='lat' dir='ltr'>dis-</span> 
     </span>
    </p>
   </div>
   <div class='ocr_carea' id='block_1_6' title="bbox 377 877 2025 936">
    <p class='ocr_par' dir='ltr' id='par_1_6' title="bbox 377 877 2025 936">
     <span class='ocr_line' id='line_1_6' title="bbox 377 877 2025 936; baseline -0.001 0"><span class='ocrx_word' id='word_1_64' title='bbox 377 882 616 936; x_wconf 92' lang='lat' dir='ltr'>modum</span> <span class='ocrx_word' id='word_1_65' title='bbox 671 877 883 933; x_wconf 86' lang='lat' dir='ltr'>furoris</span> <span class='ocrx_word' id='word_1_66' title='bbox 915 879 1140 933; x_wconf 82' lang='lat' dir='ltr'>excedit</span> <span class='ocrx_word' id='word_1_67' title='bbox 1185 877 1530 934; x_wconf 84' lang='lat' dir='ltr'>insimulare</span> <span class='ocrx_word' id='word_1_68' title='bbox 1561 895 1656 934; x_wconf 92' lang='lat' dir='ltr'>res</span> <span class='ocrx_word' id='word_1_69' title='bbox 1705 879 2025 934; x_wconf 85' lang='lat' dir='ltr'>exanimes.</span> 
     </span>
    </p>
   </div>
   <div class='ocr_carea' id='block_1_7' title="bbox 333 967 2024 1038">
    <p class='ocr_par' dir='ltr' id='par_1_7' title="bbox 333 967 2024 1038">
     <span class='ocr_line' id='line_1_7' title="bbox 333 967 2024 1038; baseline -0.002 -12"><span class='ocrx_word' id='word_1_70' title='bbox 333 970 594 1026; x_wconf 87' lang='lat' dir='ltr'>&#39;Deinde</span> <span class='ocrx_word' id='word_1_71' title='bbox 649 969 795 1023; x_wconf 73' lang='lat'>135</span> <span class='ocrx_word' id='word_1_72' title='bbox 847 972 1069 1038; x_wconf 88' lang='lat' dir='ltr'>quanta</span> <span class='ocrx_word' id='word_1_73' title='bbox 1120 967 1604 1023; x_wconf 87' lang='lat' dir='ltr'>irrationabilitas</span> <span class='ocrx_word' id='word_1_74' title='bbox 1653 973 1760 1034; x_wconf 88' lang='lat' dir='ltr'>est,</span> <span class='ocrx_word' id='word_1_75' title='bbox 1803 969 2024 1023; x_wconf 91' lang='lat' dir='ltr'>bonum</span> 
     </span>
    </p>
   </div>
   <div class='ocr_carea' id='block_1_8' title="bbox 374 1057 2023 1129">
    <p class='ocr_par' dir='ltr' id='par_1_8' title="bbox 374 1057 2023 1129">
     <span class='ocr_line' id='line_1_8' title="bbox 374 1057 2023 1129; baseline -0.001 -15"><span class='ocrx_word' id='word_1_76' title='bbox 374 1059 688 1124; x_wconf 89' lang='lat' dir='ltr'>malumve,</span> <span class='ocrx_word' id='word_1_77' title='bbox 723 1074 836 1112; x_wconf 84' lang='lat' dir='ltr'>non</span> <span class='ocrx_word' id='word_1_78' title='bbox 870 1073 972 1127; x_wconf 89' lang='lat' dir='ltr'>pro</span> <span class='ocrx_word' id='word_1_79' title='bbox 1004 1073 1112 1111; x_wconf 90' lang='lat' dir='ltr'>sua</span> <span class='ocrx_word' id='word_1_80' title='bbox 1161 1058 1450 1129; x_wconf 85' lang='lat' dir='ltr'>cujusque</span> <span class='ocrx_word' id='word_1_81' title='bbox 1481 1057 1769 1129; x_wconf 84' lang='lat' dir='ltr'>dignitate</span> <span class='ocrx_word' id='word_1_82' title='bbox 1808 1057 2023 1113; x_wconf 90' lang='lat' dir='ltr'>distin-</span> 
     </span>
    </p>
   </div>
   <div class='ocr_carea' id='block_1_9' title="bbox 369 1145 2019 1220">
    <p class='ocr_par' dir='ltr' id='par_1_9' title="bbox 369 1145 2019 1220">
     <span class='ocr_line' id='line_1_9' title="bbox 369 1145 2019 1220; baseline -0.001 -16"><span class='ocrx_word' id='word_1_83' title='bbox 369 1164 567 1220; x_wconf 87' lang='lat' dir='ltr'>guere,</span> <span class='ocrx_word' id='word_1_84' title='bbox 603 1147 704 1202; x_wconf 91' lang='lat' dir='ltr'>sed</span> <span class='ocrx_word' id='word_1_85' title='bbox 737 1163 804 1201; x_wconf 85' lang='lat' dir='ltr'>ex</span> <span class='ocrx_word' id='word_1_86' title='bbox 834 1145 942 1201; x_wconf 91' lang='lat' dir='ltr'>loci</span> <span class='ocrx_word' id='word_1_87' title='bbox 975 1146 1280 1217; x_wconf 87' lang='lat' dir='ltr'>qualitate,</span> <span class='ocrx_word' id='word_1_88' title='bbox 1316 1152 1419 1201; x_wconf 90' lang='lat' dir='ltr'>aut</span> <span class='ocrx_word' id='word_1_89' title='bbox 1448 1153 1715 1218; x_wconf 84' lang='lat' dir='ltr'>respectu</span> <span class='ocrx_word' id='word_1_90' title='bbox 1756 1147 2019 1217; x_wconf 82' lang='lat' dir='ltr'>alterius,</span> 
     </span>
    </p>
   </div>
   <div class='ocr_carea' id='block_1_10' title="bbox 367 1235 2018 1308">
    <p class='ocr_par' dir='ltr' id='par_1_10' title="bbox 367 1235 2018 1308">
     <span class='ocr_line' id='line_1_10' title="bbox 367 1235 2018 1308; baseline -0.001 -16"><span class='ocrx_word' id='word_1_91' title='bbox 367 1237 455 1293; x_wconf 90' lang='lat' dir='ltr'>vel</span> <span class='ocrx_word' id='word_1_92' title='bbox 487 1237 773 1308; x_wconf 90' lang='lat' dir='ltr'>optimum</span> <span class='ocrx_word' id='word_1_93' title='bbox 809 1236 932 1290; x_wconf 81' lang='lat' dir='ltr'>ﬁeri</span> <span class='ocrx_word' id='word_1_94' title='bbox 963 1236 1228 1301; x_wconf 88' lang='lat' dir='ltr'>deﬁnire,</span> <span class='ocrx_word' id='word_1_95' title='bbox 1261 1235 1346 1290; x_wconf 83' lang='lat' dir='ltr'>vel</span> <span class='ocrx_word' id='word_1_96' title='bbox 1383 1235 1757 1307; x_wconf 85' lang='lat' dir='ltr'>pessimum?</span> <span class='ocrx_word' id='word_1_97' title='bbox 1789 1239 1855 1290; x_wconf 87' lang='lat' dir='ltr'>Et</span> <span class='ocrx_word' id='word_1_98' title='bbox 1885 1252 2018 1290; x_wconf 93' lang='lat' dir='ltr'>cum</span> 
     </span>
    </p>
   </div>
   <div class='ocr_carea' id='block_1_11' title="bbox 365 1324 2015 1400">
    <p class='ocr_par' dir='ltr' id='par_1_11' title="bbox 365 1324 2015 1400">
     <span class='ocr_line' id='line_1_11' title="bbox 365 1324 2015 1400; baseline -0.002 -18"><span class='ocrx_word' id='word_1_99' title='bbox 365 1326 666 1400; x_wconf 84' lang='lat' dir='ltr'>paulisper</span> <span class='ocrx_word' id='word_1_100' title='bbox 714 1326 784 1380; x_wconf 85' lang='lat' dir='ltr'>de</span> <span class='ocrx_word' id='word_1_101' title='bbox 817 1324 1118 1380; x_wconf 83' lang='lat' dir='ltr'>schemate</span> <span class='ocrx_word' id='word_1_102' title='bbox 1168 1324 1339 1380; x_wconf 78' lang='lat' dir='ltr'>stella</span> <span class='ocrx_word' id='word_1_103' title='bbox 1377 1324 1699 1391; x_wconf 89' lang='lat' dir='ltr'>diverterit,</span> <span class='ocrx_word' id='word_1_104' title='bbox 1736 1340 1856 1380; x_wconf 85' lang='lat' dir='ltr'>suae</span> <span class='ocrx_word' id='word_1_105' title='bbox 1883 1342 2015 1396; x_wconf 91' lang='lat' dir='ltr'>pro-</span> 
     </span>
    </p>
   </div>
   <div class='ocr_carea' id='block_1_12' title="bbox 363 1413 2017 1488">
    <p class='ocr_par' dir='ltr' id='par_1_12' title="bbox 363 1413 2017 1488">
     <span class='ocr_line' id='line_1_12' title="bbox 363 1413 2017 1488; baseline -0.001 -18"><span class='ocrx_word' id='word_1_106' title='bbox 363 1417 504 1488; x_wconf 71' lang='lat' dir='ltr'>priae</span> <span class='ocrx_word' id='word_1_107' title='bbox 535 1415 752 1471; x_wconf 89' lang='lat' dir='ltr'>dicitur</span> <span class='ocrx_word' id='word_1_108' title='bbox 799 1413 1188 1485; x_wconf 86' lang='lat' dir='ltr'>malignitatis</span> <span class='ocrx_word' id='word_1_109' title='bbox 1220 1413 1422 1469; x_wconf 91' lang='lat' dir='ltr'>oblita.</span> <span class='ocrx_word' id='word_1_110' title='bbox 1452 1414 1560 1469; x_wconf 89' lang='lat' dir='ltr'>Sed</span> <span class='ocrx_word' id='word_1_111' title='bbox 1609 1413 1733 1469; x_wconf 68' lang='lat' dir='ltr'>hmo</span> <span class='ocrx_word' id='word_1_112' title='bbox 1776 1414 2017 1485; x_wconf 87' lang='lat' dir='ltr'>quidem</span> 
     </span>
    </p>
   </div>
   <div class='ocr_carea' id='block_1_13' title="bbox 362 1502 2019 1575">
    <p class='ocr_par' dir='ltr' id='par_1_13' title="bbox 362 1502 2019 1575">
     <span class='ocr_line' id='line_1_13' title="bbox 362 1502 2019 1575; baseline -0.001 -14"><span class='ocrx_word' id='word_1_113' title='bbox 362 1505 649 1560; x_wconf 84' lang='lat' dir='ltr'>hactenus</span> <span class='ocrx_word' id='word_1_114' title='bbox 702 1519 842 1560; x_wconf 88' lang='lat' dir='ltr'>sane</span> <span class='ocrx_word' id='word_1_115' title='bbox 874 1519 976 1575; x_wconf 91' lang='lat' dir='ltr'>per</span> <span class='ocrx_word' id='word_1_116' title='bbox 1005 1502 1238 1574; x_wconf 90' lang='lat' dir='ltr'>singula</span> <span class='ocrx_word' id='word_1_117' title='bbox 1269 1508 1568 1558; x_wconf 89' lang='lat' dir='ltr'>momenta</span> <span class='ocrx_word' id='word_1_118' title='bbox 1617 1504 1920 1574; x_wconf 87' lang='lat' dir='ltr'>temporis,</span> <span class='ocrx_word' id='word_1_119' title='bbox 1954 1510 2019 1560; x_wconf 86' lang='lat' dir='ltr'>ut</span> 
     </span>
    </p>
   </div>
   <div class='ocr_carea' id='block_1_14' title="bbox 362 1591 2012 1664">
    <p class='ocr_par' dir='ltr' id='par_1_14' title="bbox 362 1591 2012 1664">
     <span class='ocr_line' id='line_1_14' title="bbox 362 1591 2012 1664; baseline -0.001 -14"><span class='ocrx_word' id='word_1_120' title='bbox 362 1594 654 1663; x_wconf 91' lang='lat' dir='ltr'>dicunt,in</span> <span class='ocrx_word' id='word_1_121' title='bbox 686 1592 844 1649; x_wconf 89' lang='lat' dir='ltr'>aliud</span> <span class='ocrx_word' id='word_1_122' title='bbox 877 1597 1052 1664; x_wconf 89' lang='lat' dir='ltr'>atque</span> <span class='ocrx_word' id='word_1_123' title='bbox 1083 1593 1242 1647; x_wconf 90' lang='lat' dir='ltr'>aliud</span> <span class='ocrx_word' id='word_1_124' title='bbox 1268 1591 1508 1648; x_wconf 87' lang='lat' dir='ltr'>schema</span> <span class='ocrx_word' id='word_1_125' title='bbox 1539 1609 1601 1648; x_wconf 92' lang='lat' dir='ltr'>se</span> <span class='ocrx_word' id='word_1_126' title='bbox 1631 1593 2012 1650; x_wconf 87' lang='lat' dir='ltr'>transferunt.</span> 
     </span>
    </p>
   </div>
   <div class='ocr_carea' id='block_1_15' title="bbox 360 1681 2012 1754">
    <p class='ocr_par' dir='ltr' id='par_1_15' title="bbox 360 1681 2012 1754">
     <span class='ocr_line' id='line_1_15' title="bbox 360 1681 2012 1754; baseline -0.002 -15"><span class='ocrx_word' id='word_1_127' title='bbox 360 1684 424 1740; x_wconf 84' lang='lat' dir='ltr'>In</span> <span class='ocrx_word' id='word_1_128' title='bbox 456 1684 549 1739; x_wconf 91' lang='lat' dir='ltr'>his</span> <span class='ocrx_word' id='word_1_129' title='bbox 583 1684 782 1754; x_wconf 88' lang='lat' dir='ltr'>itaque</span> <span class='ocrx_word' id='word_1_130' title='bbox 812 1686 897 1738; x_wconf 89' lang='lat' dir='ltr'>tot</span> <span class='ocrx_word' id='word_1_131' title='bbox 925 1686 1341 1753; x_wconf 89' lang='lat' dir='ltr'>tantarumque</span> <span class='ocrx_word' id='word_1_132' title='bbox 1388 1681 1781 1737; x_wconf 88' lang='lat' dir='ltr'>mutationum</span> <span class='ocrx_word' id='word_1_133' title='bbox 1834 1681 2012 1736; x_wconf 90' lang='lat' dir='ltr'>milli-</span> 
     </span>
    </p>
   </div>
   <div class='ocr_carea' id='block_1_16' title="bbox 359 1770 2012 1844">
    <p class='ocr_par' dir='ltr' id='par_1_16' title="bbox 359 1770 2012 1844">
     <span class='ocr_line' id='line_1_16' title="bbox 359 1770 2012 1844; baseline -0.001 -16"><span class='ocrx_word' id='word_1_134' title='bbox 359 1773 491 1843; x_wconf 90' lang='lat' dir='ltr'>bus,</span> <span class='ocrx_word' id='word_1_135' title='bbox 521 1777 741 1844; x_wconf 86' lang='lat' dir='ltr'>quanta</span> <span class='ocrx_word' id='word_1_136' title='bbox 789 1771 1048 1842; x_wconf 88' lang='lat' dir='ltr'>quotidie</span> <span class='ocrx_word' id='word_1_137' title='bbox 1097 1770 1381 1826; x_wconf 89' lang='lat' dir='ltr'>natalium</span> <span class='ocrx_word' id='word_1_138' title='bbox 1433 1772 1727 1843; x_wconf 91' lang='lat' dir='ltr'>regiorum</span> <span class='ocrx_word' id='word_1_139' title='bbox 1779 1771 2012 1826; x_wconf 88' lang='lat' dir='ltr'>decreta</span> 
     </span>
    </p>
   </div>
   <div class='ocr_carea' id='block_1_17' title="bbox 358 1859 2008 1932">
    <p class='ocr_par' dir='ltr' id='par_1_17' title="bbox 358 1859 2008 1932">
     <span class='ocr_line' id='line_1_17' title="bbox 358 1859 2008 1932; baseline -0.001 -15"><span class='ocrx_word' id='word_1_140' title='bbox 358 1862 600 1918; x_wconf 86' lang='lat' dir='ltr'>formari</span> <span class='ocrx_word' id='word_1_141' title='bbox 633 1861 891 1932; x_wconf 89' lang='lat' dir='ltr'>putanda</span> <span class='ocrx_word' id='word_1_142' title='bbox 911 1861 1196 1916; x_wconf 88' lang='lat' dir='ltr'>sunt.Cur</span> <span class='ocrx_word' id='word_1_143' title='bbox 1226 1876 1362 1932; x_wconf 87' lang='lat' dir='ltr'>ergo</span> <span class='ocrx_word' id='word_1_144' title='bbox 1381 1877 1496 1915; x_wconf 92' lang='lat' dir='ltr'>non</span> <span class='ocrx_word' id='word_1_145' title='bbox 1517 1859 1770 1932; x_wconf 85' lang='lat' dir='ltr'>singulis</span> <span class='ocrx_word' id='word_1_146' title='bbox 1801 1861 2008 1916; x_wconf 90' lang='lat' dir='ltr'>diebus</span> 
     </span>
    </p>
   </div>
   <div class='ocr_carea' id='block_1_18' title="bbox 359 1948 2004 2022">
    <p class='ocr_par' dir='ltr' id='par_1_18' title="bbox 359 1948 2004 2022">
     <span class='ocr_line' id='line_1_18' title="bbox 359 1948 2004 2022; baseline 0 -17"><span class='ocrx_word' id='word_1_147' title='bbox 359 1951 655 2022; x_wconf 86' lang='lat' dir='ltr'>principes</span> <span class='ocrx_word' id='word_1_148' title='bbox 703 1954 1084 2022; x_wconf 90' lang='lat' dir='ltr'>procreantur</span> <span class='ocrx_word' id='word_1_149' title='bbox 1105 1949 1132 2004; x_wconf 86' lang='lat'><strong>?</strong></span> <span class='ocrx_word' id='word_1_150' title='bbox 1151 1953 1269 2003; x_wconf 87' lang='lat' dir='ltr'>Aut</span> <span class='ocrx_word' id='word_1_151' title='bbox 1298 1965 1479 2019; x_wconf 91' lang='lat' dir='ltr'>quare</span> <span class='ocrx_word' id='word_1_152' title='bbox 1509 1949 1664 2021; x_wconf 85' lang='lat' dir='ltr'>apud</span> <span class='ocrx_word' id='word_1_153' title='bbox 1709 1948 1843 2004; x_wconf 85' lang='lat' dir='ltr'>illos</span> <span class='ocrx_word' id='word_1_154' title='bbox 1873 1966 2004 2005; x_wconf 90' lang='lat' dir='ltr'>suc-</span> 
     </span>
    </p>
   </div>
   <div class='ocr_carea' id='block_1_19' title="bbox 358 2037 2005 2112">
    <p class='ocr_par' dir='ltr' id='par_1_19' title="bbox 358 2037 2005 2112">
     <span class='ocr_line' id='line_1_19' title="bbox 358 2037 2005 2112; baseline -0.001 -16"><span class='ocrx_word' id='word_1_155' title='bbox 358 2041 545 2096; x_wconf 87' lang='lat' dir='ltr'>cessio</span> <span class='ocrx_word' id='word_1_156' title='bbox 576 2056 809 2112; x_wconf 85' lang='lat' dir='ltr'>semper</span> <span class='ocrx_word' id='word_1_157' title='bbox 838 2039 1065 2110; x_wconf 88' lang='lat' dir='ltr'>paterni</span> <span class='ocrx_word' id='word_1_158' title='bbox 1082 2039 1413 2094; x_wconf 88' lang='lat' dir='ltr'>custoditur</span> <span class='ocrx_word' id='word_1_159' title='bbox 1429 2038 1661 2109; x_wconf 90' lang='lat' dir='ltr'>imperii</span> <span class='ocrx_word' id='word_1_160' title='bbox 1680 2037 2005 2101; x_wconf 86' lang='lat' dir='ltr'>?Quoniam</span> 
     </span>
    </p>
   </div>
   <div class='ocr_carea' id='block_1_20' title="bbox 356 2126 2002 2185">
    <p class='ocr_par' dir='ltr' id='par_1_20' title="bbox 356 2126 2002 2185">
     <span class='ocr_line' id='line_1_20' title="bbox 356 2126 2002 2185; baseline -0.001 -1"><span class='ocrx_word' id='word_1_161' title='bbox 356 2146 524 2185; x_wconf 90' lang='lat' dir='ltr'>nemo</span> <span class='ocrx_word' id='word_1_162' title='bbox 553 2128 823 2184; x_wconf 90' lang='lat' dir='ltr'>videlicet</span> <span class='ocrx_word' id='word_1_163' title='bbox 850 2132 1092 2183; x_wconf 89' lang='lat' dir='ltr'>eventus</span> <span class='ocrx_word' id='word_1_164' title='bbox 1115 2143 1358 2182; x_wconf 91' lang='lat' dir='ltr'>suorum</span> <span class='ocrx_word' id='word_1_165' title='bbox 1389 2126 1708 2182; x_wconf 89' lang='lat' dir='ltr'>liberorum</span> <span class='ocrx_word' id='word_1_166' title='bbox 1741 2127 1915 2182; x_wconf 82' lang='lat' dir='ltr'>refert</span> <span class='ocrx_word' id='word_1_167' title='bbox 1931 2127 2002 2182; x_wconf 90' lang='lat' dir='ltr'>ad</span> 
     </span>
    </p>
   </div>
   <div class='ocr_carea' id='block_1_21' title="bbox 355 2216 2004 2289">
    <p class='ocr_par' dir='ltr' id='par_1_21' title="bbox 355 2216 2004 2289">
     <span class='ocr_line' id='line_1_21' title="bbox 355 2216 2004 2289; baseline -0.002 -15"><span class='ocrx_word' id='word_1_168' title='bbox 355 2219 596 2275; x_wconf 79' lang='lat' dir='ltr'>schema</span> <span class='ocrx_word' id='word_1_169' title='bbox 627 2217 932 2274; x_wconf 88' lang='lat' dir='ltr'>stellarum</span> <span class='ocrx_word' id='word_1_170' title='bbox 961 2234 974 2284; x_wconf 89' lang='lat'><strong>;</strong></span> <span class='ocrx_word' id='word_1_171' title='bbox 1000 2216 1216 2289; x_wconf 86' lang='lat' dir='ltr'>quippe</span> <span class='ocrx_word' id='word_1_172' title='bbox 1239 2217 1455 2288; x_wconf 89' lang='lat' dir='ltr'>quibus</span> <span class='ocrx_word' id='word_1_173' title='bbox 1481 2232 1727 2288; x_wconf 86' lang='lat' dir='ltr'>regnum</span> <span class='ocrx_word' id='word_1_174' title='bbox 1762 2233 1876 2272; x_wconf 93' lang='lat' dir='ltr'>non</span> <span class='ocrx_word' id='word_1_175' title='bbox 1910 2232 2004 2288; x_wconf 89' lang='lat' dir='ltr'>ge-</span> 
     </span>
    </p>
   </div>
   <div class='ocr_carea' id='block_1_22' title="bbox 353 2304 2004 2377">
    <p class='ocr_par' dir='ltr' id='par_1_22' title="bbox 353 2304 2004 2377">
     <span class='ocr_line' id='line_1_22' title="bbox 353 2304 2004 2377; baseline -0.002 -15"><span class='ocrx_word' id='word_1_176' title='bbox 353 2307 514 2363; x_wconf 90' lang='lat' dir='ltr'>nesis</span> <span class='ocrx_word' id='word_1_177' title='bbox 548 2307 683 2375; x_wconf 88' lang='lat' dir='ltr'>fato,</span> <span class='ocrx_word' id='word_1_178' title='bbox 718 2307 813 2361; x_wconf 91' lang='lat' dir='ltr'>sed</span> <span class='ocrx_word' id='word_1_179' title='bbox 847 2307 1076 2377; x_wconf 84' lang='lat' dir='ltr'>generis</span> <span class='ocrx_word' id='word_1_180' title='bbox 1099 2307 1236 2376; x_wconf 89' lang='lat' dir='ltr'>jure</span> <span class='ocrx_word' id='word_1_181' title='bbox 1278 2305 1552 2360; x_wconf 85' lang='lat' dir='ltr'>defertur.</span> <span class='ocrx_word' id='word_1_182' title='bbox 1587 2304 1789 2360; x_wconf 88' lang='lat' dir='ltr'>Nonne</span> <span class='ocrx_word' id='word_1_183' title='bbox 1820 2305 2004 2376; x_wconf 90' lang='lat' dir='ltr'>igitur</span> 
     </span>
    </p>
   </div>
   <div class='ocr_carea' id='block_1_23' title="bbox 350 2394 2003 2467">
    <p class='ocr_par' dir='ltr' id='par_1_23' title="bbox 350 2394 2003 2467">
     <span class='ocr_line' id='line_1_23' title="bbox 350 2394 2003 2467; baseline -0.002 -14"><span class='ocrx_word' id='word_1_184' title='bbox 350 2397 620 2453; x_wconf 87' lang='lat' dir='ltr'>Joatham</span> <span class='ocrx_word' id='word_1_185' title='bbox 683 2396 982 2467; x_wconf 84' lang='lat' dir='ltr'>generavit</span> <span class='ocrx_word' id='word_1_186' title='bbox 1038 2395 1227 2458; x_wconf 89' lang='lat' dir='ltr'>Ozias,</span> <span class='ocrx_word' id='word_1_187' title='bbox 1259 2399 1315 2450; x_wconf 93' lang='lat' dir='ltr'>et</span> <span class='ocrx_word' id='word_1_188' title='bbox 1373 2395 1442 2449; x_wconf 88' lang='lat' dir='ltr'>de</span> <span class='ocrx_word' id='word_1_189' title='bbox 1497 2394 1769 2449; x_wconf 88' lang='lat' dir='ltr'>Joatham</span> <span class='ocrx_word' id='word_1_190' title='bbox 1829 2399 2003 2449; x_wconf 89' lang='lat' dir='ltr'>natus</span> 
     </span>
    </p>
   </div>
   <div class='ocr_carea' id='block_1_24' title="bbox 349 2483 2000 2541">
    <p class='ocr_par' dir='ltr' id='par_1_24' title="bbox 349 2483 2000 2541">
     <span class='ocr_line' id='line_1_24' title="bbox 349 2483 2000 2541; baseline -0.001 -1"><span class='ocrx_word' id='word_1_191' title='bbox 349 2487 568 2540; x_wconf 88' lang='lat' dir='ltr'>Acham</span> <span class='ocrx_word' id='word_1_192' title='bbox 603 2486 738 2541; x_wconf 88' lang='lat' dir='ltr'>est?</span> <span class='ocrx_word' id='word_1_193' title='bbox 755 2489 821 2538; x_wconf 89' lang='lat' dir='ltr'>Et</span> <span class='ocrx_word' id='word_1_194' title='bbox 845 2490 1040 2539; x_wconf 90' lang='lat' dir='ltr'>tamen</span> <span class='ocrx_word' id='word_1_195' title='bbox 1075 2483 1273 2538; x_wconf 88' lang='lat' dir='ltr'>nullus</span> <span class='ocrx_word' id='word_1_196' title='bbox 1291 2483 1524 2537; x_wconf 88' lang='lat' dir='ltr'>illorum</span> <span class='ocrx_word' id='word_1_197' title='bbox 1545 2483 1772 2538; x_wconf 90' lang='lat' dir='ltr'>servilis</span> <span class='ocrx_word' id='word_1_198' title='bbox 1795 2483 2000 2538; x_wconf 87' lang='lat' dir='ltr'>horam</span> 
     </span>
    </p>
   </div>
   <div class='ocr_carea' id='block_1_25' title="bbox 350 2573 2000 2632">
    <p class='ocr_par' dir='ltr' id='par_1_25' title="bbox 350 2573 2000 2632">
     <span class='ocr_line' id='line_1_25' title="bbox 350 2573 2000 2632; baseline -0.002 -1"><span class='ocrx_word' id='word_1_199' title='bbox 350 2575 704 2632; x_wconf 90' lang='lat' dir='ltr'>conditionis</span> <span class='ocrx_word' id='word_1_200' title='bbox 733 2575 1000 2630; x_wconf 84' lang='lat' dir='ltr'>incurrit.</span> <span class='ocrx_word' id='word_1_201' title='bbox 1035 2574 1252 2629; x_wconf 83' lang='lat' dir='ltr'>Deinde</span> <span class='ocrx_word' id='word_1_202' title='bbox 1283 2573 1332 2627; x_wconf 89' lang='lat' dir='ltr'>si</span> <span class='ocrx_word' id='word_1_203' title='bbox 1361 2573 1645 2627; x_wconf 90' lang='lat' dir='ltr'>virtutum</span> <span class='ocrx_word' id='word_1_204' title='bbox 1690 2573 2000 2628; x_wconf 83' lang='lat' dir='ltr'>vitiorum-</span> 
     </span>
    </p>
   </div>
   <div class='ocr_carea' id='block_1_26' title="bbox 349 2662 1998 2737">
    <p class='ocr_par' dir='ltr' id='par_1_26' title="bbox 349 2662 1998 2737">
     <span class='ocr_line' id='line_1_26' title="bbox 349 2662 1998 2737; baseline -0.001 -17"><span class='ocrx_word' id='word_1_205' title='bbox 349 2681 464 2736; x_wconf 91' lang='lat' dir='ltr'>que</span> <span class='ocrx_word' id='word_1_206' title='bbox 494 2665 779 2737; x_wconf 90' lang='lat' dir='ltr'>principia</span> <span class='ocrx_word' id='word_1_207' title='bbox 813 2680 925 2719; x_wconf 90' lang='lat' dir='ltr'>non</span> <span class='ocrx_word' id='word_1_208' title='bbox 958 2681 1026 2719; x_wconf 83' lang='lat' dir='ltr'>ex</span> <span class='ocrx_word' id='word_1_209' title='bbox 1056 2663 1300 2718; x_wconf 85' lang='lat' dir='ltr'>arbitrio</span> <span class='ocrx_word' id='word_1_210' title='bbox 1342 2666 1562 2728; x_wconf 92' lang='lat' dir='ltr'>nostro,</span> <span class='ocrx_word' id='word_1_211' title='bbox 1596 2662 1694 2718; x_wconf 87' lang='lat' dir='ltr'>sed</span> <span class='ocrx_word' id='word_1_212' title='bbox 1725 2678 1794 2717; x_wconf 84' lang='lat' dir='ltr'>ex</span> <span class='ocrx_word' id='word_1_213' title='bbox 1824 2679 1998 2734; x_wconf 90' lang='lat' dir='ltr'>gene-</span> 
     </span>
    </p>
   </div>
   <div class='ocr_carea' id='block_1_27' title="bbox 347 2751 1995 2823">
    <p class='ocr_par' dir='ltr' id='par_1_27' title="bbox 347 2751 1995 2823">
     <span class='ocr_line' id='line_1_27' title="bbox 347 2751 1995 2823; baseline -0.001 -13"><span class='ocrx_word' id='word_1_214' title='bbox 347 2754 431 2810; x_wconf 88' lang='lat' dir='ltr'>sis</span> <span class='ocrx_word' id='word_1_215' title='bbox 462 2756 809 2810; x_wconf 89' lang='lat' dir='ltr'>necessitate</span> <span class='ocrx_word' id='word_1_216' title='bbox 857 2753 1158 2819; x_wconf 89' lang='lat' dir='ltr'>sortimur,</span> <span class='ocrx_word' id='word_1_217' title='bbox 1193 2751 1474 2823; x_wconf 88' lang='lat' dir='ltr'>superﬂui</span> <span class='ocrx_word' id='word_1_218' title='bbox 1507 2755 1666 2818; x_wconf 88' lang='lat' dir='ltr'>sunt,</span> <span class='ocrx_word' id='word_1_219' title='bbox 1700 2756 1765 2806; x_wconf 92' lang='lat' dir='ltr'>ut</span> <span class='ocrx_word' id='word_1_220' title='bbox 1806 2752 1995 2818; x_wconf 90' lang='lat' dir='ltr'>video,</span> 
     </span>
    </p>
   </div>
   <div class='ocr_carea' id='block_1_28' title="bbox 346 2840 1998 2916">
    <p class='ocr_par' dir='ltr' id='par_1_28' title="bbox 346 2840 1998 2916">
     <span class='ocr_line' id='line_1_28' title="bbox 346 2840 1998 2916; baseline -0.002 -17"><span class='ocrx_word' id='word_1_221' title='bbox 346 2844 561 2899; x_wconf 86' lang='lat' dir='ltr'>latores</span> <span class='ocrx_word' id='word_1_222' title='bbox 591 2843 810 2916; x_wconf 88' lang='lat' dir='ltr'>legum,</span> <span class='ocrx_word' id='word_1_223' title='bbox 845 2843 1147 2914; x_wconf 88' lang='lat' dir='ltr'>sequenda</span> <span class='ocrx_word' id='word_1_224' title='bbox 1179 2841 1348 2896; x_wconf 92' lang='lat' dir='ltr'>nobis</span> <span class='ocrx_word' id='word_1_225' title='bbox 1379 2840 1467 2895; x_wconf 86' lang='lat' dir='ltr'>vel</span> <span class='ocrx_word' id='word_1_226' title='bbox 1510 2841 1787 2912; x_wconf 86' lang='lat' dir='ltr'>fugienda</span> <span class='ocrx_word' id='word_1_227' title='bbox 1836 2857 1998 2896; x_wconf 87' lang='lat' dir='ltr'>man-</span> 
     </span>
    </p>
   </div>
   <div class='ocr_carea' id='block_1_29' title="bbox 346 2929 1995 3005">
    <p class='ocr_par' dir='ltr' id='par_1_29' title="bbox 346 2929 1995 3005">
     <span class='ocr_line' id='line_1_29' title="bbox 346 2929 1995 3005; baseline -0.003 -16"><span class='ocrx_word' id='word_1_228' title='bbox 346 2934 556 2989; x_wconf 89' lang='lat' dir='ltr'>dantes</span> <span class='ocrx_word' id='word_1_229' title='bbox 591 2951 605 3002; x_wconf 92' lang='lat'><strong>;</strong></span> <span class='ocrx_word' id='word_1_230' title='bbox 639 2932 921 3005; x_wconf 82' lang='lat' dir='ltr'>superflui</span> <span class='ocrx_word' id='word_1_231' title='bbox 951 2947 1184 3003; x_wconf 91' lang='lat' dir='ltr'>quoque</span> <span class='ocrx_word' id='word_1_232' title='bbox 1223 2930 1458 3001; x_wconf 85' lang='lat' dir='ltr'>judices</span> <span class='ocrx_word' id='word_1_233' title='bbox 1491 2929 1774 2984; x_wconf 90' lang='lat' dir='ltr'>honestos</span> <span class='ocrx_word' id='word_1_234' title='bbox 1805 2929 1995 2985; x_wconf 88' lang='lat' dir='ltr'>laudi-</span> 
     </span>
    </p>
   </div>
   <div class='ocr_carea' id='block_1_30' title="bbox 346 3019 1990 3092">
    <p class='ocr_par' dir='ltr' id='par_1_30' title="bbox 346 3019 1990 3092">
     <span class='ocr_line' id='line_1_30' title="bbox 346 3019 1990 3092; baseline -0.001 -15"><span class='ocrx_word' id='word_1_235' title='bbox 346 3022 457 3079; x_wconf 89' lang='lat' dir='ltr'>bus</span> <span class='ocrx_word' id='word_1_236' title='bbox 505 3028 873 3090; x_wconf 87' lang='lat' dir='ltr'>exornantes,</span> <span class='ocrx_word' id='word_1_237' title='bbox 926 3019 1225 3092; x_wconf 90' lang='lat' dir='ltr'>improbos</span> <span class='ocrx_word' id='word_1_238' title='bbox 1274 3019 1581 3091; x_wconf 91' lang='lat' dir='ltr'>suppliciis</span> <span class='ocrx_word' id='word_1_239' title='bbox 1633 3019 1990 3090; x_wconf 86' lang='lat' dir='ltr'>punientes:</span> 
     </span>
    </p>
   </div>
   <div class='ocr_carea' id='block_1_31' title="bbox 345 3106 1991 3178">
    <p class='ocr_par' dir='ltr' id='par_1_31' title="bbox 345 3106 1991 3178">
     <span class='ocr_line' id='line_1_31' title="bbox 345 3106 1991 3178; baseline -0.001 -12"><span class='ocrx_word' id='word_1_240' title='bbox 345 3112 550 3168; x_wconf 88' lang='lat' dir='ltr'>insons</span> <span class='ocrx_word' id='word_1_241' title='bbox 579 3111 754 3168; x_wconf 88' lang='lat' dir='ltr'>etiam</span> <span class='ocrx_word' id='word_1_242' title='bbox 789 3110 1082 3166; x_wconf 90' lang='lat' dir='ltr'>censenda</span> <span class='ocrx_word' id='word_1_243' title='bbox 1113 3113 1201 3164; x_wconf 89' lang='lat' dir='ltr'>est</span> <span class='ocrx_word' id='word_1_244' title='bbox 1232 3108 1556 3178; x_wconf 82' lang='lat' dir='ltr'>homicidae,</span> <span class='ocrx_word' id='word_1_245' title='bbox 1589 3106 1675 3163; x_wconf 88' lang='lat' dir='ltr'>vel</span> <span class='ocrx_word' id='word_1_246' title='bbox 1707 3108 1854 3164; x_wconf 86' lang='lat' dir='ltr'>furis</span> <span class='ocrx_word' id='word_1_247' title='bbox 1883 3125 1991 3164; x_wconf 91' lang='lat' dir='ltr'>au-</span> 
     </span>
    </p>
   </div>
   <div class='ocr_carea' id='block_1_32' title="bbox 343 3198 1990 3272">
    <p class='ocr_par' dir='ltr' id='par_1_32' title="bbox 343 3198 1990 3272">
     <span class='ocr_line' id='line_1_32' title="bbox 343 3198 1990 3272; baseline -0.001 -16"><span class='ocrx_word' id='word_1_248' title='bbox 343 3201 530 3266; x_wconf 89' lang='lat' dir='ltr'>dacia,</span> <span class='ocrx_word' id='word_1_249' title='bbox 563 3200 662 3272; x_wconf 91' lang='lat' dir='ltr'>qui</span> <span class='ocrx_word' id='word_1_250' title='bbox 690 3200 797 3255; x_wconf 86' lang='lat' dir='ltr'>etsi</span> <span class='ocrx_word' id='word_1_251' title='bbox 829 3199 1100 3255; x_wconf 91' lang='lat' dir='ltr'>cohibere</span> <span class='ocrx_word' id='word_1_252' title='bbox 1133 3215 1343 3254; x_wconf 88' lang='lat' dir='ltr'>manus</span> <span class='ocrx_word' id='word_1_253' title='bbox 1374 3198 1639 3269; x_wconf 90' lang='lat' dir='ltr'>proprias</span> <span class='ocrx_word' id='word_1_254' title='bbox 1671 3214 1703 3252; x_wconf 90' lang='lat' dir='ltr'>a</span> <span class='ocrx_word' id='word_1_255' title='bbox 1733 3199 1990 3255; x_wconf 85' lang='lat' dir='ltr'>facinore</span> 
     </span>
    </p>
   </div>
   <div class='ocr_carea' id='block_1_33' title="bbox 2139 878 3800 952">
    <p class='ocr_par' dir='ltr' id='par_1_33' title="bbox 2139 878 3800 952">
     <span class='ocr_line' id='line_1_33' title="bbox 2139 878 3800 952; baseline 0.008 -18"><span class='ocrx_word' id='word_1_256' title='bbox 2139 878 2346 950; x_wconf 84' lang='lat' dir='ltr'>positis</span> <span class='ocrx_word' id='word_1_257' title='bbox 2398 880 2667 935; x_wconf 90' lang='lat' dir='ltr'>corsibus</span> <span class='ocrx_word' id='word_1_258' title='bbox 2715 885 3141 952; x_wconf 88' lang='lat' dir='ltr'>temperantur.</span> <span class='ocrx_word' id='word_1_259' title='bbox 3193 884 3390 942; x_wconf 88' lang='lat' dir='ltr'>Hiems</span> <span class='ocrx_word' id='word_1_260' title='bbox 3435 889 3595 944; x_wconf 90' lang='lat' dir='ltr'>enim</span> <span class='ocrx_word' id='word_1_261' title='bbox 3641 891 3709 946; x_wconf 87' lang='lat' dir='ltr'>ﬁt</span> <span class='ocrx_word' id='word_1_262' title='bbox 3739 890 3800 947; x_wconf 92' lang='lat' dir='ltr'>in</span> 
     </span>
    </p>
   </div>
   <div class='ocr_carea' id='block_1_34' title="bbox 2137 968 3800 1047">
    <p class='ocr_par' dir='ltr' id='par_1_34' title="bbox 2137 968 3800 1047">
     <span class='ocr_line' id='line_1_34' title="bbox 2137 968 3800 1047; baseline 0.008 -25"><span class='ocrx_word' id='word_1_263' title='bbox 2137 968 2500 1024; x_wconf 88' lang='lat' dir='ltr'>australibus</span> <span class='ocrx_word' id='word_1_264' title='bbox 2551 969 2671 1024; x_wconf 91' lang='lat' dir='ltr'>sole</span> <span class='ocrx_word' id='word_1_265' title='bbox 2701 971 3042 1042; x_wconf 90' lang='lat' dir='ltr'>regionibus</span> <span class='ocrx_word' id='word_1_266' title='bbox 3100 980 3522 1047; x_wconf 88' lang='lat' dir='ltr'>commorante,</span> <span class='ocrx_word' id='word_1_267' title='bbox 3556 985 3800 1035; x_wconf 90' lang='lat' dir='ltr'>noctur-</span> 
     </span>
    </p>
   </div>
   <div class='ocr_carea' id='block_1_35' title="bbox 2135 1059 3794 1134">
    <p class='ocr_par' dir='ltr' id='par_1_35' title="bbox 2135 1059 3794 1134">
     <span class='ocr_line' id='line_1_35' title="bbox 2135 1059 3794 1134; baseline 0.008 -22"><span class='ocrx_word' id='word_1_268' title='bbox 2135 1074 2392 1129; x_wconf 90' lang='lat' dir='ltr'>namque</span> <span class='ocrx_word' id='word_1_269' title='bbox 2423 1059 2959 1130; x_wconf 87' lang='lat' dir='ltr'>opacitatem,circa</span> <span class='ocrx_word' id='word_1_270' title='bbox 2988 1060 3264 1133; x_wconf 88' lang='lat' dir='ltr'>clima,(c)</span> <span class='ocrx_word' id='word_1_271' title='bbox 3297 1065 3453 1134; x_wconf 92' lang='lat' dir='ltr'>quod</span> <span class='ocrx_word' id='word_1_272' title='bbox 3483 1082 3590 1122; x_wconf 91' lang='lat' dir='ltr'>nos</span> <span class='ocrx_word' id='word_1_273' title='bbox 3616 1066 3794 1124; x_wconf 87' lang='lat' dir='ltr'>habi-</span> 
     </span>
    </p>
   </div>
   <div class='ocr_carea' id='block_1_36' title="bbox 2132 1147 3795 1220">
    <p class='ocr_par' dir='ltr' id='par_1_36' title="bbox 2132 1147 3795 1220">
     <span class='ocr_line' id='line_1_36' title="bbox 2132 1147 3795 1220; baseline 0.007 -19"><span class='ocrx_word' id='word_1_274' title='bbox 2132 1147 2544 1219; x_wconf 80' lang='lat' dir='ltr'>tamus,spatio</span> <span class='ocrx_word' id='word_1_275' title='bbox 2575 1147 2836 1220; x_wconf 88' lang='lat' dir='ltr'>longiore</span> <span class='ocrx_word' id='word_1_276' title='bbox 2867 1149 3132 1205; x_wconf 88' lang='lat' dir='ltr'>ducente.</span> <span class='ocrx_word' id='word_1_277' title='bbox 3170 1149 3332 1208; x_wconf 89' lang='lat' dir='ltr'>Unde</span> <span class='ocrx_word' id='word_1_278' title='bbox 3366 1153 3429 1208; x_wconf 86' lang='lat' dir='ltr'>ﬁt</span> <span class='ocrx_word' id='word_1_279' title='bbox 3462 1158 3525 1209; x_wconf 93' lang='lat' dir='ltr'>ut</span> <span class='ocrx_word' id='word_1_280' title='bbox 3555 1171 3656 1210; x_wconf 90' lang='lat' dir='ltr'>aer</span> <span class='ocrx_word' id='word_1_281' title='bbox 3685 1164 3795 1213; x_wconf 85' lang='lat' dir='ltr'>ter-</span> 
     </span>
    </p>
   </div>
   <div class='ocr_carea' id='block_1_37' title="bbox 2130 1236 3789 1315">
    <p class='ocr_par' dir='ltr' id='par_1_37' title="bbox 2130 1236 3789 1315">
     <span class='ocr_line' id='line_1_37' title="bbox 2130 1236 3789 1315; baseline 0.007 -24"><span class='ocrx_word' id='word_1_282' title='bbox 2130 1254 2204 1291; x_wconf 66' lang='lat' dir='ltr'>rae</span> <span class='ocrx_word' id='word_1_283' title='bbox 2236 1236 2532 1307; x_wconf 87' lang='lat' dir='ltr'>proximus</span> <span class='ocrx_word' id='word_1_284' title='bbox 2565 1237 2810 1310; x_wconf 89' lang='lat' dir='ltr'>frigidus</span> <span class='ocrx_word' id='word_1_285' title='bbox 2842 1238 3487 1315; x_wconf 86' lang='lat' dir='ltr'>efﬁciatur,omnesque</span> <span class='ocrx_word' id='word_1_286' title='bbox 3517 1245 3789 1303; x_wconf 87' lang='lat' dir='ltr'>nebulosi</span> 
     </span>
    </p>
   </div>
   <div class='ocr_carea' id='block_1_38' title="bbox 2127 1325 3786 1408">
    <p class='ocr_par' dir='ltr' id='par_1_38' title="bbox 2127 1325 3786 1408">
     <span class='ocr_line' id='line_1_38' title="bbox 2127 1325 3786 1408; baseline 0.007 -27"><span class='ocrx_word' id='word_1_287' title='bbox 2127 1343 2376 1398; x_wconf 90' lang='lat' dir='ltr'>vapores</span> <span class='ocrx_word' id='word_1_288' title='bbox 2403 1325 2845 1398; x_wconf 88' lang='lat' dir='ltr'>conglomerati,</span> <span class='ocrx_word' id='word_1_289' title='bbox 2880 1329 3110 1400; x_wconf 85' lang='lat' dir='ltr'>pluvias</span> <span class='ocrx_word' id='word_1_290' title='bbox 3141 1334 3198 1385; x_wconf 91' lang='lat' dir='ltr'>et</span> <span class='ocrx_word' id='word_1_291' title='bbox 3236 1331 3418 1402; x_wconf 85' lang='lat' dir='ltr'>nives,</span> <span class='ocrx_word' id='word_1_292' title='bbox 3450 1332 3786 1408; x_wconf 85' lang='lat' dir='ltr'>glaciesque</span> 
     </span>
    </p>
   </div>
   <div class='ocr_carea' id='block_1_39' title="bbox 2126 1415 3784 1494">
    <p class='ocr_par' dir='ltr' id='par_1_39' title="bbox 2126 1415 3784 1494">
     <span class='ocr_line' id='line_1_39' title="bbox 2126 1415 3784 1494; baseline 0.008 -26"><span class='ocrx_word' id='word_1_293' title='bbox 2126 1415 2452 1487; x_wconf 84' lang='lat' dir='ltr'>perficiant.</span> <span class='ocrx_word' id='word_1_294' title='bbox 2475 1419 2621 1471; x_wconf 91' lang='lat' dir='ltr'>Cum</span> <span class='ocrx_word' id='word_1_295' title='bbox 2655 1421 2851 1471; x_wconf 90' lang='lat' dir='ltr'>autem</span> <span class='ocrx_word' id='word_1_296' title='bbox 2885 1418 2958 1472; x_wconf 91' lang='lat' dir='ltr'>de</span> <span class='ocrx_word' id='word_1_297' title='bbox 2991 1419 3315 1476; x_wconf 90' lang='lat' dir='ltr'>meridiana</span> <span class='ocrx_word' id='word_1_298' title='bbox 3347 1419 3520 1494; x_wconf 86' lang='lat' dir='ltr'>plaga</span> <span class='ocrx_word' id='word_1_299' title='bbox 3551 1425 3784 1482; x_wconf 87' lang='lat' dir='ltr'>rediens</span> 
     </span>
    </p>
   </div>
   <div class='ocr_carea' id='block_1_40' title="bbox 2126 1504 3785 1576">
    <p class='ocr_par' dir='ltr' id='par_1_40' title="bbox 2126 1504 3785 1576">
     <span class='ocr_line' id='line_1_40' title="bbox 2126 1504 3785 1576; baseline 0.007 -16"><span class='ocrx_word' id='word_1_300' title='bbox 2126 1504 2233 1574; x_wconf 90' lang='lat' dir='ltr'>sol,</span> <span class='ocrx_word' id='word_1_301' title='bbox 2270 1505 2528 1560; x_wconf 91' lang='lat' dir='ltr'>medium</span> <span class='ocrx_word' id='word_1_302' title='bbox 2556 1505 2757 1561; x_wconf 89' lang='lat' dir='ltr'>orbem</span> <span class='ocrx_word' id='word_1_303' title='bbox 2790 1505 2918 1561; x_wconf 87' lang='lat' dir='ltr'>coeli</span> <span class='ocrx_word' id='word_1_304' title='bbox 2963 1510 3252 1576; x_wconf 89' lang='lat' dir='ltr'>tenuerit;</span> <span class='ocrx_word' id='word_1_305' title='bbox 3284 1512 3426 1564; x_wconf 90' lang='lat' dir='ltr'>tunc</span> <span class='ocrx_word' id='word_1_306' title='bbox 3475 1511 3687 1569; x_wconf 88' lang='lat' dir='ltr'>diebus</span> <span class='ocrx_word' id='word_1_307' title='bbox 3717 1531 3785 1571; x_wconf 80' lang='lat' dir='ltr'>ac</span> 
     </span>
    </p>
   </div>
   <div class='ocr_carea' id='block_1_41' title="bbox 2125 1594 3786 1675">
    <p class='ocr_par' dir='ltr' id='par_1_41' title="bbox 2125 1594 3786 1675">
     <span class='ocr_line' id='line_1_41' title="bbox 2125 1594 3786 1675; baseline 0.006 -26"><span class='ocrx_word' id='word_1_308' title='bbox 2125 1594 2394 1650; x_wconf 87' lang='lat' dir='ltr'>noctibus</span> <span class='ocrx_word' id='word_1_309' title='bbox 2466 1597 2700 1666; x_wconf 87' lang='lat' dir='ltr'>tempus</span> <span class='ocrx_word' id='word_1_310' title='bbox 2762 1595 2985 1666; x_wconf 59' lang='lat' dir='ltr'>aquale</span> <span class='ocrx_word' id='word_1_311' title='bbox 3049 1596 3370 1654; x_wconf 87' lang='lat' dir='ltr'>distribuit.</span> <span class='ocrx_word' id='word_1_312' title='bbox 3432 1601 3786 1675; x_wconf 79' lang='lat' dir='ltr'>Quantaque</span> 
     </span>
    </p>
   </div>
   <div class='ocr_carea' id='block_1_42' title="bbox 2121 1683 3782 1762">
    <p class='ocr_par' dir='ltr' id='par_1_42' title="bbox 2121 1683 3782 1762">
     <span class='ocr_line' id='line_1_42' title="bbox 2121 1683 3782 1762; baseline 0.005 -23"><span class='ocrx_word' id='word_1_313' title='bbox 2121 1683 2296 1739; x_wconf 89' lang='lat' dir='ltr'>altius</span> <span class='ocrx_word' id='word_1_314' title='bbox 2328 1701 2360 1738; x_wconf 91' lang='lat' dir='ltr'>a</span> <span class='ocrx_word' id='word_1_315' title='bbox 2409 1687 2565 1739; x_wconf 90' lang='lat' dir='ltr'>terra</span> <span class='ocrx_word' id='word_1_316' title='bbox 2620 1684 2967 1740; x_wconf 89' lang='lat' dir='ltr'>subvehitur</span> <span class='ocrx_word' id='word_1_317' title='bbox 3019 1690 3182 1742; x_wconf 90' lang='lat' dir='ltr'>tanto</span> <span class='ocrx_word' id='word_1_318' title='bbox 3243 1689 3432 1760; x_wconf 89' lang='lat' dir='ltr'>magis</span> <span class='ocrx_word' id='word_1_319' title='bbox 3491 1691 3782 1762; x_wconf 88' lang='lat' dir='ltr'>paulatim</span> 
     </span>
    </p>
   </div>
   <div class='ocr_carea' id='block_1_43' title="bbox 2121 1767 3781 1851">
    <p class='ocr_par' dir='ltr' id='par_1_43' title="bbox 2121 1767 3781 1851">
     <span class='ocr_line' id='line_1_43' title="bbox 2121 1767 3781 1851; baseline 0.008 -25"><span class='ocrx_word' id='word_1_320' title='bbox 2121 1771 2418 1843; x_wconf 89' lang='lat' dir='ltr'>componit</span> <span class='ocrx_word' id='word_1_321' title='bbox 2446 1767 3129 1847; x_wconf 89' lang='lat' dir='ltr'>temperiem,perquam</span> <span class='ocrx_word' id='word_1_322' title='bbox 3159 1792 3259 1831; x_wconf 85' lang='lat' dir='ltr'>ver</span> <span class='ocrx_word' id='word_1_323' title='bbox 3289 1778 3574 1847; x_wconf 82' lang='lat' dir='ltr'>procedit,</span> <span class='ocrx_word' id='word_1_324' title='bbox 3605 1782 3781 1851; x_wconf 83' lang='lat' dir='ltr'>cujus</span> 
     </span>
    </p>
   </div>
   <div class='ocr_carea' id='block_1_44' title="bbox 2119 1859 3779 1937">
    <p class='ocr_par' dir='ltr' id='par_1_44' title="bbox 2119 1859 3779 1937">
     <span class='ocr_line' id='line_1_44' title="bbox 2119 1859 3779 1937; baseline 0.007 -23"><span class='ocrx_word' id='word_1_325' title='bbox 2119 1859 2400 1915; x_wconf 90' lang='lat' dir='ltr'>beneﬁcio</span> <span class='ocrx_word' id='word_1_326' title='bbox 2449 1860 2690 1916; x_wconf 89' lang='lat' dir='ltr'>frutices</span> <span class='ocrx_word' id='word_1_327' title='bbox 2721 1861 3076 1934; x_wconf 88' lang='lat' dir='ltr'>arboresque</span> <span class='ocrx_word' id='word_1_328' title='bbox 3125 1864 3525 1937; x_wconf 84' lang='lat' dir='ltr'>frondescunt,</span> <span class='ocrx_word' id='word_1_329' title='bbox 3558 1873 3615 1924; x_wconf 90' lang='lat' dir='ltr'>et</span> <span class='ocrx_word' id='word_1_330' title='bbox 3657 1870 3779 1926; x_wconf 87' lang='lat' dir='ltr'>ani-</span> 
     </span>
    </p>
   </div>
   <div class='ocr_carea' id='block_1_45' title="bbox 2121 1948 3776 2027">
    <p class='ocr_par' dir='ltr' id='par_1_45' title="bbox 2121 1948 3776 2027">
     <span class='ocr_line' id='line_1_45' title="bbox 2121 1948 3776 2027; baseline 0.007 -23"><span class='ocrx_word' id='word_1_331' title='bbox 2121 1948 2538 2020; x_wconf 36' lang='lat' dir='ltr'>maliaacuncta</span> <span class='ocrx_word' id='word_1_332' title='bbox 2588 1955 2840 2020; x_wconf 88' lang='lat' dir='ltr'>terrena,</span> <span class='ocrx_word' id='word_1_333' title='bbox 2874 1951 2962 2006; x_wconf 89' lang='lat' dir='ltr'>vel</span> <span class='ocrx_word' id='word_1_334' title='bbox 3012 1953 3276 2024; x_wconf 82' lang='lat' dir='ltr'>aquaria,</span> <span class='ocrx_word' id='word_1_335' title='bbox 3310 1955 3553 2027; x_wconf 84' lang='lat' dir='ltr'>genitali</span> <span class='ocrx_word' id='word_1_336' title='bbox 3583 1957 3776 2016; x_wconf 89' lang='lat' dir='ltr'>calore</span> 
     </span>
    </p>
   </div>
   <div class='ocr_carea' id='block_1_46' title="bbox 2118 2038 3772 2114">
    <p class='ocr_par' dir='ltr' id='par_1_46' title="bbox 2118 2038 3772 2114">
     <span class='ocr_line' id='line_1_46' title="bbox 2118 2038 3772 2114; baseline 0.006 -20"><span class='ocrx_word' id='word_1_337' title='bbox 2118 2038 2420 2094; x_wconf 88' lang='lat' dir='ltr'>stimulata</span> <span class='ocrx_word' id='word_1_338' title='bbox 2449 2039 2525 2108; x_wconf 77' lang='grc' dir='ltr'>(ά)</span> <span class='ocrx_word' id='word_1_339' title='bbox 2558 2042 3041 2112; x_wconf 89' lang='lat' dir='ltr'>propagationem</span> <span class='ocrx_word' id='word_1_340' title='bbox 3091 2043 3344 2114; x_wconf 88' lang='lat' dir='ltr'>generis,</span> <span class='ocrx_word' id='word_1_341' title='bbox 3395 2048 3772 2106; x_wconf 89' lang='lat' dir='ltr'>successione</span> 
     </span>
    </p>
   </div>
   <div class='ocr_carea' id='block_1_47' title="bbox 2116 2129 3768 2200">
    <p class='ocr_par' dir='ltr' id='par_1_47' title="bbox 2116 2129 3768 2200">
     <span class='ocr_line' id='line_1_47' title="bbox 2116 2129 3768 2200; baseline 0.007 -18"><span class='ocrx_word' id='word_1_342' title='bbox 2116 2129 2298 2200; x_wconf 90' lang='lat' dir='ltr'>prolis</span> <span class='ocrx_word' id='word_1_343' title='bbox 2329 2129 2669 2184; x_wconf 78' lang='lat' dir='ltr'>extendunt.</span> <span class='ocrx_word' id='word_1_344' title='bbox 2705 2129 2842 2186; x_wconf 88' lang='lat' dir='ltr'>Inde</span> <span class='ocrx_word' id='word_1_345' title='bbox 2871 2130 2958 2186; x_wconf 91' lang='lat' dir='ltr'>sol</span> <span class='ocrx_word' id='word_1_346' title='bbox 2988 2147 3121 2186; x_wconf 83' lang='lat' dir='ltr'>mox</span> <span class='ocrx_word' id='word_1_347' title='bbox 3151 2133 3223 2187; x_wconf 89' lang='lat' dir='ltr'>ad</span> <span class='ocrx_word' id='word_1_348' title='bbox 3257 2133 3517 2190; x_wconf 73' lang='lat' dir='ltr'>aestivam</span> <span class='ocrx_word' id='word_1_349' title='bbox 3554 2136 3768 2194; x_wconf 88' lang='lat' dir='ltr'>lineam</span> 
     </span>
    </p>
   </div>
   <div class='ocr_carea' id='block_1_48' title="bbox 2115 2217 3764 2290">
    <p class='ocr_par' dir='ltr' id='par_1_48' title="bbox 2115 2217 3764 2290">
     <span class='ocr_line' id='line_1_48' title="bbox 2115 2217 3764 2290; baseline 0.007 -18"><span class='ocrx_word' id='word_1_350' title='bbox 2115 2217 2490 2282; x_wconf 86' lang='lat' dir='ltr'>deﬂectendo,</span> <span class='ocrx_word' id='word_1_351' title='bbox 2528 2234 2631 2289; x_wconf 91' lang='lat' dir='ltr'>per</span> <span class='ocrx_word' id='word_1_352' title='bbox 2659 2218 2913 2274; x_wconf 88' lang='lat' dir='ltr'>conﬁnia</span> <span class='ocrx_word' id='word_1_353' title='bbox 2942 2219 3155 2275; x_wconf 87' lang='lat' dir='ltr'>transit</span> <span class='ocrx_word' id='word_1_354' title='bbox 3185 2226 3406 2290; x_wconf 89' lang='lat' dir='ltr'>arctoa,</span> <span class='ocrx_word' id='word_1_355' title='bbox 3441 2223 3568 2281; x_wconf 89' lang='lat' dir='ltr'>dies</span> <span class='ocrx_word' id='word_1_356' title='bbox 3599 2227 3764 2284; x_wconf 91' lang='lat' dir='ltr'>nobis</span> 
     </span>
    </p>
   </div>
   <div class='ocr_carea' id='block_1_49' title="bbox 2114 2307 3761 2381">
    <p class='ocr_par' dir='ltr' id='par_1_49' title="bbox 2114 2307 3761 2381">
     <span class='ocr_line' id='line_1_49' title="bbox 2114 2307 3761 2381; baseline 0.006 -19"><span class='ocrx_word' id='word_1_357' title='bbox 2114 2307 2409 2379; x_wconf 89' lang='lat' dir='ltr'>longiores</span> <span class='ocrx_word' id='word_1_358' title='bbox 2455 2307 2737 2373; x_wconf 87' lang='lat' dir='ltr'>efﬁciens,</span> <span class='ocrx_word' id='word_1_359' title='bbox 2771 2307 3115 2381; x_wconf 88' lang='lat' dir='ltr'>diutiusque</span> <span class='ocrx_word' id='word_1_360' title='bbox 3163 2319 3657 2371; x_wconf 80' lang='lat' dir='ltr'>commemoratae</span> <span class='ocrx_word' id='word_1_361' title='bbox 3703 2317 3761 2371; x_wconf 94' lang='lat' dir='ltr'>in</span> 
     </span>
    </p>
   </div>
   <div class='ocr_carea' id='block_1_50' title="bbox 2113 2396 3764 2476">
    <p class='ocr_par' dir='ltr' id='par_1_50' title="bbox 2113 2396 3764 2476">
     <span class='ocr_line' id='line_1_50' title="bbox 2113 2396 3764 2476; baseline 0.005 -25"><span class='ocrx_word' id='word_1_362' title='bbox 2113 2396 2468 2467; x_wconf 90' lang='lat' dir='ltr'>aere,ipsum</span> <span class='ocrx_word' id='word_1_363' title='bbox 2500 2396 2737 2466; x_wconf 88' lang='lat' dir='ltr'>quidem</span> <span class='ocrx_word' id='word_1_364' title='bbox 2770 2397 3116 2468; x_wconf 86' lang='lat' dir='ltr'>ﬂagrantem</span> <span class='ocrx_word' id='word_1_365' title='bbox 3141 2400 3333 2455; x_wconf 89' lang='lat' dir='ltr'>reddit</span> <span class='ocrx_word' id='word_1_366' title='bbox 3361 2417 3427 2457; x_wconf 91' lang='lat' dir='ltr'>ac</span> <span class='ocrx_word' id='word_1_367' title='bbox 3456 2404 3764 2476; x_wconf 88' lang='lat' dir='ltr'>torridum,</span> 
     </span>
    </p>
   </div>
   <div class='ocr_carea' id='block_1_51' title="bbox 2111 2485 3769 2558">
    <p class='ocr_par' dir='ltr' id='par_1_51' title="bbox 2111 2485 3769 2558">
     <span class='ocr_line' id='line_1_51' title="bbox 2111 2485 3769 2558; baseline 0.006 -18"><span class='ocrx_word' id='word_1_368' title='bbox 2111 2485 2379 2540; x_wconf 89' lang='lat' dir='ltr'>tellurem</span> <span class='ocrx_word' id='word_1_369' title='bbox 2413 2501 2545 2540; x_wconf 87' lang='lat' dir='ltr'>vero</span> <span class='ocrx_word' id='word_1_370' title='bbox 2577 2485 2807 2556; x_wconf 84' lang='lat' dir='ltr'>perficit</span> <span class='ocrx_word' id='word_1_371' title='bbox 2850 2486 3181 2558; x_wconf 90' lang='lat' dir='ltr'>sicciorem,</span> <span class='ocrx_word' id='word_1_372' title='bbox 3215 2490 3369 2546; x_wconf 90' lang='lat' dir='ltr'>unde</span> <span class='ocrx_word' id='word_1_373' title='bbox 3403 2495 3769 2550; x_wconf 87' lang='lat' dir='ltr'>maturandis</span> 
     </span>
    </p>
   </div>
   <div class='ocr_carea' id='block_1_52' title="bbox 2111 2569 3774 2653">
    <p class='ocr_par' dir='ltr' id='par_1_52' title="bbox 2111 2569 3774 2653">
     <span class='ocr_line' id='line_1_52' title="bbox 2111 2569 3774 2653; baseline 0.005 -23"><span class='ocrx_word' id='word_1_374' title='bbox 2111 2574 2458 2644; x_wconf 90' lang='lat' dir='ltr'>seminibus,</span> <span class='ocrx_word' id='word_1_375' title='bbox 2491 2569 2668 2645; x_wconf 72' lang='lat' dir='ltr'>atque</span> <span class='ocrx_word' id='word_1_376' title='bbox 2716 2575 2930 2646; x_wconf 88' lang='lat' dir='ltr'>pomis,</span> <span class='ocrx_word' id='word_1_377' title='bbox 2982 2575 3231 2634; x_wconf 83' lang='lat' dir='ltr'>facultas</span> <span class='ocrx_word' id='word_1_378' title='bbox 3281 2584 3480 2651; x_wconf 89' lang='lat' dir='ltr'>optata</span> <span class='ocrx_word' id='word_1_379' title='bbox 3533 2589 3774 2653; x_wconf 63' lang='lat' dir='ltr'>praesta-</span> 
     </span>
    </p>
   </div>
   <div class='ocr_carea' id='block_1_53' title="bbox 2109 2664 3766 2736">
    <p class='ocr_par' dir='ltr' id='par_1_53' title="bbox 2109 2664 3766 2736">
     <span class='ocr_line' id='line_1_53' title="bbox 2109 2664 3766 2736; baseline 0.006 -17"><span class='ocrx_word' id='word_1_380' title='bbox 2109 2669 2226 2719; x_wconf 90' lang='lat' dir='ltr'>tnr.</span> <span class='ocrx_word' id='word_1_381' title='bbox 2259 2664 2454 2735; x_wconf 90' lang='lat' dir='ltr'>quue</span> <span class='ocrx_word' id='word_1_382' title='bbox 2486 2667 2749 2735; x_wconf 87' lang='lat' dir='ltr'>tempore</span> <span class='ocrx_word' id='word_1_383' title='bbox 2780 2664 3033 2720; x_wconf 83' lang='lat' dir='ltr'>habetur</span> <span class='ocrx_word' id='word_1_384' title='bbox 3083 2667 3401 2736; x_wconf 88' lang='lat' dir='ltr'>ardentior,</span> <span class='ocrx_word' id='word_1_385' title='bbox 3430 2674 3489 2725; x_wconf 88' lang='lat' dir='ltr'>et</span> <span class='ocrx_word' id='word_1_386' title='bbox 3521 2672 3766 2729; x_wconf 89' lang='lat' dir='ltr'>umbras</span> 
     </span>
    </p>
   </div>
   <div class='ocr_carea' id='block_1_54' title="bbox 2109 2753 3762 2825">
    <p class='ocr_par' dir='ltr' id='par_1_54' title="bbox 2109 2753 3762 2825">
     <span class='ocr_line' id='line_1_54' title="bbox 2109 2753 3762 2825; baseline 0.005 -16"><span class='ocrx_word' id='word_1_387' title='bbox 2109 2753 2466 2809; x_wconf 88' lang='lat' dir='ltr'>meridianas</span> <span class='ocrx_word' id='word_1_388' title='bbox 2499 2753 2637 2809; x_wconf 86' lang='lat' dir='ltr'>facit</span> <span class='ocrx_word' id='word_1_389' title='bbox 2665 2754 2981 2820; x_wconf 86' lang='lat' dir='ltr'>breviores,</span> <span class='ocrx_word' id='word_1_390' title='bbox 3014 2755 3291 2825; x_wconf 89' lang='lat' dir='ltr'>quoniam</span> <span class='ocrx_word' id='word_1_391' title='bbox 3324 2759 3394 2813; x_wconf 92' lang='lat' dir='ltr'>de</span> <span class='ocrx_word' id='word_1_392' title='bbox 3439 2758 3555 2815; x_wconf 75' lang='lat' dir='ltr'>alto</span> <span class='ocrx_word' id='word_1_393' title='bbox 3583 2761 3762 2818; x_wconf 88' lang='lat' dir='ltr'>nimis</span> 
     </span>
    </p>
   </div>
   <div class='ocr_carea' id='block_1_55' title="bbox 2107 2841 3757 2918">
    <p class='ocr_par' dir='ltr' id='par_1_55' title="bbox 2107 2841 3757 2918">
     <span class='ocr_line' id='line_1_55' title="bbox 2107 2841 3757 2918; baseline 0.006 -22"><span class='ocrx_word' id='word_1_394' title='bbox 2107 2841 2232 2898; x_wconf 93' lang='lat' dir='ltr'>loco</span> <span class='ocrx_word' id='word_1_395' title='bbox 2265 2849 2527 2898; x_wconf 86' lang='lat' dir='ltr'>nostram</span> <span class='ocrx_word' id='word_1_396' title='bbox 2561 2841 2803 2914; x_wconf 88' lang='lat' dir='ltr'>respicit</span> <span class='ocrx_word' id='word_1_397' title='bbox 2834 2843 3158 2916; x_wconf 89' lang='lat' dir='ltr'>regionem,</span> <span class='ocrx_word' id='word_1_398' title='bbox 3211 2845 3457 2916; x_wconf 87' lang='lat' dir='ltr'>diesque</span> <span class='ocrx_word' id='word_1_399' title='bbox 3506 2850 3757 2918; x_wconf 86' lang='lat' dir='ltr'>majores</span> 
     </span>
    </p>
   </div>
   <div class='ocr_carea' id='block_1_56' title="bbox 2105 2931 3752 3002">
    <p class='ocr_par' dir='ltr' id='par_1_56' title="bbox 2105 2931 3752 3002">
     <span class='ocr_line' id='line_1_56' title="bbox 2105 2931 3752 3002; baseline 0.004 -16"><span class='ocrx_word' id='word_1_400' title='bbox 2105 2931 2416 3000; x_wconf 91' lang='lat' dir='ltr'>habentur,</span> <span class='ocrx_word' id='word_1_401' title='bbox 2445 2935 2586 2986; x_wconf 88' lang='lat' dir='ltr'>tunc</span> <span class='ocrx_word' id='word_1_402' title='bbox 2619 2932 2855 3002; x_wconf 90' lang='lat' dir='ltr'>quando</span> <span class='ocrx_word' id='word_1_403' title='bbox 2888 2933 3087 2987; x_wconf 78' lang='lat' dir='ltr'>breves</span> <span class='ocrx_word' id='word_1_404' title='bbox 3118 2937 3258 2988; x_wconf 89' lang='lat' dir='ltr'>sunt</span> <span class='ocrx_word' id='word_1_405' title='bbox 3296 2935 3515 2990; x_wconf 69' lang='lat' dir='ltr'>umbrae</span> <span class='ocrx_word' id='word_1_406' title='bbox 3550 2952 3562 2990; x_wconf 91' lang='lat'><strong>:</strong></span> <span class='ocrx_word' id='word_1_407' title='bbox 3597 2937 3752 2993; x_wconf 87' lang='lat' dir='ltr'>sicut</span> 
     </span>
    </p>
   </div>
   <div class='ocr_carea' id='block_1_57' title="bbox 2103 3019 3746 3092">
    <p class='ocr_par' dir='ltr' id='par_1_57' title="bbox 2103 3019 3746 3092">
     <span class='ocr_line' id='line_1_57' title="bbox 2103 3019 3746 3092; baseline 0.004 -16"><span class='ocrx_word' id='word_1_408' title='bbox 2103 3037 2133 3077; x_wconf 93' lang='lat' dir='ltr'>e</span> <span class='ocrx_word' id='word_1_409' title='bbox 2163 3027 2361 3076; x_wconf 81' lang='lat' dir='ltr'>contra</span> <span class='ocrx_word' id='word_1_410' title='bbox 2386 3019 2512 3075; x_wconf 82' lang='lat' dir='ltr'>dies</span> <span class='ocrx_word' id='word_1_411' title='bbox 2554 3021 2712 3092; x_wconf 86' lang='lat' dir='ltr'>parvi</span> <span class='ocrx_word' id='word_1_412' title='bbox 2745 3025 2906 3086; x_wconf 92' lang='lat' dir='ltr'>sunt,</span> <span class='ocrx_word' id='word_1_413' title='bbox 2937 3037 3070 3076; x_wconf 91' lang='lat' dir='ltr'>cum</span> <span class='ocrx_word' id='word_1_414' title='bbox 3121 3023 3336 3078; x_wconf 88' lang='lat' dir='ltr'>fuerint</span> <span class='ocrx_word' id='word_1_415' title='bbox 3368 3027 3591 3080; x_wconf 66' lang='lat' dir='ltr'>umbras</span> <span class='ocrx_word' id='word_1_416' title='bbox 3620 3025 3746 3082; x_wconf 88' lang='lat' dir='ltr'>lon-</span> 
     </span>
    </p>
   </div>
   <div class='ocr_carea' id='block_1_58' title="bbox 2101 3107 3750 3181">
    <p class='ocr_par' dir='ltr' id='par_1_58' title="bbox 2101 3107 3750 3181">
     <span class='ocr_line' id='line_1_58' title="bbox 2101 3107 3750 3181; baseline 0.005 -20"><span class='ocrx_word' id='word_1_417' title='bbox 2101 3108 2294 3180; x_wconf 88' lang='lat' dir='ltr'>giores</span> <span class='ocrx_word' id='word_1_418' title='bbox 2328 3124 2341 3164; x_wconf 91' lang='lat'><strong>:</strong></span> <span class='ocrx_word' id='word_1_419' title='bbox 2373 3107 2524 3177; x_wconf 89' lang='lat' dir='ltr'>quod</span> <span class='ocrx_word' id='word_1_420' title='bbox 2577 3107 2730 3179; x_wconf 87' lang='lat' dir='ltr'>apud</span> <span class='ocrx_word' id='word_1_421' title='bbox 2780 3125 2888 3164; x_wconf 91' lang='lat' dir='ltr'>nos</span> <span class='ocrx_word' id='word_1_422' title='bbox 2935 3109 3036 3179; x_wconf 90' lang='lat' dir='ltr'>qui</span> <span class='ocrx_word' id='word_1_423' title='bbox 3095 3109 3162 3181; x_wconf 79' lang='grc' dir='ltr'>(ε)</span> <span class='ocrx_word' id='word_1_424' title='bbox 3191 3113 3438 3166; x_wconf 74' lang='lat' dir='ltr'>cteroscii</span> <span class='ocrx_word' id='word_1_425' title='bbox 3486 3113 3750 3169; x_wconf 89' lang='lat' dir='ltr'>nomina-</span> 
     </span>
    </p>
   </div>
   <div class='ocr_carea' id='block_1_59' title="bbox 2100 3195 3749 3271">
    <p class='ocr_par' dir='ltr' id='par_1_59' title="bbox 2100 3195 3749 3271">
     <span class='ocr_line' id='line_1_59' title="bbox 2100 3195 3749 3271; baseline 0.004 -21"><span class='ocrx_word' id='word_1_426' title='bbox 2100 3213 2252 3267; x_wconf 91' lang='lat' dir='ltr'>mur,</span> <span class='ocrx_word' id='word_1_427' title='bbox 2286 3196 2345 3251; x_wconf 91' lang='lat' dir='ltr'>id</span> <span class='ocrx_word' id='word_1_428' title='bbox 2377 3201 2487 3264; x_wconf 90' lang='lat' dir='ltr'>est,</span> <span class='ocrx_word' id='word_1_429' title='bbox 2520 3195 2665 3252; x_wconf 90' lang='lat' dir='ltr'>alias</span> <span class='ocrx_word' id='word_1_430' title='bbox 2715 3198 2954 3252; x_wconf 86' lang='lat' dir='ltr'>umbras</span> <span class='ocrx_word' id='word_1_431' title='bbox 2985 3198 3288 3268; x_wconf 88' lang='lat' dir='ltr'>habentes,</span> <span class='ocrx_word' id='word_1_432' title='bbox 3323 3203 3380 3256; x_wconf 88' lang='lat' dir='ltr'>et</span> <span class='ocrx_word' id='word_1_433' title='bbox 3417 3205 3612 3271; x_wconf 89' lang='lat' dir='ltr'>partes</span> <span class='ocrx_word' id='word_1_434' title='bbox 3642 3202 3749 3257; x_wconf 82' lang='lat' dir='ltr'>ha-</span> 
     </span>
    </p>
   </div>
   <div class='ocr_carea' id='block_1_60' title="bbox 342 3274 3748 3361">
    <p class='ocr_par' dir='ltr' id='par_1_60' title="bbox 342 3274 3748 3361">
     <span class='ocr_line' id='line_1_60' title="bbox 342 3274 3748 3361; baseline 0 -15"><span class='ocrx_word' id='word_1_435' title='bbox 342 3289 964 3361; x_wconf 88' lang='lat' dir='ltr'>maluissent,minime</span> <span class='ocrx_word' id='word_1_436' title='bbox 992 3289 1584 3360; x_wconf 86' lang='lat' dir='ltr'>potuissent,propter</span> <span class='ocrx_word' id='word_1_437' title='bbox 1616 3287 1991 3343; x_wconf 87' lang='lat' dir='ltr'>indeclinabi-</span> <span class='ocrx_word' id='word_1_438' title='bbox 2021 3274 2064 3342; x_wconf 84' lang='lat' dir='ltr'>C</span> <span class='ocrx_word' id='word_1_439' title='bbox 2102 3285 2361 3340; x_wconf 89' lang='lat' dir='ltr'>bitamus</span> <span class='ocrx_word' id='word_1_440' title='bbox 2393 3291 2641 3354; x_wconf 86' lang='lat' dir='ltr'>arctoas,</span> <span class='ocrx_word' id='word_1_441' title='bbox 2675 3285 2754 3340; x_wconf 90' lang='lat' dir='ltr'>ita</span> <span class='ocrx_word' id='word_1_442' title='bbox 2791 3286 3096 3359; x_wconf 87' lang='lat' dir='ltr'>contingit.</span> <span class='ocrx_word' id='word_1_443' title='bbox 3128 3291 3273 3342; x_wconf 88' lang='lat' dir='ltr'>Nam</span> <span class='ocrx_word' id='word_1_444' title='bbox 3323 3293 3464 3344; x_wconf 90' lang='lat' dir='ltr'>sunt</span> <span class='ocrx_word' id='word_1_445' title='bbox 3510 3289 3748 3361; x_wconf 91' lang='lat' dir='ltr'>quidam</span> 
     </span>
    </p>
   </div>
   <div class='ocr_carea' id='block_1_61' title="bbox 345 3376 1992 3449">
    <p class='ocr_par' dir='ltr' id='par_1_61' title="bbox 345 3376 1992 3449">
     <span class='ocr_line' id='line_1_61' title="bbox 345 3376 1992 3449; baseline -0.001 -15"><span class='ocrx_word' id='word_1_446' title='bbox 345 3380 460 3434; x_wconf 90' lang='lat' dir='ltr'>lem</span> <span class='ocrx_word' id='word_1_447' title='bbox 513 3378 880 3435; x_wconf 87' lang='lat' dir='ltr'>necessitatis</span> <span class='ocrx_word' id='word_1_448' title='bbox 910 3377 1260 3449; x_wconf 90' lang='lat' dir='ltr'>impulsum.</span> <span class='ocrx_word' id='word_1_449' title='bbox 1291 3376 1436 3431; x_wconf 89' lang='lat' dir='ltr'>Vani</span> <span class='ocrx_word' id='word_1_450' title='bbox 1487 3392 1691 3432; x_wconf 89' lang='lat' dir='ltr'>omnes</span> <span class='ocrx_word' id='word_1_451' title='bbox 1737 3378 1992 3433; x_wconf 83' lang='lat' dir='ltr'>artifices</span> 
     </span>
    </p>
   </div>
   <div class='ocr_carea' id='block_1_62' title="bbox 341 3466 1991 3538">
    <p class='ocr_par' dir='ltr' id='par_1_62' title="bbox 341 3466 1991 3538">
     <span class='ocr_line' id='line_1_62' title="bbox 341 3466 1991 3538; baseline -0.001 -15"><span class='ocrx_word' id='word_1_452' title='bbox 341 3468 671 3524; x_wconf 73' lang='lat' dir='ltr'>aestimandi</span> <span class='ocrx_word' id='word_1_453' title='bbox 695 3466 988 3535; x_wconf 73' lang='lat' dir='ltr'>sunt,vitas</span> <span class='ocrx_word' id='word_1_454' title='bbox 1007 3467 1271 3522; x_wconf 91' lang='lat' dir='ltr'>subsidia</span> <span class='ocrx_word' id='word_1_455' title='bbox 1288 3482 1574 3522; x_wconf 89' lang='lat' dir='ltr'>manuum</span> <span class='ocrx_word' id='word_1_456' title='bbox 1605 3466 1803 3522; x_wconf 91' lang='lat' dir='ltr'>labore</span> <span class='ocrx_word' id='word_1_457' title='bbox 1834 3482 1991 3538; x_wconf 75' lang='lat' dir='ltr'>quae-</span> 
     </span>
    </p>
   </div>
   <div class='ocr_carea' id='block_1_63' title="bbox 339 3554 1987 3630">
    <p class='ocr_par' dir='ltr' id='par_1_63' title="bbox 339 3554 1987 3630">
     <span class='ocr_line' id='line_1_63' title="bbox 339 3554 1987 3630; baseline -0.002 -16"><span class='ocrx_word' id='word_1_458' title='bbox 339 3563 556 3615; x_wconf 89' lang='lat' dir='ltr'>rentes.</span> <span class='ocrx_word' id='word_1_459' title='bbox 601 3563 1078 3630; x_wconf 89' lang='lat' dir='ltr'>Supervacaneus</span> <span class='ocrx_word' id='word_1_460' title='bbox 1127 3573 1298 3628; x_wconf 90' lang='lat' dir='ltr'>porro</span> <span class='ocrx_word' id='word_1_461' title='bbox 1347 3557 1529 3612; x_wconf 93' lang='lat' dir='ltr'>sudor</span> <span class='ocrx_word' id='word_1_462' title='bbox 1576 3554 1987 3626; x_wconf 92' lang='lat' dir='ltr'>agricolarum,</span> 
     </span>
    </p>
   </div>
   <div class='ocr_carea' id='block_1_64' title="bbox 340 3645 1990 3719">
    <p class='ocr_par' dir='ltr' id='par_1_64' title="bbox 340 3645 1990 3719">
     <span class='ocr_line' id='line_1_64' title="bbox 340 3645 1990 3719; baseline -0.002 -17"><span class='ocrx_word' id='word_1_463' title='bbox 340 3648 560 3719; x_wconf 87' lang='lat' dir='ltr'>quibus</span> <span class='ocrx_word' id='word_1_464' title='bbox 591 3647 768 3719; x_wconf 75' lang='lat' dir='ltr'>cepize</span> <span class='ocrx_word' id='word_1_465' title='bbox 804 3648 1101 3702; x_wconf 86' lang='lat' dir='ltr'>fructuum</span> <span class='ocrx_word' id='word_1_466' title='bbox 1132 3646 1360 3716; x_wconf 89' lang='lat' dir='ltr'>possint</span> <span class='ocrx_word' id='word_1_467' title='bbox 1387 3645 1566 3701; x_wconf 91' lang='lat' dir='ltr'>etiam</span> <span class='ocrx_word' id='word_1_468' title='bbox 1598 3661 1714 3700; x_wconf 92' lang='lat' dir='ltr'>non</span> <span class='ocrx_word' id='word_1_469' title='bbox 1746 3661 1990 3716; x_wconf 90' lang='lat' dir='ltr'>operan-</span> 
     </span>
    </p>
   </div>
   <div class='ocr_carea' id='block_1_65' title="bbox 337 3735 1991 3793">
    <p class='ocr_par' dir='ltr' id='par_1_65' title="bbox 337 3735 1991 3793">
     <span class='ocr_line' id='line_1_65' title="bbox 337 3735 1991 3793; baseline -0.002 0"><span class='ocrx_word' id='word_1_470' title='bbox 337 3738 498 3793; x_wconf 88' lang='lat' dir='ltr'>tibus</span> <span class='ocrx_word' id='word_1_471' title='bbox 531 3738 850 3793; x_wconf 90' lang='lat' dir='ltr'>abundare.</span> <span class='ocrx_word' id='word_1_472' title='bbox 902 3740 1184 3792; x_wconf 83' lang='lat' dir='ltr'>Mercator</span> <span class='ocrx_word' id='word_1_473' title='bbox 1213 3735 1389 3790; x_wconf 88' lang='lat' dir='ltr'>etiam</span> <span class='ocrx_word' id='word_1_474' title='bbox 1440 3735 1601 3790; x_wconf 89' lang='lat' dir='ltr'>dives</span> <span class='ocrx_word' id='word_1_475' title='bbox 1659 3735 1991 3790; x_wconf 86' lang='lat' dir='ltr'>efﬁceretur</span> 
     </span>
    </p>
   </div>
   <div class='ocr_carea' id='block_1_66' title="bbox 336 3823 1986 3896">
    <p class='ocr_par' dir='ltr' id='par_1_66' title="bbox 336 3823 1986 3896">
     <span class='ocr_line' id='line_1_66' title="bbox 336 3823 1986 3896; baseline -0.001 -16"><span class='ocrx_word' id='word_1_476' title='bbox 336 3826 396 3882; x_wconf 92' lang='lat' dir='ltr'>in</span> <span class='ocrx_word' id='word_1_477' title='bbox 429 3826 667 3896; x_wconf 90' lang='lat' dir='ltr'>otio,cui</span> <span class='ocrx_word' id='word_1_478' title='bbox 697 3827 787 3881; x_wconf 89' lang='lat' dir='ltr'>vel</span> <span class='ocrx_word' id='word_1_479' title='bbox 825 3825 1040 3881; x_wconf 91' lang='lat' dir='ltr'>nolenti</span> <span class='ocrx_word' id='word_1_480' title='bbox 1075 3824 1380 3896; x_wconf 88' lang='lat' dir='ltr'>pecuniam</span> <span class='ocrx_word' id='word_1_481' title='bbox 1413 3823 1645 3895; x_wconf 88' lang='lat' dir='ltr'>genesis</span> <span class='ocrx_word' id='word_1_482' title='bbox 1673 3828 1986 3895; x_wconf 75' lang='lat' dir='ltr'>apportas-</span> 
     </span>
    </p>
   </div>
   <div class='ocr_carea' id='block_1_67' title="bbox 334 3915 1985 3985">
    <p class='ocr_par' dir='ltr' id='par_1_67' title="bbox 334 3915 1985 3985">
     <span class='ocr_line' id='line_1_67' title="bbox 334 3915 1985 3985; baseline -0.002 -13"><span class='ocrx_word' id='word_1_483' title='bbox 334 3920 444 3972; x_wconf 88' lang='lat' dir='ltr'>set.</span> <span class='ocrx_word' id='word_1_484' title='bbox 476 3915 945 3971; x_wconf 87' lang='lat' dir='ltr'>Christianorum</span> <span class='ocrx_word' id='word_1_485' title='bbox 977 3930 1109 3969; x_wconf 87' lang='lat' dir='ltr'>vero</span> <span class='ocrx_word' id='word_1_486' title='bbox 1141 3930 1296 3985; x_wconf 90' lang='lat' dir='ltr'>spes,</span> <span class='ocrx_word' id='word_1_487' title='bbox 1331 3929 1458 3984; x_wconf 64' lang='lat' dir='ltr'>quas</span> <span class='ocrx_word' id='word_1_488' title='bbox 1491 3929 1705 3984; x_wconf 90' lang='lat' dir='ltr'>magna</span> <span class='ocrx_word' id='word_1_489' title='bbox 1745 3918 1852 3980; x_wconf 91' lang='lat' dir='ltr'>est,</span> <span class='ocrx_word' id='word_1_490' title='bbox 1887 3931 1985 3969; x_wconf 91' lang='lat' dir='ltr'>su-</span> 
     </span>
    </p>
   </div>
   <div class='ocr_carea' id='block_1_68' title="bbox 331 4002 1984 4076">
    <p class='ocr_par' dir='ltr' id='par_1_68' title="bbox 331 4002 1984 4076">
     <span class='ocr_line' id='line_1_68' title="bbox 331 4002 1984 4076; baseline -0.001 -18"><span class='ocrx_word' id='word_1_491' title='bbox 331 4003 494 4060; x_wconf 88' lang='lat' dir='ltr'>blata</span> <span class='ocrx_word' id='word_1_492' title='bbox 525 4004 759 4076; x_wconf 87' lang='lat' dir='ltr'>penitus</span> <span class='ocrx_word' id='word_1_493' title='bbox 791 4003 1398 4074; x_wconf 81' lang='lat' dir='ltr'>interisset,quoniam</span> <span class='ocrx_word' id='word_1_494' title='bbox 1435 4003 1653 4057; x_wconf 84' lang='lat' dir='ltr'>frustra</span> <span class='ocrx_word' id='word_1_495' title='bbox 1689 4003 1777 4057; x_wconf 92' lang='lat' dir='ltr'>vel</span> <span class='ocrx_word' id='word_1_496' title='bbox 1802 4002 1984 4073; x_wconf 88' lang='lat' dir='ltr'>justi-</span> 
     </span>
    </p>
   </div>
   <div class='ocr_carea' id='block_1_69' title="bbox 329 4091 1984 4164">
    <p class='ocr_par' dir='ltr' id='par_1_69' title="bbox 329 4091 1984 4164">
     <span class='ocr_line' id='line_1_69' title="bbox 329 4091 1984 4164; baseline -0.001 -16"><span class='ocrx_word' id='word_1_497' title='bbox 329 4094 410 4148; x_wconf 85' lang='lat' dir='ltr'>tia</span> <span class='ocrx_word' id='word_1_498' title='bbox 441 4093 775 4160; x_wconf 88' lang='lat' dir='ltr'>colitur,vel</span> <span class='ocrx_word' id='word_1_499' title='bbox 803 4094 1122 4148; x_wconf 84' lang='lat' dir='ltr'>damnatur</span> <span class='ocrx_word' id='word_1_500' title='bbox 1150 4091 1533 4164; x_wconf 87' lang='lat' dir='ltr'>iniquitas;si</span> <span class='ocrx_word' id='word_1_501' title='bbox 1564 4092 1804 4147; x_wconf 89' lang='lat' dir='ltr'>omnino</span> <span class='ocrx_word' id='word_1_502' title='bbox 1837 4091 1984 4147; x_wconf 89' lang='lat' dir='ltr'>nihil</span> 
     </span>
    </p>
   </div>
   <div class='ocr_carea' id='block_1_70' title="bbox 327 4181 1983 4255">
    <p class='ocr_par' dir='ltr' id='par_1_70' title="bbox 327 4181 1983 4255">
     <span class='ocr_line' id='line_1_70' title="bbox 327 4181 1983 4255; baseline -0.001 -17"><span class='ocrx_word' id='word_1_503' title='bbox 327 4198 395 4238; x_wconf 85' lang='lat' dir='ltr'>ex</span> <span class='ocrx_word' id='word_1_504' title='bbox 426 4183 720 4239; x_wconf 82' lang='lat' dir='ltr'>sententia</span> <span class='ocrx_word' id='word_1_505' title='bbox 773 4182 960 4239; x_wconf 89' lang='lat' dir='ltr'>facere</span> <span class='ocrx_word' id='word_1_506' title='bbox 1011 4181 1429 4255; x_wconf 89' lang='lat' dir='ltr'>permittimur.</span> <span class='ocrx_word' id='word_1_507' title='bbox 1464 4181 1694 4236; x_wconf 90' lang='lat' dir='ltr'>Etenim</span> <span class='ocrx_word' id='word_1_508' title='bbox 1747 4182 1983 4252; x_wconf 91' lang='lat' dir='ltr'>quando</span> 
     </span>
    </p>
   </div>
   <div class='ocr_carea' id='block_1_71' title="bbox 326 4270 1980 4343">
    <p class='ocr_par' dir='ltr' id='par_1_71' title="bbox 326 4270 1980 4343">
     <span class='ocr_line' id='line_1_71' title="bbox 326 4270 1980 4343; baseline -0.001 -16"><span class='ocrx_word' id='word_1_509' title='bbox 326 4273 636 4343; x_wconf 87' lang='lat' dir='ltr'>genesiaca</span> <span class='ocrx_word' id='word_1_510' title='bbox 667 4273 776 4343; x_wconf 87' lang='lat' dir='ltr'>vis,</span> <span class='ocrx_word' id='word_1_511' title='bbox 809 4277 866 4328; x_wconf 88' lang='lat' dir='ltr'>et</span> <span class='ocrx_word' id='word_1_512' title='bbox 898 4271 1153 4327; x_wconf 86' lang='lat' dir='ltr'>decretio</span> <span class='ocrx_word' id='word_1_513' title='bbox 1189 4271 1379 4326; x_wconf 83' lang='lat' dir='ltr'>fatalis</span> <span class='ocrx_word' id='word_1_514' title='bbox 1411 4270 1721 4338; x_wconf 89' lang='lat' dir='ltr'>incumbit,</span> <span class='ocrx_word' id='word_1_515' title='bbox 1749 4270 1980 4326; x_wconf 90' lang='lat' dir='ltr'>nullum</span> 
     </span>
    </p>
   </div>
   <div class='ocr_carea' id='block_1_72' title="bbox 322 4359 1977 4432">
    <p class='ocr_par' dir='ltr' id='par_1_72' title="bbox 322 4359 1977 4432">
     <span class='ocr_line' id='line_1_72' title="bbox 322 4359 1977 4432; baseline -0.001 -17"><span class='ocrx_word' id='word_1_516' title='bbox 322 4359 518 4418; x_wconf 90' lang='lat' dir='ltr'>locum</span> <span class='ocrx_word' id='word_1_517' title='bbox 571 4375 816 4432; x_wconf 85' lang='lat' dir='ltr'>prorsus</span> <span class='ocrx_word' id='word_1_518' title='bbox 867 4361 1090 4416; x_wconf 89' lang='lat' dir='ltr'>invenit</span> <span class='ocrx_word' id='word_1_519' title='bbox 1150 4359 1503 4416; x_wconf 80' lang='lat' dir='ltr'>examinatio</span> <span class='ocrx_word' id='word_1_520' title='bbox 1548 4360 1697 4431; x_wconf 85' lang='lat' dir='ltr'>justi</span> <span class='ocrx_word' id='word_1_521' title='bbox 1744 4359 1977 4431; x_wconf 90' lang='lat' dir='ltr'>judicii.</span> 
     </span>
    </p>
   </div>
   <div class='ocr_carea' id='block_1_73' title="bbox 219 4449 1978 4522">
    <p class='ocr_par' dir='ltr' id='par_1_73' title="bbox 219 4449 1978 4522">
     <span class='ocr_line' id='line_1_73' title="bbox 219 4449 1978 4522; baseline -0.001 -17"><span class='ocrx_word' id='word_1_522' title='bbox 219 4513 221 4515; x_wconf 96' lang='lat'><em>_</em></span> <span class='ocrx_word' id='word_1_523' title='bbox 320 4449 453 4506; x_wconf 64' lang='lat' dir='ltr'>Haec</span> <span class='ocrx_word' id='word_1_524' title='bbox 499 4451 737 4522; x_wconf 91' lang='lat' dir='ltr'>quidem</span> <span class='ocrx_word' id='word_1_525' title='bbox 790 4450 1076 4505; x_wconf 88' lang='lat' dir='ltr'>adversus</span> <span class='ocrx_word' id='word_1_526' title='bbox 1124 4449 1258 4506; x_wconf 90' lang='lat' dir='ltr'>illos</span> <span class='ocrx_word' id='word_1_527' title='bbox 1309 4449 1661 4505; x_wconf 87' lang='lat' dir='ltr'>disseruisse</span> <span class='ocrx_word' id='word_1_528' title='bbox 1691 4449 1767 4521; x_wconf 75' lang='grc' dir='ltr'>(ὸ)</span> <span class='ocrx_word' id='word_1_529' title='bbox 1813 4450 1978 4506; x_wconf 85' lang='lat' dir='ltr'>sufﬁ-</span> 
     </span>
    </p>
   </div>
   <div class='ocr_carea' id='block_1_74' title="bbox 318 4538 1976 4610">
    <p class='ocr_par' dir='ltr' id='par_1_74' title="bbox 318 4538 1976 4610">
     <span class='ocr_line' id='line_1_74' title="bbox 318 4538 1976 4610; baseline -0.001 -14"><span class='ocrx_word' id='word_1_530' title='bbox 318 4539 456 4596; x_wconf 89' lang='lat' dir='ltr'>ciat.</span> <span class='ocrx_word' id='word_1_531' title='bbox 481 4540 680 4610; x_wconf 89' lang='lat' dir='ltr'>Neque</span> <span class='ocrx_word' id='word_1_532' title='bbox 712 4540 867 4595; x_wconf 88' lang='lat' dir='ltr'>enim</span> <span class='ocrx_word' id='word_1_533' title='bbox 903 4543 1001 4595; x_wconf 87' lang='lat' dir='ltr'>aut</span> <span class='ocrx_word' id='word_1_534' title='bbox 1033 4555 1129 4595; x_wconf 86' lang='lat' dir='ltr'>vos</span> <span class='ocrx_word' id='word_1_535' title='bbox 1163 4538 1572 4610; x_wconf 85' lang='lat' dir='ltr'>prolixioribus</span> <span class='ocrx_word' id='word_1_536' title='bbox 1605 4539 1976 4595; x_wconf 88' lang='lat' dir='ltr'>sermonibus</span> 
     </span>
    </p>
   </div>
   <div class='ocr_carea' id='block_1_75' title="bbox 2102 3373 3751 3447">
    <p class='ocr_par' dir='ltr' id='par_1_75' title="bbox 2102 3373 3751 3447">
     <span class='ocr_line' id='line_1_75' title="bbox 2102 3373 3751 3447; baseline 0.005 -19"><span class='ocrx_word' id='word_1_537' title='bbox 2102 3374 2200 3447; x_wconf 93' lang='lat' dir='ltr'>qui</span> <span class='ocrx_word' id='word_1_538' title='bbox 2233 3390 2335 3444; x_wconf 87' lang='lat' dir='ltr'>per</span> <span class='ocrx_word' id='word_1_539' title='bbox 2365 3373 2659 3446; x_wconf 87' lang='lat' dir='ltr'>integrum</span> <span class='ocrx_word' id='word_1_540' title='bbox 2693 3373 2939 3429; x_wconf 91' lang='lat' dir='ltr'>biduum</span> <span class='ocrx_word' id='word_1_541' title='bbox 2972 3375 3224 3447; x_wconf 89' lang='lat' dir='ltr'>singulis</span> <span class='ocrx_word' id='word_1_542' title='bbox 3253 3378 3428 3434; x_wconf 88' lang='lat' dir='ltr'>annis</span> <span class='ocrx_word' id='word_1_543' title='bbox 3457 3380 3751 3436; x_wconf 91' lang='lat' dir='ltr'>omnimo-</span> 
     </span>
    </p>
   </div>
   <div class='ocr_carea' id='block_1_76' title="bbox 2101 3463 3752 3525">
    <p class='ocr_par' dir='ltr' id='par_1_76' title="bbox 2101 3463 3752 3525">
     <span class='ocr_line' id='line_1_76' title="bbox 2101 3463 3752 3525; baseline 0.004 -7"><span class='ocrx_word' id='word_1_544' title='bbox 2101 3463 2175 3518; x_wconf 92' lang='lat' dir='ltr'>do</span> <span class='ocrx_word' id='word_1_545' title='bbox 2206 3463 2334 3518; x_wconf 90' lang='lat' dir='ltr'>sine</span> <span class='ocrx_word' id='word_1_546' title='bbox 2367 3463 2578 3518; x_wconf 89' lang='lat' dir='ltr'>umbra</span> <span class='ocrx_word' id='word_1_547' title='bbox 2606 3466 2746 3518; x_wconf 91' lang='lat' dir='ltr'>sunt</span> <span class='ocrx_word' id='word_1_548' title='bbox 2772 3477 2907 3518; x_wconf 89' lang='lat' dir='ltr'>cum</span> <span class='ocrx_word' id='word_1_549' title='bbox 2939 3465 3048 3519; x_wconf 90' lang='lat' dir='ltr'>sub</span> <span class='ocrx_word' id='word_1_550' title='bbox 3080 3465 3405 3522; x_wconf 88' lang='lat' dir='ltr'>meridiano</span> <span class='ocrx_word' id='word_1_551' title='bbox 3437 3467 3560 3524; x_wconf 88' lang='lat' dir='ltr'>sole</span> <span class='ocrx_word' id='word_1_552' title='bbox 3588 3485 3752 3525; x_wconf 87' lang='lat' dir='ltr'>cons-</span> 
     </span>
    </p>
   </div>
   <div class='ocr_carea' id='block_1_77' title="bbox 2101 3551 3754 3630">
    <p class='ocr_par' dir='ltr' id='par_1_77' title="bbox 2101 3551 3754 3630">
     <span class='ocr_line' id='line_1_77' title="bbox 2101 3551 3754 3630; baseline 0.005 -23"><span class='ocrx_word' id='word_1_553' title='bbox 2101 3552 2351 3616; x_wconf 88' lang='lat' dir='ltr'>titerint,</span> <span class='ocrx_word' id='word_1_554' title='bbox 2385 3567 2552 3622; x_wconf 90' lang='lat' dir='ltr'>quos,</span> <span class='ocrx_word' id='word_1_555' title='bbox 2587 3551 2726 3622; x_wconf 88' lang='lat' dir='ltr'>quia</span> <span class='ocrx_word' id='word_1_556' title='bbox 2757 3551 2843 3607; x_wconf 90' lang='lat' dir='ltr'>sol</span> <span class='ocrx_word' id='word_1_557' title='bbox 2875 3556 3076 3608; x_wconf 88' lang='lat' dir='ltr'>contra</span> <span class='ocrx_word' id='word_1_558' title='bbox 3106 3553 3304 3625; x_wconf 90' lang='lat' dir='ltr'>ipsum</span> <span class='ocrx_word' id='word_1_559' title='bbox 3345 3557 3621 3613; x_wconf 87' lang='lat' dir='ltr'>verticem</span> <span class='ocrx_word' id='word_1_560' title='bbox 3652 3575 3754 3630; x_wconf 90' lang='lat' dir='ltr'>po-</span> 
     </span>
    </p>
   </div>
   <div class='ocr_carea' id='block_1_78' title="bbox 2099 3642 3759 3717">
    <p class='ocr_par' dir='ltr' id='par_1_78' title="bbox 2099 3642 3759 3717">
     <span class='ocr_line' id='line_1_78' title="bbox 2099 3642 3759 3717; baseline 0.003 -19"><span class='ocrx_word' id='word_1_561' title='bbox 2099 3642 2251 3698; x_wconf 90' lang='lat' dir='ltr'>situs</span> <span class='ocrx_word' id='word_1_562' title='bbox 2281 3642 2606 3713; x_wconf 69' lang='lat' dir='ltr'>aequalibus</span> <span class='ocrx_word' id='word_1_563' title='bbox 2638 3643 2900 3714; x_wconf 88' lang='lat' dir='ltr'>undique</span> <span class='ocrx_word' id='word_1_564' title='bbox 2930 3643 3138 3715; x_wconf 85' lang='lat' dir='ltr'>spatiis</span> <span class='ocrx_word' id='word_1_565' title='bbox 3183 3643 3504 3717; x_wconf 86' lang='lat' dir='ltr'>illuminat,</span> <span class='ocrx_word' id='word_1_566' title='bbox 3539 3648 3597 3704; x_wconf 93' lang='lat' dir='ltr'>in</span> <span class='ocrx_word' id='word_1_567' title='bbox 3630 3648 3759 3705; x_wconf 91' lang='lat' dir='ltr'>nul-</span> 
     </span>
    </p>
   </div>
   <div class='ocr_carea' id='block_1_79' title="bbox 2098 3731 3761 3803">
    <p class='ocr_par' dir='ltr' id='par_1_79' title="bbox 2098 3731 3761 3803">
     <span class='ocr_line' id='line_1_79' title="bbox 2098 3731 3761 3803; baseline 0.005 -17"><span class='ocrx_word' id='word_1_568' title='bbox 2098 3731 2216 3787; x_wconf 90' lang='lat' dir='ltr'>lam</span> <span class='ocrx_word' id='word_1_569' title='bbox 2249 3732 2486 3803; x_wconf 89' lang='lat' dir='ltr'>penitus</span> <span class='ocrx_word' id='word_1_570' title='bbox 2519 3735 2742 3803; x_wconf 90' lang='lat' dir='ltr'>partem</span> <span class='ocrx_word' id='word_1_571' title='bbox 2776 3733 3005 3789; x_wconf 89' lang='lat' dir='ltr'>ﬂectere</span> <span class='ocrx_word' id='word_1_572' title='bbox 3037 3734 3180 3790; x_wconf 88' lang='lat' dir='ltr'>sinit</span> <span class='ocrx_word' id='word_1_573' title='bbox 3224 3736 3489 3792; x_wconf 88' lang='lat' dir='ltr'>umbras.</span> <span class='ocrx_word' id='word_1_574' title='bbox 3523 3741 3671 3794; x_wconf 81' lang='lat' dir='ltr'>Nam</span> <span class='ocrx_word' id='word_1_575' title='bbox 3702 3745 3761 3794; x_wconf 90' lang='lat' dir='ltr'>et</span> 
     </span>
    </p>
   </div>
   <div class='ocr_carea' id='block_1_80' title="bbox 2097 3821 3756 3898">
    <p class='ocr_par' dir='ltr' id='par_1_80' title="bbox 2097 3821 3756 3898">
     <span class='ocr_line' id='line_1_80' title="bbox 2097 3821 3756 3898; baseline 0.004 -21"><span class='ocrx_word' id='word_1_576' title='bbox 2097 3821 2352 3893; x_wconf 89' lang='lat' dir='ltr'>putealis</span> <span class='ocrx_word' id='word_1_577' title='bbox 2396 3822 2551 3893; x_wconf 90' lang='lat' dir='ltr'>apud</span> <span class='ocrx_word' id='word_1_578' title='bbox 2597 3837 2695 3877; x_wconf 91' lang='lat' dir='ltr'>eos</span> <span class='ocrx_word' id='word_1_579' title='bbox 2744 3839 2918 3894; x_wconf 90' lang='lat' dir='ltr'>aqua,</span> <span class='ocrx_word' id='word_1_580' title='bbox 2948 3823 3040 3878; x_wconf 84' lang='lat' dir='ltr'>vix</span> <span class='ocrx_word' id='word_1_581' title='bbox 3089 3823 3509 3882; x_wconf 86' lang='lat' dir='ltr'>tenuissimum</span> <span class='ocrx_word' id='word_1_582' title='bbox 3564 3831 3756 3898; x_wconf 91' lang='lat' dir='ltr'>potest</span> 
     </span>
    </p>
   </div>
   <div class='ocr_carea' id='block_1_81' title="bbox 2097 3910 3752 3988">
    <p class='ocr_par' dir='ltr' id='par_1_81' title="bbox 2097 3910 3752 3988">
     <span class='ocr_line' id='line_1_81' title="bbox 2097 3910 3752 3988; baseline 0.004 -23"><span class='ocrx_word' id='word_1_583' title='bbox 2097 3912 2161 3982; x_wconf 70' lang='grc' dir='ltr'>(Γ)</span> <span class='ocrx_word' id='word_1_584' title='bbox 2191 3911 2251 3966; x_wconf 91' lang='lat' dir='ltr'>in</span> <span class='ocrx_word' id='word_1_585' title='bbox 2273 3910 2500 3966; x_wconf 88' lang='lat' dir='ltr'>elveum</span> <span class='ocrx_word' id='word_1_586' title='bbox 2529 3911 2600 3966; x_wconf 91' lang='lat' dir='ltr'>de</span> <span class='ocrx_word' id='word_1_587' title='bbox 2631 3915 2752 3967; x_wconf 90' lang='lat' dir='ltr'>sole</span> <span class='ocrx_word' id='word_1_588' title='bbox 2778 3911 2976 3968; x_wconf 91' lang='lat' dir='ltr'>lumen</span> <span class='ocrx_word' id='word_1_589' title='bbox 3010 3913 3294 3985; x_wconf 87' lang='lat' dir='ltr'>excipere,</span> <span class='ocrx_word' id='word_1_590' title='bbox 3329 3921 3567 3988; x_wconf 89' lang='lat' dir='ltr'>propter</span> <span class='ocrx_word' id='word_1_591' title='bbox 3596 3918 3752 3988; x_wconf 92' lang='lat' dir='ltr'>quod</span> 
     </span>
    </p>
   </div>
   <div class='ocr_carea' id='block_1_82' title="bbox 2095 4000 3753 4076">
    <p class='ocr_par' dir='ltr' id='par_1_82' title="bbox 2095 4000 3753 4076">
     <span class='ocr_line' id='line_1_82' title="bbox 2095 4000 3753 4076; baseline 0.003 -20"><span class='ocrx_word' id='word_1_592' title='bbox 2095 4017 2193 4057; x_wconf 91' lang='lat' dir='ltr'>eos</span> <span class='ocrx_word' id='word_1_593' title='bbox 2224 4000 2461 4073; x_wconf 89' lang='lat' dir='ltr'>quidam</span> <span class='ocrx_word' id='word_1_594' title='bbox 2495 4002 2686 4072; x_wconf 84' lang='lat' dir='ltr'>ascios,</span> <span class='ocrx_word' id='word_1_595' title='bbox 2720 4000 2778 4055; x_wconf 94' lang='lat' dir='ltr'>id</span> <span class='ocrx_word' id='word_1_596' title='bbox 2813 4006 2924 4070; x_wconf 88' lang='lat' dir='ltr'>est,</span> <span class='ocrx_word' id='word_1_597' title='bbox 2958 4003 3270 4058; x_wconf 81' lang='lat' dir='ltr'>exumbres</span> <span class='ocrx_word' id='word_1_598' title='bbox 3311 4004 3627 4076; x_wconf 89' lang='lat' dir='ltr'>appellant.</span> <span class='ocrx_word' id='word_1_599' title='bbox 3664 4005 3753 4062; x_wconf 86' lang='lat' dir='ltr'>Illi</span> 
     </span>
    </p>
   </div>
   <div class='ocr_carea' id='block_1_83' title="bbox 2093 4089 3750 4164">
    <p class='ocr_par' dir='ltr' id='par_1_83' title="bbox 2093 4089 3750 4164">
     <span class='ocr_line' id='line_1_83' title="bbox 2093 4089 3750 4164; baseline 0.004 -19"><span class='ocrx_word' id='word_1_600' title='bbox 2093 4096 2288 4146; x_wconf 90' lang='lat' dir='ltr'>autem</span> <span class='ocrx_word' id='word_1_601' title='bbox 2348 4089 2448 4160; x_wconf 91' lang='lat' dir='ltr'>qui</span> <span class='ocrx_word' id='word_1_602' title='bbox 2495 4094 2658 4144; x_wconf 85' lang='lat' dir='ltr'>extra</span> <span class='ocrx_word' id='word_1_603' title='bbox 2711 4093 2900 4146; x_wconf 89' lang='lat' dir='ltr'>terras</span> <span class='ocrx_word' id='word_1_604' title='bbox 2959 4091 3283 4147; x_wconf 81' lang='lat' dir='ltr'>odoriferae</span> <span class='ocrx_word' id='word_1_605' title='bbox 3339 4093 3627 4164; x_wconf 85' lang='lat' dir='ltr'>habitant,</span> <span class='ocrx_word' id='word_1_606' title='bbox 3688 4095 3750 4152; x_wconf 90' lang='lat' dir='ltr'>in</span> 
     </span>
    </p>
   </div>
   <div class='ocr_carea' id='block_1_84' title="bbox 2093 4180 3752 4257">
    <p class='ocr_par' dir='ltr' id='par_1_84' title="bbox 2093 4180 3752 4257">
     <span class='ocr_line' id='line_1_84' title="bbox 2093 4180 3752 4257; baseline 0.005 -23"><span class='ocrx_word' id='word_1_607' title='bbox 2093 4183 2405 4249; x_wconf 90' lang='lat' dir='ltr'>utramque</span> <span class='ocrx_word' id='word_1_608' title='bbox 2457 4183 2681 4250; x_wconf 88' lang='lat' dir='ltr'>partem</span> <span class='ocrx_word' id='word_1_609' title='bbox 2713 4183 2948 4235; x_wconf 85' lang='lat' dir='ltr'>mutant</span> <span class='ocrx_word' id='word_1_610' title='bbox 2997 4181 3266 4237; x_wconf 89' lang='lat' dir='ltr'>umbras.</span> <span class='ocrx_word' id='word_1_611' title='bbox 3297 4180 3443 4237; x_wconf 86' lang='lat' dir='ltr'>Nam</span> <span class='ocrx_word' id='word_1_612' title='bbox 3493 4184 3598 4240; x_wconf 84' lang='lat' dir='ltr'>soli</span> <span class='ocrx_word' id='word_1_613' title='bbox 3649 4185 3752 4257; x_wconf 90' lang='lat' dir='ltr'>qui</span> 
     </span>
    </p>
   </div>
   <div class='ocr_carea' id='block_1_85' title="bbox 2091 4267 3752 4343">
    <p class='ocr_par' dir='ltr' id='par_1_85' title="bbox 2091 4267 3752 4343">
     <span class='ocr_line' id='line_1_85' title="bbox 2091 4267 3752 4343; baseline 0.005 -20"><span class='ocrx_word' id='word_1_614' title='bbox 2091 4273 2354 4323; x_wconf 82' lang='lat' dir='ltr'>nostram</span> <span class='ocrx_word' id='word_1_615' title='bbox 2387 4267 2659 4323; x_wconf 90' lang='lat' dir='ltr'>videntur</span> <span class='ocrx_word' id='word_1_616' title='bbox 2689 4268 2942 4325; x_wconf 89' lang='lat' dir='ltr'>incolere</span> <span class='ocrx_word' id='word_1_617' title='bbox 2965 4269 3578 4343; x_wconf 87' lang='lat' dir='ltr'>regionem,adversus</span> <span class='ocrx_word' id='word_1_618' title='bbox 3609 4291 3752 4332; x_wconf 86' lang='lat' dir='ltr'>aus-</span> 
     </span>
    </p>
   </div>
   <div class='ocr_carea' id='block_1_86' title="bbox 2087 4357 3750 4428">
    <p class='ocr_par' dir='ltr' id='par_1_86' title="bbox 2087 4357 3750 4428">
     <span class='ocr_line' id='line_1_86' title="bbox 2087 4357 3750 4428; baseline 0.005 -16"><span class='ocrx_word' id='word_1_619' title='bbox 2087 4361 2246 4412; x_wconf 90' lang='lat' dir='ltr'>trum</span> <span class='ocrx_word' id='word_1_620' title='bbox 2281 4372 2533 4428; x_wconf 84' lang='lat' dir='ltr'>semper,</span> <span class='ocrx_word' id='word_1_621' title='bbox 2566 4357 2624 4411; x_wconf 93' lang='lat' dir='ltr'>id</span> <span class='ocrx_word' id='word_1_622' title='bbox 2657 4358 2847 4426; x_wconf 84' lang='lat' dir='ltr'>est,ad</span> <span class='ocrx_word' id='word_1_623' title='bbox 2881 4358 3185 4414; x_wconf 89' lang='lat' dir='ltr'>meridiem</span> <span class='ocrx_word' id='word_1_624' title='bbox 3218 4360 3465 4417; x_wconf 88' lang='lat' dir='ltr'>umbras</span> <span class='ocrx_word' id='word_1_625' title='bbox 3497 4364 3750 4421; x_wconf 90' lang='lat' dir='ltr'>credun-</span> 
     </span>
    </p>
   </div>
   <div class='ocr_carea' id='block_1_87' title="bbox 2091 4445 3750 4526">
    <p class='ocr_par' dir='ltr' id='par_1_87' title="bbox 2091 4445 3750 4526">
     <span class='ocr_line' id='line_1_87' title="bbox 2091 4445 3750 4526; baseline 0.005 -25"><span class='ocrx_word' id='word_1_626' title='bbox 2091 4455 2184 4502; x_wconf 86' lang='lat' dir='ltr'>tur</span> <span class='ocrx_word' id='word_1_627' title='bbox 2207 4445 2472 4502; x_wconf 88' lang='lat' dir='ltr'>emittere</span> <span class='ocrx_word' id='word_1_628' title='bbox 2507 4463 2519 4502; x_wconf 92' lang='lat'>:</span> <span class='ocrx_word' id='word_1_629' title='bbox 2555 4447 2711 4502; x_wconf 90' lang='lat' dir='ltr'>unde</span> <span class='ocrx_word' id='word_1_630' title='bbox 2742 4447 2918 4503; x_wconf 89' lang='lat' dir='ltr'>etiam</span> <span class='ocrx_word' id='word_1_631' title='bbox 2960 4464 2995 4504; x_wconf 91' lang='lat' dir='ltr'>a</span> <span class='ocrx_word' id='word_1_632' title='bbox 3024 4448 3380 4519; x_wconf 89' lang='lat' dir='ltr'>quibusdam</span> <span class='ocrx_word' id='word_1_633' title='bbox 3433 4453 3750 4526; x_wconf 85' lang='lat' dir='ltr'>amphiscii,</span> 
     </span>
    </p>
   </div>
   <div class='ocr_carea' id='block_1_88' title="bbox 2085 4535 3753 4608">
    <p class='ocr_par' dir='ltr' id='par_1_88' title="bbox 2085 4535 3753 4608">
     <span class='ocr_line' id='line_1_88' title="bbox 2085 4535 3753 4608; baseline 0.005 -17"><span class='ocrx_word' id='word_1_634' title='bbox 2085 4536 2225 4608; x_wconf 89' lang='lat' dir='ltr'>(g)id</span> <span class='ocrx_word' id='word_1_635' title='bbox 2239 4541 2328 4590; x_wconf 84' lang='lat' dir='ltr'>est</span> <span class='ocrx_word' id='word_1_636' title='bbox 2343 4535 2647 4591; x_wconf 91' lang='lat' dir='ltr'>biumbres</span> <span class='ocrx_word' id='word_1_637' title='bbox 2665 4537 3290 4594; x_wconf 88' lang='lat' dir='ltr'>nominantur.Verum</span> <span class='ocrx_word' id='word_1_638' title='bbox 3311 4539 3434 4595; x_wconf 83' lang='lat' dir='ltr'>haec</span> <span class='ocrx_word' id='word_1_639' title='bbox 3451 4542 3652 4598; x_wconf 89' lang='lat' dir='ltr'>omnia</span> <span class='ocrx_word' id='word_1_640' title='bbox 3665 4560 3753 4600; x_wconf 92' lang='lat' dir='ltr'>so-</span> 
     </span>
    </p>
   </div>
   <div class='ocr_carea' id='block_1_89' title="bbox 320 4624 3748 4725">
    <p class='ocr_par' dir='ltr' id='par_1_89' title="bbox 320 4624 3748 4725">
     <span class='ocr_line' id='line_1_89' title="bbox 320 4624 3748 4725; baseline 0.002 -43"><span class='ocrx_word' id='word_1_641' title='bbox 320 4627 693 4725; x_wconf 79' lang='lat' dir='ltr'>indigetis,ut</span> <span class='ocrx_word' id='word_1_642' title='bbox 715 4634 848 4725; x_wconf 83' lang='lat' dir='ltr'>pote</span> <span class='ocrx_word' id='word_1_643' title='bbox 871 4627 1084 4725; x_wconf 73' lang='lat' dir='ltr'>mentis</span> <span class='ocrx_word' id='word_1_644' title='bbox 1103 4627 1360 4725; x_wconf 75' lang='lat' dir='ltr'>sanitate</span> <span class='ocrx_word' id='word_1_645' title='bbox 1384 4626 1800 4725; x_wconf 79' lang='lat' dir='ltr'>pollentes,aut</span> <span class='ocrx_word' id='word_1_646' title='bbox 1820 4633 1973 4725; x_wconf 38' lang='lat' dir='ltr'>teml-</span> <span class='ocrx_word' id='word_1_647' title='bbox 2009 4661 2051 4725; x_wconf 70' lang='grc' dir='ltr'>υ</span> <span class='ocrx_word' id='word_1_648' title='bbox 2084 4624 2137 4681; x_wconf 92' lang='lat' dir='ltr'>le</span> <span class='ocrx_word' id='word_1_649' title='bbox 2155 4624 2726 4725; x_wconf 28' lang='lat' dir='ltr'>adipartes‘boreales</span> <span class='ocrx_word' id='word_1_650' title='bbox 2752 4631 3125 4725; x_wconf 66' lang='lat' dir='ltr'>commeante</span> <span class='ocrx_word' id='word_1_651' title='bbox 3145 4629 3517 4725; x_wconf 75' lang='lat' dir='ltr'>proveniunt.</span> <span class='ocrx_word' id='word_1_652' title='bbox 3556 4633 3634 4688; x_wconf 83' lang='lat' dir='ltr'>Ex</span> <span class='ocrx_word' id='word_1_653' title='bbox 3655 4631 3748 4690; x_wconf 89' lang='lat' dir='ltr'>his</span> 
     </span>
    </p>
   </div>
   <div class='ocr_carea' id='block_1_90' title="bbox 319 4715 1968 4790">
    <p class='ocr_par' dir='ltr' id='par_1_90' title="bbox 319 4715 1968 4790">
     <span class='ocr_line' id='line_1_90' title="bbox 319 4715 1968 4790; baseline -0.001 -17"><span class='ocrx_word' id='word_1_654' title='bbox 319 4733 430 4790; x_wconf 89' lang='lat' dir='ltr'>pus</span> <span class='ocrx_word' id='word_1_655' title='bbox 464 4718 684 4789; x_wconf 89' lang='lat' dir='ltr'>patitur</span> <span class='ocrx_word' id='word_1_656' title='bbox 716 4717 962 4772; x_wconf 88' lang='lat' dir='ltr'>ulterius</span> <span class='ocrx_word' id='word_1_657' title='bbox 994 4716 1239 4772; x_wconf 90' lang='lat' dir='ltr'>limitem</span> <span class='ocrx_word' id='word_1_658' title='bbox 1271 4715 1687 4787; x_wconf 87' lang='lat' dir='ltr'>disputationis</span> <span class='ocrx_word' id='word_1_659' title='bbox 1718 4717 1968 4772; x_wconf 87' lang='lat' dir='ltr'>extendi.</span> 
     </span>
    </p>
   </div>
   <div class='ocr_carea' id='block_1_91' title="bbox 386 4805 1969 4878">
    <p class='ocr_par' dir='ltr' id='par_1_91' title="bbox 386 4805 1969 4878">
     <span class='ocr_line' id='line_1_91' title="bbox 386 4805 1969 4878; baseline -0.001 -16"><span class='ocrx_word' id='word_1_660' title='bbox 386 4807 565 4862; x_wconf 91' lang='lat' dir='ltr'>8.Sed</span> <span class='ocrx_word' id='word_1_661' title='bbox 588 4823 912 4863; x_wconf 88' lang='lat' dir='ltr'>sermonem</span> <span class='ocrx_word' id='word_1_662' title='bbox 943 4805 1129 4878; x_wconf 88' lang='lat' dir='ltr'>magis</span> <span class='ocrx_word' id='word_1_663' title='bbox 1153 4806 1224 4860; x_wconf 86' lang='lat' dir='ltr'>ad</span> <span class='ocrx_word' id='word_1_664' title='bbox 1251 4805 1476 4876; x_wconf 88' lang='lat' dir='ltr'>reliqua</span> <span class='ocrx_word' id='word_1_665' title='bbox 1505 4811 1969 4878; x_wconf 86' lang='lat' dir='ltr'>retorqueamus.</span> 
     </span>
    </p>
   </div>
   <div class='ocr_carea' id='block_1_92' title="bbox 313 4895 1967 4969">
    <p class='ocr_par' dir='ltr' id='par_1_92' title="bbox 313 4895 1967 4969">
     <span class='ocr_line' id='line_1_92' title="bbox 313 4895 1967 4969; baseline -0.001 -17"><span class='ocrx_word' id='word_1_666' title='bbox 313 4897 452 4962; x_wconf 82' lang='lat' dir='ltr'>Sint,</span> <span class='ocrx_word' id='word_1_667' title='bbox 486 4895 704 4969; x_wconf 86' lang='lat' dir='ltr'>inquit,</span> <span class='ocrx_word' id='word_1_668' title='bbox 738 4898 798 4951; x_wconf 85' lang='lat' dir='ltr'>in</span> <span class='ocrx_word' id='word_1_669' title='bbox 826 4897 1000 4966; x_wconf 78' lang='lat' dir='ltr'>signis</span> <span class='ocrx_word' id='word_1_670' title='bbox 1031 4904 1084 4951; x_wconf 83' lang='lat' dir='ltr'>et</span> <span class='ocrx_word' id='word_1_671' title='bbox 1113 4897 1174 4951; x_wconf 84' lang='lat' dir='ltr'>in</span> <span class='ocrx_word' id='word_1_672' title='bbox 1205 4895 1561 4966; x_wconf 74' lang='lat' dir='ltr'>temporibus,</span> <span class='ocrx_word' id='word_1_673' title='bbox 1582 4899 1632 4950; x_wconf 80' lang='lat' dir='ltr'>ei</span> <span class='ocrx_word' id='word_1_674' title='bbox 1664 4897 1723 4950; x_wconf 84' lang='lat' dir='ltr'>in</span> <span class='ocrx_word' id='word_1_675' title='bbox 1753 4896 1967 4952; x_wconf 85' lang='lat' dir='ltr'>diebus.</span> 
     </span>
    </p>
   </div>
   <div class='ocr_carea' id='block_1_93' title="bbox 384 5036 1969 5119">
    <p class='ocr_par' dir='ltr' id='par_1_93' title="bbox 384 5036 1969 5119">
     <span class='ocr_line' id='line_1_93' title="bbox 384 5036 1969 5119; baseline 0.001 -27"><span class='ocrx_word' id='word_1_676' title='bbox 384 5037 460 5109; x_wconf 77' lang='lat' dir='ltr'>(a)</span> <span class='ocrx_word' id='word_1_677' title='bbox 483 5038 670 5119; x_wconf 86' lang='lat' dir='ltr'>_Edi_t_i,</span> <span class='ocrx_word' id='word_1_678' title='bbox 703 5038 990 5119; x_wconf 66' lang='lat' dir='ltr'>animalia</span> <span class='ocrx_word' id='word_1_679' title='bbox 1041 5038 1301 5119; x_wconf 72' lang='lat' dir='ltr'>quaedam</span> <span class='ocrx_word' id='word_1_680' title='bbox 1329 5036 1571 5119; x_wconf 65' lang='lat' dir='ltr'>patando</span> <span class='ocrx_word' id='word_1_681' title='bbox 1601 5039 1843 5119; x_wconf 66' lang='lat' dir='ltr'>arbitrio</span> <span class='ocrx_word' id='word_1_682' title='bbox 1871 5053 1969 5119; x_wconf 62' lang='lat' dir='ltr'>sita</span> 
     </span>
    </p>
   </div>
   <div class='ocr_carea' id='block_1_94' title="bbox 309 5109 1966 5182">
    <p class='ocr_par' dir='ltr' id='par_1_94' title="bbox 309 5109 1966 5182">
     <span class='ocr_line' id='line_1_94' title="bbox 309 5109 1966 5182; baseline 0.001 -18"><span class='ocrx_word' id='word_1_683' title='bbox 309 5111 630 5179; x_wconf 83' lang='lat' dir='ltr'>famulanti</span> <span class='ocrx_word' id='word_1_684' title='bbox 658 5129 676 5166; x_wconf 88' lang='lat'><em>:</em></span> <span class='ocrx_word' id='word_1_685' title='bbox 708 5112 862 5182; x_wconf 91' lang='lat' dir='ltr'>quod</span> <span class='ocrx_word' id='word_1_686' title='bbox 895 5109 1260 5182; x_wconf 31' lang='lat' dir='ltr'>cum‘aperte</span> <span class='ocrx_word' id='word_1_687' title='bbox 1290 5109 1570 5164; x_wconf 89' lang='lat' dir='ltr'>vitiosum</span> <span class='ocrx_word' id='word_1_688' title='bbox 1604 5110 1773 5177; x_wconf 87' lang='lat' dir='ltr'>sit,ex</span> <span class='ocrx_word' id='word_1_689' title='bbox 1805 5109 1966 5166; x_wconf 91' lang='lat' dir='ltr'>Colb.</span> 
     </span>
    </p>
   </div>
   <div class='ocr_carea' id='block_1_95' title="bbox 315 5182 984 5238">
    <p class='ocr_par' dir='ltr' id='par_1_95' title="bbox 315 5182 984 5238">
     <span class='ocr_line' id='line_1_95' title="bbox 315 5182 984 5238; baseline 0.001 -3"><span class='ocrx_word' id='word_1_690' title='bbox 315 5182 568 5236; x_wconf 88' lang='lat' dir='ltr'>secundo</span> <span class='ocrx_word' id='word_1_691' title='bbox 602 5183 984 5238; x_wconf 79' lang='lat' dir='ltr'>correximus.</span> 
     </span>
    </p>
   </div>
   <div class='ocr_carea' id='block_1_96' title="bbox 387 5250 1968 5325">
    <p class='ocr_par' dir='ltr' id='par_1_96' title="bbox 387 5250 1968 5325">
     <span class='ocr_line' id='line_1_96' title="bbox 387 5250 1968 5325; baseline 0 -19"><span class='ocrx_word' id='word_1_692' title='bbox 387 5251 466 5322; x_wconf 78' lang='grc' dir='ltr'>(ὁ)</span> <span class='ocrx_word' id='word_1_693' title='bbox 492 5253 730 5325; x_wconf 60' lang='lat' dir='ltr'>Antiqui</span> <span class='ocrx_word' id='word_1_694' title='bbox 762 5257 875 5309; x_wconf 91' lang='lat' dir='ltr'>duo</span> <span class='ocrx_word' id='word_1_695' title='bbox 907 5253 1062 5321; x_wconf 91' lang='lat' dir='ltr'>libri,</span> <span class='ocrx_word' id='word_1_696' title='bbox 1092 5253 1351 5323; x_wconf 79' lang='lat' dir='ltr'>su/ﬁciet.</span> <span class='ocrx_word' id='word_1_697' title='bbox 1391 5250 1555 5306; x_wconf 85' lang='lat' dir='ltr'>Alius</span> <span class='ocrx_word' id='word_1_698' title='bbox 1588 5252 1785 5324; x_wconf 86' lang='lat' dir='ltr'>codex,</span> <span class='ocrx_word' id='word_1_699' title='bbox 1817 5254 1968 5323; x_wconf 78' lang='lat' dir='ltr'>sufﬁ-</span> 
     </span>
    </p>
   </div>
   <div class='ocr_carea' id='block_1_97' title="bbox 313 5323 1966 5390">
    <p class='ocr_par' dir='ltr' id='par_1_97' title="bbox 313 5323 1966 5390">
     <span class='ocr_line' id='line_1_97' title="bbox 313 5323 1966 5390; baseline 0.003 -15"><span class='ocrx_word' id='word_1_700' title='bbox 313 5323 440 5377; x_wconf 85' lang='lat' dir='ltr'>ciat.</span> <span class='ocrx_word' id='word_1_701' title='bbox 477 5323 684 5379; x_wconf 80' lang='lat' dir='ltr'>Statim</span> <span class='ocrx_word' id='word_1_702' title='bbox 739 5326 878 5381; x_wconf 90' lang='lat' dir='ltr'>editi</span> <span class='ocrx_word' id='word_1_703' title='bbox 912 5331 968 5381; x_wconf 88' lang='lat' dir='ltr'>et</span> <span class='ocrx_word' id='word_1_704' title='bbox 1015 5326 1129 5380; x_wconf 93' lang='lat' dir='ltr'>duo</span> <span class='ocrx_word' id='word_1_705' title='bbox 1163 5341 1330 5390; x_wconf 88' lang='lat' dir='ltr'>mss.,</span> <span class='ocrx_word' id='word_1_706' title='bbox 1375 5327 1744 5390; x_wconf 85' lang='lat' dir='ltr'>torqueamus.</span> <span class='ocrx_word' id='word_1_707' title='bbox 1803 5325 1966 5380; x_wconf 81' lang='lat' dir='ltr'>Alius</span> 
     </span>
    </p>
   </div>
   <div class='ocr_carea' id='block_1_98' title="bbox 313 5391 1660 5466">
    <p class='ocr_par' dir='ltr' id='par_1_98' title="bbox 313 5391 1660 5466">
     <span class='ocr_line' id='line_1_98' title="bbox 313 5391 1660 5466; baseline -0.001 -19"><span class='ocrx_word' id='word_1_708' title='bbox 313 5393 512 5458; x_wconf 85' lang='lat' dir='ltr'>codex,</span> <span class='ocrx_word' id='word_1_709' title='bbox 547 5400 980 5466; x_wconf 81' lang='lat' dir='ltr'>retorqueamus.</span> <span class='ocrx_word' id='word_1_710' title='bbox 1014 5401 1228 5460; x_wconf 65' lang='lat' dir='ltr'>Graece,</span> <span class='ocrx_word' id='word_1_711' title='bbox 1261 5391 1660 5465; x_wconf 71' lang='grc' dir='ltr'>ἐπανέλθωμεν.</span> 
     </span>
    </p>
   </div>
   <div class='ocr_carea' id='block_1_99' title="bbox 310 5465 1962 5590">
    <p class='ocr_par' dir='ltr' id='par_1_99' title="bbox 310 5465 1962 5590">
     <span class='ocr_line' id='line_1_99' title="bbox 383 5465 1962 5536; baseline 0.003 -19"><span class='ocrx_word' id='word_1_712' title='bbox 383 5465 452 5536; x_wconf 74' lang='grc' dir='ltr'>(ο)</span> <span class='ocrx_word' id='word_1_713' title='bbox 488 5465 632 5520; x_wconf 88' lang='lat' dir='ltr'>Illud</span> <span class='ocrx_word' id='word_1_714' title='bbox 663 5465 759 5522; x_wconf 81' lang='lat' dir='ltr'>nos</span> <span class='ocrx_word' id='word_1_715' title='bbox 782 5485 850 5524; x_wconf 84' lang='lat' dir='ltr'>ex</span> <span class='ocrx_word' id='word_1_716' title='bbox 898 5470 1128 5525; x_wconf 88' lang='lat' dir='ltr'>duobus</span> <span class='ocrx_word' id='word_1_717' title='bbox 1179 5468 1346 5523; x_wconf 88' lang='lat' dir='ltr'>libris</span> <span class='ocrx_word' id='word_1_718' title='bbox 1397 5468 1690 5522; x_wconf 88' lang='lat' dir='ltr'>veteribus</span> <span class='ocrx_word' id='word_1_719' title='bbox 1740 5468 1962 5522; x_wconf 87' lang='lat' dir='ltr'>adden-</span> 
     </span>
     <span class='ocr_line' id='line_1_100' title="bbox 310 5534 891 5590; baseline 0.003 -2"><span class='ocrx_word' id='word_1_720' title='bbox 310 5534 452 5590; x_wconf 91' lang='lat' dir='ltr'>dum</span> <span class='ocrx_word' id='word_1_721' title='bbox 483 5537 891 5590; x_wconf 81' lang='lat' dir='ltr'>indicavimus.</span> 
     </span>
    </p>
   </div>
   <div class='ocr_carea' id='block_1_100' title="bbox 356 5553 891 5594">
    <p class='ocr_par' dir='ltr' id='par_1_100' title="bbox 356 5553 891 5594">
     <span class='ocr_line' id='line_1_101' title="bbox 356 5553 891 5594; baseline 0.007 -4"><span class='ocrx_word' id='word_1_722' title='bbox 356 5553 452 5590; x_wconf 90' lang='lat' dir='ltr'>um</span> <span class='ocrx_word' id='word_1_723' title='bbox 477 5553 498 5594; x_wconf 84' lang='grc' dir='ltr'>,”Ι</span> <span class='ocrx_word' id='word_1_724' title='bbox 512 5553 891 5594; x_wconf 68' lang='grc' dir='ltr'>υαιοᾶνιωυε.</span> 
     </span>
    </p>
   </div>
   <div class='ocr_carea' id='block_1_101' title="bbox 381 5553 1959 5681">
    <p class='ocr_par' dir='ltr' id='par_1_101' title="bbox 381 5553 1959 5681">
     <span class='ocr_line' id='line_1_102' title="bbox 381 5553 891 5608; baseline 0.008 -18"><span class='ocrx_word' id='word_1_725' title='bbox 381 5553 452 5590; x_wconf 84' lang='lat' dir='ltr'>Im</span> <span class='ocrx_word' id='word_1_726' title='bbox 477 5553 891 5608; x_wconf 75' lang='lat' dir='ltr'>Junicawmus.</span> 
     </span>
     <span class='ocr_line' id='line_1_103' title="bbox 381 5609 1959 5681; baseline 0.003 -21"><span class='ocrx_word' id='word_1_727' title='bbox 381 5609 460 5678; x_wconf 90' lang='lat' dir='ltr'>(d)</span> <span class='ocrx_word' id='word_1_728' title='bbox 503 5609 748 5681; x_wconf 90' lang='lat' dir='ltr'>Antiqui</span> <span class='ocrx_word' id='word_1_729' title='bbox 798 5612 912 5666; x_wconf 91' lang='lat' dir='ltr'>duo</span> <span class='ocrx_word' id='word_1_730' title='bbox 975 5611 1131 5679; x_wconf 90' lang='lat' dir='ltr'>libri,</span> <span class='ocrx_word' id='word_1_731' title='bbox 1192 5609 1734 5681; x_wconf 78' lang='lat' dir='ltr'>propaginationem.</span> <span class='ocrx_word' id='word_1_732' title='bbox 1770 5609 1959 5676; x_wconf 84' lang='lat' dir='ltr'>Alius,</span> 
     </span>
    </p>
   </div>
   <div class='ocr_carea' id='block_1_102' title="bbox 302 5681 1959 5754">
    <p class='ocr_par' dir='ltr' id='par_1_102' title="bbox 302 5681 1959 5754">
     <span class='ocr_line' id='line_1_104' title="bbox 302 5681 1959 5754; baseline 0.002 -23"><span class='ocrx_word' id='word_1_733' title='bbox 302 5682 681 5751; x_wconf 82' lang='lat' dir='ltr'>propaginem.</span> <span class='ocrx_word' id='word_1_734' title='bbox 717 5681 1031 5754; x_wconf 58' lang='lat' dir='ltr'>Aliquanto</span> <span class='ocrx_word' id='word_1_735' title='bbox 1081 5687 1214 5754; x_wconf 88' lang='lat' dir='ltr'>post</span> <span class='ocrx_word' id='word_1_736' title='bbox 1242 5681 1402 5752; x_wconf 89' lang='lat' dir='ltr'>editi,</span> <span class='ocrx_word' id='word_1_737' title='bbox 1433 5697 1500 5736; x_wconf 86' lang='lat' dir='ltr'>ac</span> <span class='ocrx_word' id='word_1_738' title='bbox 1531 5681 1772 5736; x_wconf 86' lang='lat' dir='ltr'>aridum.</span> <span class='ocrx_word' id='word_1_739' title='bbox 1805 5681 1959 5737; x_wconf 87' lang='lat' dir='ltr'>Libri</span> 
     </span>
    </p>
   </div>
   <div class='ocr_carea' id='block_1_103' title="bbox 307 5753 876 5820">
    <p class='ocr_par' dir='ltr' id='par_1_103' title="bbox 307 5753 876 5820">
     <span class='ocr_line' id='line_1_105' title="bbox 307 5753 876 5820; baseline 0.009 -17"><span class='ocrx_word' id='word_1_740' title='bbox 307 5754 554 5820; x_wconf 90' lang='lat' dir='ltr'>veteres,</span> <span class='ocrx_word' id='word_1_741' title='bbox 585 5753 876 5808; x_wconf 76' lang='lat' dir='ltr'>torridam.</span> 
     </span>
    </p>
   </div>
   <div class='ocr_carea' id='block_1_104' title="bbox 379 5820 1957 5896">
    <p class='ocr_par' dir='ltr' id='par_1_104' title="bbox 379 5820 1957 5896">
     <span class='ocr_line' id='line_1_106' title="bbox 379 5820 1957 5896; baseline 0.001 -20"><span class='ocrx_word' id='word_1_742' title='bbox 379 5820 450 5892; x_wconf 73' lang='grc' dir='ltr'>(ο)</span> <span class='ocrx_word' id='word_1_743' title='bbox 483 5822 1199 5896; x_wconf 60' lang='lat' dir='ltr'>Editi,zthcroscii.Codex</span> <span class='ocrx_word' id='word_1_744' title='bbox 1218 5821 1780 5891; x_wconf 78' lang='lat' dir='ltr'>noster,etsrowii.In</span> <span class='ocrx_word' id='word_1_745' title='bbox 1800 5825 1957 5878; x_wconf 76' lang='lat' dir='ltr'>Gree-</span> 
     </span>
    </p>
   </div>
   <div class='ocr_carea' id='block_1_105' title="bbox 2082 4715 3748 4786">
    <p class='ocr_par' dir='ltr' id='par_1_105' title="bbox 2082 4715 3748 4786">
     <span class='ocr_line' id='line_1_107' title="bbox 2082 4715 3748 4786; baseline 0.005 -17"><span class='ocrx_word' id='word_1_746' title='bbox 2082 4715 2578 4770; x_wconf 88' lang='lat' dir='ltr'>considerandum</span> <span class='ocrx_word' id='word_1_747' title='bbox 2595 4719 2702 4781; x_wconf 88' lang='lat' dir='ltr'>est,</span> <span class='ocrx_word' id='word_1_748' title='bbox 2717 4723 2976 4786; x_wconf 84' lang='lat' dir='ltr'>quantus</span> <span class='ocrx_word' id='word_1_749' title='bbox 3002 4717 3301 4772; x_wconf 87' lang='lat' dir='ltr'>radiorum</span> <span class='ocrx_word' id='word_1_750' title='bbox 3315 4718 3507 4774; x_wconf 88' lang='lat' dir='ltr'>fervor</span> <span class='ocrx_word' id='word_1_751' title='bbox 3527 4720 3748 4778; x_wconf 86' lang='lat' dir='ltr'>habea-</span> 
     </span>
    </p>
   </div>
   <div class='ocr_carea' id='block_1_106' title="bbox 2083 4803 3746 4874">
    <p class='ocr_par' dir='ltr' id='par_1_106' title="bbox 2083 4803 3746 4874">
     <span class='ocr_line' id='line_1_108' title="bbox 2083 4803 3746 4874; baseline 0.006 -16"><span class='ocrx_word' id='word_1_752' title='bbox 2083 4808 2199 4870; x_wconf 92' lang='lat' dir='ltr'>tur,</span> <span class='ocrx_word' id='word_1_753' title='bbox 2232 4812 2290 4859; x_wconf 86' lang='lat' dir='ltr'>et</span> <span class='ocrx_word' id='word_1_754' title='bbox 2323 4808 2575 4874; x_wconf 89' lang='lat' dir='ltr'>quantos</span> <span class='ocrx_word' id='word_1_755' title='bbox 2607 4803 2950 4860; x_wconf 89' lang='lat' dir='ltr'>hominibus</span> <span class='ocrx_word' id='word_1_756' title='bbox 2981 4821 3154 4861; x_wconf 88' lang='lat' dir='ltr'>casus</span> <span class='ocrx_word' id='word_1_757' title='bbox 3187 4807 3417 4863; x_wconf 88' lang='lat' dir='ltr'>efﬁciat.</span> <span class='ocrx_word' id='word_1_758' title='bbox 3457 4809 3592 4865; x_wconf 91' lang='lat' dir='ltr'>Post</span> <span class='ocrx_word' id='word_1_759' title='bbox 3624 4810 3746 4868; x_wconf 75' lang='lat' dir='ltr'>haec</span> 
     </span>
    </p>
   </div>
   <div class='ocr_carea' id='block_1_107' title="bbox 2081 4891 3744 4972">
    <p class='ocr_par' dir='ltr' id='par_1_107' title="bbox 2081 4891 3744 4972">
     <span class='ocr_line' id='line_1_109' title="bbox 2081 4891 3744 4972; baseline 0.007 -26"><span class='ocrx_word' id='word_1_760' title='bbox 2081 4891 2265 4966; x_wconf 88' lang='lat' dir='ltr'>igitur</span> <span class='ocrx_word' id='word_1_761' title='bbox 2294 4896 2529 4965; x_wconf 89' lang='lat' dir='ltr'>tempus</span> <span class='ocrx_word' id='word_1_762' title='bbox 2561 4893 2902 4950; x_wconf 82' lang='lat' dir='ltr'>autumnale</span> <span class='ocrx_word' id='word_1_763' title='bbox 2933 4895 3218 4966; x_wconf 89' lang='lat' dir='ltr'>succedit,</span> <span class='ocrx_word' id='word_1_764' title='bbox 3242 4898 3398 4968; x_wconf 91' lang='lat' dir='ltr'>quod</span> <span class='ocrx_word' id='word_1_765' title='bbox 3430 4898 3663 4972; x_wconf 89' lang='lat' dir='ltr'>frigoris</span> <span class='ocrx_word' id='word_1_766' title='bbox 3685 4905 3744 4957; x_wconf 90' lang='lat' dir='ltr'>et</span> 
     </span>
    </p>
   </div>
   <div class='ocr_carea' id='block_1_108' title="bbox 2080 5034 3340 5109">
    <p class='ocr_par' dir='ltr' id='par_1_108' title="bbox 2080 5034 3340 5109">
     <span class='ocr_line' id='line_1_110' title="bbox 2080 5034 3340 5109; baseline 0.006 -24"><span class='ocrx_word' id='word_1_767' title='bbox 2080 5053 2166 5109; x_wconf 71' lang='lat' dir='ltr'>co,</span> <span class='ocrx_word' id='word_1_768' title='bbox 2201 5038 2323 5109; x_wconf 78' lang='grc' dir='ltr'>παρ’</span> <span class='ocrx_word' id='word_1_769' title='bbox 2344 5034 2484 5109; x_wconf 47' lang='lat' dir='ltr'>pls</span> <span class='ocrx_word' id='word_1_770' title='bbox 2509 5037 2626 5109; x_wconf 52' lang='lat' dir='ltr'>rei};</span> <span class='ocrx_word' id='word_1_771' title='bbox 2657 5034 3006 5109; x_wconf 55' lang='lat' dir='ltr'>inponentem,</span> <span class='ocrx_word' id='word_1_772' title='bbox 3035 5037 3340 5094; x_wconf 80' lang='lat' dir='ltr'>heteroscii.</span> 
     </span>
    </p>
   </div>
   <div class='ocr_carea' id='block_1_109' title="bbox 2149 5106 3732 5178">
    <p class='ocr_par' dir='ltr' id='par_1_109' title="bbox 2149 5106 3732 5178">
     <span class='ocr_line' id='line_1_111' title="bbox 2149 5106 3732 5178; baseline 0.006 -17"><span class='ocrx_word' id='word_1_773' title='bbox 2149 5106 2217 5178; x_wconf 85' lang='lat' dir='ltr'>(f)</span> <span class='ocrx_word' id='word_1_774' title='bbox 2249 5106 2488 5177; x_wconf 87' lang='lat' dir='ltr'>Antiqui</span> <span class='ocrx_word' id='word_1_775' title='bbox 2519 5107 2634 5163; x_wconf 92' lang='lat' dir='ltr'>duo</span> <span class='ocrx_word' id='word_1_776' title='bbox 2683 5106 2818 5164; x_wconf 85' lang='lat' dir='ltr'>libri</span> <span class='ocrx_word' id='word_1_777' title='bbox 2849 5114 2906 5165; x_wconf 91' lang='lat' dir='ltr'>et</span> <span class='ocrx_word' id='word_1_778' title='bbox 2933 5109 3097 5174; x_wconf 89' lang='lat' dir='ltr'>editi,</span> <span class='ocrx_word' id='word_1_779' title='bbox 3129 5113 3186 5164; x_wconf 83' lang='lat' dir='ltr'>in</span> <span class='ocrx_word' id='word_1_780' title='bbox 3237 5109 3439 5166; x_wconf 84' lang='lat' dir='ltr'>altum.</span> <span class='ocrx_word' id='word_1_781' title='bbox 3473 5114 3544 5168; x_wconf 87' lang='lat' dir='ltr'>At</span> <span class='ocrx_word' id='word_1_782' title='bbox 3573 5114 3732 5170; x_wconf 92' lang='lat' dir='ltr'>Colb.</span> 
     </span>
    </p>
   </div>
   <div class='ocr_carea' id='block_1_110' title="bbox 2077 5179 3735 5246">
    <p class='ocr_par' dir='ltr' id='par_1_110' title="bbox 2077 5179 3735 5246">
     <span class='ocr_line' id='line_1_112' title="bbox 2077 5179 3735 5246; baseline 0.005 -13"><span class='ocrx_word' id='word_1_783' title='bbox 2077 5179 2396 5246; x_wconf 88' lang='lat' dir='ltr'>secundus,</span> <span class='ocrx_word' id='word_1_784' title='bbox 2427 5180 2485 5232; x_wconf 86' lang='lat' dir='ltr'>in</span> <span class='ocrx_word' id='word_1_785' title='bbox 2518 5179 2768 5237; x_wconf 78' lang='lat' dir='ltr'>adveum.</span> <span class='ocrx_word' id='word_1_786' title='bbox 2803 5182 2897 5237; x_wconf 91' lang='lat' dir='ltr'>Sic</span> <span class='ocrx_word' id='word_1_787' title='bbox 2930 5180 3270 5236; x_wconf 89' lang='lat' dir='ltr'>Eustathius</span> <span class='ocrx_word' id='word_1_788' title='bbox 3316 5183 3515 5240; x_wconf 88' lang='lat' dir='ltr'>Latine</span> <span class='ocrx_word' id='word_1_789' title='bbox 3548 5187 3735 5241; x_wconf 87' lang='lat' dir='ltr'>reddi-</span> 
     </span>
    </p>
   </div>
   <div class='ocr_carea' id='block_1_111' title="bbox 2077 5249 3733 5327">
    <p class='ocr_par' dir='ltr' id='par_1_111' title="bbox 2077 5249 3733 5327">
     <span class='ocr_line' id='line_1_113' title="bbox 2077 5249 3733 5327; baseline 0.005 -23"><span class='ocrx_word' id='word_1_790' title='bbox 2077 5250 2336 5327; x_wconf 86' lang='lat' dir='ltr'>dit_i_llud</span> <span class='ocrx_word' id='word_1_791' title='bbox 2379 5249 2612 5327; x_wconf 55' lang='lat' dir='ltr'>Basilii,</span> <span class='ocrx_word' id='word_1_792' title='bbox 2661 5249 2749 5305; x_wconf 79' lang='grc' dir='ltr'>διὰ</span> <span class='ocrx_word' id='word_1_793' title='bbox 2797 5251 3038 5325; x_wconf 81' lang='grc' dir='ltr'>στομίων</span> <span class='ocrx_word' id='word_1_794' title='bbox 3089 5255 3304 5324; x_wconf 83' lang='grc' dir='ltr'>στενῶν,</span> <span class='ocrx_word' id='word_1_795' title='bbox 3353 5273 3486 5313; x_wconf 84' lang='lat' dir='ltr'>cum</span> <span class='ocrx_word' id='word_1_796' title='bbox 3539 5258 3733 5327; x_wconf 83' lang='lat' dir='ltr'>potius</span> 
     </span>
    </p>
   </div>
   <div class='ocr_carea' id='block_1_112' title="bbox 2075 5322 3730 5402">
    <p class='ocr_par' dir='ltr' id='par_1_112' title="bbox 2075 5322 3730 5402">
     <span class='ocr_line' id='line_1_114' title="bbox 2075 5322 3730 5402; baseline 0.005 -25"><span class='ocrx_word' id='word_1_797' title='bbox 2075 5323 2332 5402; x_wconf 73' lang='lat' dir='ltr'>scribere</span> <span class='ocrx_word' id='word_1_798' title='bbox 2363 5322 2684 5402; x_wconf 73' lang='lat' dir='ltr'>debuisset,</span> <span class='ocrx_word' id='word_1_799' title='bbox 2709 5341 2808 5396; x_wconf 75' lang='lat' dir='ltr'>per</span> <span class='ocrx_word' id='word_1_800' title='bbox 2835 5322 3076 5396; x_wconf 63' lang='lat' dir='ltr'>angusta</span> <span class='ocrx_word' id='word_1_801' title='bbox 3105 5322 3394 5400; x_wconf 73' lang='lat' dir='ltr'>orae.Lege</span> <span class='ocrx_word' id='word_1_802' title='bbox 3425 5322 3730 5402; x_wconf 82' lang='lat' dir='ltr'>Basiliam,</span> 
     </span>
    </p>
   </div>
   <div class='ocr_carea' id='block_1_113' title="bbox 2074 5395 2605 5460">
    <p class='ocr_par' dir='ltr' id='par_1_113' title="bbox 2074 5395 2605 5460">
     <span class='ocr_line' id='line_1_115' title="bbox 2074 5395 2605 5460; baseline -0.002 -11"><span class='ocrx_word' id='word_1_803' title='bbox 2074 5395 2233 5449; x_wconf 92' lang='lat' dir='ltr'>hom.</span> <span class='ocrx_word' id='word_1_804' title='bbox 2262 5395 2315 5460; x_wconf 89' lang='lat'>6,</span> <span class='ocrx_word' id='word_1_805' title='bbox 2352 5411 2517 5448; x_wconf 91' lang='lat' dir='ltr'>num.</span> <span class='ocrx_word' id='word_1_806' title='bbox 2549 5395 2605 5448; x_wconf 92' lang='lat'>8.</span> 
     </span>
    </p>
   </div>
   <div class='ocr_carea' id='block_1_114' title="bbox 2146 5465 3735 5535">
    <p class='ocr_par' dir='ltr' id='par_1_114' title="bbox 2146 5465 3735 5535">
     <span class='ocr_line' id='line_1_116' title="bbox 2146 5465 3735 5535; baseline 0.006 -16"><span class='ocrx_word' id='word_1_807' title='bbox 2146 5465 2227 5535; x_wconf 78' lang='grc' dir='ltr'>(ὴ)</span> <span class='ocrx_word' id='word_1_808' title='bbox 2256 5465 2432 5531; x_wconf 90' lang='lat' dir='ltr'>Editi,</span> <span class='ocrx_word' id='word_1_809' title='bbox 2466 5465 2522 5521; x_wconf 86' lang='lat' dir='ltr'>id</span> <span class='ocrx_word' id='word_1_810' title='bbox 2551 5475 2628 5522; x_wconf 75' lang='lat' dir='ltr'>est</span> <span class='ocrx_word' id='word_1_811' title='bbox 2656 5467 2863 5522; x_wconf 62' lang='lat' dir='ltr'>umbra</span> <span class='ocrx_word' id='word_1_812' title='bbox 2903 5467 3290 5523; x_wconf 82' lang='lat' dir='ltr'>nominantur.</span> <span class='ocrx_word' id='word_1_813' title='bbox 3323 5471 3498 5527; x_wconf 90' lang='lat' dir='ltr'>Vetus</span> <span class='ocrx_word' id='word_1_814' title='bbox 3531 5477 3735 5529; x_wconf 88' lang='lat' dir='ltr'>noster</span> 
     </span>
    </p>
   </div>
   <div class='ocr_carea' id='block_1_115' title="bbox 2072 5537 3729 5606">
    <p class='ocr_par' dir='ltr' id='par_1_115' title="bbox 2072 5537 3729 5606">
     <span class='ocr_line' id='line_1_117' title="bbox 2072 5537 3729 5606; baseline 0.006 -16"><span class='ocrx_word' id='word_1_815' title='bbox 2072 5537 2271 5604; x_wconf 88' lang='lat' dir='ltr'>codex,</span> <span class='ocrx_word' id='word_1_816' title='bbox 2304 5537 2361 5592; x_wconf 86' lang='lat' dir='ltr'>id</span> <span class='ocrx_word' id='word_1_817' title='bbox 2390 5543 2468 5592; x_wconf 77' lang='lat' dir='ltr'>est</span> <span class='ocrx_word' id='word_1_818' title='bbox 2499 5537 2803 5594; x_wconf 73' lang='lat' dir='ltr'>biumbres.</span> <span class='ocrx_word' id='word_1_819' title='bbox 2837 5539 2998 5594; x_wconf 87' lang='lat' dir='ltr'>Colb.</span> <span class='ocrx_word' id='word_1_820' title='bbox 3035 5541 3421 5606; x_wconf 86' lang='lat' dir='ltr'>secundus,id</span> <span class='ocrx_word' id='word_1_821' title='bbox 3452 5546 3528 5598; x_wconf 78' lang='lat' dir='ltr'>est</span> <span class='ocrx_word' id='word_1_822' title='bbox 3551 5546 3729 5600; x_wconf 87' lang='lat' dir='ltr'>bium-</span> 
     </span>
    </p>
   </div>
   <div class='ocr_carea' id='block_1_116' title="bbox 2073 5608 3730 5680">
    <p class='ocr_par' dir='ltr' id='par_1_116' title="bbox 2073 5608 3730 5680">
     <span class='ocr_line' id='line_1_118' title="bbox 2073 5608 3730 5680; baseline 0.006 -18"><span class='ocrx_word' id='word_1_823' title='bbox 2073 5608 2441 5680; x_wconf 84' lang='lat' dir='ltr'>bres.lbidem</span> <span class='ocrx_word' id='word_1_824' title='bbox 2471 5608 2604 5664; x_wconf 92' lang='lat' dir='ltr'>libri</span> <span class='ocrx_word' id='word_1_825' title='bbox 2635 5616 2935 5678; x_wconf 80' lang='lat' dir='ltr'>veteres,st</span> <span class='ocrx_word' id='word_1_826' title='bbox 2958 5611 3434 5680; x_wconf 81' lang='lat' dir='ltr'>quantos.Vocula</span> <span class='ocrx_word' id='word_1_827' title='bbox 3449 5623 3502 5670; x_wconf 85' lang='lat' dir='ltr'>et</span> <span class='ocrx_word' id='word_1_828' title='bbox 3530 5616 3730 5674; x_wconf 90' lang='lat' dir='ltr'>deerat</span> 
     </span>
    </p>
   </div>
   <div class='ocr_carea' id='block_1_117' title="bbox 2071 5679 3725 5756">
    <p class='ocr_par' dir='ltr' id='par_1_117' title="bbox 2071 5679 3725 5756">
     <span class='ocr_line' id='line_1_119' title="bbox 2071 5679 3725 5756; baseline 0.008 -23"><span class='ocrx_word' id='word_1_829' title='bbox 2071 5679 2666 5756; x_wconf 84' lang='lat' dir='ltr'>in_vulgatis.lbidem</span> <span class='ocrx_word' id='word_1_830' title='bbox 2699 5682 2864 5752; x_wconf 89' lang='lat' dir='ltr'>editi,</span> <span class='ocrx_word' id='word_1_831' title='bbox 2889 5679 3163 5755; x_wconf 75' lang='lat' dir='ltr'>efﬁcit.At</span> <span class='ocrx_word' id='word_1_832' title='bbox 3189 5686 3374 5743; x_wconf 82' lang='lat' dir='ltr'>nostri</span> <span class='ocrx_word' id='word_1_833' title='bbox 3405 5692 3524 5743; x_wconf 89' lang='lat' dir='ltr'>tres</span> <span class='ocrx_word' id='word_1_834' title='bbox 3555 5704 3725 5756; x_wconf 89' lang='lat' dir='ltr'>mss.,</span> 
     </span>
    </p>
   </div>
   <div class='ocr_carea' id='block_1_118' title="bbox 2067 5751 2291 5823">
    <p class='ocr_par' dir='ltr' id='par_1_118' title="bbox 2067 5751 2291 5823">
     <span class='ocr_line' id='line_1_120' title="bbox 2067 5751 2291 5823; baseline 0.004 -16"><span class='ocrx_word' id='word_1_835' title='bbox 2067 5751 2291 5823; x_wconf 76' lang='lat' dir='ltr'>efﬁciat.</span> 
     </span>
    </p>
   </div>
  </div>
