4156 6374
354 350 472 410 953

1062 342 1484 406 EUSTATHII
1530 340 1998 404 HEXAEMERI
2043 338 2594 405 METAPHBASIS
2642 344 2875 405 LIBER
2920 346 3083 408 VIII.

3672 352 3794 411 954

364 478 660 535 sufﬁceret
680 476 984 533 hominum
1010 475 1184 547 filios,
1203 477 1251 531 si
1276 475 1519 532 mallent
1536 476 1853 540 advertere,
1869 488 2026 527 ama-
2054 472 2107 538 Α
2139 473 2311 528 modo
2336 475 2490 544 apud
2511 492 2642 531 aves
2660 476 3091 533 irrationabiles
3112 479 3479 536 continentia
3495 480 3799 538 viduitatis

361 574 517 625 tores
540 584 784 623 suorum
808 567 1050 622 reddere
1074 566 1431 637 genitorum.
1453 564 1594 629 Quis
1617 563 1771 619 enim
1792 566 1908 617 tam
1936 561 2024 615 in-

364 657 586 729 sipiens
602 661 782 726 est,ut
797 674 909 712 non
926 672 986 711 se
1000 656 1076 727 (a)
1091 657 1325 711 censeat
1338 652 1859 727 ignominianotari
1872 667 2025 717 ,cum

360 748 565 803 avibus
596 744 1100 801 irrationabilibus
1142 744 1302 799 cultu
1356 742 1727 815 postponitur
1750 740 1980 813 pietatis
2002 740 2028 793 ‘?

373 837 489 892 Illa:
513 840 783 907 parentes
807 852 945 890 suos
972 838 1141 889 aetate
1162 834 1456 889 confectos
1480 832 1807 903 pennisque
1826 847 2027 885 eorum

360 930 655 982 vetustate
670 925 932 996 dcjeetis,
954 924 1430 993 circumstantes,
1447 921 1698 994 propriis
1712 919 1805 991 plu
1817 921 1928 974 mis
1951 920 2029 973 fo-

360 1020 516 1083 vent,
557 1014 708 1069 746
740 1014 1207 1084 alimoniamque
1237 1016 1600 1081 convectant,
1634 1016 1690 1065 et
1729 1009 1787 1063 in
1832 1008 2027 1063 volatu

364 1105 519 1175 quod
554 1103 874 1176 potuerint,
904 1101 1042 1157 hinc
1076 1101 1213 1156 inde
1245 1116 1307 1157 se
1339 1101 2029 1172 supponentes,senectaa

359 1192 778 1250 lassitudinem
805 1191 1207 1271 consolantur,
1223 1189 1451 1246 alarum
1477 1206 1721 1245 suarum
1743 1204 1842 1243 eas
1864 1187 2029 1243 auxi-

361 1282 437 1339 lio
458 1281 1029 1345 sustentantesﬂuaa
1050 1297 1141 1336 res
1162 1296 1263 1352 per
1275 1296 1479 1336 omnes
1496 1278 1712 1350 ubique
1729 1281 1931 1350 gentes
1950 1276 2032 1330 ita

362 1371 791 1444 percrebuit,ut
803 1371 975 1427 hodie
992 1370 1382 1426 remuneratio
1398 1368 1575 1423 delati
1592 1365 1857 1423 beneﬁcii
1872 1365 2025 1437 apud

358 1461 587 1516 Graecos
613 1456 1080 1534 ἅντιπελάργωσις
1107 1459 1835 1527 nominetur.Quapropter
1856 1470 2028 1509 nemo

362 1568 424 1606 se
446 1550 682 1620 penitus
700 1550 944 1606 obtentu
966 1548 1333 1620 paupertatis
1351 1546 1740 1614 excusans,de
1761 1544 1878 1599 vita
1902 1559 2031 1615 pro-

368 1638 1072 1712 priadesperet,quamvis
1091 1636 1263 1692 nulla;
1282 1636 1439 1692 domi
1458 1634 1833 1707 suppeditent
1851 1633 2030 1688 facul-

356 1733 537 1796 tates,
590 1729 732 1783 dum
767 1728 840 1799 (b)
870 1725 1231 1799 ingeniosam
1287 1723 1721 1797 contemplatur
1755 1722 2027 1778 hirundi-

355 1834 513 1874 nem.
530 1816 637 1873 Illa
662 1817 819 1909 enim
841 1816 900 1871 in
919 1816 1258 1871 fabricando
1282 1815 1419 1909 nido
1439 1814 1641 1909 paleas
1663 1813 1904 1909 quidem
1929 1828 2026 1867 ore
2061 1845 2106 1909 Β

354 1910 705 1978 comportat,
730 1906 938 1960 limum
974 1910 1170 1961 autem
1194 1904 1448 1976 pedibus
1479 1904 1624 1959 ferre
1648 1920 1763 1958 non
1804 1899 2026 1968 valens,

353 1996 580 2053 alarum
605 1995 983 2050 summitates
1008 1993 1311 2049 humectat
1330 1994 1389 2048 in
1414 1993 1614 2059 ﬂuvio,
1632 1992 1840 2047 deinde
1865 1991 1924 2045 in
1948 1990 2026 2047 ci-

351 2102 489 2141 nere
510 2084 788 2154 volutata,
806 2083 1075 2139 caementi
1099 2100 1272 2138 usum
1296 2082 1532 2137 videtur
1556 2081 1806 2154 explere.
1826 2081 2030 2138 Paula.

350 2175 578 2246 timque
593 2173 867 2230 surculos
890 2173 1043 2228 inter
1061 2189 1122 2228 se
1148 2172 1271 2227 luto
1294 2172 1751 2244 apposito,velut
1768 2170 2021 2253 quadam

348 2263 510 2336 glute
556 2263 945 2334 conjungens,
978 2278 1121 2317 suos
1169 2262 1382 2317 educat
1426 2260 1641 2333 pullos.
1675 2261 1935 2324 Quorum
1967 2260 2017 2315 s1

351 2351 651 2425 quispiam
684 2351 889 2407 oculos
914 2350 1202 2421 effoderit,
1223 2350 1402 2406 habet
1424 2366 1632 2406 eorum
1657 2352 1846 2405 mater
1867 2366 1901 2404 a
1922 2347 2027 2404 na"

349 2445 484 2497 tura
502 2440 618 2497 sibi
636 2440 913 2497 traditam
942 2439 1443 2512 medicinam,qua
1462 2456 1596 2494 mox
1609 2439 1681 2494 ad
1706 2438 2020 2494 sanitatem

355 2529 580 2586 fetuum
615 2546 860 2585 suorum
895 2529 1138 2584 reducat
1169 2532 1496 2600 aspectum.
1516 2528 1648 2583 Haec
1679 2531 1733 2582 te
1755 2515 2025 2582 videlicet

359 2619 781 2683 hortabantur,
802 2634 872 2674 ne
894 2620 965 2674 ad
990 2619 1059 2690 (ε)
1096 2617 1535 2689 improbitatem
1570 2616 1712 2672 velis
1743 2614 2022 2688 egestatis

360 2708 665 2764 occasione
712 2707 991 2769 converti.
1026 2724 1131 2763 nec
1160 2707 1217 2761 in
1254 2707 1529 2778 pessimis
1577 2705 1803 2761 artibus
1854 2722 2021 2777 spem

355 2796 588 2851 vivendi
609 2796 926 2865 collocans,
942 2794 1230 2851 immunis
1253 2794 1528 2851 bonitatis
1550 2810 1870 2866 exsorsque
1893 2795 2020 2849 red-

362 2886 543 2952 daris,
568 2887 670 2942 sed
703 2886 775 2941 ad
807 2890 989 2941 Deum
1023 2885 1332 2956 confugias
1367 2903 1380 2941 :
1413 2884 1514 2955 qui
1545 2901 1681 2941 cum
1712 2884 2019 2940 hirundini

350 2979 470 3031 tam
507 2991 722 3047 magna
743 2974 1065 3041 donaverit,
1090 2978 1310 3045 quanto
1345 2975 1570 3044 majora
1600 2974 1900 3046 praestabit
1928 2973 2019 3029 his

352 3063 453 3135 qui
485 3079 619 3118 eum
652 3067 776 3118 tota
810 3064 1026 3117 mentis
1063 3063 1389 3117 intentione
1422 3062 1776 3133 implorant?
1805 3061 2018 3134 Alcyon

350 3150 576 3206 avicula
598 3155 688 3206 est
712 3151 980 3222 quaedam
1006 3150 1065 3205 in
1094 3151 1393 3205 littoribus
1416 3150 1660 3206 marinis
1682 3151 1859 3206 fetare
1882 3167 2017 3206 con-

350 3243 685 3311 sueta,qua3
718 3255 903 3310 auper
933 3239 1125 3310 ipsam
1158 3254 1396 3294 arenam
1430 3239 1598 3311 ponit
1628 3255 1754 3309 ova,
1779 3256 1844 3295 eo
1866 3243 2016 3295 tem-
2048 3215 2090 3282 C

355 3344 494 3398 pore
525 3344 639 3399 quo
674 3343 835 3382 mare
870 3326 1075 3381 multis
1107 3326 1505 3399 gravibusque
1531 3331 1833 3383 ventorum
1868 3328 2019 3383 ﬂati-

350 3415 464 3470 bus
493 3420 897 3470 commovetur
921 3432 934 3470 :
959 3417 1061 3470 sed
1087 3419 1283 3469 tamen
1313 3431 1518 3470 omnes
1540 3420 1682 3471 tunc
1703 3421 2018 3488 tempesta-

350 3507 439 3558 tes
473 3502 853 3575 procellteque
886 3503 1172 3558 sedantur
1202 3520 1303 3574 per
1326 3504 1590 3575 integros
1613 3508 1834 3577 septem
1869 3506 2017 3561 dies:

354 3592 572 3663 quibus
604 3591 725 3646 avis
758 3595 1085 3648 memorata
1132 3592 1345 3647 cubare
1391 3597 1669 3648 narratur
1703 3610 1717 3648 :
1751 3594 2019 3649 nutrien-

349 3681 678 3750 dorumque
709 3680 903 3751 gratia
951 3680 1276 3752 pullorum,
1308 3685 1626 3754 postquam
1678 3683 1917 3738 fuerunt
1947 3683 2018 3738 de

354 3767 479 3822 ovis
505 3766 722 3836 educti,
755 3772 981 3837 septem
1014 3769 1142 3824 dies
1184 3768 1330 3825 alios
1360 3769 1445 3825 illi
1476 3771 1631 3827 Deus
1660 3788 2014 3844 magnorum

352 3854 597 3926 largitor
622 3855 857 3926 adjecit,
881 3873 1027 3927 quos
1053 3856 1176 3913 dies
1208 3858 1428 3913 nautici
1451 3859 1794 3931 diligentius
1815 3862 2014 3917 obser-

354 3947 579 4011 vantes,
612 3943 910 4016 alcyonios
957 3960 1057 4001 eos
1087 3950 1315 4001 vocant.
1348 3946 1479 4002 Haec
1524 3948 1631 4004 tibi
1674 3949 2016 4021 praescripta

355 4036 518 4097 sunt,
539 4047 719 4104 super
742 4033 1020 4089 remediis
1050 4033 1456 4091 indubitanter
1472 4052 1506 4091 a
1522 4040 1636 4092 Deo
1654 4036 2013 4094 salutaribus

355 4120 765 4191 deprecandis.
788 4121 937 4186 Quid
962 4121 1119 4177 enim
1145 4139 1261 4178 non
1285 4123 1556 4179 mirabile
1575 4124 1678 4179 ﬁat
1695 4124 1781 4180 tui
1812 4142 2012 4182 causa,

358 4208 460 4279 qui
493 4209 565 4263 ad
600 4208 921 4281 imaginem
957 4210 1060 4266 Dei
1091 4211 1283 4267 factus
1314 4228 1399 4283 es,
1426 4228 1562 4268 cum
1592 4217 1830 4285 propter
1849 4231 2011 4271 avem

357 4294 659 4367 parvulam
687 4296 1011 4353 maximum
1043 4299 1613 4373 formidolosumque
1633 4316 1794 4358 mare
1813 4302 2011 4360 videas

354 4387 756 4455 tempestuoso
781 4387 1044 4456 tempore
1069 4386 1196 4443 ﬁeri
1223 4388 1631 4461 tranquillum,
1648 4390 1846 4447 divina
1864 4408 2012 4464 pra:-

357 4471 625 4543 ceptione
654 4472 945 4528 frenatum
969 4473 998 4528 ‘2

2137 561 2541 633 frequentibus
2573 566 2795 636 nuptiis
2827 567 3174 623 antefertur.
3202 569 3413 640 Aquila
3448 571 3503 624 in
3539 573 3797 626 educan-

2139 651 2229 706 dis
2264 651 2439 722 pullis
2470 655 2720 724 propriis
2753 655 2967 725 injuste
2996 657 3179 711 fertur
3202 674 3349 713 esse.
3378 660 3615 717 Duobus
3640 662 3793 717 enim

2140 741 2479 811 procreatis,
2499 760 2683 797 unum
2719 744 3055 800 verberibus
3082 746 3308 801 alarum
3337 748 3411 819 (d)
3442 750 3790 806 mulctatum

2140 830 2373 902 projicit
2394 832 2450 884 in
2478 834 2965 899 terram,alterum
2990 840 3347 892 retentatum
3372 838 3646 893 fovet.lta
3667 856 3797 910 pro-

2140 924 2269 991 pter
2292 920 2478 975 victus
2500 920 2755 991 inopiam
2775 924 3003 995 cogitur
3025 942 3238 996 negare
3263 943 3433 997 quem
3457 945 3563 999 gen
3576 927 3797 996 uit,ncc

2139 1012 2333 1065 tamen
2355 1026 2488 1064 eum
2507 1010 2649 1065 sinit
2673 1010 2908 1066 interire
2926 1014 3276 1086 ossifragus,
3296 1018 3396 1071 sed
3421 1023 3795 1089 assumptum

2141 1099 2391 1170 propriis
2411 1099 2671 1170 applicat
2687 1099 2959 1171 pullis,et
2976 1103 3241 1159 studiose
3260 1105 3639 1162 nutrit.Tales
3657 1112 3798 1162 sunt

2140 1187 2408 1243 nonnulli
2442 1193 2715 1258 parentes
2737 1188 3064 1260 hominum,
3091 1192 3190 1262 qui
3220 1200 3621 1265 paupertatem
3656 1212 3794 1251 cau-

2139 1277 2247 1331 sati
2281 1294 2419 1332 suos
2451 1282 2750 1349 exponunt
2791 1278 3028 1348 liberos,
3061 1280 3145 1335 vel
3187 1281 3546 1339 hereditatis
3577 1289 3793 1341 sortem

2139 1383 2255 1421 non
2289 1382 2514 1437 aquam
2544 1367 2912 1423 constituunt
2943 1368 3095 1424 inter
3115 1386 3233 1425 eos.
3258 1372 3482 1436 Quibus
3514 1375 3792 1444 quoniam

2140 1473 2309 1527 pares
2327 1472 2535 1511 causas
2555 1458 2874 1528 praestitere
2896 1459 3433 1529 nascendi,justum
3454 1467 3608 1517 esset
3620 1467 3684 1517 ut
3700 1463 3733 1517 h
3748 1464 3794 1518 is

2139 1544 2363 1600 vivendi
2388 1545 2560 1601 etiam
2587 1563 2785 1617 parem
2820 1546 3147 1603 tribuerent
3175 1549 3525 1620 portionem.
3548 1552 3630 1606 Ne
3652 1551 3795 1606 velis

2138 1649 2275 1706 ergo
2309 1634 2714 1705 praedatricum
2749 1635 2942 1690 avium
2974 1654 3166 1691 mores
3195 1637 3479 1707 aemulari,
3505 1656 3631 1709 quas
3657 1657 3791 1695 cum

2136 1722 2388 1778 viderint
2413 1722 2605 1794 pullos
2638 1742 2775 1780 suos
2798 1725 2925 1795 jam
2961 1725 3177 1780 volatui
3204 1727 3276 1797 (ε)
3307 1727 3693 1797 conﬁdentes,
3724 1730 3793 1786 de

2139 1812 2291 1867 nidis
2340 1829 2439 1868 eos
2488 1813 2814 1885 precipites
2866 1815 3179 1870 exturbant
3228 1822 3403 1887 atque
3452 1818 3792 1889 projiciunt,

2138 1901 2359 1957 nullam
2392 1903 2628 1974 penitus
2666 1902 2780 1957 illis
2813 1920 3011 1959 curam
3045 1905 3323 1976 deinceps
3361 1906 3789 1978 impendentes.

2138 1990 2436 2046 Laudatur
2467 2008 2497 2046 e
2521 1995 2724 2047 contra
2745 1991 2901 2048 circa
2923 1997 3091 2049 natos
3114 1994 3363 2050 cornicis
3386 1996 3792 2068 all'ectio,quos

2137 2083 2195 2135 et
2225 2079 2485 2135 volantes
2533 2081 2925 2151 prosequitur,
2960 2089 3016 2138 et
3054 2100 3247 2138 escam
3297 2082 3537 2157 largiter
3567 2087 3791 2141 submi-

2137 2168 2368 2224 nistrat.
2394 2170 2570 2223 Certze
2600 2186 2733 2225 vero
2773 2170 3059 2241 volucres,
3093 2173 3163 2226 ad
3217 2173 3562 2229 nutriendos
3595 2175 3793 2230 foven-

2135 2259 2357 2329 dosque
2389 2258 2561 2326 fetus,
2589 2260 2989 2315 masculorum
3024 2261 3330 2331 juvamine
3371 2280 3486 2319 non
3518 2270 3788 2321 utuntur.

2134 2346 2272 2402 Aliis
2295 2365 2435 2403 sane
2457 2364 2658 2403 earum
2684 2365 2811 2420 qua
2834 2348 3011 2404 altius
3035 2350 3278 2405 volitant
3296 2353 3529 2408 steriles
3549 2354 3789 2409 omnino

2135 2441 2294 2506 sunt,
2318 2437 2472 2492 sicut
2498 2436 2952 2510 vultures,quos
2974 2447 3247 2495 asserunt
3278 2442 3405 2498 sine
3425 2442 3579 2499 coitu
3614 2460 3789 2514 gene-

2137 2543 2285 2593 rare,
2304 2526 2595 2598 praecipue
2618 2544 2751 2581 cum
2778 2527 2895 2582 sint
2917 2526 3179 2600 longaevi.
3198 2530 3342 2585 Nam
3373 2532 3553 2587 vitam
3585 2549 3787 2588 eorum

2134 2619 2370 2671 centum
2420 2615 2591 2671 annis
2633 2619 2933 2685 maneref)
2960 2618 3276 2675 affirmant.
3304 2620 3390 2675 Sit
3438 2620 3620 2692 igitur
3670 2622 3787 2678 haec

2130 2704 2235 2759 tibi
2269 2721 2405 2776 pars
2436 2704 2689 2760 historiae
2732 2711 2931 2761 notata
2962 2708 3033 2763 de
3063 2708 3288 2777 avibus,
3315 2717 3377 2765 ut
3407 2726 3538 2767 cum
3572 2712 3787 2767 videris

2133 2793 2362 2866 aliquos
2393 2793 2833 2866 cachinnantes,
2858 2801 3094 2868 propter
3121 2796 3413 2853 ineffabile
3437 2800 3781 2872 mysterium

2132 2880 2429 2936 catholicae
2482 2881 2638 2949 fidei,
2673 2883 2827 2953 quod
2876 2885 3041 2953 quasi
3094 2883 3456 2957 impossibile
3505 2888 3600 2954 sit,
3643 2888 3787 2943 alie-

2131 2986 2391 3041 numque
2422 2976 2643 3024 natura;
2674 2971 2957 3041 virginem
2999 2974 3315 3045 peperisse,
3352 2979 3504 3031 statu
3538 2977 3785 3048 virgini-

2128 3059 2265 3115 tatis
2284 3057 2504 3127 integro
2526 3058 2839 3125 custodito,
2858 3061 3076 3129 cogites
3098 3063 3235 3132 quia
3256 3062 3354 3119 ille
3376 3065 3476 3135 qui
3503 3065 3784 3137 dignatus

2128 3152 2216 3202 est
2237 3148 2297 3201 in
2316 3145 2571 3201 stultitia
2591 3147 3022 3217 praedicationis
3042 3149 3269 3206 salvare
3285 3152 3608 3224 credentes,
3624 3153 3779 3209 idem

2129 3252 2361 3309 quoque
2381 3236 2548 3292 nobis
2581 3235 3042 3294 innumerabiles
3066 3255 3276 3296 causas
3296 3257 3366 3296 ex
3386 3245 3599 3297 natura
3618 3259 3780 3298 sum-

2128 3329 2258 3398 ptas
2289 3327 2359 3381 ad
2392 3324 2733 3380 fidelitatem
2767 3326 3125 3382 mirabilium
3157 3329 3445 3400 praestitit.

2197 3416 2251 3470 7.
2276 3417 2511 3487 Ejicz'ant
2532 3429 2692 3486 aqua:
2719 3415 2941 3486 reptilia
2968 3417 3220 3472 vivarum
3241 3420 3589 3487 animarum,
3612 3425 3664 3476 et
3682 3437 3776 3477 vo-

2131 3504 2312 3559 latilia
2332 3504 2577 3559 volantia
2594 3519 2758 3575 super
2780 3507 2986 3559 terram
3004 3506 3103 3559 sub
3128 3506 3483 3575 ﬁrmamento
3502 3509 3645 3564 caeli.
3666 3510 3778 3565 Vo-

2126 3592 2248 3647 lare
2272 3593 2400 3647 ideo
2418 3592 2681 3663 (g)jussaa
2701 3596 2841 3647 sunt
2857 3608 3035 3663 super
3054 3597 3203 3649 terra
3214 3594 3438 3665 m,quia
3453 3596 3641 3653 victus
3658 3614 3778 3653 om-

2127 3681 2302 3737 nibus
2319 3684 2525 3736 eterra
2541 3680 3026 3752 suppeditat.Sub
3040 3681 3412 3739 ﬁrmamento
3435 3689 3629 3740 autem
3649 3686 3778 3741 coeli

2126 3769 2293 3837 dixit,
2322 3774 2559 3841 propter
2605 3768 2703 3824 illa
2735 3784 2861 3839 quae
2891 3785 3071 3842 supra
3113 3771 3521 3828 disseruimus.
3555 3772 3772 3830 Ctelum

2125 3864 2320 3915 autem
2349 3859 2443 3916 hic
2467 3856 2793 3930 intelligere
2820 3858 3120 3927 debemus,
3145 3876 3179 3915 a
3199 3862 3489 3917 cernendo
3512 3861 3730 3918 dictum
3755 3879 3768 3919 :

2124 3948 2318 4005 Graece
2356 3944 2583 4022 οὐρανὸς
2611 3950 2852 4002 vocatur
2880 3944 2987 4000 ἀπὸ
3015 3950 3112 4001 τοῦ
3143 3947 3387 4021 ὁρᾶσθαι.
3418 3949 3566 4006 Nam
3610 3967 3770 4007 com-

2122 4036 2424 4109 paratione
2453 4035 2715 4107 corporis
2743 4035 2997 4103 aetherei,
3031 4053 3131 4092 aer
3161 4036 3291 4106 iste,
3327 4037 3425 4111 qui
3456 4055 3636 4111 super
3662 4057 3773 4096 nos

2122 4129 2232 4193 est,
2256 4140 2325 4180 ex
2352 4124 2669 4196 vaporibus
2700 4128 2866 4179 terrae
2896 4128 3201 4181 concretus
3232 4130 3290 4181 et
3318 4143 3556 4182 crassus
3585 4128 3770 4184 efﬁci-

2120 4218 2235 4271 tur.
2268 4214 2453 4269 Habes
2482 4212 2661 4283 igitur
2686 4210 2885 4284 polum
2919 4214 3281 4281 decoratum,
3308 4218 3522 4269 terram
3554 4215 3766 4271 formo-

2121 4303 2443 4370 sissimam,
2479 4318 2638 4357 mare
2682 4300 3213 4373 opulentissimum,
3246 4316 3439 4357 aerem
3480 4302 3764 4374 repletum

2119 4392 2515 4463 avibuszquas
2558 4390 2757 4445 omnia
2805 4406 2873 4445 ex
2918 4388 3100 4445 nihilo
3131 4389 3204 4445 ad
3236 4389 3389 4446 hanc
3432 4390 3608 4447 vitam
3658 4392 3763 4448 Dei

2118 4480 2505 4554 praeceptione
2525 4479 2809 4550 producta
2830 4481 2987 4534 sunt.
3009 4477 3075 4533 Et
3102 4477 3217 4535 alia
3245 4478 3432 4535 multa
3452 4496 3581 4551 quas
3605 4497 3762 4537 nunc

423 4560 479 4615 6.
504 4560 817 4616 Turturem
840 4561 1035 4617 ferunt
1065 4561 1115 4619 si
1136 4564 1370 4635 quando
1395 4581 1535 4622 casu
1560 4566 1755 4640 aliquo
1776 4585 2007 4641 separe-
2038 4579 2086 4645 D
2117 4569 2385 4627 consulto
2403 4583 2599 4625 sermo
2628 4566 2926 4638 praeteriit,
2943 4582 3013 4622 ne
3030 4566 3087 4622 in
3106 4566 3336 4623 hisdem
3358 4568 3579 4625 diutius
3602 4585 3763 4626 com-

355 4650 456 4702 tur
484 4664 518 4703 a
549 4648 818 4722 conjuge,
841 4648 1179 4708 nullatenus
1200 4652 1354 4708 coire
1373 4670 1506 4710 cum
1531 4654 1738 4728 altero,
1762 4657 1863 4713 sed
1889 4673 2009 4714 me-

360 4734 546 4791 moria
575 4736 788 4807 prioris
817 4739 1095 4795 connubii
1125 4742 1498 4811 perdurante,
1526 4748 1887 4802 contractum
1919 4762 2011 4803 se-

358 4822 560 4878 cundis
582 4823 970 4896 copulationis
990 4827 1267 4885 abnuere.
1285 4830 1546 4888 Audiant
1567 4831 1845 4890 mulieres
1868 4850 2008 4907 quo-

430 5018 507 5090 (a)
536 5018 710 5085 Editi,
741 5024 802 5077 ut
829 5038 941 5097 ηρη
968 5033 1263 5097 recenseat.
1287 5026 1469 5084 Vetus
1494 5032 1696 5084 noster
1722 5030 1924 5097 codex,
1945 5038 2009 5087 ut

355 5104 468 5144 non
494 5105 553 5175 ξε
578 5102 812 5175 censeat.
858 5093 1039 5175 Daulo
1086 5100 1220 5169 post
1266 5113 1435 5169 mss.,
1468 5099 1752 5173 hodieque.
1784 5093 2006 5159 Vocula

359 5176 471 5235 quo
490 5161 689 5235 deerat
715 5163 773 5218 in
806 5164 1078 5235 vulgatis.

429 5231 506 5303 (b)
534 5232 708 5299 Editi,
740 5235 893 5291 domi
910 5231 1290 5308 ingeniosam.
1316 5238 1471 5295 Libri
1494 5244 1742 5305 veteres,
1762 5242 1895 5297 dum
1922 5243 2005 5297 in-

429 5303 654 5357 niosam.
691 5305 856 5359 Haud
888 5308 1055 5359 101128
1086 5308 1227 5359 editi
1257 5313 1315 5359 et
1352 5311 1467 5359 duo
1497 5328 1660 5359 mss“
1692 5314 1839 5359 velut
1865 5330 2003 5359 nua.

356 5306 654 5371 geniosam.
691 5306 856 5360 Haud
888 5306 1055 5376 longe
1086 5308 1227 5363 editi
1257 5313 1315 5364 et
1352 5311 1467 5366 duo
1497 5328 1661 5381 mss.,
1692 5314 1839 5369 velut
1865 5330 2003 5385 qua-

355 5371 929 5460 dam.glute.“Alius‘
951 5378 1150 5460 codex,
1197 5380 1345 5435 velut
1393 5384 1631 5460 quodam
1673 5386 1876 5460 glute;_
1901 5385 2001 5440 ubi

355 5443 646 5515 suspicari
700 5443 837 5503 licet
888 5443 1258 5506 Eustathium
1302 5466 1372 5506 ex
1406 5443 1614 5511 'Grzeco
1669 5443 1998 5528 scripsisse,

355 5515 505 5588 velut
531 5515 765 5588 quodam
792 5518 1022 5588 glutine,
1056 5519 1166 5574 οἷον
1198 5519 1380 5588 καλλῃ
1416 5542 1545 5581 τινι.

353 5530 505 5585 velut
531 5530 765 5586 quoaam
792 5530 1022 5589 glutine,
1056 5530 1166 5574 οἷον
1198 5530 1380 5595 καλλῃ
1416 5542 1545 5581 τινι.

353 5654 367 5674 ε
385 5586 497 5674 j_(c)
525 5585 683 5674 Colb.
715 5590 1032 5674 secundus,
1057 5590 1135 5674 uti
1158 5594 1513 5674 pravitatem.
1534 5595 1844 5674 Aliquanto
1863 5599 2000 5669 post

351 5656 507 5715 idem
535 5659 738 5732 codex,
767 5668 882 5719 tota
907 5656 1213 5721 intentione
1237 5666 1419 5724 cordi:
1455 5656 1783 5740 implorant.

2119 4661 2406 4729 moratus,
2426 4656 2663 4713 modum
2685 4654 3024 4726 disputandi
3043 4654 3338 4712 videretur
3356 4658 3650 4714 excedere.
3673 4659 3762 4714 Tu

2117 4752 2312 4804 autem
2346 4749 2556 4802 cuncta
2584 4744 2703 4799 haec
2731 4745 2927 4799 tecum
2957 4742 3085 4816 ipse
3123 4748 3427 4816 reputans,
3459 4754 3516 4802 et
3546 4746 3765 4801 intente

2118 4835 2469 4910 sapientiam
2489 4831 2609 4903 Dei,
2624 4847 2750 4905 quas
2772 4832 2831 4888 in
2850 4832 3127 4889 omnibus
3149 4832 3418 4906 habetur,
3434 4833 3763 4906 inquirens,

2185 5032 2265 5104 (ἀ)
2297 5029 2471 5101 Editi,
2500 5028 2829 5095 multarum,
2857 5026 3027 5084 male.
3060 5027 3215 5083 Libri
3244 5027 3490 5100 antiqui,
3520 5027 3759 5085 mulcta-

2113 5106 2251 5158 tum.

2184 5174 2255 5245 (θ)
2278 5171 2454 5237 Editi,
2474 5168 2820 5245 confidentes,
2843 5169 3000 5245 nidis_
3018 5184 3106 5245 eos
3129 5171 3437 5245 praeﬁgite:
3457 5170 3754 5227 exturbant

2109 5260 2177 5300 ac
2192 5239 2518 5315 proficiunt.
2551 5240 2956 5315 Libriyeteres
2986 5239 3068 5315 ita
3095 5245 3161 5295 ut
3189 5239 3501 5298 edidimus.

2204 5309 2251 5385 ῃ
2282 5309 2517 5383 Antiqui
2546 5311 2661 5365 duo
2690 5309 2846 5385 libri,
2873 5311 3217 5385 conﬁrmant.

2204 5317 2251 5385 Γ)
2282 5317 2517 5383 Antiqui
2546 5317 2661 5365 duo
2691 5317 2846 5378 libri,
2874 5317 3217 5378 conﬁrmant.

2181 5317 2259 5457 Eg)
2288 5385 2449 5457 Colb.
2490 5381 2805 5457 secundus,
2855 5383 3011 5452 jussu
3065 5392 3215 5437 sunt.
3265 5381 3534 5457 Si__leges
3576 5384 3753 5455 jus-sx

2106 5450 2255 5523 sunt,
2303 5455 2475 5513 velim
2530 5450 2865 5523 subaudias
2897 5466 3094 5523 vocem
3145 5468 3285 5508 aves.
3318 5450 3530 5508 Vocem
3576 5450 3750 5523 supra

2107 5471 2255 5523 sunt,
2303 5471 2475 5513 venm
2530 5471 2851 5508 subaudias
2897 5471 3094 5506 vocem
3145 5471 3285 5508 aves.
3331 5471 3530 5508 vocem
3582 5471 3647 5509 su
3687 5471 3745 5510 ra

2107 5544 2174 5582 ex
2224 5527 2444 5585 nostris
2491 5522 2789 5594 codicibus
2821 5519 2995 5591 paulo
3043 5526 3177 5594 post
3220 5524 3577 5580 addidimus.
3631 5471 3745 5579 ἔα-

2105 5598 2283 5656 binde
2341 5597 2501 5655 Colb.
2561 5592 2891 5662 secundus,
2948 5592 3197 5651 consulto
3250 5610 3497 5652 sermone
3545 5604 3746 5668 prete-

2103 5670 2202 5726 rit.
