4156 6354
361 354 479 414 965

1094 349 1517 414 EUSTATHII
1561 346 2025 409 HEXAEMERI
2073 345 2637 410 METAPHRASIS
2689 348 2926 410 LIBER
2968 351 3066 411 lX.

3673 361 3792 422 966

359 486 560 542 cibum
591 482 846 550 sibimet,
877 485 940 538 ut
981 481 1264 553 diximus,
1315 481 1664 548 admovere;
1713 478 1814 550 qui
1856 477 2013 534 velut
2043 479 2098 545 Α
2126 477 2371 549 piciens,
2396 480 2658 552 seipsum
2682 499 2796 538 non
2829 484 2981 540 valet
3001 484 3214 542 intueri
3243 503 3255 541 :
3281 491 3381 544 sed
3412 490 3588 547 etiam
3622 508 3793 550 mens

359 591 602 647 serpens
649 574 891 645 quidam
942 573 1222 628 sinuosus
1273 575 1331 625 et
1379 569 1668 639 lubricus,
1699 568 1816 624 huc
1846 572 2023 638 atque

357 663 499 720 illuc
531 663 802 719 ﬂectitur.
839 664 921 717 Ita
952 678 1124 716 verus
1157 665 1246 715 est
1274 675 1465 715 sermo
1499 658 1598 730 qui
1639 657 1846 714 asserit
1880 655 2023 713 nihil

361 754 580 820 minus,
617 751 762 807 nihil
795 751 1164 821 superﬂuum
1198 750 1255 803 in
1289 750 1370 820 (α)
1403 764 1596 803 rerum
1631 751 1901 802 creatura
1933 762 2023 800 re-

361 843 557 917 periri.
590 842 750 897 Hanc
781 847 977 895 tamen
1019 840 1168 896 752
1211 839 1402 910 ipsam
1453 837 1710 892 belluam
1759 840 1881 890 tam
1933 835 2021 888 in-

358 939 586 1006 gentem
621 933 776 988 Deus
807 933 1134 1001 subjectam
1170 930 1337 984 nobis
1370 945 1500 984 esse
1531 927 1841 1000 praecepit:
1878 931 1943 981 ut
1967 930 2024 981 et

359 1024 512 1095 quod
547 1024 857 1078 doceretur
887 1020 1197 1093 intelligat,
1221 1024 1279 1074 et
1303 1019 1444 1074 dum
1468 1017 1711 1073 caaditur
1739 1015 2020 1088 patiatur,

359 1113 673 1168 manifeste
703 1111 1008 1166 declarans
1040 1113 1253 1165 cuncta
1282 1107 1452 1163 nobis
1503 1107 1632 1162 ideo
1665 1107 1847 1161 fuisse
1878 1105 2022 1160 sub-

349 1203 578 1276 jugata,
612 1199 749 1272 quia
780 1217 886 1255 nos
916 1201 987 1254 ad
1021 1198 1341 1271 imaginem
1392 1197 1491 1252 Dei
1526 1196 1659 1251 facti
1703 1211 1934 1259 sumus,
1967 1199 2024 1249 et

358 1308 472 1347 non
505 1290 696 1346 solum
729 1290 785 1344 in
818 1288 1090 1345 maximis
1117 1286 1472 1343 animalibus
1493 1288 1622 1356 ejus
1645 1283 2020 1340 inaestimabi-

357 1379 471 1434 lem
503 1378 856 1449 sapientiam
890 1393 1213 1448 possumus
1247 1373 1652 1446 contemplari,
1686 1374 1787 1428 sed
1821 1373 1879 1426 in
1913 1371 2023 1425 mi-

357 1467 538 1522 nimis
569 1483 804 1539 quoque
836 1465 1102 1524 bestiolis
1133 1466 1337 1520 eadem
1370 1462 1742 1519 considerare
1774 1461 2022 1516 miracu-

359 1557 438 1612 la.’
467 1557 631 1612 Sicut
655 1555 811 1612 enim
845 1573 959 1612 non
993 1555 1140 1610 satis
1171 1553 1431 1608 admirer
1459 1567 1812 1624 magnorum
1843 1549 2019 1605 verti-

357 1663 452 1702 ces
484 1645 772 1700 montium
801 1643 961 1715 quia,
994 1659 1128 1698 cum
1170 1641 1422 1714 proximi
1456 1641 1714 1696 nubibus
1765 1640 2020 1694 habean-

356 1741 474 1802 tur,
505 1734 764 1790 assiduis
793 1734 1036 1789 ﬂatibus
1084 1731 1467 1803 gravissimas
1519 1730 1821 1802 perferunt
1870 1733 2019 1784 tem-

357 1822 740 1898 pestates,vel
769 1840 800 1878 e
830 1826 1035 1877 contra
1057 1821 1474 1892 speluncarum
1506 1818 1858 1884 cavationes,
1884 1817 2022 1888 quia
2052 1852 2098 1916 Β

357 1930 472 1968 non
505 1911 698 1967 solum
728 1916 1032 1966 ventorum
1073 1910 1341 1965 fremitus
1389 1909 1608 1964 evitare
1641 1907 1850 1978 solent,
1886 1907 2014 1978 qui-

355 2002 470 2057 bus
491 2001 674 2056 ardua
696 2001 1063 2071 quatiuntur,
1083 2000 1182 2054 sed
1209 2000 1567 2070 sempiterna
1582 1997 1759 2052 etiam
1778 1996 1854 2068 (b)
1875 2003 2020 2051 tem-

355 2090 512 2163 peris
541 2088 915 2162 gratulantur
946 2105 958 2144 :
994 2088 1079 2144 sic
1109 2091 1166 2144 et
1195 2089 1253 2142 in
1285 2086 1630 2142 animalium
1658 2087 1866 2153 forma,
1900 2102 2015 2141 non

347 2183 574 2235 tantam
624 2177 1041 2234 vastitudinem
1093 2176 1386 2246 elephanti
1443 2180 1672 2247 stupeo,
1727 2179 2013 2247 quantum

347 2267 716 2338 murem,qui
737 2266 1153 2322 formidolosus
1173 2265 1484 2337 elephanto
1507 2264 1709 2334 est,vel
1743 2263 2015 2319 aculeum

349 2355 847 2412 substilissimum
894 2355 1130 2426 scorpii,
1191 2371 1364 2426 quem
1415 2358 1692 2424 tanquam
1753 2351 2014 2408 ﬁstulam

348 2446 666 2519 quamdam
699 2445 989 2517 sapientia
1022 2444 1338 2516 perforavit
1367 2442 1630 2508 artiﬁcis,
1657 2447 1723 2496 ut
1751 2458 1856 2513 per
1884 2457 2014 2497 eam

346 2535 507 2591 virus
539 2551 572 2590 a
601 2551 664 2590 se
692 2533 1014 2588 vulneratis
1047 2533 1340 2603 injiceret.
1393 2533 1501 2588 Sed
1535 2530 1736 2587 nullus
1784 2531 1857 2586 ob
1909 2531 2015 2586 hoc

349 2624 738 2695 reprehendat
766 2622 1137 2679 Conditorem
1166 2621 1360 2693 :quod
1384 2621 1515 2677 vitae
1547 2625 1760 2676 nostrae
1793 2620 2015 2675 bestias

347 2728 669 2768 venenosae
701 2710 988 2767 adhibuit.
1023 2715 1110 2765 lta
1139 2711 1206 2782 (ε)
1237 2709 1394 2766 enim
1426 2709 1560 2780 quis
1591 2713 1650 2765 et
1698 2714 2012 2780 praecepto-

349 2818 470 2858 rem
503 2801 871 2858 insimulabit
899 2800 1212 2870 infantum,
1245 2799 1345 2872 qui
1380 2799 1572 2855 ofﬁcia
1601 2815 1701 2854 eos
1750 2798 2012 2870 discipli-

351 2907 435 2945 nae
467 2891 762 2946 custodire
790 2888 1170 2962 compellens,
1221 2887 1493 2944 lascivias
1524 2894 1580 2944 et
1611 2889 2015 2960 protervitates

349 2979 585 3036 illorum
618 2979 795 3035 minis
826 2978 1284 3049 verberibusque
1316 2978 1584 3049 castigat.

416 3070 486 3123 6.“
505 3069 655 3134 Quin
688 3067 881 3138 potius
913 3067 1342 3122 confessionem
1377 3065 1510 3119 ﬁdei
1543 3065 1711 3120 nobis
1735 3064 2014 3137 intelligi-

353 3173 488 3213 mus
518 3173 610 3213 res
640 3156 846 3212 noxias
878 3154 1162 3210 indicare.
1190 3153 1248 3209 Si
1282 3153 1435 3208 enim
1467 3154 1716 3210 conﬁdis
1739 3153 1797 3209 in
1821 3153 2015 3209 Domi-

349 3263 514 3313 num,
546 3261 713 3317 super
744 3245 988 3315 aspidem
1019 3252 1070 3299 et
1102 3243 1402 3298 basilicum
1443 3242 1773 3310 ambulabis,
1815 3252 1868 3299 et
1896 3259 2018 3299 con.

347 3335 589 3391 calcabis
621 3335 830 3390 leonem
859 3342 912 3389 et
940 3333 1233 3388 draconem
1256 3332 1432 3403 (Psal.
1485 3348 1576 3400 xc,
1612 3334 1716 3401 13).
1752 3332 2018 3387 Remini-

348 3441 510 3480 scere
541 3440 795 3496 namque
826 3423 1120 3494 quomodo
1153 3420 1367 3476 Paulus
1400 3437 1536 3476 cum
1583 3419 1747 3492 ligna
1777 3420 2015 3492 collige-

350 3521 438 3570 ret
468 3532 668 3571 morsu
699 3514 908 3584 vipera:
938 3513 1259 3578 sauciatus,
1285 3511 1432 3566 nihil
1464 3511 1719 3567 laesionis
1752 3511 2014 3582 accepit:

349 3605 423 3660 ob
455 3604 563 3660 hoc
593 3603 836 3671 scilicet,
869 3603 1023 3674 quod
1063 3601 1195 3658 ﬁdei
1231 3601 1439 3673 plenus
1469 3600 1556 3657 vir
1581 3600 1678 3656 ille
1709 3600 2016 3656 sanctissi-

353 3710 485 3749 mus
516 3693 593 3764 (d)
624 3691 968 3747 habebatur.
1003 3691 1106 3746 Sin
1150 3695 1345 3746 autem
1378 3690 1557 3746 fueris
1589 3689 1864 3757 inﬁdelis,
1899 3705 2015 3745 non

348 3786 472 3838 tam
501 3784 835 3852 serpentem
867 3784 1129 3834 metuere
1162 3777 1424 3846 debebis,
1459 3779 1560 3833 sed
1607 3777 2014 3834 infidelitatem

350 3870 672 3943 propriam,
701 3885 802 3940 per
826 3884 1002 3939 quam
1027 3872 1090 3922 tu
1113 3871 1169 3922 te
1194 3867 1319 3937 ipse
1349 3866 1663 3937 perditioni
1695 3868 2013 3924 obnoxium

247 3981 252 3983 ·
357 3957 673 4032 perfecisti.
708 3959 780 4030 (e)
811 3958 918 4013 Sed
942 3958 1067 4028 jam
1101 3954 1289 4011 sentio
1323 3972 1414 4010 me
1446 3956 1718 4010 humanae
1749 3956 2012 4013 nativita-

349 4049 430 4106 tis
455 4049 650 4105 debito
684 4046 956 4119 ﬂagitari,
983 4050 1041 4102 et
1071 4045 1406 4101 auditorum
1432 4061 1600 4100 voces
1632 4044 1692 4099 in
1739 4045 2013 4102 cordibus

349 4138 524 4194 audio
557 4136 960 4206 mussitantes,
1005 4150 1072 4191 eo
1105 4134 1259 4206 quod
1292 4138 1493 4189 nostra
1543 4133 1779 4203 quidem
1813 4133 2013 4205 qualia

348 4227 471 4282 sint
501 4225 838 4295 doceamus,
871 4229 1103 4280 nosmet
1130 4239 1264 4279 vero
1312 4221 1474 4293 ipsos
1503 4222 1866 4294 ignoremus.
1900 4223 2009 4278 Ne-

347 4315 672 4370 cessarium
720 4316 809 4368 est
857 4327 1016 4383 ergo,
1050 4313 1267 4368 nubem
1318 4310 1480 4365 illam
1530 4328 1658 4382 quas
1703 4309 2010 4366 hominum

347 4419 561 4459 sensus
587 4401 802 4472 caligat
822 4399 1046 4470 eripere
1072 4418 1084 4455 :
1111 4416 1246 4455 nam
1275 4415 1474 4454 revera
1503 4400 1768 4454 omnium
1802 4417 2009 4456 causa-

347 4509 480 4549 rum
511 4488 932 4546 difﬁcillimum
984 4493 1074 4544 est
1121 4505 1184 4544 se
1232 4489 1428 4559 ipsum
1477 4504 1848 4560 cognoscere.
1883 4489 2008 4545 Non

2134 566 2263 638 ipsa
2295 567 2437 622 satis
2471 576 2638 626 acute
2669 570 2860 627 aliena
2879 573 3094 629 delicta
3122 579 3547 649 contemplans,
3569 583 3796 638 tardior

2133 660 2222 711 est
2252 671 2392 728 erga
2421 674 2661 714 suorum
2695 661 3088 733 cognitionem
3112 663 3584 735 vitiorum,unde
3613 672 3790 728 etiam

2134 761 2291 800 nunc
2320 762 2560 816 quoque.
2586 747 2859 804 velociter
2889 749 3093 806 alienis
3120 753 3349 810 actibus
3379 757 3448 828 (/)
3479 774 3670 815 sermo
3701 762 3797 818 de-

2133 833 2343 899 cursis,
2377 835 2644 890 obtusior
2673 837 2920 893 habetur
2948 846 3006 895 et
3044 841 3267 913 pigrior
3295 845 3365 898 ad
3398 848 3798 906 exumiuanda

2133 939 2260 994 quis
2291 930 2464 982 sunt:
2489 931 2545 981 et
2575 944 2689 982 non
2722 933 2840 984 tam
2874 946 2941 985 ex
2963 932 3391 992 elementorum
3414 941 3792 1011 compositio-

2133 1030 2204 1068 ne
2237 1020 2510 1086 reputare
2541 1033 2861 1087 possumus
2891 1020 3284 1096 Conditorem,
3317 1043 3495 1098 quam
3527 1030 3704 1086 etiam
3729 1049 3796 1088 ex

2132 1108 2332 1158 nostra
2360 1104 2623 1176 ipsorum
2657 1107 3007 1164 formatione
3041 1129 3053 1166 :
3088 1113 3135 1167 si
3188 1118 3380 1171 tamen
3433 1134 3495 1173 se
3545 1120 3798 1193 quisque

2129 1193 2267 1247 velit
2296 1195 2614 1264 prudenter
2641 1196 2950 1268 inspicere,
2982 1200 3138 1256 sicut
3166 1203 3306 1258 dicit
3335 1208 3620 1278 propheta
3652 1227 3664 1265 :
3696 1212 3796 1266 Mi-

2129 1282 2359 1351 riﬁcata
2378 1294 2456 1339 est
2474 1286 2623 1341 no:io
2648 1290 2742 1340 tua
2773 1303 2842 1342 ea:
2869 1305 2956 1343 me
2981 1291 3151 1358 (Psal.
3184 1309 3454 1364 cxxxvm,
3476 1298 3532 1369 6)
3560 1315 3573 1366 ;
3605 1298 3663 1354 id
3688 1305 3776 1356 est

2130 1371 2273 1426 dum
2305 1389 2397 1427 me
2428 1374 2624 1445 ipsum
2655 1375 2909 1447 intueor,
2960 1379 3273 1437 ineffabilia
3330 1388 3442 1439 tuas
3492 1359 3801 1459 sapientia;

2132 1459 2295 1514 disco
2323 1461 2622 1518 virtutem.
2642 1465 2706 1518 Et
2725 1465 2869 1521 dixit
2895 1469 3056 1535 Deus,
3079 1468 3356 1542 faciamus
3380 1473 3798 1534 hominem.Ubi

2132 1553 2273 1604 sunt
2302 1567 2461 1640 nunc
2489 1551 2697 1621 Judzsi,
2733 1555 2830 1625 qui
2865 1556 2936 1627 (g)
2986 1556 3046 1612 in
3090 1561 3477 1631 sequentibus
3502 1564 3662 1622 velut
3692 1584 3796 1640 per

2132 1639 2419 1708 quaedam
2451 1658 2729 1698 cavernas
2762 1643 3004 1700 Deitatis
3038 1645 3164 1703 luce
3196 1649 3475 1723 fulgente,
3507 1639 3799 1712 secunda-

2131 1743 2244 1796 que
2277 1744 2521 1798 persona
2551 1747 2678 1802 quze
2714 1732 2950 1801 mystiee
2999 1735 3235 1805 quidem
3267 1739 3620 1810 declaratur,
3655 1762 3802 1801 nsc-

2131 1815 2270 1870 dum
2306 1825 2496 1874 tamen
2521 1819 2831 1875 manifeste
2863 1823 3244 1894 conspicitur,
3271 1831 3682 1900 repugnabant
3703 1833 3802 1888 di-

2127 1909 2327 1995 centes
2376 1905 2610 1961 sibimet
2660 1908 2857 1978 ipsum
2911 1909 3070 1981 loqui
3107 1912 3314 1981 Deum,
3348 1919 3626 1987 quoniam
3667 1922 3799 1995 ipse

2127 1993 2274 2048 dixit
2303 1998 2360 2050 et
2392 1995 2514 2066 ipse
2546 1996 2700 2067 fecit,
2733 1999 2861 2054 Fiat
2891 2000 3010 2071 lum,
3043 2004 3098 2054 et
3125 2004 3278 2072 facta
3308 2009 3387 2060 est
3420 2007 3520 2062 lux
3543 2013 3568 2062 .9
3615 1993 3803 2070 Erant

2127 2082 2365 2154 quidem
2415 2083 2473 2138 in
2514 2095 2810 2158 promptu,
2843 2093 2901 2143 et
2935 2106 3088 2145 nunc
3119 2108 3244 2162 quae
3276 2096 3448 2152 modo
3479 2099 3789 2168 proferun-

2126 2178 2224 2226 tur
2253 2176 2324 2228 ab
2353 2174 2439 2229 eis
2471 2175 2724 2247 ineptiae.
2761 2177 2901 2242 Quis
2932 2179 3088 2234 enim
3141 2181 3302 2237 faber
3345 2184 3644 2256 ferrarius,
3689 2195 3792 2248 aut

2126 2265 2552 2335 carpentarius,
2583 2270 2688 2319 aut
2725 2267 3018 2322 coriorum
3062 2271 3358 2326 confector
3399 2275 3563 2332 solus
3595 2277 3653 2333 in
3685 2296 3791 2337 suo

2126 2351 2454 2407 consistens
2511 2353 2826 2424 ergastulo,
2878 2356 2972 2411 cui
3019 2357 3096 2429 (h)
3157 2360 3356 2416 nullus
3411 2365 3555 2421 artis
3595 2369 3790 2427 socius

2127 2446 2336 2509 praesto
2369 2446 2478 2511 est,
2515 2442 2757 2498 sibimet
2801 2445 2923 2515 ipse
2966 2447 3128 2514 dicit,
3172 2448 3457 2508 faciamus
3509 2455 3800 2525 gladium,

2124 2529 2212 2585 vel
2244 2533 2471 2585 aratum
2499 2534 3005 2606 compaginemus,
3030 2542 3131 2591 aut
3155 2538 3477 2598 formemus
3501 2543 3795 2617 calceum;

2125 2623 2183 2674 et
2213 2635 2328 2674 non
2353 2619 2538 2690 magis
2568 2621 2785 2677 tacitus
2819 2625 3072 2695 speciem
3105 2643 3282 2698 quam
3316 2638 3508 2688 mente
3540 2635 3801 2692 destina-

2124 2707 2208 2762 vit
2237 2707 2540 2779 inceptat?
2568 2709 2795 2765 Etenim
2829 2728 2975 2792 vana
3001 2717 3318 2785 garrulitas
3349 2724 3457 2790 est,
3484 2720 3795 2781 hominum

2126 2798 2490 2869 quempiam,
2520 2798 2677 2854 velut
2711 2800 2977 2870 judicem
3024 2809 3126 2859 aut
3176 2822 3478 2865 censorem
3530 2812 3795 2870 districts

2125 2887 2364 2941 sibimet
2411 2887 2630 2958 aliquid
2677 2888 2986 2961 imperare.
3039 2895 3388 2966 Quanquam
3450 2899 3510 2954 hi
3562 2918 3792 2974 quoque

2125 2977 2222 3045 qui
2257 2976 2571 3031 Dominum
2605 2978 3042 3047 cruciﬁxerunt,
3075 2983 3215 3053 quid
3250 3002 3364 3040 non
3393 2988 3608 3044 dicturi
3652 2992 3795 3061 sint,

2124 3065 2492 3120 exercitatius
2520 3066 2590 3120 ad
2626 3068 2998 3123 mendacium
3049 3070 3282 3144 linguas
3321 3074 3627 3150 habentes,
3661 3081 3797 3139 licet

2133 3168 2390 3223 prazsens
2415 3171 2522 3208 vox
2553 3171 2754 3210 eorum
2788 3156 3021 3228 penitus
3053 3176 3153 3215 ora
3185 3163 3546 3233 praecluserit
3574 3171 3593 3224 ι)
3625 3171 3685 3225 Et
3715 3173 3796 3228 di-

2127 3243 2210 3296 xit
2243 3243 2401 3309 Deus,
2433 3246 2726 3300 Faciamus
2757 3247 3058 3303 hominem.
3096 3254 3284 3306 Donec
3315 3253 3496 3324 igitur
3539 3258 3784 3317 minime

2129 3330 2229 3402 qui
2277 3332 2584 3388 doceretur
2629 3335 2920 3400 existeret,
2971 3337 3032 3392 in
3083 3341 3374 3410 profundo
3426 3345 3536 3400 fuit
3593 3348 3795 3407 abdita

2129 3419 2461 3510 praedicatio
2482 3421 2742 3477 Deitatis.
2791 3423 2894 3478 Ubi
2942 3441 3073 3481 vero
3100 3429 3273 3500 coepit
3301 3431 3558 3489 hominis
3585 3452 3789 3510 exspe-

2128 3509 2270 3563 ctari
2304 3510 2541 3575 creatio,
2574 3511 2825 3567 revelata
2855 3517 2960 3580 est,
2996 3514 3226 3582 ﬁdes,et
3244 3519 3540 3578 evidenter
3571 3509 3789 3598 dogma

2127 3597 2388 3654 veritatis
2415 3599 2676 3655 emicuit.
2711 3601 3009 3666 Ausculta,
3033 3605 3231 3661 Judaae
3258 3608 3474 3666 Christi
3505 3597 3792 3688 repugna-

2127 3688 2548 3778 tor,quomodo
2573 3688 2794 3744 socium
2821 3693 3321 3752 mundiﬁcationis
3346 3697 3799 3778 alloquitur,per

2129 3791 2303 3847 quem
2337 3775 2549 3832 saecula
2575 3777 2730 3848 fecit,
2762 3779 2861 3850 qui
2896 3781 3016 3853 agit
3055 3785 3249 3840 omnia
3297 3788 3470 3845 verbo
3524 3775 3795 3863 potentiae

2127 3881 2246 3919 suae
2283 3883 2296 3920 :
2331 3866 2433 3920 sed
2465 3872 2604 3922 tuus
2635 3867 2870 3924 animus
2901 3871 3079 3926 verba
3110 3889 3223 3928 non
3275 3877 3482 3949 recipit
3532 3883 3793 3953 pietatis.

2125 3953 2288 4008 Sicut
2320 3954 2477 4009 enim
2511 3955 2645 4011 ferae
2676 3973 2812 4012 cum
2843 3957 3228 4018 includuntur
3258 3963 3314 4019 in
3348 3967 3558 4040 caveis,
3592 3974 3796 4031 vulvas

2123 4059 2328 4132 earum
2362 4043 2641 4100 dentibus
2670 4047 2978 4119 excedunt,
3003 4051 3463 4111 amaritudinem
3498 4063 3794 4132 propriam

2125 4130 2618 4200 demonstrantes,
2641 4135 2896 4191 furorem
2933 4141 3129 4194 tamen
3165 4157 3338 4197 suum
3381 4130 3796 4217 nequeuntex-

2124 4220 2283 4292 plere
2315 4237 2328 4275 :
2364 4222 2448 4276 sic
2478 4223 2717 4279 Judazus
2767 4225 3135 4283 adversarius
3185 4231 3473 4306 veritatis,
3509 4236 3799 4311 alligatio-

2123 4327 2267 4365 num
2299 4315 2627 4368 coarctatus
2650 4314 2961 4386 angustiis,
2997 4316 3184 4373 multa
3204 4321 3417 4378 asserit
3449 4341 3576 4381 esse
3597 4343 3795 4398 perso-

2125 4415 2264 4456 nas:
2289 4400 2360 4454 ad
2394 4416 2542 4471 quas
2561 4401 2819 4456 Verbum
2851 4402 2951 4458 Dei
2984 4405 3343 4475 processisse
3375 4413 3796 4474 mentitur.Fe-

2124 4493 2262 4544 runt
2291 4489 2630 4560 enim,quod
2660 4490 2885 4562 angelis
2908 4492 3153 4552 dixerit:
3178 4497 3473 4556 Faciamus
3495 4503 3794 4576 hominem,

344 4581 502 4640 enim
533 4579 695 4637 solus
726 4577 930 4634 oculus
953 4594 1021 4633 ea
1041 4594 1167 4649 quas
1190 4577 1554 4634 extrinsecus
1576 4578 1869 4634 habentur
1892 4579 2010 4634 ins-
2043 4579 2088 4643 D
2119 4577 2368 4634 Judaica
2398 4596 2526 4634 vere
2551 4579 2726 4647 ﬁctio,
2755 4596 2994 4654 suaque
3023 4583 3204 4656 digna
3226 4589 3480 4656 perfidiae
3513 4592 3794 4653 fabulosi-

418 4695 496 4766 (a)
525 4695 688 4750 Idem
716 4694 918 4766 codex,
950 4695 1012 4748 in
1043 4709 1234 4749 rerum
1264 4701 1466 4749 natura
1489 4711 1508 4747 .·
1531 4695 1628 4766 sed
1664 4697 1858 4750 tamen
1890 4701 2012 4750 vul-

347 4771 484 4894 gi’ta
513 4765 768 4894 lecti‘pgn
800 4783 902 4892 o‘ra
935 4766 1066 4822 libri
1100 4766 1499 4822 notatur.Mox
1529 4765 1623 4820 ille
1654 4766 1779 4837 ipse
1809 4768 2008 4836 codex,

350 4856 368 4894 ι
438 4855 495 4892 m
523 4853 627 4894 auo
734 4853 824 4893 oce
853 4853 945 4892 ur.

350 4853 495 4894 Idem
523 4853 664 4894 auoa
690 4853 922 4894 docetur
934 4879 945 4892 .

446 4855 495 4892 m
523 4855 664 4908 quoa
690 4855 945 4894 docetur.

446 4910 496 4980 b)
526 4910 694 4976 Editi,
731 4906 1148 4980 temporeLibri
1177 4911 1420 4973 veteres,
1454 4909 1729 4980 temperie.

443 4979 489 5053 c)
522 4981 679 5036 Libri
709 4979 1007 5052 impressi,
1049 4982 1132 5053 it_a_
1158 4981 1308 5035 enim
1347 4984 1397 5034 et
1443 4979 1569 5051 quis
1610 4988 2009 5053 prwceptorem

350 5051 708 5110 insimulabit
737 5051 1031 5124 infantem.
1086 5051 1267 5107 Vetus
1316 5058 1516 5124 noster
1555 5052 1730 5124 codex
1761 5052 2006 5124 etColb.

349 5125 575 5197 primus
605 5131 670 5180 ut
701 5125 760 5180 in
793 5122 1314 5197 contextu.Statim
1345 5122 1484 5178 editi
1505 5127 1562 5177 et
1577 5123 1736 5178 Colb.
1758 5123 2007 5197 primus,

342 5195 396 5252 et
423 5200 714 5252 vanitates.
747 5195 858 5250 Alii
889 5196 1004 5250 duo
1043 5212 1210 5265 mss.,
1254 5197 1306 5249 et
1353 5197 1755 5266 protervitates.
1791 5196 2006 5264 Greece,

341 5267 404 5321 τὸ
435 5266 758 5321 ἀκόλαστον.
793 5266 1014 5322 Ibidem
1041 5283 1182 5322 mss.
1219 5267 1356 5333 duo,
1390 5266 1794 5337 intelligamus.
1830 5267 2006 5324 Paulo

345 5345 475 5412 post
505 5340 663 5395 Colb.
697 5339 1012 5407 secundus,
1046 5338 1360 5412 conﬁdisin
1395 5339 1584 5412 Deum.

438 5411 490 5481 ά)
521 5412 696 5478 Editi,
738 5412 1023 5465 habeatur.
1057 5409 1298 5481 Antiqui
1331 5410 1446 5465 duo
1488 5409 1643 5475 libri,
1677 5409 2002 5465 habebatur.

434 5485 485 5550 ε)
517 5483 669 5537 Editi
691 5481 1271 5552 etColb.primus,sed
1283 5483 1404 5553 jam
1425 5497 1732 5536 sermonem
1746 5481 2005 5539 humanae

343 5553 670 5619 nativitatis,
733 5559 842 5608 etc.
902 5553 1012 5608 Alii
1046 5554 1160 5608 duo
1220 5570 1398 5622 mss.,
1438 5553 1529 5608 sed
1571 5554 1690 5624 jam
1719 5555 1894 5608 sentio
1923 5571 2008 5609 me

338 5624 1157 5695 humanz,etc.,quod7verum
1175 5639 1304 5680 esse
1335 5631 1389 5679 et
1416 5640 1764 5695 germanum
1798 5625 2004 5695 probat

341 5695 701 5754 Basilianum
734 5692 906 5762 illud,
933 5692 1078 5748 ἀλλά
1103 5694 1203 5766 γὰρ
1236 5692 1583 5766 αὶσθάνόμαι.
1614 5692 1818 5750 Statim
1855 5713 2000 5754 mss.

2121 4693 2259 4769 duo,
2293 4697 2483 4769 nostra
2509 4695 2763 4769 quidem.
2799 4696 2921 4752 Vox
2954 4697 3165 4757 ultima
3195 4701 3254 4757 in
3287 4705 3463 4762 editis
3494 4708 3792 4769 desidera-

2126 4766 2322 4820 batur.
2357 4766 2472 4822 Nec
2504 4766 2585 4822 ita
2617 4766 2804 4824 multo
2837 4774 2970 4841 post
3001 4771 3136 4828 Colb
3193 4779 3509 4844 secundus,
3545 4766 3793 4841 hominis

2117 4853 2328 4893 δθηδιιε.

2191 4912 2259 4980 (Ι)
2287 4909 2525 4992 Antiqui
2560 4910 2679 4992 duo.
2704 4909 2840 4992 libri
2872 4913 3426 4992 et_editi,idecursus.
3461 4921 3654 4980 Codex
3685 4944 3788 4984 no-

2122 4985 2260 5064 ster,
2296 4981 2563 5064 decursis.
2598 4982 2818 5064 ibidem
2853 4985 2994 5064 editi
3026 4993 3083 5042 et
3108 4981 3270 5043 Colb.
3298 4981 3792 5064 primus,habetur

2117 5061 2170 5107 et
2193 5054 2478 5130 pinguior.
2512 5053 2700 5122 Colb.,
2726 5056 2956 5130 habetur
2987 5075 3094 5112 non
3124 5053 3342 5130 purior.
3379 5053 3558 5123 Vetus
3591 5053 3792 5127 noster

2117 5125 2322 5206 codex,
2336 5125 2662 5206 .babeturhet
2690 5129 2922 5206 pigrior
2939 5147 2972 5206 ε·
2989 5135 3045 5183 et
3076 5125 3158 5206 ita
3188 5130 3300 5206 legi
3337 5145 3603 5206 oportere
3641 5125 3787 5200 satis

2117 5195 2378 5277 ostendit
2409 5195 2550 5277 illud
2587 5197 2923 5277 Basilii_,__xal
2960 5196 3103 5252 ἷκνοῦ
3145 5195 3390 5277 πλὶῖρηςξ

2153 5273 2263 5348 .(g)
2296 5268 2445 5348 Illud
2482 5271 2540 5348 in
2569 5271 2919 5348 sequentibus
2961 5268 3280 5348 respondet
3313 5268 3407 5334 his
3438 5280 3655 5340 Graecis
3685 5303 3784 5343 vo-

2115 5338 2305 5415 cinus,
2336 5338 2827 5415 ἑγτοῖςκαὲόςπςινς
2882 5343 2997 5415 sed
3037 5338 3233 5414 potius
3281 5338 3786 5415 vertendum—crat

2115 5414 2176 5486 in
2200 5412 2648 5486 praecedentibus.
2690 5413 2818 5468 Mox
2857 5412 3302 5478 editifnecdum
3351 5427 3487 5480 tum.
3541 5412 3782 5486 Antiqui

2116 5485 2230 5537 duo
2263 5483 2419 5557 libri,
2451 5483 2681 5557 necdum
2720 5493 2924 5539 tamen.
2959 5488 3075 5540 Nec
3109 5487 3192 5543 ita
3221 5494 3407 5550 multo
3440 5497 3592 5556 infra
3620 5483 3778 5557 Colb:

2113 5556 2446 5630 secundus,
2465 5555 2521 5608 in
2549 5563 2843 5630 promptu,
2863 5559 2914 5611 et
2943 5565 3072 5614 tunc
3104 5577 3248 5630 quae.

2183 5625 2264 5700 (lt)
2297 5625 2449 5700 Editi
2480 5632 2534 5700 et
2565 5626 2724 5700 Colb.
2749 5627 3008 5700 primus,
3047 5625 3279 5689 nullius.
3319 5635 3426 5692 Alii
3458 5640 3572 5696 duo
3607 5659 3748 5700 mss.

2109 5689 2317 5751 """‘“-
2355 5698 2467 5752 H°°
2497 5698 2623 5768 ίρεο
2656 5698 2713 5751 in
2748 5689 2871 5754 ιὀοο
2902 5689 3016 5756 dub
3049 5719 3215 5773 mss.,
3245 5689 3777 5783 aisais}.
