4156 6364
386 347 522 408 967

1353 339 1740 402 ΛΡΡΕΝΒΙΧ
1787 337 2117 400 OPERUM
2160 338 2226 400 S.
2270 338 2563 400 BASILII
2607 339 2882 401 MAGNI.

3719 343 3844 404 968

381 479 520 540 tas!
551 478 622 535 Ut
655 491 835 532 unum
871 491 988 531 non
1020 473 1323 546 recipiant,
1349 472 1636 544 plurimos
1671 471 2043 539 confitentur,
2076 471 2126 538 Α
2160 486 2548 540 personarum
2597 470 2982 527 multitudine
3023 469 3375 527 declinares.
3428 471 3509 527 Ad
3540 473 3847 545 imaginem

386 571 691 640 filiumque
743 565 981 622 famulis
1031 581 1134 636 per
1181 563 1692 635 participationem
1736 560 2050 633 dignitatis

385 658 706 726 asciscunt,
727 661 784 712 et
804 656 882 726 (α)
899 653 1251 710 conlibertos
1283 657 1516 708 nostros
1548 655 1813 706 auctores
1846 649 2051 704 buma-

387 767 472 803 nze
508 748 658 804 753
692 743 1061 800 formationis
1092 741 1376 808 efﬁciunt,
1418 740 1799 812 hominisque
1831 739 2050 812 perfec-

383 843 572 894 torem
606 835 809 890 volunt
843 831 1071 903 augelis
1103 847 1426 902 cozequare,
1451 846 1584 884 cum
1618 830 1695 884 sit
1725 828 2048 884 absurdum

383 934 450 984 ut
481 925 752 998 quaelibet
785 924 1010 977 factura
1037 919 1221 991 possit
1247 919 1490 992 mqualis
1515 935 1644 974 esse
1670 917 2052 974 factori.Con-

382 1017 708 1073 sideremus
743 1025 976 1083 quoque
1023 1009 1332 1081 sequentia
1385 1027 1397 1064 :
1451 1010 1742 1064 Faciamus
1773 1008 2053 1062 hominem

381 1105 453 1160 ad
485 1103 785 1172 imaginem
823 1106 1096 1154 nostram.
1160 1097 1306 1161 Quid
1359 1096 1725 1169 respondes?
1771 1094 2052 1166 Nunquid

387 1193 484 1249 Dei
510 1197 568 1248 et
605 1189 947 1263 angelorum
979 1205 1098 1243 una
1125 1187 1320 1260 imago
1365 1191 1454 1242 est
1480 1185 1507 1240 ‘I
1557 1191 1698 1241 Nam
1732 1185 1920 1240 Patris
1952 1200 2048 1238 ne-

383 1297 546 1338 cesse
593 1285 682 1336 est
731 1279 997 1335 eamdem
1049 1292 1180 1332 esse
1230 1292 1402 1346 quam
1437 1275 1587 1343 Filii,
1621 1275 1704 1330 sic
1734 1279 1956 1342 tamen,
1991 1289 2056 1340 ut

385 1372 502 1427 Deo
533 1371 747 1425 decens
775 1367 1140 1439 intelligatur
1169 1382 1298 1420 esse
1332 1366 1539 1436 figura,
1573 1365 1628 1418 id
1685 1369 1798 1433 est,
1833 1363 1906 1435 (ὁ)
1936 1379 2050 1417 non

386 1461 446 1515 in
492 1458 697 1515 habitu
743 1473 1037 1526 corporeo,
1072 1456 1169 1510 sed
1205 1455 1263 1508 in
1299 1454 1494 1508 divina
1526 1454 1884 1526 proprietate
1915 1469 2051 1507 con-

383 1550 620 1604 sistens.
655 1545 940 1601 Ausculta
989 1549 1050 1599 tu
1084 1544 1283 1612 etiam,
1328 1544 1428 1615 qui
1462 1544 1532 1597 de
1565 1559 1711 1598 nova
1741 1541 2054 1597 circumci-

382 1638 547 1695 sione
577 1633 968 1708 progrederis,
991 1631 1283 1688 Judaismi
1316 1632 1540 1687 cultum
1581 1632 1690 1687 sub
1713 1630 2057 1691 Cbristiaui_

381 1726 516 1783 tatis
547 1723 948 1780 simultatione
978 1723 1428 1777 commendans.
1468 1721 1570 1778 Cui
1606 1721 1768 1790 dicit,
1803 1721 1879 1774 Ad
1910 1722 2050 1775 ima-

2159 561 2257 615 Dei
2284 562 2420 630 fecit
2452 559 2750 617 hominem.
2803 561 3062 616 Rursum
3109 561 3490 632 cooperantis
3524 577 3840 634 personam

2159 649 2409 704 inducit.
2458 651 2584 706 Non
2633 650 2791 705 enim
2833 649 2979 705 dixit
3013 667 3024 705 :
3059 652 3205 705 Fecit
3234 651 3306 706 ad
3337 653 3646 720 imaginem
3675 670 3839 710 suum

2160 740 2260 794 sed
2292 739 2362 794 ad
2393 742 2697 810 imaginem
2725 741 2844 796 Dei.
2870 741 2939 795 Et
2971 740 3026 794 in
3057 757 3174 811 quo
3207 740 3447 812 quidem
3481 742 3840 814 dispositum

2160 835 2245 884 est
2275 829 2489 885 habere
2521 829 2820 885 hominem
2871 829 3194 902 imaginem
3243 830 3366 898 Dei,
3401 831 3490 886 vel
3543 837 3842 903 quomodo

2161 917 2239 989 (d)
2263 919 2940 990 recipitsimilitudinem
2961 919 3318 987 Divinitatis,
3352 920 3413 975 in
3447 922 3838 994 sequentibus

2161 1007 2388 1064 Christo
2433 1025 2675 1064 sensum
2724 1009 3010 1081 largiente
3068 1009 3432 1076 narrabitur,
3484 1027 3644 1068 nunc
3703 1029 3840 1069 vero

2163 1102 2389 1152 tantum
2425 1098 2642 1153 dixisse
2675 1098 2947 1165 sufficiet,
2991 1101 3128 1169 quia
3167 1115 3286 1154 una
3334 1099 3532 1171 imago
3565 1105 3678 1155 est.
3713 1101 3838 1156 Tibi

2161 1201 2294 1239 vero
2326 1184 2603 1240 coincidit
2651 1185 2707 1240 in
2759 1189 3040 1252 mentem,
3071 1190 3196 1240 tam
3244 1184 3526 1259 sacrilege
3559 1187 3836 1260 blasphe-

2173 1290 2356 1344 mare,
2390 1279 2456 1329 ut
2511 1273 2736 1330 diceres
2797 1273 3011 1330 Filium
3047 1274 3202 1330 Patri
3244 1291 3374 1330 esse
3431 1275 3781 1331 dissimilem
3808 1277 3836 1332 ?

2161 1366 2206 1418 Ο
2235 1363 2498 1418 animum
2534 1363 2827 1436 ingratum
2860 1363 2872 1418 Ξ
2929 1362 3391 1419 Similitudinem
3423 1363 3525 1419 Dei
3557 1380 3730 1436 quam
3765 1370 3828 1420 tu

2161 1452 2287 1523 ipse
2318 1452 2652 1524 sumpsisti,
2679 1453 3108 1508 benefactorem
3134 1456 3306 1508 tuum
3338 1451 3553 1508 habere
3583 1470 3700 1508 non
3722 1471 3831 1526 pa-

2159 1542 2323 1610 teris.
2358 1545 2424 1596 Et
2463 1542 2569 1597 tibi
2613 1543 2852 1614 quidem
2907 1541 3208 1613 proprium
3259 1540 3346 1596 vis
3395 1557 3526 1598 esse
3575 1543 3730 1614 quod
3763 1543 3835 1598 de

2159 1630 2378 1686 ccnlesti
2409 1631 2594 1701 gratia
2650 1631 2985 1703 percepisti,
3038 1629 3158 1686 ﬁlio
3217 1635 3412 1686 autem
3486 1630 3834 1687 similitudi-

2164 1735 2296 1773 nem
2357 1724 2568 1774 natura
2598 1720 2865 1788 insitam,
2897 1736 3026 1775 cum
3060 1719 3322 1792 genitore
3353 1737 3467 1776 non
3503 1720 3652 1776 sinis
3704 1737 3835 1777 ese

380 1820 568 1887 ginem
611 1818 856 1870 nostram
887 1811 1068 1882 (Hebr.
1101 1828 1141 1881 ι,
1185 1811 1262 1882 3),
1314 1810 1427 1866 nisi
1470 1809 1891 1865 illuminationi
1924 1809 2051 1881 glo-
2085 1847 2130 1911 Β
2162 1823 2560 1862 communem.
2593 1808 2703 1863 Sed
2732 1809 2850 1878 jam
2886 1808 3056 1864 nobis
3085 1807 3384 1864 silentium
3415 1825 3658 1880 vespere
3685 1815 3836 1866 tem-

383 1906 504 1972 rize,
537 1909 592 1959 et
625 1902 796 1958 titulo
830 1906 1085 1973 paternae
1132 1899 1501 1968 substantiae,
1549 1917 1674 1971 qua:
1722 1903 1811 1954 est
1858 1899 2052 1970 imago

385 1993 480 2048 Dei
512 1991 878 2048 invisibilis?
928 1990 1060 2045 Suae
1107 2005 1242 2060 ergo
1291 1988 1552 2060 loquitur
1600 1987 1866 2060 imagini,
1925 2004 2050 2059 quae

383 2084 530 2139 dixit
564 2101 576 2138 :
612 2084 730 2151 Ego
759 2089 810 2136 et
861 2082 1026 2135 Pater
1054 2095 1230 2135 unum
1258 2094 1447 2134 sumus
1476 2078 1668 2150 (loan.
1701 2096 1758 2149 x,
1789 2078 1878 2149 30)
1908 2096 1921 2146 ;
1973 2081 2050 2145 et,

385 2174 490 2242 Qui
518 2186 603 2226 me
631 2170 778 2226 videt
827 2177 878 2224 et
925 2170 1146 2223 Patrem
1191 2183 1375 2223 meum
1412 2166 1559 2221 videt
1607 2167 1791 2239 (Joan.
1825 2183 1940 2236 xxv,
1971 2167 2052 2252 9),

383 2261 519 2316 huic
552 2259 740 2315 dicit:
796 2259 1087 2314 Faciamus
1135 2258 1411 2311 hominem
1457 2257 1527 2311 ad
1577 2256 1874 2328 imaginem
1918 2271 2048 2311 nos-

383 2359 550 2406 tram.
582 2347 811 2403 Etenim
845 2345 944 2401 ubi
993 2345 1188 2401 unitas
1234 2345 1510 2416 imaginis
1539 2350 1647 2414 est,
1683 2345 1826 2400 nihil
1861 2349 2051 2417 potest

385 2455 515 2494 esse
547 2435 850 2492 dissimile,
897 2435 1021 2490 Non
1073 2433 1229 2490 enim
1277 2434 1424 2490 dixit
1471 2434 1542 2489 ad
1573 2434 1860 2507 imagines
1909 2451 2047 2490 nos-

382 2532 528 2592 tras,
549 2526 706 2580 sicut
733 2529 790 2579 et
819 2523 1121 2594 Scriptura
1151 2527 1440 2578 testatur:
1471 2527 1618 2580 Fecit
1647 2525 1808 2588 Deus,
1832 2523 2044 2595 inquit,

383 2616 659 2670 hominem
701 2631 720 2667 :
771 2629 887 2668 non
934 2614 1210 2683 fecerunt.
1270 2613 1594 2669 Prudenter
1641 2613 1843 2668 vitavit
1891 2628 2048 2668 nunc

385 2703 828 2760 multitudinem
863 2717 1248 2774 personarum
1281 2717 1295 2756 :
1333 2705 1398 2756 ut
1426 2701 1496 2774 (ε)
1529 2702 1628 2758 ubi
1671 2703 1907 2775 quidem
1939 2702 2046 2758 Ju-

385 2795 574 2850 dazum
607 2790 1016 2856 confunderet,
1045 2789 1140 2845 hic
1185 2789 1366 2846 ritum
1406 2789 1755 2862 gentilitatis
1780 2791 2046 2847 exclude-

386 2887 493 2938 ret.
527 2883 662 2938 ldeo
693 2879 1174 2936 commemoravit
1203 2878 1510 2952 unitatem,
1546 2885 1610 2936 ut
1636 2886 1692 2937 et
1723 2880 1934 2936 Filium
1969 2883 2047 2938 si-

386 2971 508 3028 mul
540 2986 670 3027 esse
695 2987 830 3027 cum
858 2971 1026 3025 Patre
1057 2985 1437 3042 cognosceres
1471 2986 1482 3024 :
1517 2973 1576 3026 et
1618 2970 1943 3043 periculum
1977 2973 2048 3028 de

459 3133 540 3204 (α)
573 3131 744 3198 Editi,
776 3139 826 3185 et
855 3147 980 3184 cum
1015 3128 1217 3204 liberos
1244 3136 1484 3186 nostros.
1519 3130 1680 3186 Colb.
1714 3132 1962 3204 primus,
1995 3140 2047 3188 et

2163 1915 2272 1969 pus
2303 1897 2509 1952 indicit
2541 1914 2554 1952 :
2590 1898 2812 1953 dudum
2849 1899 2918 1953 ad
2954 1913 3231 1954 occasum
3262 1898 3384 1954 sole
3411 1897 3833 1970 delapso.Qua-

2163 1991 2398 2058 propter
2428 1986 2522 2042 hic
2564 2004 2670 2043 nos
2717 1988 2894 2043 etiam
2948 1988 3240 2044 sermonis
3275 1988 3358 2059 (e)
3388 1986 3687 2043 curricula
3715 1992 3832 2043 ter-

2165 2075 2482 2142 minemus,
2537 2076 2630 2132 his
2678 2077 2935 2132 contenti
2993 2093 3122 2148 quae
3173 2079 3329 2134 dicta
3386 2081 3547 2132 sunt.
3579 2077 3832 2132 Tantum

2162 2165 2318 2220 enim
2351 2166 2410 2220 in
2446 2165 2755 2238 praesentia
2785 2166 3200 2233 disseruimus,
3233 2169 3524 2239 quantum
3557 2167 3836 2222 intentio-

2164 2272 2291 2310 nem
2327 2261 2582 2311 vestram
2615 2272 2932 2328 possumus
2963 2273 3189 2313 acuere.
3234 2256 3564 2312 Pleniorem
3597 2273 3732 2312 vero
3763 2257 3834 2311 de

2161 2343 2476 2416 propositis
2521 2346 2905 2416 quaestionem
2957 2345 3103 2401 alias
3132 2345 3318 2414 vobis,
3353 2349 3560 2401 sancto
3610 2345 3830 2418 Spiritu

2159 2435 2227 2517 (Γ)
2258 2432 2635 2505 astipulante,
2667 2435 3004 2490 reddemus.
3051 2439 3134 2490 Ite
3165 2451 3322 2490 nunc
3359 2433 3745 2500 exsultantes,
3776 2438 3831 2490 et

2160 2539 2263 2595 pro
2317 2522 2568 2594 dapibus
2613 2523 2867 2596 copiosis
2916 2523 3221 2597 pomisque
3252 2524 3518 2592 diversis,
3548 2523 3830 2580 memoria

2160 2611 2474 2668 relatorum
2525 2628 2762 2668 mensas
2809 2617 3036 2669 vestras
3086 2614 3383 2670 instruite.
3427 2613 3831 2669 Confundatur

2158 2701 2400 2773 impius,
2435 2701 2745 2756 erubescat
2771 2700 3032 2770 Judasus,
3082 2702 3339 2760 exsultet
3367 2703 3574 2774 justus
3619 2702 3828 2774 pradi-

2160 2789 2495 2846 oationibus
2536 2790 2800 2846 veritatis
2845 2807 2858 2847 :
2909 2791 3272 2864 gloriﬁcetur
3331 2793 3634 2858 Dominus,
3669 2808 3828 2848 nunc

2158 2883 2215 2936 et
2242 2895 2475 2953 semper
2505 2884 2563 2935 et
2587 2879 2646 2934 in
2676 2879 2892 2937 smeula
2921 2881 3288 2938 saeculorum.
3320 2882 3530 2937 Amen.

2230 3130 2299 3203 (e)
2330 3127 2482 3184 Editi
2515 3132 2570 3184 et
2595 3128 2780 3197 Colb.,
2821 3139 2881 3186 ut
2929 3133 3030 3187 ibi.
3076 3131 3256 3188 Vetus
3303 3133 3501 3187 noster
3531 3065 3731 3196 code;
3763 3133 3824 3184 ut

384 3201 762 3284 cum'libertos
794 3207 1025 3284 nostros.
1058 3201 1240 3284 Vetus
1286 3209 1484 3284 noster
1529 3201 1732 3284 codex,
1775 3201 2046 3284 etneontig
2081 3221 2122 3284 ρ
2162 3201 2277 3284 ubi.

387 3276 562 3331 bet-tos
590 3280 822 3331 nostros.
855 3279 1070 3342 Graece,
1109 3272 1198 3325 καὶ
1247 3271 1376 3335 τοὸς
1422 3271 1783 3344 ὁμοδούλους.
1833 3276 1960 3332 Haec
1992 3283 2050 3332 et

385 3347 612 3473 reliqua
643 3346 838 3402 omnia
869 3347 940 3401 ad
977 3346 1154 3400 ﬁnem
1187 3362 1376 3418 usque
1409 3347 1618 3403 desunt
1650 3347 1706 3402 in
1760 3347 1918 3404 Colb.
1953 3366 2047 3404 se-

387 3436 499 3473 cun
549 3435 600 3473 ο.

387 3435 831 3562 Ουδιῗοέἀίιὶ,ξά
860 3497 956 3554 est,
1009 3504 1119 3543 non
1172 3487 1391 3562 aanimi
1435 3507 1714 3562 corporeo.
1758 3495 1831 3544 At
1862 3491 2046 3548 nostri

388 3559 703 3627 du'o'mssq
734 3560 789 3615 id
820 3565 919 3626 est,
948 3576 1061 3615 non
1090 3562 1149 3614 in
1181 3559 1371 3616 habitu
1400 3559 1675 3633 corporeo.

2233 3274 2310 3346 (d7)
2332 3271 2534 3346 godex
2564 3277 2786 3340 noster,
2822 3275 3043 3346 recepit.

2230 3341 2302 3418 (e)
2332 3341 2505 3411 Editi,
2525 3360 2760 3418 cursum
2789 3341 3169 3403 terminemus.
3221 3345 3377 3403 Libri
3423 3348 3665 3415 veteres,
3695 3360 3824 3402 cur-

2157 3416 2336 3473 ricula
2368 3416 2752 3472 terminemus.

2158 3561 2176 3615 ι
2231 3489 2298 3615 (ζ)
2328 3487 2477 3542 Editi
2508 3490 2832 3559 stipulante.
2877 3491 2950 3544 At
2997 3489 3183 3544 nostri
3219 3489 3334 3545 duo
3365 3504 3535 3554 mss.,
3566 3487 3824 3560 adstipu-

2181 3578 2252 3615 an
2277 3575 2326 3615 e.

2181 3569 2326 3616 ante.
