4156 6358
1411 364 1517 424 AD
1563 361 1934 425 HOMILIAS
1979 361 2056 423 IN
2103 363 2676 426 HEXAEMERON.

3629 363 3753 425 970

1853 651 2218 715 MONITUM
2233 697 2248 713 .

411 976 694 1030 Auctores
727 971 896 1028 nobis
919 971 1080 1027 fuere
1109 968 1328 1026 eruditi
1363 968 1606 1041 quidam
1635 967 1932 1034 homines,
1965 966 2168 1041 utviri
2209 964 2538 1041 doctissimi
2592 965 3010 1041 DucainNotas
3063 966 3172 1022 hoc
3207 967 3344 1041 _loco
3402 967 3753 1041 ederemus;

339 1047 442 1100 sed
475 1047 533 1101 id
567 1052 758 1100 tamen
791 1042 1145 1099 incommodi
1176 1037 1409 1097 monem
1425 1057 1493 1095 us
1521 1041 1805 1109 futurum,
1830 1040 1982 1112 quod
2005 1039 2132 1110 ejus
2167 1042 2314 1094 notas
2346 1039 2418 1094 ad
2454 1043 2714 1094 nostram
2737 1037 3050 1094 editionem
3080 1039 3295 1110 saepius
3317 1055 3434 1094 non
3467 1039 3758 1111 quadrent

342 1135 447 1174 nec
476 1118 762 1189 quadrare
793 1115 1042 1188 possint,
1074 1115 1146 1170 ob
1179 1129 1387 1169 novam
1422 1112 1982 1185 interpretationem.

952 1478 1457 1603 NOTXE
1543 1474 2502 1598 FRONTONIS
2593 1473 3154 1598 DUCxEI

1814 1714 2300 1761 BURDEGALENSIS

1479 1861 1944 1923 SOCIETATIS
1988 1860 2182 1924 JESU
2225 1861 2642 1923 THEOLOGI.

429 2220 630 2278 Basilii
685 2217 879 2290 Magni
923 2214 1296 2272 Caesariensis
1336 2213 1758 2286 archiepiscopi
1808 2229 2004 2285 opera,
2037 2214 2092 2281 Α
2121 2212 2345 2270 viribus
2376 2229 2511 2269 eum
2534 2213 2928 2286 aequiperasse
2956 2212 3772 2288 contendat.Communisigi-

356 2330 530 2386 quem
567 2310 774 2366 merito
799 2306 1012 2362 Suidas
1051 2301 1221 2377 ἄνδρα
1260 2300 1738 2378 ἐλλογιμώτατον,
1767 2301 1858 2356 καὶ
1907 2303 2002 2355 πά-

354 2424 455 2472 σης
483 2397 726 2458 παιδείας
757 2393 834 2456 εἷς
868 2395 1030 2469 ἄκρον
1064 2391 1397 2463 ἐληλακότα,
1433 2416 1462 2444 ‹‹
1495 2393 1684 2448 virum
1721 2392 2006 2464 eloquen-

352 2493 674 2554 tissimum,
707 2492 765 2542 et
793 2486 864 2540 ad
896 2485 1120 2556 apicem
1172 2483 1366 2539 omnis
1409 2482 1758 2538 eruditionis
1808 2497 2006 2552 prove-

352 2586 536 2646 ctum,
560 2601 588 2628 »
603 2576 786 2633 fuisse
812 2572 970 2642 dicit,
987 2588 1120 2627 cum
1143 2576 1276 2626 ante
1300 2587 1484 2626 annos
1509 2570 1784 2626 tredecim
1808 2570 2006 2625 Latine

350 2673 582 2726 tantum
610 2663 970 2720 Parisienses
1009 2659 1356 2729 edidissent,
1389 2663 1557 2714 notas
1605 2657 1724 2714 illis
1772 2657 2003 2728 aliquas

351 2754 693 2813 attexendas
743 2750 1106 2814 censuimus,
1141 2748 1360 2820 quibus
1409 2763 1479 2802 ex
1526 2746 1838 2803 collatione
1869 2761 2001 2801 cum

351 2847 546 2903 Graeco
565 2847 727 2898 textu
747 2839 876 2894 loca
901 2855 1016 2892 non
1041 2853 1229 2908 pauca
1250 2837 1309 2890 in
1339 2836 1821 2907 interpretatione
1840 2834 2003 2890 resti-

351 2939 479 2990 tuta
501 2935 642 2988 sunt
673 2927 761 2985 vel
793 2927 1110 2992 illustrata,
1145 2931 1202 2981 et
1233 2925 1466 2980 easdem
1503 2941 1682 2989 nunc,
1713 2941 1848 2980 cum
1881 2924 2003 2978 haec

353 3019 788 3080 Graeco-Latina
819 3019 1152 3088 pararetur,
1178 3014 1466 3069 recenseri
1497 3018 1552 3068 et
1576 3013 1773 3084 augeri
1814 3029 2004 3084 operas

357 3112 609 3185 pretium
643 3103 1099 3162 duximus.Nam
1124 3118 1258 3157 cum
1286 3101 1704 3156 Frobenianam
1731 3101 2008 3156 Basilien-

357 3217 482 3258 sem
505 3203 762 3254 Graecam
785 3192 1099 3249 editionem
1124 3189 1415 3246 annii552
1436 3207 1470 3245 a
1491 3189 1630 3245 viris
1649 3189 2007 3260 quibusdam

358 3285 802 3353 eruditissimis,
818 3299 952 3337 cum
967 3279 1388 3351 manuscriptis
1399 3278 1701 3334 codicibus
1715 3277 2006 3346 collatam,

359 3385 416 3436 et
445 3377 620 3434 variis
653 3371 1004 3430 lectionibus
1035 3370 1093 3424 in
1118 3369 1380 3441 margine
1409 3373 1784 3437 ornatam,sx
1803 3366 2016 3439 Anglia

362 3470 603 3523 missam
627 3461 1010 3533 accepissent,
1032 3474 1180 3512 nova
1201 3456 1507 3530 diligentia
1526 3457 1752 3512 labores
1775 3455 2012 3512 illorum

2119 2307 2219 2358 tur
2240 2303 2451 2358 harum
2475 2302 2853 2359 bomiliarum
2878 2303 3088 2358 titulus
3109 2303 3168 2358 in
3189 2303 3421 2360 excusis
3443 2307 3500 2359 et
3521 2320 3665 2359 mss.
3685 2308 3774 2361 est

2116 2390 2214 2453 Εἷς
2241 2391 2340 2460 τήν
2373 2392 2706 2464 Ἑξαήμερον
2741 2389 2960 2464 ὁμιλία,
2992 2393 3104 2464 vel,
3133 2398 3198 2448 ut
3237 2392 3297 2447 in
3346 2392 3640 2459 Medicam,
3670 2399 3774 2461 τῆς

2113 2480 2451 2555 Ἑξαημὲρου
2482 2478 2679 2552 ὁμιλία
2705 2481 2921 2555 πρώτη.
2956 2482 3346 2545 Quamobrem
3377 2481 3653 2537 vitandus
3683 2487 3773 2538 est

2114 2588 2275 2627 error
2305 2571 2538 2627 Henrici
2577 2571 2881 2642 Stephani,
2915 2570 3015 2642 qui
3049 2571 3109 2626 in
3155 2572 3422 2626 Thesauro
3465 2571 3769 2627 contendit

2113 2663 2371 2735 spatium
2387 2661 2533 2717 illud
2552 2679 2654 2717 sex
2671 2662 2921 2732 dierum,
2939 2679 3052 2733 quo
3071 2663 3344 2718 conditus
3357 2663 3762 2732 fuitmundus,

2108 2751 2170 2804 τὸ
2202 2748 2530 2822 Ἑξαήμερον
2565 2751 2663 2806 hic
2693 2749 2995 2822 appellari,
3031 2751 3186 2806 unde
3234 2750 3432 2807 Basilii
3473 2755 3762 2807 tractatus

2110 2838 2204 2899 Εἲς
2259 2839 2322 2892 τὸ
2370 2839 2726 2911 Ἑξαήμερον·
2761 2856 2952 2910 neque
2999 2839 3155 2895 enim
3205 2839 3474 2896 absolute
3517 2839 3578 2892 τὸ
3608 2839 3758 2909 Ἐξα-

2111 2929 2319 3001 ήμερον
2345 2927 2646 2999 appellant
2673 2932 2891 2992 Patres,
2923 2928 3024 2983 sed
3076 2925 3302 2998 ὁμιλίας
3353 2926 3444 2988 Εἰς
3473 2929 3574 2996 τήν
3605 2927 3755 2997 Ἑξα-

2112 3017 2344 3089 ήμερον,
2377 3016 2637 3087 intellige
2669 3014 3055 3088 κοσμοποιίαν,
3089 3015 3178 3071 vel
3210 3012 3594 3092 δημιουργίαν,
3628 3039 3656 3068 ‹‹
3689 3019 3761 3072 de

2115 3109 2406 3165 creatione
2437 3108 2663 3176 mundi,
2699 3130 2727 3157 »
2755 3108 2840 3163 vel
2872 3131 2899 3158 «
2925 3108 3156 3178 opificio
3190 3108 3395 3163 mundi
3424 3124 3525 3164 sex
3553 3109 3765 3164 diebus

2118 3195 2403 3254 absoluto.
2434 3216 2461 3246 »
2495 3195 2760 3252 Clemens
2792 3196 3071 3252 Alexand.
3105 3195 3210 3253 lib.
3241 3213 3298 3251 vr
3329 3195 3527 3252 Strom.
3563 3214 3576 3253 :
3608 3197 3680 3252 "H
3710 3217 3770 3250 τε

2118 3285 2223 3359 γὰρ
2253 3283 2587 3356 κοσμοποιία
2618 3283 2671 3338 ἐν
2714 3282 2768 3354 ’ἐξ
2817 3288 3132 3355 περαιοῦται
3181 3284 3451 3360 ἡμέραις·
3497 3307 3526 3336 ‹‹
3568 3286 3772 3341 Mundi

2121 3375 2277 3432 enim
2310 3375 2526 3430 creatio
2550 3391 2650 3430 sex
2679 3375 2888 3430 diebus
2920 3375 3265 3431 absolvitur.
3294 3399 3315 3426 ι
3347 3375 3512 3430 Philo
3533 3374 3776 3431 Judaeus

2123 3464 2226 3519 lib.
2270 3480 2310 3517 Il
2343 3463 2414 3517 De
2439 3464 2558 3517 vita
2587 3464 2748 3518 M08125
2781 3480 2793 3518 :
2828 3461 3028 3534 Νόμων
3088 3462 3248 3536 ἰερῶν
3299 3458 3634 3537 ἀλληγορίαι
3663 3464 3772 3516 τῶν

359 3553 749 3614 cumulandos
781 3553 1083 3617 curarunt,
1109 3551 1165 3602 et
1183 3545 1365 3601 libros
1396 3544 1653 3602 adversus
1683 3547 2014 3601 Eunomium

2129 3550 2262 3624 μετὰ
2289 3551 2386 3618 τήν
2411 3550 2570 3619 Ἑξαή
2583 3569 2766 3625 μερον·
2785 3574 2813 3602 ‹‹
2832 3551 3019 3606 Sacrae
3042 3551 3190 3623 legis
3213 3551 3505 3622 allegorias
3527 3556 3659 3623 post
3675 3568 3778 3607 sex

358 3663 424 3702 ex
455 3643 609 3714 regis
630 3635 1118 3697 Cbristianissimi
1149 3634 1451 3690 codicibus
1472 3635 1794 3704 emendari,
1815 3651 2018 3690 novas-

360 3750 474 3807 que
505 3731 695 3786 varias
726 3726 1006 3782 lectiones
1031 3725 1088 3778 in
1112 3723 1373 3795 reliquos
1387 3723 1789 3780 Basiliilibros
1810 3741 1879 3780 ex
1899 3722 2017 3780 illis

363 3819 588 3891 colligi:
606 3816 762 3889 quod
787 3815 928 3868 dum
953 3813 1038 3878 ﬁt,
1055 3811 1197 3866 illud
1214 3811 1389 3866 simul
1415 3812 1888 3868 animadversum
1907 3817 2016 3882 est,

366 3925 504 3965 num
521 3907 746 3962 sincere
759 3901 958 3959 omnia
971 3916 1038 3955 ex
1052 3899 1384 3971 archetypis
1403 3917 1470 3954 ac
1484 3901 1633 3956 bona
1647 3901 1758 3956 [ide
1772 3901 2022 3956 fuissent

369 3997 682 4068 descripta.
699 3992 809 4050 Sed
835 3989 1115 4063 quoniam
1148 3988 1356 4044 Latina
1392 3989 1731 4044 eorumdem
1773 4005 2018 4060 operum

370 4083 774 4158 interpretatio
814 4082 1004 4136 fuerat
1033 4078 1106 4133 ab
1134 4076 1252 4132 illis
1299 4077 1357 4132 in
1391 4077 1650 4132 homiliis
1699 4082 1929 4132 tantum
1957 4078 2023 4133 in

369 4177 636 4242 Psalmos,
670 4177 727 4228 et
756 4169 957 4242 paucis
979 4167 1536 4223 commentariorum
1569 4168 1629 4221 in
1655 4168 1857 4222 Isaiam
1879 4165 2023 4222 locis

370 4263 666 4336 recognita
697 4265 754 4316 et
795 4259 1126 4323 emendata,
1153 4257 1485 4312 faciendum
1521 4255 1666 4312 illud
1701 4257 1870 4312 nobis
1901 4256 2022 4312 exi-

369 4352 843 4418 slimavimus,ut
872 4348 997 4421 pari
1034 4345 1232 4402 studio
1255 4345 1582 4417 praecipuas
1601 4347 1729 4417 ejus
1750 4346 2025 4402 lucubra-

369 4445 558 4500 tiones
580 4439 878 4494 illustrare
901 4451 1272 4501 conaremur,
1294 4438 1350 4489 et
1379 4451 1580 4489 eorum
1611 4435 1874 4490 omnium
1899 4451 2026 4506 qua:

375 4534 608 4588 fuerant
638 4545 672 4583 a
703 4525 873 4582 nobis
906 4525 1243 4592 immutata,
1268 4523 1554 4579 rationem
1588 4523 1681 4580 bis
1711 4523 1873 4580 Notis
1905 4524 2030 4579 red-

374 4624 674 4688 deremus,
709 4634 774 4673 ac
801 4617 849 4672 si
884 4631 1000 4687 qua
1050 4615 1194 4669 forte
1243 4619 1515 4669 currente
1565 4615 1738 4686 prmio
1783 4614 2033 4670 fuissent

379 4711 578 4765 minus
611 4712 881 4763 accurate
912 4720 1190 4776 expensa,
1223 4705 1846 4760 recenseremus.Cum
1873 4703 2030 4760 enim

377 4799 471 4853 vix
503 4796 688 4870 possit
719 4793 849 4866 quis
883 4792 1090 4849 multis
1122 4792 1293 4847 annis
1324 4792 1456 4847 vitae
1487 4810 1606 4848 suae
1641 4795 1815 4849 unius
1833 4810 1903 4850 ex
1924 4793 2032 4848 Pa-

384 4887 575 4942 tribus
597 4901 841 4957 operum
866 4881 1408 4953 interpretationem
1439 4882 1776 4954 emetiri,ne
1807 4883 2033 4938 diutius

2125 3644 2354 3698 dierum
2385 3657 2555 3712 opus.
2590 3664 2618 3690 »
2646 3641 3034 3712 Hieronymus
3054 3641 3113 3695 in
3147 3641 3432 3711 Calalogo:
3464 3663 3493 3692 ‹‹
3526 3641 3776 3698 Basilius

2126 3729 2392 3801 egregios
2441 3733 2639 3784 contra
2678 3731 3020 3785 Eunomium
3049 3729 3370 3785 elaboravit
3400 3730 3604 3795 libros,
3632 3735 3690 3786 et
3716 3732 3779 3785 in

2126 3821 2505 3874 Hexaemeron
2527 3817 2805 3874 homilias
2834 3820 2934 3873 IX.
2961 3838 2988 3866 »
3007 3817 3372 3888 Sophronias
3393 3821 3584 3874 Graece
3605 3818 3780 3874 inter-

2129 3912 2392 3980 pretatur
2425 3925 2437 3963 :
2469 3903 2754 3967 Βασίλειος
2803 3907 2941 3961 κατά
2987 3905 3257 3979 Εὐνομίου
3301 3904 3604 3980 ἐξαιρέτους
3651 3927 3774 3960 συν-

2130 3994 2278 4064 ἐταξι
2326 3992 2543 4067 λόγους,
2601 3993 2691 4048 καὶ
2748 3993 2840 4058 Εἰς
2901 3996 3000 4062 τήν
3039 3996 3370 4069 Ἑξαήμερον
3439 3993 3663 4068 ὁμιλίας
3713 3996 3776 4057 θ’.

2131 4087 2274 4140 Item
2307 4085 2363 4138 in
2399 4085 2686 4156 Hippolyto
2712 4101 2772 4139 :«
2798 4084 3144 4156 Hippolytus
3175 4084 3415 4154 scripsit
3443 4083 3678 4153 ἱηἘξαή
3693 4104 3784 4156 με·

2134 4191 2248 4245 ρον,
2285 4192 2308 4223 ι
2343 4173 2728 4242 Sophronius,
2779 4170 2854 4233 εἰς
2905 4172 3004 4238 τήν
3051 4171 3407 4245 Ἐξαήμερον.
3437 4172 3785 4228 Anastasius

2135 4261 2360 4318 Sinaita
2388 4261 2447 4315 in
2482 4262 2818 4332 praefatione
2846 4262 3326 4333 Explanau'ouum
3382 4264 3444 4315 in
3475 4263 3739 4318 Genesim
3766 4275 3784 4309 ε

2135 4348 2266 4425 Περί
2308 4353 2414 4402 τῶν
2468 4346 2522 4403 ἐν
2570 4353 2638 4422 τῇ
2685 4349 3000 4422 Ὲξαημὲρῳ
3055 4347 3294 4410 πολλοῖς
3353 4347 3744 4424 ἀπορουμένων
3772 4369 3785 4383 ⁸

2141 4441 2394 4494 «Eorum
2410 4439 2480 4493 de
2501 4437 2722 4508 quibus
2744 4439 3099 4493 dubitatura
3118 4437 3323 4494 multis
3343 4439 3404 4494 in
3422 4441 3788 4510 Hexaemero,

2138 4529 2194 4584 id
2228 4532 2338 4595 est,
2363 4527 2422 4581 in
2446 4526 2742 4582 creatione
2771 4543 2871 4582 sex
2900 4527 3152 4582 dierum.
3176 4547 3204 4579 ιο
3230 4526 3474 4583 Photius
3497 4529 3554 4582 in
3578 4530 3791 4585 Biblio-

2137 4618 2293 4673 theca
2341 4613 2727 4689 εἈνεγνώσθη
2778 4613 3070 4670 Βασιλείου
3107 4619 3205 4669 τοῦ
3259 4615 3539 4670 θεσπεσίου
3576 4617 3643 4670 τὰ
3700 4616 3794 4680 Εἰς

2139 4707 2237 4773 τὴν
2265 4705 2620 4777 Ἑξαήμερον·
2647 4728 2675 4755 ‹‹
2710 4705 2988 4777 Legimus
3032 4705 3184 4761 beati
3230 4706 3436 4762 Basilii
3487 4723 3638 4779 opus
3690 4724 3792 4763 sex

2141 4795 2394 4860 dierum,
2424 4811 2526 4849 seu
2559 4793 2631 4848 de
2672 4794 2879 4849 mundi
2920 4794 3159 4850 fabrica.
3194 4817 3222 4844 n
3256 4794 3512 4851 Vocatur
3557 4799 3616 4850 et
3660 4795 3791 4867 ipsa

2144 4885 2522 4942 bomiliarum
2546 4885 2831 4954 collectio,
2851 4887 2971 4943 sive
2989 4888 3154 4944 Liber
3172 4887 3238 4942 de
3249 4903 3408 4958 apere
3425 4903 3525 4944 rex
3542 4889 3789 4958 dierum,

379 4992 582 5033 eorum
616 4972 1089 5030 Graeco-Latinas
1119 4969 1404 5025 editiones
1452 4971 1710 5027 Ecclesia
1751 4972 2027 5044 requirat,
2059 4957 2101 5024 C
2144 4977 2208 5033 'H
2239 4975 2398 5045 Ἑξαή
2412 4995 2595 5050 μερος,
2629 4982 2694 5032 ut,
2721 4994 2755 5033 θ,
2784 4977 3060 5050 Gregorio
3098 4957 3461 5033 Nazianzeno
3497 4982 3644 5032 orat,
3679 4957 3789 5032 20:

382 5065 521 5122 boni
553 5063 811 5138 profecto
844 5058 1270 5117 consulendum
1306 5063 1415 5129 est,
1451 5061 1499 5115 si
1527 5067 1768 5133 receptas
1794 5063 1914 5133 jam
1944 5061 2034 5115 in-

378 5151 827 5224 terpretationes
859 5166 924 5205 ex
966 5148 1212 5203 adverso
1251 5147 1430 5200 Graeci
1480 5151 1675 5202 textus
1726 5149 2034 5220 recognitis

378 5242 756 5297 collocentur.
774 5241 960 5305 Quam
985 5238 1054 5293 ad
1082 5254 1203 5292 rem
1220 5238 1586 5292 commodius
1602 5239 2035 5311 exsequendam

2142 5065 2307 5120 "Omv
2365 5063 2464 5131 τήν
2519 5064 2854 5138 Ἑξαήμερον
2905 5063 3068 5118 αὐτοῦ
3120 5062 3607 5138 μεταχειρίζωμαι,
3662 5063 3796 5136 μετὰ

2143 5159 2240 5209 τοῦ
2269 5152 2486 5208 κτίστου
2543 5153 2790 5228 γίνομαι·
2829 5176 2852 5207 ιι
2889 5155 3033 5209 Cum
3087 5157 3460 5210 Hexaemeron
3514 5155 3676 5210 illius
3734 5157 3794 5210 in

2150 5263 2359 5300 n'iauus
2373 5261 2562 5311 sumo,
2585 5261 2716 5299 cum
2735 5249 2994 5299 creatore
3008 5244 3392 5315 conjungor.»
3412 5243 3800 5315 Hieronymus

383 5353 532 5392 novo
557 5336 802 5407 insuper
823 5333 1008 5404 adjuti
1029 5331 1295 5388 subsidio
1319 5347 1699 5398 sumus,cum
1722 5332 2039 5389 immortali
2147 5334 2319 5406 epist.
2341 5335 2412 5388 55
2444 5350 2457 5388 :
2493 5358 2518 5383 α
2552 5337 2750 5404 Nuper
2779 5336 3025 5388 sanctus
3077 5333 3415 5388 Ambrosius
3463 5333 3550 5388 sic
3588 5335 3801 5390 Hexae-

381 5422 666 5480 beneﬁcio
713 5422 778 5476 V.
825 5422 887 5477 C.
929 5419 1150 5477 Nicolai
1199 5419 1365 5475 Fabri
1408 5422 1506 5471 τοῦ
1542 5419 1842 5493 μακαρίτου
1878 5425 2040 5478 vetus
2148 5440 2337 5478 meron
2367 5423 2632 5494 Origenis
2664 5420 3024 5492 compilavit,
3059 5422 3640 5494 utmagisl—lippolyti
3671 5439 3805 5479 sen-

383 5511 679 5570 Eustathii
713 5510 1119 5582 interpretatio
1151 5527 1358 5566 novem
1383 5509 1760 5566 bomiliarum
1788 5513 1846 5566 in
1871 5515 2044 5567 Gene-

385 5606 494 5662 sim
511 5600 812 5676 prodierit,
836 5617 1010 5671 quem
1038 5603 1207 5654 tanta
1244 5600 1420 5655 laude
1455 5599 1842 5657 Cassiodorus
1881 5618 2042 5658 com-

390 5694 648 5763 mendat,
687 5695 750 5746 ut
781 5689 1083 5762 ingenium
1113 5689 1438 5744 doctissimi
1463 5689 1572 5744 viri
1606 5691 1888 5747 facundiae
1925 5711 2044 5750 sua:

715 5822 979 5880 ΡΑτιιοι..
1030 5819 1138 5878 Gn.
1187 5817 1374 5876 XXX.

2154 5515 2373 5570 tentias
2396 5512 2714 5583 Basiliique
2739 5516 3044 5582 sequatur.
3067 5534 3094 5561 ››
3114 5513 3277 5566 Beda:
3301 5529 3538 5585 quoque
3555 5512 3650 5568 hic
3673 5513 3809 5567 titu¢

2158 5605 2252 5662 lus
2283 5612 2374 5662 est
2405 5606 2538 5660 libri
2571 5607 2630 5661 in
2681 5606 2942 5660 Genesim
2972 5622 2990 5659 :
3023 5606 3419 5673 Hexaemeron,
3451 5607 3564 5661 sive
3603 5605 3670 5659 de
3715 5621 3811 5659 sea:

2162 5696 2382 5752 dierum
2424 5697 2701 5751 creatione
2743 5694 2981 5750 libellus.
3017 5695 3484 5766 Antiquissimus
3534 5692 3816 5760 omnium,

3413 5821 3485 5878 31
