4156 6398
327 391 444 452 971
1523 377 1759 438 NOTJE
1802 376 2018 437 FRON‘

2135 375 2252 438 NlS
2297 377 2561 440 DUCEI
3639 381 3758 441 972

331 536 482 595 quos
511 515 587 578 εἰς
611 515 710 585 τὴν
753 512 914 584 Ἐξαή
927 529 1094 588 μερυν
1144 509 1402 567 edidisse
1431 511 1664 564 constat
1705 506 1982 564 homilias
2011 563 2018 577 Α

2139 512 2280 595 tum
2312 512 2519 595 auctor
2537 513 2646 580 est,
2662 510 2833 581 cujus
2852 509 2974 566 hinc
2997 513 3138 566 sunt
3157 509 3338 567 verba
3370 511 3552 566 Exodi
3596 528 3660 580 ιι,
3687 513 3756 568 2:

331 593 423 667 vel
454 604 945 665 commentarium
979 603 1090 658 fuit
1122 601 1392 670 Rhodon,
1425 603 1489 654 ut
1519 615 1588 654 ex
1634 597 1984 670 Hieronymo

2135 593 2324 658 δόντες
2373 593 2430 651 δὲ
2485 595 2614 651 αὐτὸ
2666 597 2901 670 ἀστεῖον,
2953 597 3248 654 ἐσκέπασαν
3276 617 3290 632 ·
3353 601 3608 658 Videnti}:
3653 619 3761 658 au-

336 699 625 756 discimus
647 696 708 751 in
736 695 990 764 Catalogo
1016 709 1074 746 ;‹‹
1095 689 1337 745 Rhodon
1351 687 1579 743 Tatiani
1600 687 1832 742 auditor
1853 691 1990 740 tem-
2099 689 2205 741 tem
2234 703 2363 740 eum
2409 687 2734 758 elegantem,
2766 688 3195 745 occultaverunt.
3227 689 3529 761 Interpres
3557 691 3759 763 Orige-

339 790 580 865 poribus
604 783 904 842 Commodi
927 787 983 838 ct
1003 779 1192 836 Severi
1216 779 1274 833 in
1297 779 1674 834 Hexaemeron
1694 777 1991 847 elegantes
2100 776 2194 831 nis
2225 774 2433 828 ἀστεῖον
2480 777 2783 846 elegantem
2827 778 3002 834 etiam
3055 779 3247 848 vertit,
3283 779 3501 850 Aquila
3531 778 3760 852 ἀγαθόν,

338 863 622 936 tractatus
637 871 982 946 composuit.
1001 891 1026 922 ι
1048 870 1121 926 So
1130 868 1434 942 phronius,
1451 865 1526 928 εἴς
1538 866 1639 933 τήν
1655 864 1810 934 Ἑξαή
1825 883 1986 938 μερον

2135 879 2320 932 onum,
2387 864 2778 936 Symmachus
2860 865 3084 938 ὡραῖον.
3148 867 3268 923 Vox
3344 868 3581 922 Hebraea
3655 877 3761 930 :17:

339 965 557 1042 κομψάς
591 961 814 1036 ὁμιλίας
858 958 1122 1028 συνέταξε.
1156 957 1440 1029 Colligere
1487 961 1685 1011 tamen
1729 971 1793 1010 ex
1837 956 1989 1009 Ana-

2135 955 2304 1026 ιραῖος
2352 953 2630 1024 etiam,id
2680 958 2790 1025 est,
2823 955 3074 1027 pulchre,
3119 957 3384 1012 redditur
3431 957 3649 1026 Graece,
3683 957 3764 1012 Ill

340 1058 523 1115 stasio
555 1055 779 1112 Sinaita
811 1067 1129 1124 possumus
1172 1052 1306 1104 ante
1357 1046 1701 1102 Rhodonem
1737 1043 1988 1115 aliquos,

339 1151 479 1204 dum
501 1145 560 1200 in
585 1145 803 1200 librum
827 1141 1123 1197 Geneseos
1150 1137 1494 1203 scriberent,
1512 1135 1820 1206 allegorice
1843 1149 1992 1204 opus

340 1254 443 1295 sex
465 1236 692 1292 dierum
727 1230 1094 1302 exposuisse.
1123 1227 1216 1282 Sic
1256 1227 1413 1281 enim
1455 1224 1660 1280 scribit
1688 1222 1792 1277 lib.
1823 1224 1991 1292 ijam

339 1327 514 1383 citato
545 1341 562 1378 .'
590 1314 865 1380 Λαϐὅντες
921 1317 1017 1379 τὰς
1065 1313 1316 1388 ἀφορμὰς
1348 1311 1407 1367 ἐκ
1440 1310 1651 1366 Παπίου
1708 1313 1804 1365 τοῦ
1851 1310 1993 1363 πάνυ

337 1418 434 1470 τοῦ
463 1407 841 1487 Ἱεραπολίτου
891 1409 986 1461 τοῦ
1036 1403 1089 1459 ἐν
1136 1408 1215 1475 τῷ
1271 1399 1572 1473 ἐπιστηθίῳ
1604 1400 1993 1476 φοιτήσαντος,

339 1504 429 1559 καὶ
495 1499 835 1573 Κλήμεντος,
887 1496 975 1550 καὶ
1026 1492 1383 1549 Πανταινέτου
1435 1493 1532 1545 τοῦ
1582 1495 1681 1558 τῆς
1742 1487 1995 1558 ’Δλεξανο

346 1590 514 1667 δρὲων
567 1586 777 1665 ἱερὲως,
837 1585 928 1641 καὶ
984 1580 1313 1657 Ἀμμωνίου
1365 1577 1680 1658 σοφωτάτου
1734 1581 1840 1632 τῶν
1900 1577 1994 1650 ἀρ-

346 1665 520 1758 χαίων
581 1678 672 1734 καὶ
730 1676 962 1752 πρώτων
1013 1669 1272 1745 συνῳδῶν
1323 1670 1598 1744 ἐξηγητῶν
1643 1667 1719 1730 εἷς
1769 1665 1994 1740 Χριστὸν

347 1755 437 1828 καὶ
485 1771 584 1839 τὴν
639 1765 968 1836 Ἐκκλησίαν
1013 1767 1184 1817 πᾶσαν
1250 1761 1349 1830 τήν
1406 1757 1704 1832 ἐξαήμερον
1768 1755 1997 1824 νοησάν-

2104 1043 2243 1114 Reg.
2271 1060 2310 1110 ι,
2334 1044 2719 1114 6.Apostolus
2739 1043 2878 1100 item
2903 1045 3279 1102 Hebraeorum
3294 1062 3371 1116 ιιι,
3393 1046 3494 1100 23:
3520 1039 3760 1119 Ἐκρύϐη

2100 1130 2368 1205 τρίμηνον
2453 1131 2557 1185 ὑπὸ
2633 1137 2742 1186 τῶν
2821 1134 3068 1208 πατέρων
3149 1134 3357 1204 αὐτοῦ,
3405 1131 3545 1188 διότι
3620 1131 3760 1189 εἶδον

2105 1219 2316 1274 ἀστεῖον
2365 1218 2427 1273 τὸ
2476 1216 2713 1278 παιδίον.
2763 1223 3093 1281 occultatus
3124 1227 3201 1279 est
3243 1225 3529 1279 mensibus
3576 1226 3761 1280 tribus

2104 1326 2137 1365 a
2159 1313 2489 1382 parentibus
2519 1313 2655 1380 suis,
2677 1327 2741 1367 eo
2773 1312 2916 1383 quod
2943 1312 3202 1369 vidissent
3230 1312 3538 1382 elegantem
3570 1314 3760 1385 infan-

2105 1409 2230 1456 tem.
2294 1399 2388 1455 Sic
2456 1399 2630 1468 infra,
2679 1402 2816 1454 κατά
2897 1402 2996 1470 τὴν
3082 1401 3381 1477 μαρτυρίαν
3441 1401 3606 1470 αὐτὴν
3661 1405 3758 1456 τοῦ

2105 1491 2259 1541 Θιοῦ.
2295 1489 2662 1561 Suffragatur
2682 1491 2859 1546 etiam
2880 1490 3198 1565 Josephus,
3219 1492 3322 1564 qui
3353 1491 3646 1563 placuisse
3667 1493 3760 1546 in-

2106 1575 2329 1632 fantem
2371 1578 2576 1633 scribit
2604 1579 2703 1634 lib.
2733 1595 2797 1648 ιι,
2831 1597 2958 1653 οιιρ·
2990 1582 3046 1651 5,
3070 1583 3216 1652 quod
3262 1598 3506 1652 magnus
3535 1584 3669 1636 esset
3699 1595 3765 1636 ac

2105 1666 2356 1738 pulcher,
2409 1665 2798 1741 ὑπερηγάπησε
2847 1669 3106 1742 μεγέθους
3157 1689 3217 1723 τε
3264 1665 3422 1723 ἕνεκα
3476 1667 3568 1723 καὶ
3626 1665 3761 1722 κάλ-

2109 1754 2262 1817 λους.
2298 1756 2546 1812 Secutus
2577 1763 2773 1813 tamen
2803 1759 3037 1814 videtur
3075 1760 3134 1815 S.
3157 1759 3438 1831 Stephani
3472 1759 3764 1814 narratio-

347 1880 476 1917 των·
505 1883 533 1911 ‹‹
569 1861 820 1929 Accepta
853 1854 1160 1911 occasione
1199 1868 1268 1906 ex
1308 1848 1484 1922 Papia
1516 1848 1636 1904 viro
1669 1845 1998 1903 clarissimo
2032 1889 2079 1955 Β
2110 1863 2246 1902 nem
2278 1845 2570 1917 Basilius;
2605 1848 2776 1918 cujus
2798 1847 2921 1905 hac
2951 1852 3091 1904 sunt
3111 1850 3305 1904 Actor.
3334 1866 3434 1918 vu,
3455 1848 3562 1902 20:
3588 1847 3767 1920 Ἐγεν-

1099 1943 1108 1953 -
1201 1941 1214 1955 ι
1329 1939 1426 1955 η..
1780 1935 1967 1955 ..ε-η
2161 1936 2211 1955 ,η
2315 1935 2484 1955 ..7-
2667 1935 2679 1951 ε
2748 1934 2774 1955 τ
2870 1936 2883 1954 ν
2988 1940 3010 1950 -
3167 1940 3194 1950 -
3269 1939 3368 1955 ..-
3454 1935 3559 1955 τηε
3621 1935 3732 1955 υ--.

349 1949 810 2022 Hierapolitano,
845 1945 945 2017 qui
967 1941 1292 2014 discipulus
1326 1939 1434 1994 fuit
1465 1935 1735 2010 apostoli,
1769 1935 1869 2007 qui
1902 1951 2000 1991 su-

348 2059 455 2115 pra
487 2044 690 2112 pectus
720 2033 1010 2104 recubuit,
1043 2032 1343 2089 Clemente
1372 2034 1430 2085 et
1461 2029 1732 2084 Pantaeno
1752 2025 2001 2081 Alexan-

349 2131 518 2188 drino
549 2126 872 2192 sacerdote,
905 2127 963 2178 et
985 2121 1298 2178 Ammonio
1330 2116 1772 2191 sapientissimo
1825 2115 2004 2169 inter-

348 2218 616 2294 pretibus
647 2213 893 2271 vetustis
923 2215 980 2269 et
1011 2211 1241 2284 primis,
1277 2209 1379 2281 qui
1407 2211 1597 2264 totum
1641 2222 1742 2262 sex
1767 2205 2002 2260 dierum

351 2326 499 2383 opus
531 2308 601 2363 de
632 2304 862 2362 Christo
891 2306 948 2358 et
976 2300 1237 2357 Ecclesia
1279 2296 1711 2354 intellexerunt.
1741 2313 1767 2346 ι
1816 2296 2005 2383 Inter:

352 2381 487 2472 pres
503 2396 720 2469 legisse
739 2392 973 2449 videtur
993 2389 1262 2464 φήσαντος
1295 2405 1408 2444 non
1431 2385 1816 2460 φοιτήσαντος,
1849 2381 2006 2455 quod

356 2485 623 2566 φοιτητήν
657 2484 766 2540 hoc
789 2481 915 2538 loco
947 2483 1138 2548 sonat,
1164 2478 1275 2534 hoc
1305 2481 1414 2546 est,
1448 2473 1843 2547 discipulum;
1869 2488 2005 2527 nam

357 2562 413 2635 et
442 2579 513 2633 de
545 2575 748 2632 eodem
781 2571 963 2642 Papia
990 2569 1383 2641 Hieronymus
1413 2566 1473 2621 in
1502 2565 1758 2635 Catalogo
1787 2580 1799 2617 :
1835 2585 1863 2612 «
1899 2562 2000 2617 Pa-

358 2667 487 2740 pias
515 2662 761 2721 Joannis
791 2660 1025 2716 auditor
1059 2656 1533 2728 Hierapolitanus
1591 2654 1905 2725 episcopus
1951 2652 2011 2706 in

359 2756 501 2811 Asia
531 2751 792 2826 quinque
820 2753 1054 2806 tantum
1088 2746 1330 2817 scripsit
1359 2743 1682 2800 volumina.
1717 2764 1738 2791 ι)

428 2859 550 2918 Col.
583 2861 616 2914 3
663 2859 704 2914 Α
749 2858 837 2924 11,
869 2854 1071 2928 Ψυχὴν
1121 2851 1280 2925 πρός.
1309 2853 1372 2906 In
1420 2851 1652 2906 duobus
1710 2847 1888 2920 regiis
1919 2863 2014 2902 co-

359 2950 590 3007 dicibus
621 2964 765 3003 mss.
801 2959 1054 3017 quorum
1088 2944 1236 2998 alter
1281 2939 1515 2996 Henrici
1554 2941 1630 3003 II,
1658 2936 1802 2992 alter
1830 2934 2014 2990 Medi-

360 3055 513 3096 caaus
547 3035 778 3093 Henrici
818 3032 1010 3105 Magni
1043 3031 1154 3086 fuit
1181 3034 1388 3102 κτῆμα,
1424 3029 1506 3083 ita
1535 3026 1824 3098 scriptum
1859 3026 2014 3081 inve-

360 3128 561 3184 nimus
599 3142 612 3180 :
643 3121 844 3197 Ψυχὴν
870 3115 1098 3195 ἔχοντας
1128 3118 1264 3191 πρὸς
1295 3116 1393 3184 τήν
1453 3119 1559 3168 τῶν
1617 3111 1963 3183 τηλικούτων
2000 3127 2013 3142 ’

363 3239 392 3268 ‹‹
426 3216 788 3272 Adornatam
811 3209 1083 3266 convenit
1105 3208 1316 3264 habere
1337 3206 1596 3262 animam
1620 3221 1741 3274 eos,
1761 3204 1863 3275 qui
1887 3219 2015 3258 eam

361 3304 656 3362 voluerint
679 3303 750 3358 ad
773 3304 1067 3356 tantarum
1086 3313 1280 3354 rerum
1305 3295 1797 3352 auscultationem
1821 3291 2015 3364 appel-

364 3395 504 3452 lere.
539 3414 568 3443 »
601 3389 945 3448 Eustathius
975 3393 1174 3443 tamen
1227 3390 1395 3443 vetus
1437 3384 1726 3455 interpres
1757 3383 1866 3438 hoc
1899 3397 2016 3436 non

370 3481 674 3557 agnoscit:
700 3478 893 3536 solum
925 3475 1082 3534 enim
1113 3475 1303 3541 vertit,
1332 3497 1359 3524 ‹‹
1394 3473 1483 3530 vel
1516 3471 2018 3545 quemadmodum

369 3574 700 3629 instructus
731 3585 862 3626 esse
896 3568 1108 3622 debeat
1138 3565 1396 3620 animus.
1421 3585 1449 3614 »

323 3710 338 3725 .
441 3661 561 3718 Col.
595 3662 629 3715 6
659 3665 706 3713 Α
739 3659 793 3714 3.
823 3655 1118 3728 Profunda
1147 3671 1324 3710 sensa.
1356 3653 1543 3708 Janus
1590 3649 1930 3715 Cornarius,
1962 3649 2022 3704 in

367 3751 624 3811 editione
644 3747 956 3804 Basiliensi
988 3744 1353 3800 Frobeniana
1395 3743 1555 3806 1552,
1579 3740 2022 3810 interpretatur,

368 3866 396 3893 ‹‹
418 3842 660 3898 Etiamsi
684 3836 990 3909 scriptoris
1012 3851 1260 3890 acumen
1287 3849 1404 3888 non
1445 3846 1855 3903 assequamur.
1893 3848 1918 3880 ι)
1957 3834 2031 3883 At

364 3930 712 3988 Eustathius
751 3927 822 3982 ad
853 3925 1099 3981 verbum
1137 3941 1149 3977 :
1187 3945 1214 3973 «
1253 3922 1400 3980 Nam
1458 3920 1595 3976 licet
1652 3917 2028 3975 altitudinem

367 4021 562 4078 cordis
594 4015 865 4074 historici
889 4031 1006 4070 non
1027 4013 1336 4068 valeamus
1367 4011 1678 4082 attingere,
1713 4031 1740 4060 »
1775 4010 1874 4072 τῆς
1937 4007 2032 4082 βοι-

367 4109 513 4171 Θείας
543 4103 765 4182 καρδίας
805 4105 880 4178 μή
915 4101 1250 4181 ἐφικώμεθα·
1289 4118 1414 4171 qum
1466 4100 1679 4155 locutio
1711 4099 2032 4170 Scriptura:

366 4199 702 4258 familiaris.
750 4196 1023 4253 Jeremim
1055 4208 1197 4255 XVII,
1219 4192 1254 4245 9
1288 4208 1300 4246 :
1336 4192 1534 4252 Βαθεῖα
1565 4190 1599 4257 ἡ
1647 4184 1843 4262 καρδία
1891 4185 2038 4261 παρᾶ

364 4289 559 4356 πάντα,
599 4286 691 4342 καὶ
766 4281 1051 4357 ἅνθρωπός
1114 4282 1248 4348 ἐστι,
1299 4277 1390 4334 καὶ
1470 4276 1551 4339 τίς
1611 4277 1884 4350 γνώσεται
1941 4274 2036 4328 αὖ-

2111 1936 2250 2004 νήθη
2315 1935 2542 2006 Μωσῆς,
2592 1935 2682 1988 καὶ
2740 1934 2808 2004 ἦν
2859 1936 3072 1997 ἀστεῖος
3127 1940 3209 2008 τῷ
3265 1939 3404 2007 Θεῷ.
3454 1935 3563 1992 Ubi
3621 1935 3769 1990 Vul-

2112 2035 2246 2100 gata
2273 2025 2397 2082 Lat.
2441 2041 2456 2081 :
2489 2027 2656 2082 Natus
2689 2036 2768 2082 est
2809 2029 3035 2100 Moyses,
3065 2035 3118 2083 et
3159 2027 3273 2099 fuit
3321 2034 3512 2096 graius
3543 2027 3669 2082 Deo.
3703 2025 3774 2080 Et

2115 2117 2306 2171 inesse
2351 2119 2546 2186 potest
2575 2115 2984 2184 Hebraismus,
3022 2121 3083 2170 ut
3136 2116 3294 2171 dicat
3342 2116 3401 2170 S.
3435 2114 3772 2187 Stephanus

2112 2207 2348 2277 Moysen
2379 2204 2561 2260 fuisse
2591 2209 2852 2276 gratum,
2886 2205 3158 2261 festivum
3209 2222 3276 2261 ac
3321 2205 3608 2277 lepidum,
3644 2203 3774 2276 pul-

2116 2293 2323 2350 chrum
2353 2292 2493 2363 Deo,
2525 2293 2583 2348 id
2616 2298 2707 2349 est
2737 2294 2948 2350 eximie
2970 2294 3286 2367 pulchrum
3319 2293 3476 2351 sicut
3503 2293 3664 2350 Jonas
3686 2311 3776 2361 ιιι,

2115 2384 2195 2439 3:
2231 2381 2298 2436 Ἡ
2355 2377 2412 2434 δὲ
2460 2381 2647 2435 Νινευῒ
2701 2382 2769 2450 ἧν
2821 2380 2985 2443 πολῖς
3046 2379 3256 2458 μεγάλη
3313 2386 3395 2454 τῷ
3451 2385 3606 2453 Θεῷ·
3643 2384 3774 2438 Erat

2117 2479 2301 2527 autem
2358 2473 2556 2526 civitas
2606 2489 2817 2541 magna
2861 2473 2987 2529 Deo.
3026 2473 3537 2538 Quemadmodum
3595 2476 3653 2528 et
3705 2488 3775 2529 ex

2119 2561 2358 2616 Hebraeo
2391 2560 2637 2616 vertitur
2658 2561 2728 2616 ad
2764 2563 3028 2630 verbum,
3062 2562 3172 2618 hoc
3205 2567 3317 2628 est,
3348 2561 3519 2617 valde
3537 2578 3772 2634 magna,

2122 2650 2280 2721 quod
2329 2649 2550 2705 omnia.
2591 2665 2712 2721 qua
2741 2666 2944 2721 magna
2973 2658 3122 2719 sunt,
3159 2651 3435 2706 dicantur
3475 2666 3606 2706 esse
3650 2649 3775 2717 Dei,

2123 2744 2190 2794 ut
2218 2738 2370 2794 Psal.
2403 2755 2574 2810 xxxv,
2595 2740 2630 2792 7
2663 2756 2675 2794 :
2711 2741 2941 2796 Iustitia
2986 2742 3134 2796 sicut
3166 2745 3378 2796 montes
3408 2741 3525 2795 Dei.
3561 2740 3779 2798 Mavult

2124 2834 2323 2884 tamen
2354 2828 2672 2884 Fr.Ribera
2699 2834 2896 2884 noster
2927 2829 3076 2885 nihil
3107 2829 3266 2885 aliud
3301 2829 3633 2900 signiﬁcare
3654 2829 3781 2900 pul-

2127 2917 2335 2974 chrum
2367 2916 2505 2984 Deo,
2531 2933 2710 2988 quam
2745 2917 3058 2988 pulchrum
3093 2934 3291 2973 coram
3321 2918 3458 2987 Deo,
3486 2921 3547 2971 ut
3567 2916 3772 2972 Genes.

2124 3023 2250 3076 xm,
2282 3005 2370 3071 i3,
2405 3006 2686 3060 dicuntur
2730 3006 3041 3062 Sodomitas
3085 3013 3390 3078 peccat-ores
3434 3021 3614 3060 coram
3671 3005 3774 3060 Do-

2127 3100 2299 3166 mino,
2332 3095 2634 3168 Hebraice,
2666 3107 2980 3168 peccatores
3038 3098 3286 3164 Domino,
3331 3097 3393 3151 in
3450 3095 3620 3150 aeutis
3667 3097 3774 3152 Do-

2127 3188 2291 3256 mini,
2324 3185 2414 3240 vel
2465 3187 2582 3253 Dei,
2619 3186 2726 3242 hoc
2785 3192 2897 3254 est,
2955 3203 3192 3256 revera,
3225 3185 3460 3242 etiamsi
3508 3184 3779 3241 homines

2048 3260 2090 3327 C
2131 3275 2508 3331 dissentiant.
2566 3278 2769 3348 Itaque
2833 3282 2991 3332 recte
3046 3276 3193 3332 dixit
3255 3274 3531 3345 Basilius,
3571 3272 3780 3334 ἀστεῖος

2124 3363 2271 3439 παρὰ
2317 3366 2453 3432 Θιῶ,
2489 3371 2554 3420 ut
2600 3365 2830 3420 dixerat
2887 3365 2944 3422 S.
3001 3364 3359 3437 Stephanus,
3391 3362 3601 3424 ἀστεῖος
3645 3364 3781 3433 Θεῷ.

2199 3544 2320 3602 Col.
2356 3545 2386 3597 Ἰ
2424 3546 2472 3600 Α
2507 3543 2561 3599 6.
2613 3543 2716 3600 Sed
2767 3544 3081 3599 secundum.
3132 3541 3262 3598 Haec
3307 3540 3547 3597 uberius
3594 3539 3780 3595 inter-

2135 3640 2400 3708 pretatus
2439 3639 2564 3690 erat
2589 3633 3004 3707 Argyropylus,
3040 3633 3160 3688 sive
3189 3633 3239 3687 is
3271 3629 3372 3703 qui
3402 3631 3532 3701 ejus
3571 3629 3789 3686 versio-

2137 3742 2272 3782 nem
2303 3725 2620 3781 recensuit.
2643 3723 2712 3778 Et
2733 3737 2803 3778 ne
2832 3721 2966 3794 quis
2998 3721 3198 3777 damni
3231 3735 3295 3776 se
3324 3718 3550 3791 aliquid
3583 3718 3795 3774 fecisse

2141 3815 2500 3887 suspicetur,
2536 3816 2812 3884 poterunt
2840 3827 2974 3866 cum
3006 3810 3220 3866 Graecis
3255 3825 3324 3866 ea
3373 3807 3623 3864 conferri
3667 3821 3796 3877 quis

2145 3903 2504 3961 sustulimus
2537 3919 2550 3958 :
2584 3924 2611 3951 ‹‹
2645 3905 2710 3955 Et
2761 3917 2826 3956 se
2880 3905 3036 3956 totos
3067 3899 3474 3967 permittentes
3505 3901 3681 3968 atque
3711 3911 3802 3949 ac-

2145 3993 2594 4051 commodantes
2624 3991 2824 4063 primae
2857 3989 2942 4044 illi
2985 4006 3104 4045 suae
3153 3990 3226 4044 de
3273 3987 3390 4043 Deo
3437 3984 3804 4059 ignorantiae,

2146 4101 2274 4157 quis
2309 4083 2578 4139 videmus
2627 4085 2842 4136 cuncta
2889 4079 2960 4134 ad
3012 4083 3208 4134 ortum
3241 4076 3539 4148 progredi,
3571 4076 3696 4130 haec
3725 4073 3809 4127 ita

2147 4187 2446 4244 emergere
2475 4169 2893 4226 concluserunt
2923 4166 3148 4240 perpeti
3177 4166 3432 4237 quadam
3469 4163 3622 4220 serie
3673 4178 3813 4219 suc-

2149 4261 2457 4318 cessionis.
2473 4278 2499 4310 ι
2522 4257 2870 4314 Eustathius
2892 4256 3128 4328 scripsit
3147 4271 3160 4310 :
3177 4277 3203 4304 α
3219 4254 3333 4310 Sed
3357 4251 3633 4309 familiari
3653 4251 3820 4323 igno-

937 4339 1050 4429 cor'
1077 4339 1248 4443 super
1289 4371 1501 4433 omnia,
1550 4339 1807 4424 et'homo
1856 4375 1957 4435 εει,
1987 4373 2042 4420 ει
2153 4349 2378 4406 ratione
2401 4347 2672 4419 sublapsi
2698 4345 2872 4402 variis
2896 4342 3563 4400 omniadeﬁnitionibus
3585 4339 3824 4396 conclu-

369 4471 490 4542 quis
519 4475 803 4536 cognoscet
831 4479 958 4520 eum
978 4462 1005 4517 ‘I
1040 4461 1432 4532 Hieronymus
1457 4475 1527 4514 ex
1557 4455 1912 4527 Symmacho
1945 4471 2037 4510 re-

370 4561 500 4624 fert,
537 4579 564 4608 (ι
596 4553 984 4610 inscrutabile
1014 4568 1114 4606 cor
1137 4550 1418 4614 omnium,
1439 4571 1458 4596 -
1491 4553 1548 4602 et
1575 4545 1739 4602 Isaiae
1767 4561 1924 4613 xxxx,
1954 4545 2044 4625 15,

2155 4443 2379 4496 serunt.
2415 4459 2443 4488 »

2225 4535 2454 4592 (301.80
2485 4535 2570 4589 11.
2595 4536 2846 4600 Ζητεῖται
2879 4532 2907 4586 ὁ
2937 4532 3060 4599 τήν.
3109 4530 3194 4586 :ic
3241 4529 3464 4585 editum
3500 4532 3590 4584 est
3617 4544 3686 4582 ex
3715 4544 3813 4582 va-

370 4617 575 4704 Latine
604 4643 805 4699 eﬂ‘ert:
849 4643 936 4697 Vae
967 4642 1065 4711 qui
1090 4638 1371 4711 profundo
1397 4639 1526 4692 estis
1563 4636 1745 4703 corde,
1777 4638 1841 4688 ut
1865 4651 1897 4687 (ι
1927 4617 2042 4688 Do;
2072 4635 2116 4698 D
2151 4626 2256 4681 riis
2284 4624 2637 4711 lectionibus
2660 4621 2888 4694 Anglic.
2914 4621 3206 4711 codicum,
3229 4618 3447 4711 quibus
3478 4617 3818 4711 adiungunt

369 4739 521 4793 mino
549 4732 901 4792 abscondatis
940 4729 1256 4785 consilium.
1287 4725 1742 4799 Chrysostomus
1777 4724 1847 4778 de
1897 4738 2034 4794 pro-

372 4825 596 4881 ditione
625 4820 812 4886 Judie,
845 4823 990 4874 tom.
1034 4817 1079 4870 V
1114 4814 1390 4871 editionis
1423 4818 1634 4869 nostra:
1666 4810 1982 4866 Parisiens.
2021 4827 2034 4864 :

370 4916 634 4970 Ἕκαστον
674 4912 781 4963 τῶν
812 4906 1124 4982 λεγομὲνων
1180 4899 1405 4969 πολλὴν
1449 4899 1567 4975 ἔχει
1621 4901 1722 4967 τὴν
1783 4896 2037 4972 θεωρίαν,

373 5003 462 5058 καὶ
493 5000 638 5058 πολὺ
659 4998 720 5055 τὸ
758 4997 924 5074 βάθος
956 4999 1064 5049 τῶν
1100 4991 1415 5064 νοημάτων·
1440 5013 1464 5045 a
1489 4997 1551 5046 In
1585 4989 1840 5061 singulis
1864 4988 2040 5044 dictis

377 5095 564 5153 multa
593 5097 679 5148 est
699 5085 1144 5159 contemplatio,
1171 5082 1358 5139 multa
1395 5081 1768 5154 profunditas
1803 5083 2039 5134 senten-

379 5186 619 5240 tiarum.
655 5203 682 5232 »
717 5184 787 5235 Et
814 5176 1021 5233 homil.
1056 5176 1079 5231 4
1120 5175 1197 5230 ad
1246 5171 1621 5227 Antiochenos
1657 5188 1668 5225 :
1701 5164 1870 5221 Ἴδετε
1901 5167 2038 5240 πρὸς

377 5269 548 5325 πόσον
611 5269 784 5342 βάθος¹
831 5263 1212 5337 κατηγάγομεν
1263 5258 1355 5312 τὸν
1404 5257 1589 5332 λόγον·
1621 5280 1648 5307 ‹‹
1705 5256 1950 5312 Vidistis
1981 5257 2040 5310 in

383 5367 664 5438 quantum
716 5373 1049 5415 sermonem
1101 5351 1459 5410 deduximus
1491 5349 1974 5422 profunditatem.
2015 5371 2034 5396 υ

455 5471 606 5526 Ibid.
634 5469 691 5523 9.
723 5463 1089 5530 Eustathius,
1122 5460 1406 5516 insistens
1457 5457 1700 5529 pr0pius
1728 5456 2040 5510 verborum

385 5555 690 5617 sententias
713 5553 904 5608 dixit:
944 5572 972 5600 ι(
1003 5549 1111 5615 Qui
1161 5547 1505 5620 perhibetur
1551 5547 1838 5599 venustus
1882 5542 2036 5612 apud

384 5649 705 5710 Dominum
735 5642 938 5697 fuisse.
974 5661 1000 5689 ››
1024 5639 1120 5694 Sic
1153 5641 1217 5692 ut
1240 5634 1641 5707 intelligamus
1675 5633 1912 5705 Moysen
1944 5646 2040 5685 ve-

387 5746 632 5798 nustum
651 5733 830 5788 fuisse
849 5731 1002 5800 apud
1022 5730 1204 5783 Deum
1228 5727 1446 5797 ipsum,
1465 5726 1562 5796 qui
1585 5725 1868 5780 nimirum
1891 5722 2042 5778 Scri-

2150 4715 2260 4769 viri
2303 4713 2456 4770 docti
2493 4709 2598 4781 τίς,
2629 4716 2693 4766 ut
2722 4711 2952 4780 legatur
2983 4708 3133 4775 ζήτει
3164 4725 3266 4773 τις,
3299 4705 3386 4761 vel
3431 4705 3658 4774 ζητήσει
3705 4725 3811 4773 τις,

2151 4808 2233 4864 τίς
2266 4802 2294 4855 ὁ
2326 4802 2426 4870 τὴν
2455 4801 2660 4874 ἀρχήν.
2695 4799 2946 4870 Vulgata
2985 4795 3160 4852 lectio
3211 4794 3556 4851 Basilionsis
3603 4795 3812 4850 editio-

2152 4895 2245 4949 nis
2280 4894 2412 4949 t'erri
2446 4889 2769 4964 potest,cui
2793 4889 2911 4942 duo
2935 4886 3100 4958 Regii
3124 4886 3356 4941 codices
3389 4885 3812 4955 suffragantur,

2154 4983 2300 5051 ζήτει
2331 4979 2414 5043 τίς
2446 4979 2473 5033 ὁ
2504 4979 2603 5046 τὴν
2633 4977 2840 5052 ἀρχήν,
2871 4980 2930 5032 et
2959 4974 3306 5031 Eustathius
3351 4990 3485 5029 cum
3535 4973 3816 5031 Cornario

2149 5077 2382 5127 vertens
2407 5089 2424 5124 :
2457 5093 2484 5122 ‹‹
2520 5071 2722 5135 Quaere
2753 5067 2884 5137 quis
2932 5065 3019 5120 illi
3066 5064 3229 5120 dedit
3263 5062 3639 5134 principium,
3667 5083 3694 5110 ››
3726 5061 3817 5117 vel

2152 5167 2306 5217 certe
2335 5159 2643 5224 scribetur,
2682 5159 2925 5226 ζητεῖται
2955 5153 3038 5214 τίς
3069 5153 3242 5220 ὁτήν.
3280 5173 3301 5200 ι
3336 5152 3645 5217 Quaeritur,
3680 5151 3816 5222 quis

2151 5250 2249 5320 sit,
2282 5250 2382 5320 qui
2418 5247 2778 5320 principium
2812 5245 2989 5301 dedit.
3031 5265 3059 5292 ››

2222 5354 2341 5410 Col.
2374 5355 2408 5409 9
2440 5357 2476 5408 Α
2538 5355 2625 5408 14.
2677 5349 2984 5427 Διαφεύγει.
3047 5347 3486 5402 Emendandum
3544 5360 3616 5399 ex
3665 5346 3809 5400 duo-

2151 5446 2264 5502 bus
2317 5444 2514 5517 Regiis
2572 5443 2741 5499 codd.
2802 5435 3100 5514 διαφεύγει,
3134 5443 3191 5492 et
3248 5441 3455 5491 contra
3513 5451 3649 5489 mox
3700 5431 3806 5487 3m-

2150 5533 2346 5611 φεύγῃ·

2219 5633 2367 5689 Ibid.
2428 5632 2470 5687 Β
2524 5633 2584 5687 7.
2643 5622 2852 5696 Μηδενὶ
2907 5622 3090 5698 μέσον.
3149 5624 3228 5679 Ex
3281 5623 3493 5678 iisdem
3570 5620 3802 5677 duobus

2151 5723 2320 5780 libris
2349 5728 2404 5777 et
2437 5719 2626 5792 Regiis
2657 5723 2716 5774 et
2748 5717 2912 5789 Angl.
2947 5715 3358 5786 corrigendum
3393 5707 3582 5784 μηδενῖ
3618 5711 3768 5782 μέσῳ
3791 5729 3804 5743 ο
