  <div class='ocr_page' id='page_1' title='image "/cluster/home/n/w/nwhite01/storage/ocr_20150623/30:no.2/coo.31924054873116/500.png"; bbox 0 0 4156 6358; ppageno 0'>
   <div class='ocr_carea' id='block_1_1' title="bbox 342 373 461 434">
    <p class='ocr_par' dir='ltr' id='par_1_1' title="bbox 342 373 461 434">
     <span class='ocr_line' id='line_1_1' title="bbox 342 373 461 434; baseline -0.017 -1"><span class='ocrx_word' id='word_1_1' title='bbox 342 373 461 434; x_wconf 82' lang='lat'><strong>973</strong></span> 
     </span>
    </p>
   </div>
   <div class='ocr_carea' id='block_1_2' title="bbox 1410 365 2677 428">
    <p class='ocr_par' dir='ltr' id='par_1_2' title="bbox 1410 365 2677 428">
     <span class='ocr_line' id='line_1_2' title="bbox 1410 365 2677 428; baseline -0.002 0"><span class='ocrx_word' id='word_1_2' title='bbox 1410 369 1512 428; x_wconf 92' lang='lat' dir='ltr'><strong>AD</strong></span> <span class='ocrx_word' id='word_1_3' title='bbox 1558 367 1938 428; x_wconf 81' lang='lat' dir='ltr'>HOMILIAS</span> <span class='ocrx_word' id='word_1_4' title='bbox 1987 369 2060 427; x_wconf 85' lang='lat' dir='ltr'>lN</span> <span class='ocrx_word' id='word_1_5' title='bbox 2111 365 2677 428; x_wconf 79' lang='lat' dir='ltr'>HEXAEMERON.</span> 
     </span>
    </p>
   </div>
   <div class='ocr_carea' id='block_1_3' title="bbox 3644 373 3762 434">
    <p class='ocr_par' dir='ltr' id='par_1_3' title="bbox 3644 373 3762 434">
     <span class='ocr_line' id='line_1_3' title="bbox 3644 373 3762 434; baseline -0.034 0"><span class='ocrx_word' id='word_1_6' title='bbox 3644 373 3762 434; x_wconf 73' lang='lat'>974</span> 
     </span>
    </p>
   </div>
   <div class='ocr_carea' id='block_1_4' title="bbox 341 499 3768 582">
    <p class='ocr_par' dir='ltr' id='par_1_4' title="bbox 341 499 3768 582">
     <span class='ocr_line' id='line_1_4' title="bbox 341 499 3768 582; baseline 0 -20"><span class='ocrx_word' id='word_1_7' title='bbox 341 506 435 562; x_wconf 91' lang='lat' dir='ltr'>cui</span> <span class='ocrx_word' id='word_1_8' title='bbox 466 503 701 560; x_wconf 82' lang='lat' dir='ltr'>lectioni</span> <span class='ocrx_word' id='word_1_9' title='bbox 732 503 1089 576; x_wconf 90' lang='lat' dir='ltr'>astipulatur</span> <span class='ocrx_word' id='word_1_10' title='bbox 1134 501 1505 573; x_wconf 76' lang='lat' dir='ltr'>Eustathius,</span> <span class='ocrx_word' id='word_1_11' title='bbox 1542 523 1570 552; x_wconf 85' lang='lat'><strong>«</strong></span> <span class='ocrx_word' id='word_1_12' title='bbox 1594 502 1758 566; x_wconf 89' lang='lat' dir='ltr'>Quod</span> <span class='ocrx_word' id='word_1_13' title='bbox 1801 500 1998 574; x_wconf 90' lang='lat' dir='ltr'>plani-</span> <span class='ocrx_word' id='word_1_14' title='bbox 2028 515 2083 582; x_wconf 67' lang='grc' dir='ltr'><strong>Α</strong></span> <span class='ocrx_word' id='word_1_15' title='bbox 2114 502 2458 557; x_wconf 89' lang='lat' dir='ltr'>damentum</span> <span class='ocrx_word' id='word_1_16' title='bbox 2490 505 2546 556; x_wconf 91' lang='lat' dir='ltr'>et</span> <span class='ocrx_word' id='word_1_17' title='bbox 2577 501 2816 574; x_wconf 88' lang='lat' dir='ltr'>gradus.</span> <span class='ocrx_word' id='word_1_18' title='bbox 2850 521 2878 551; x_wconf 89' lang='lat'>»</span> <span class='ocrx_word' id='word_1_19' title='bbox 2914 499 3258 557; x_wconf 79' lang='lat' dir='ltr'>Eustathius</span> <span class='ocrx_word' id='word_1_20' title='bbox 3287 501 3500 560; x_wconf 90' lang='lat' dir='ltr'>melius</span> <span class='ocrx_word' id='word_1_21' title='bbox 3532 518 3768 576; x_wconf 88' lang='lat' dir='ltr'>expres-</span> 
     </span>
    </p>
   </div>
   <div class='ocr_carea' id='block_1_5' title="bbox 345 591 1998 662">
    <p class='ocr_par' dir='ltr' id='par_1_5' title="bbox 345 591 1998 662">
     <span class='ocr_line' id='line_1_5' title="bbox 345 591 1998 662; baseline -0.005 -11"><span class='ocrx_word' id='word_1_22' title='bbox 345 598 456 652; x_wconf 90' lang='lat' dir='ltr'>ties</span> <span class='ocrx_word' id='word_1_23' title='bbox 486 611 686 651; x_wconf 90' lang='lat' dir='ltr'>eorum</span> <span class='ocrx_word' id='word_1_24' title='bbox 721 593 902 650; x_wconf 89' lang='lat' dir='ltr'>nullis</span> <span class='ocrx_word' id='word_1_25' title='bbox 932 592 1144 648; x_wconf 84' lang='lat' dir='ltr'>mediis</span> <span class='ocrx_word' id='word_1_26' title='bbox 1175 591 1565 662; x_wconf 89' lang='lat' dir='ltr'>interpolatur</span> <span class='ocrx_word' id='word_1_27' title='bbox 1595 591 1943 648; x_wconf 74' lang='lat' dir='ltr'>obstaculis.</span> <span class='ocrx_word' id='word_1_28' title='bbox 1971 614 1998 641; x_wconf 84' lang='lat'>»</span> 
     </span>
    </p>
   </div>
   <div class='ocr_carea' id='block_1_6' title="bbox 347 681 1999 756">
    <p class='ocr_par' dir='ltr' id='par_1_6' title="bbox 347 681 1999 756">
     <span class='ocr_line' id='line_1_6' title="bbox 347 681 1999 756; baseline -0.004 -16"><span class='ocrx_word' id='word_1_29' title='bbox 347 686 510 750; x_wconf 86' lang='lat' dir='ltr'>Quod</span> <span class='ocrx_word' id='word_1_30' title='bbox 563 685 852 756; x_wconf 78' lang='lat' dir='ltr'>sequitur,</span> <span class='ocrx_word' id='word_1_31' title='bbox 893 683 1100 738; x_wconf 83' lang='lat' dir='ltr'>vitiose</span> <span class='ocrx_word' id='word_1_32' title='bbox 1144 682 1451 753; x_wconf 79' lang='lat' dir='ltr'>legebatur</span> <span class='ocrx_word' id='word_1_33' title='bbox 1509 687 1701 751; x_wconf 86' lang='lat' dir='ltr'>antea,</span> <span class='ocrx_word' id='word_1_34' title='bbox 1750 681 1848 748; x_wconf 79' lang='grc' dir='ltr'>τήν</span> <span class='ocrx_word' id='word_1_35' title='bbox 1901 685 1999 734; x_wconf 73' lang='grc' dir='ltr'>τοῦ</span> 
     </span>
    </p>
   </div>
   <div class='ocr_carea' id='block_1_7' title="bbox 347 769 1999 848">
    <p class='ocr_par' dir='ltr' id='par_1_7' title="bbox 347 769 1999 848">
     <span class='ocr_line' id='line_1_7' title="bbox 347 769 1999 848; baseline -0.001 -21"><span class='ocrx_word' id='word_1_36' title='bbox 347 775 560 846; x_wconf 81' lang='grc' dir='ltr'>κόσμου</span> <span class='ocrx_word' id='word_1_37' title='bbox 593 769 829 848; x_wconf 72' lang='grc' dir='ltr'>ἄναρχον</span> <span class='ocrx_word' id='word_1_38' title='bbox 863 772 950 826; x_wconf 84' lang='grc' dir='ltr'>καὶ</span> <span class='ocrx_word' id='word_1_39' title='bbox 985 769 1252 838; x_wconf 74' lang='grc' dir='ltr'>ἀτελεύτ.,</span> <span class='ocrx_word' id='word_1_40' title='bbox 1288 771 1386 828; x_wconf 89' lang='lat' dir='ltr'>sed</span> <span class='ocrx_word' id='word_1_41' title='bbox 1435 771 1742 826; x_wconf 77' lang='lat' dir='ltr'>restitutus</span> <span class='ocrx_word' id='word_1_42' title='bbox 1785 775 1874 826; x_wconf 88' lang='lat' dir='ltr'>est</span> <span class='ocrx_word' id='word_1_43' title='bbox 1903 787 1999 826; x_wconf 86' lang='lat' dir='ltr'>eo-</span> 
     </span>
    </p>
   </div>
   <div class='ocr_carea' id='block_1_8' title="bbox 350 861 2003 933">
    <p class='ocr_par' dir='ltr' id='par_1_8' title="bbox 350 861 2003 933">
     <span class='ocr_line' id='line_1_8' title="bbox 350 861 2003 933; baseline -0.004 -13"><span class='ocrx_word' id='word_1_44' title='bbox 350 866 619 921; x_wconf 90' lang='lat' dir='ltr'>rumdem</span> <span class='ocrx_word' id='word_1_45' title='bbox 670 864 956 919; x_wconf 91' lang='lat' dir='ltr'>librorum</span> <span class='ocrx_word' id='word_1_46' title='bbox 1007 861 1353 918; x_wconf 77' lang='lat' dir='ltr'>auctoritate</span> <span class='ocrx_word' id='word_1_47' title='bbox 1402 861 1588 917; x_wconf 91' lang='lat' dir='ltr'>locus.</span> <span class='ocrx_word' id='word_1_48' title='bbox 1639 861 1818 916; x_wconf 90' lang='lat' dir='ltr'>Paulo</span> <span class='ocrx_word' id='word_1_49' title='bbox 1869 864 2003 933; x_wconf 92' lang='lat' dir='ltr'>post</span> 
     </span>
    </p>
   </div>
   <div class='ocr_carea' id='block_1_9' title="bbox 349 949 2000 1027">
    <p class='ocr_par' dir='ltr' id='par_1_9' title="bbox 349 949 2000 1027">
     <span class='ocr_line' id='line_1_9' title="bbox 349 949 2000 1027; baseline -0.003 -17"><span class='ocrx_word' id='word_1_50' title='bbox 349 972 398 1010; x_wconf 92' lang='lat' dir='ltr'>c.</span> <span class='ocrx_word' id='word_1_51' title='bbox 435 957 486 1022; x_wconf 92' lang='lat'><strong>1,</strong></span> <span class='ocrx_word' id='word_1_52' title='bbox 522 952 583 1009; x_wconf 82' lang='lat' dir='ltr'>El</span> <span class='ocrx_word' id='word_1_53' title='bbox 616 955 718 1027; x_wconf 81' lang='grc' dir='ltr'>γὰρ</span> <span class='ocrx_word' id='word_1_54' title='bbox 741 951 1172 1026; x_wconf 70' lang='grc' dir='ltr'>ἀρχήν,ὴοιιυιῐι</span> <span class='ocrx_word' id='word_1_55' title='bbox 1205 949 1748 1022; x_wconf 80' lang='lat' dir='ltr'>interpretationem</span> <span class='ocrx_word' id='word_1_56' title='bbox 1785 950 2000 1006; x_wconf 88' lang='lat' dir='ltr'>clarius</span> 
     </span>
    </p>
   </div>
   <div class='ocr_carea' id='block_1_10' title="bbox 346 1041 1102 1100">
    <p class='ocr_par' dir='ltr' id='par_1_10' title="bbox 346 1041 1102 1100">
     <span class='ocr_line' id='line_1_10' title="bbox 346 1041 1102 1100; baseline -0.005 0"><span class='ocrx_word' id='word_1_57' title='bbox 346 1044 706 1100; x_wconf 73' lang='lat' dir='ltr'>offerendam</span> <span class='ocrx_word' id='word_1_58' title='bbox 740 1041 1102 1097; x_wconf 83' lang='lat' dir='ltr'>censuimus.</span> 
     </span>
    </p>
   </div>
   <div class='ocr_carea' id='block_1_11' title="bbox 417 1127 1998 1203">
    <p class='ocr_par' dir='ltr' id='par_1_11' title="bbox 417 1127 1998 1203">
     <span class='ocr_line' id='line_1_11' title="bbox 417 1127 1998 1203; baseline -0.003 -15"><span class='ocrx_word' id='word_1_59' title='bbox 417 1133 539 1188; x_wconf 90' lang='lat' dir='ltr'>Col.</span> <span class='ocrx_word' id='word_1_60' title='bbox 575 1133 641 1186; x_wconf 88' lang='lat'><strong>12</strong></span> <span class='ocrx_word' id='word_1_61' title='bbox 674 1134 712 1186; x_wconf 81' lang='grc' dir='ltr'><strong>Δ</strong></span> <span class='ocrx_word' id='word_1_62' title='bbox 742 1132 829 1187; x_wconf 73' lang='grc'>40.</span> <span class='ocrx_word' id='word_1_63' title='bbox 863 1130 1264 1203; x_wconf 84' lang='lat' dir='ltr'>Expunximus</span> <span class='ocrx_word' id='word_1_64' title='bbox 1295 1131 1444 1185; x_wconf 90' lang='lat' dir='ltr'>duas</span> <span class='ocrx_word' id='word_1_65' title='bbox 1476 1145 1645 1184; x_wconf 78' lang='lat' dir='ltr'>voces</span> <span class='ocrx_word' id='word_1_66' title='bbox 1677 1127 1998 1197; x_wconf 85' lang='lat' dir='ltr'>addititias,</span> 
     </span>
    </p>
   </div>
   <div class='ocr_carea' id='block_1_12' title="bbox 345 1219 2002 1293">
    <p class='ocr_par' dir='ltr' id='par_1_12' title="bbox 345 1219 2002 1293">
     <span class='ocr_line' id='line_1_12' title="bbox 345 1219 2002 1293; baseline -0.005 -14"><span class='ocrx_word' id='word_1_67' title='bbox 345 1246 373 1274; x_wconf 78' lang='grc' dir='ltr'>α</span> <span class='ocrx_word' id='word_1_68' title='bbox 406 1239 539 1279; x_wconf 91' lang='lat' dir='ltr'>cum</span> <span class='ocrx_word' id='word_1_69' title='bbox 573 1222 713 1292; x_wconf 92' lang='lat' dir='ltr'>Deo,</span> <span class='ocrx_word' id='word_1_70' title='bbox 749 1243 776 1270; x_wconf 73' lang='grc' dir='ltr'>υ</span> <span class='ocrx_word' id='word_1_71' title='bbox 798 1237 946 1293; x_wconf 86' lang='lat' dir='ltr'>quas</span> <span class='ocrx_word' id='word_1_72' title='bbox 969 1220 1169 1276; x_wconf 68' lang='lat' dir='ltr'>Graeca</span> <span class='ocrx_word' id='word_1_73' title='bbox 1197 1236 1305 1274; x_wconf 91' lang='lat' dir='ltr'>non</span> <span class='ocrx_word' id='word_1_74' title='bbox 1338 1219 1664 1291; x_wconf 86' lang='lat' dir='ltr'>requirunt,</span> <span class='ocrx_word' id='word_1_75' title='bbox 1692 1235 1881 1290; x_wconf 89' lang='lat' dir='ltr'>neque</span> <span class='ocrx_word' id='word_1_76' title='bbox 1912 1235 2002 1272; x_wconf 86' lang='lat' dir='ltr'>ve-</span> 
     </span>
    </p>
   </div>
   <div class='ocr_carea' id='block_1_13' title="bbox 342 1309 2003 1383">
    <p class='ocr_par' dir='ltr' id='par_1_13' title="bbox 342 1309 2003 1383">
     <span class='ocr_line' id='line_1_13' title="bbox 342 1309 2003 1383; baseline -0.004 -16"><span class='ocrx_word' id='word_1_77' title='bbox 342 1318 439 1368; x_wconf 87' lang='lat' dir='ltr'>tus</span> <span class='ocrx_word' id='word_1_78' title='bbox 469 1312 758 1383; x_wconf 82' lang='lat' dir='ltr'>interpres</span> <span class='ocrx_word' id='word_1_79' title='bbox 792 1309 1142 1366; x_wconf 84' lang='lat' dir='ltr'>Eustathius</span> <span class='ocrx_word' id='word_1_80' title='bbox 1173 1310 1468 1381; x_wconf 88' lang='lat' dir='ltr'>agnoscit,</span> <span class='ocrx_word' id='word_1_81' title='bbox 1499 1328 1520 1356; x_wconf 75' lang='grc' dir='ltr'><strong>ε</strong></span> <span class='ocrx_word' id='word_1_82' title='bbox 1547 1309 1879 1378; x_wconf 86' lang='lat' dir='ltr'>Rerumque</span> <span class='ocrx_word' id='word_1_83' title='bbox 1903 1323 2003 1378; x_wconf 85' lang='lat' dir='ltr'>per</span> 
     </span>
    </p>
   </div>
   <div class='ocr_carea' id='block_1_14' title="bbox 349 1398 1999 1474">
    <p class='ocr_par' dir='ltr' id='par_1_14' title="bbox 349 1398 1999 1474">
     <span class='ocr_line' id='line_1_14' title="bbox 349 1398 1999 1474; baseline -0.003 -18"><span class='ocrx_word' id='word_1_84' title='bbox 349 1406 544 1474; x_wconf 85' lang='lat' dir='ltr'>partes</span> <span class='ocrx_word' id='word_1_85' title='bbox 575 1400 981 1455; x_wconf 89' lang='lat' dir='ltr'>institutarum</span> <span class='ocrx_word' id='word_1_86' title='bbox 1015 1405 1268 1454; x_wconf 89' lang='lat' dir='ltr'>actorem</span> <span class='ocrx_word' id='word_1_87' title='bbox 1319 1398 1936 1469; x_wconf 83' lang='lat' dir='ltr'>dispensatoremque.</span> <span class='ocrx_word' id='word_1_88' title='bbox 1973 1417 1999 1443; x_wconf 73' lang='grc' dir='ltr'><strong>η</strong></span> 
     </span>
    </p>
   </div>
   <div class='ocr_carea' id='block_1_15' title="bbox 345 1485 2004 1560">
    <p class='ocr_par' dir='ltr' id='par_1_15' title="bbox 345 1485 2004 1560">
     <span class='ocr_line' id='line_1_15' title="bbox 345 1485 2004 1560; baseline -0.005 -13"><span class='ocrx_word' id='word_1_89' title='bbox 345 1490 542 1547; x_wconf 88' lang='lat' dir='ltr'>Cicero</span> <span class='ocrx_word' id='word_1_90' title='bbox 595 1490 880 1545; x_wconf 77' lang='lat' dir='ltr'>Academia</span> <span class='ocrx_word' id='word_1_91' title='bbox 926 1491 1292 1560; x_wconf 67' lang='lat' dir='ltr'>quaestionum</span> <span class='ocrx_word' id='word_1_92' title='bbox 1340 1487 1442 1542; x_wconf 86' lang='lat' dir='ltr'>lib.</span> <span class='ocrx_word' id='word_1_93' title='bbox 1491 1504 1547 1542; x_wconf 83' lang='lat' dir='ltr'>IV</span> <span class='ocrx_word' id='word_1_94' title='bbox 1580 1503 1592 1541; x_wconf 92' lang='lat'>:</span> <span class='ocrx_word' id='word_1_95' title='bbox 1631 1485 1897 1540; x_wconf 82' lang='lat' dir='ltr'>«Zenoni</span> <span class='ocrx_word' id='word_1_96' title='bbox 1947 1489 2004 1539; x_wconf 89' lang='lat' dir='ltr'>et</span> 
     </span>
    </p>
   </div>
   <div class='ocr_carea' id='block_1_16' title="bbox 352 1575 2000 1651">
    <p class='ocr_par' dir='ltr' id='par_1_16' title="bbox 352 1575 2000 1651">
     <span class='ocr_line' id='line_1_16' title="bbox 352 1575 2000 1651; baseline -0.004 -16"><span class='ocrx_word' id='word_1_97' title='bbox 352 1580 597 1651; x_wconf 85' lang='lat' dir='ltr'>reliquis</span> <span class='ocrx_word' id='word_1_98' title='bbox 633 1581 749 1634; x_wconf 79' lang='lat' dir='ltr'>fere</span> <span class='ocrx_word' id='word_1_99' title='bbox 784 1577 996 1633; x_wconf 89' lang='lat' dir='ltr'>Stoicis</span> <span class='ocrx_word' id='word_1_100' title='bbox 1045 1577 1224 1631; x_wconf 60' lang='lat' dir='ltr'>rather</span> <span class='ocrx_word' id='word_1_101' title='bbox 1263 1575 1492 1630; x_wconf 87' lang='lat' dir='ltr'>videtur</span> <span class='ocrx_word' id='word_1_102' title='bbox 1522 1592 1794 1631; x_wconf 88' lang='lat' dir='ltr'>summus</span> <span class='ocrx_word' id='word_1_103' title='bbox 1826 1575 2000 1641; x_wconf 89' lang='lat' dir='ltr'>Deus,</span> 
     </span>
    </p>
   </div>
   <div class='ocr_carea' id='block_1_17' title="bbox 349 1664 2002 1738">
    <p class='ocr_par' dir='ltr' id='par_1_17' title="bbox 349 1664 2002 1738">
     <span class='ocr_line' id='line_1_17' title="bbox 349 1664 2002 1738; baseline -0.004 -14"><span class='ocrx_word' id='word_1_104' title='bbox 349 1674 546 1724; x_wconf 89' lang='lat' dir='ltr'>mente</span> <span class='ocrx_word' id='word_1_105' title='bbox 579 1668 877 1738; x_wconf 74' lang='lat' dir='ltr'>praeditus,</span> <span class='ocrx_word' id='word_1_106' title='bbox 911 1683 1028 1737; x_wconf 90' lang='lat' dir='ltr'>qua</span> <span class='ocrx_word' id='word_1_107' title='bbox 1060 1667 1258 1720; x_wconf 86' lang='lat' dir='ltr'>omnia</span> <span class='ocrx_word' id='word_1_108' title='bbox 1289 1674 1634 1736; x_wconf 78' lang='lat' dir='ltr'>regantur.»</span> <span class='ocrx_word' id='word_1_109' title='bbox 1664 1666 1815 1719; x_wconf 90' lang='lat' dir='ltr'>Idem</span> <span class='ocrx_word' id='word_1_110' title='bbox 1841 1664 1944 1719; x_wconf 90' lang='lat' dir='ltr'>lib.</span> <span class='ocrx_word' id='word_1_111' title='bbox 1985 1681 2002 1718; x_wconf 87' lang='grc' dir='ltr'>ι</span> 
     </span>
    </p>
   </div>
   <div class='ocr_carea' id='block_1_18' title="bbox 349 1753 2004 1827">
    <p class='ocr_par' dir='ltr' id='par_1_18' title="bbox 349 1753 2004 1827">
     <span class='ocr_line' id='line_1_18' title="bbox 349 1753 2004 1827; baseline -0.004 -14"><span class='ocrx_word' id='word_1_112' title='bbox 349 1760 424 1813; x_wconf 83' lang='lat' dir='ltr'>De</span> <span class='ocrx_word' id='word_1_113' title='bbox 452 1766 662 1812; x_wconf 82' lang='lat' dir='ltr'>natura</span> <span class='ocrx_word' id='word_1_114' title='bbox 708 1757 970 1813; x_wconf 84' lang='lat' dir='ltr'>deorum:</span> <span class='ocrx_word' id='word_1_115' title='bbox 1006 1779 1034 1806; x_wconf 88' lang='lat'><strong>«</strong></span> <span class='ocrx_word' id='word_1_116' title='bbox 1068 1755 1431 1827; x_wconf 79' lang='lat' dir='ltr'>Chrysippus</span> <span class='ocrx_word' id='word_1_117' title='bbox 1479 1753 1742 1826; x_wconf 85' lang='lat' dir='ltr'>disputat</span> <span class='ocrx_word' id='word_1_118' title='bbox 1788 1753 2004 1809; x_wconf 66' lang='lat' dir='ltr'>aethera</span> 
     </span>
    </p>
   </div>
   <div class='ocr_carea' id='block_1_19' title="bbox 2111 589 3769 662">
    <p class='ocr_par' dir='ltr' id='par_1_19' title="bbox 2111 589 3769 662">
     <span class='ocr_line' id='line_1_19' title="bbox 2111 589 3769 662; baseline 0.002 -16"><span class='ocrx_word' id='word_1_119' title='bbox 2111 592 2210 660; x_wconf 84' lang='lat' dir='ltr'>sit,</span> <span class='ocrx_word' id='word_1_120' title='bbox 2241 615 2268 640; x_wconf 85' lang='lat'><strong><em>»</em></strong></span> <span class='ocrx_word' id='word_1_121' title='bbox 2295 590 2732 646; x_wconf 88' lang='lat' dir='ltr'>munimentum</span> <span class='ocrx_word' id='word_1_122' title='bbox 2759 594 2816 646; x_wconf 91' lang='lat' dir='ltr'>et</span> <span class='ocrx_word' id='word_1_123' title='bbox 2842 589 3276 656; x_wconf 86' lang='lat' dir='ltr'>fulcimentum,</span> <span class='ocrx_word' id='word_1_124' title='bbox 3308 614 3336 641; x_wconf 86' lang='lat'>»</span> <span class='ocrx_word' id='word_1_125' title='bbox 3359 597 3417 648; x_wconf 89' lang='lat' dir='ltr'>et</span> <span class='ocrx_word' id='word_1_126' title='bbox 3439 593 3769 662; x_wconf 85' lang='lat' dir='ltr'>Cornarius,</span> 
     </span>
    </p>
   </div>
   <div class='ocr_carea' id='block_1_20' title="bbox 2110 679 3769 755">
    <p class='ocr_par' dir='ltr' id='par_1_20' title="bbox 2110 679 3769 755">
     <span class='ocr_line' id='line_1_20' title="bbox 2110 679 3769 755; baseline 0.003 -24"><span class='ocrx_word' id='word_1_127' title='bbox 2110 703 2140 731; x_wconf 87' lang='lat'><strong>«</strong></span> <span class='ocrx_word' id='word_1_128' title='bbox 2173 681 2334 735; x_wconf 86' lang='lat' dir='ltr'>basis</span> <span class='ocrx_word' id='word_1_129' title='bbox 2368 696 2432 734; x_wconf 90' lang='lat' dir='ltr'>ac</span> <span class='ocrx_word' id='word_1_130' title='bbox 2482 679 2949 735; x_wconf 82' lang='lat' dir='ltr'>fundamentum.</span> <span class='ocrx_word' id='word_1_131' title='bbox 2976 702 3003 730; x_wconf 83' lang='lat'><strong>»</strong></span> <span class='ocrx_word' id='word_1_132' title='bbox 3030 680 3239 752; x_wconf 82' lang='grc' dir='ltr'>Βάθρον</span> <span class='ocrx_word' id='word_1_133' title='bbox 3288 680 3382 737; x_wconf 91' lang='lat' dir='ltr'>hic</span> <span class='ocrx_word' id='word_1_134' title='bbox 3419 699 3532 738; x_wconf 91' lang='lat' dir='ltr'>non</span> <span class='ocrx_word' id='word_1_135' title='bbox 3565 680 3769 755; x_wconf 81' lang='grc' dir='ltr'>κλίμαξ</span> 
     </span>
    </p>
   </div>
   <div class='ocr_carea' id='block_1_21' title="bbox 2110 765 3771 843">
    <p class='ocr_par' dir='ltr' id='par_1_21' title="bbox 2110 765 3771 843">
     <span class='ocr_line' id='line_1_21' title="bbox 2110 765 3771 843; baseline 0.001 -17"><span class='ocrx_word' id='word_1_136' title='bbox 2110 775 2221 837; x_wconf 90' lang='lat' dir='ltr'>est,</span> <span class='ocrx_word' id='word_1_137' title='bbox 2273 771 2376 825; x_wconf 86' lang='lat' dir='ltr'>sed</span> <span class='ocrx_word' id='word_1_138' title='bbox 2419 766 2701 840; x_wconf 72' lang='grc' dir='ltr'>θεμέλιος,</span> <span class='ocrx_word' id='word_1_139' title='bbox 2731 768 2764 837; x_wconf 73' lang='grc' dir='ltr'>ἢ</span> <span class='ocrx_word' id='word_1_140' title='bbox 2797 765 3062 843; x_wconf 74' lang='grc' dir='ltr'>ἓδρασμα,</span> <span class='ocrx_word' id='word_1_141' title='bbox 3095 793 3122 820; x_wconf 79' lang='grc' dir='ltr'>(ι</span> <span class='ocrx_word' id='word_1_142' title='bbox 3157 771 3618 840; x_wconf 80' lang='lat' dir='ltr'>firmamentum,</span> <span class='ocrx_word' id='word_1_143' title='bbox 3668 779 3771 828; x_wconf 92' lang='lat' dir='ltr'>aut</span> 
     </span>
    </p>
   </div>
   <div class='ocr_carea' id='block_1_22' title="bbox 2111 859 3767 935">
    <p class='ocr_par' dir='ltr' id='par_1_22' title="bbox 2111 859 3767 935">
     <span class='ocr_line' id='line_1_22' title="bbox 2111 859 3767 935; baseline 0.001 -20"><span class='ocrx_word' id='word_1_144' title='bbox 2111 860 2585 915; x_wconf 81' lang='lat' dir='ltr'>fundamentum.</span> <span class='ocrx_word' id='word_1_145' title='bbox 2624 880 2652 907; x_wconf 86' lang='lat'><strong>»</strong></span> <span class='ocrx_word' id='word_1_146' title='bbox 2683 859 2776 913; x_wconf 91' lang='lat' dir='ltr'>Sic</span> <span class='ocrx_word' id='word_1_147' title='bbox 2827 859 2885 913; x_wconf 89' lang='lat' dir='ltr'>in</span> <span class='ocrx_word' id='word_1_148' title='bbox 2938 860 3046 915; x_wconf 90' lang='lat' dir='ltr'>hac</span> <span class='ocrx_word' id='word_1_149' title='bbox 3083 859 3214 932; x_wconf 88' lang='lat' dir='ltr'>ipsa</span> <span class='ocrx_word' id='word_1_150' title='bbox 3248 861 3488 917; x_wconf 91' lang='lat' dir='ltr'>homilia</span> <span class='ocrx_word' id='word_1_151' title='bbox 3517 866 3573 918; x_wconf 90' lang='lat' dir='ltr'>et</span> <span class='ocrx_word' id='word_1_152' title='bbox 3605 864 3767 935; x_wconf 88' lang='lat' dir='ltr'>pagi-</span> 
     </span>
    </p>
   </div>
   <div class='ocr_carea' id='block_1_23' title="bbox 2113 943 3520 1024">
    <p class='ocr_par' dir='ltr' id='par_1_23' title="bbox 2113 943 3520 1024">
     <span class='ocr_line' id='line_1_23' title="bbox 2113 943 3520 1024; baseline 0.002 -21"><span class='ocrx_word' id='word_1_153' title='bbox 2113 967 2211 1016; x_wconf 87' lang='lat' dir='ltr'>na,</span> <span class='ocrx_word' id='word_1_154' title='bbox 2247 945 2498 1020; x_wconf 73' lang='grc' dir='ltr'>θεμέλιοί</span> <span class='ocrx_word' id='word_1_155' title='bbox 2527 966 2667 1007; x_wconf 82' lang='grc' dir='ltr'>τινες</span> <span class='ocrx_word' id='word_1_156' title='bbox 2696 946 2784 1000; x_wconf 79' lang='grc' dir='ltr'>καὶ</span> <span class='ocrx_word' id='word_1_157' title='bbox 2815 947 3078 1022; x_wconf 80' lang='grc' dir='ltr'>κρηπῖδες</span> <span class='ocrx_word' id='word_1_158' title='bbox 3111 943 3520 1024; x_wconf 76' lang='grc' dir='ltr'>προκατεϐλήθ.</span> 
     </span>
    </p>
   </div>
   <div class='ocr_carea' id='block_1_24' title="bbox 2183 1055 3765 1114">
    <p class='ocr_par' dir='ltr' id='par_1_24' title="bbox 2183 1055 3765 1114">
     <span class='ocr_line' id='line_1_24' title="bbox 2183 1055 3765 1114; baseline 0.001 -2"><span class='ocrx_word' id='word_1_159' title='bbox 2183 1056 2302 1113; x_wconf 90' lang='lat' dir='ltr'>Col.</span> <span class='ocrx_word' id='word_1_160' title='bbox 2340 1057 2406 1112; x_wconf 88' lang='grc'>18</span> <span class='ocrx_word' id='word_1_161' title='bbox 2434 1057 2478 1110; x_wconf 90' lang='grc' dir='ltr'><strong>Α</strong></span> <span class='ocrx_word' id='word_1_162' title='bbox 2509 1056 2563 1110; x_wconf 89' lang='grc'>5.</span> <span class='ocrx_word' id='word_1_163' title='bbox 2607 1055 2669 1109; x_wconf 88' lang='grc' dir='ltr'>1η</span> <span class='ocrx_word' id='word_1_164' title='bbox 2717 1071 2948 1111; x_wconf 87' lang='lat' dir='ltr'>summa.</span> <span class='ocrx_word' id='word_1_165' title='bbox 2993 1057 3342 1114; x_wconf 86' lang='lat' dir='ltr'>Eustathius</span> <span class='ocrx_word' id='word_1_166' title='bbox 3381 1074 3394 1113; x_wconf 90' lang='lat'>:</span> <span class='ocrx_word' id='word_1_167' title='bbox 3436 1079 3461 1111; x_wconf 75' lang='grc' dir='ltr'>ο</span> <span class='ocrx_word' id='word_1_168' title='bbox 3491 1061 3765 1114; x_wconf 88' lang='lat' dir='ltr'>Summa-</span> 
     </span>
    </p>
   </div>
   <div class='ocr_carea' id='block_1_25' title="bbox 2113 1144 3764 1218">
    <p class='ocr_par' dir='ltr' id='par_1_25' title="bbox 2113 1144 3764 1218">
     <span class='ocr_line' id='line_1_25' title="bbox 2113 1144 3764 1218; baseline 0.001 -16"><span class='ocrx_word' id='word_1_169' title='bbox 2113 1147 2238 1214; x_wconf 92' lang='lat' dir='ltr'>tim,</span> <span class='ocrx_word' id='word_1_170' title='bbox 2290 1146 2347 1201; x_wconf 92' lang='lat' dir='ltr'>id</span> <span class='ocrx_word' id='word_1_171' title='bbox 2398 1151 2506 1216; x_wconf 90' lang='lat' dir='ltr'>est,</span> <span class='ocrx_word' id='word_1_172' title='bbox 2551 1144 2733 1214; x_wconf 90' lang='lat' dir='ltr'>brevi,</span> <span class='ocrx_word' id='word_1_173' title='bbox 2788 1145 3122 1218; x_wconf 89' lang='lat' dir='ltr'>subitoque.</span> <span class='ocrx_word' id='word_1_174' title='bbox 3163 1169 3182 1196; x_wconf 79' lang='grc' dir='ltr'>ιι</span> <span class='ocrx_word' id='word_1_175' title='bbox 3219 1147 3538 1204; x_wconf 79' lang='lat' dir='ltr'>Carnarius</span> <span class='ocrx_word' id='word_1_176' title='bbox 3587 1163 3665 1203; x_wconf 72' lang='grc' dir='ltr'>ια</span> <span class='ocrx_word' id='word_1_177' title='bbox 3701 1148 3764 1203; x_wconf 92' lang='lat' dir='ltr'>In</span> 
     </span>
    </p>
   </div>
   <div class='ocr_carea' id='block_1_26' title="bbox 2113 1233 3766 1302">
    <p class='ocr_par' dir='ltr' id='par_1_26' title="bbox 2113 1233 3766 1302">
     <span class='ocr_line' id='line_1_26' title="bbox 2113 1233 3766 1302; baseline -0.002 -10"><span class='ocrx_word' id='word_1_178' title='bbox 2113 1253 2350 1292; x_wconf 89' lang='lat' dir='ltr'>summa</span> <span class='ocrx_word' id='word_1_179' title='bbox 2377 1235 2510 1291; x_wconf 86' lang='lat' dir='ltr'>fecit</span> <span class='ocrx_word' id='word_1_180' title='bbox 2540 1233 2715 1302; x_wconf 87' lang='lat' dir='ltr'>Deus,</span> <span class='ocrx_word' id='word_1_181' title='bbox 2752 1233 2861 1290; x_wconf 89' lang='lat' dir='ltr'>hoc</span> <span class='ocrx_word' id='word_1_182' title='bbox 2894 1239 3002 1302; x_wconf 88' lang='lat' dir='ltr'>est,</span> <span class='ocrx_word' id='word_1_183' title='bbox 3028 1237 3415 1292; x_wconf 89' lang='lat' dir='ltr'>coacervatim</span> <span class='ocrx_word' id='word_1_184' title='bbox 3448 1241 3506 1292; x_wconf 92' lang='lat' dir='ltr'>et</span> <span class='ocrx_word' id='word_1_185' title='bbox 3535 1237 3766 1292; x_wconf 86' lang='lat' dir='ltr'>brevi.»</span> 
     </span>
    </p>
   </div>
   <div class='ocr_carea' id='block_1_27' title="bbox 2115 1323 3762 1402">
    <p class='ocr_par' dir='ltr' id='par_1_27' title="bbox 2115 1323 3762 1402">
     <span class='ocr_line' id='line_1_27' title="bbox 2115 1323 3762 1402; baseline 0.002 -24"><span class='ocrx_word' id='word_1_186' title='bbox 2115 1323 2418 1402; x_wconf 70' lang='grc' dir='ltr'>Κεφάλαιον</span> <span class='ocrx_word' id='word_1_187' title='bbox 2453 1325 2546 1380; x_wconf 90' lang='lat' dir='ltr'>hic</span> <span class='ocrx_word' id='word_1_188' title='bbox 2571 1340 2862 1381; x_wconf 87' lang='lat' dir='ltr'>summam</span> <span class='ocrx_word' id='word_1_189' title='bbox 2891 1324 3120 1380; x_wconf 90' lang='lat' dir='ltr'>numeri</span> <span class='ocrx_word' id='word_1_190' title='bbox 3143 1325 3230 1380; x_wconf 91' lang='lat' dir='ltr'>vel</span> <span class='ocrx_word' id='word_1_191' title='bbox 3265 1327 3548 1398; x_wconf 88' lang='lat' dir='ltr'>temporis</span> <span class='ocrx_word' id='word_1_192' title='bbox 3571 1332 3762 1395; x_wconf 86' lang='lat' dir='ltr'>sonat,</span> 
     </span>
    </p>
   </div>
   <div class='ocr_carea' id='block_1_28' title="bbox 2114 1415 3771 1488">
    <p class='ocr_par' dir='ltr' id='par_1_28' title="bbox 2114 1415 3771 1488">
     <span class='ocr_line' id='line_1_28' title="bbox 2114 1415 3771 1488; baseline 0.005 -18"><span class='ocrx_word' id='word_1_193' title='bbox 2114 1432 2230 1488; x_wconf 88' lang='lat' dir='ltr'>qua</span> <span class='ocrx_word' id='word_1_194' title='bbox 2259 1415 2494 1470; x_wconf 86' lang='lat' dir='ltr'>notione</span> <span class='ocrx_word' id='word_1_195' title='bbox 2525 1431 2678 1485; x_wconf 64' lang='lat' dir='ltr'>saepe</span> <span class='ocrx_word' id='word_1_196' title='bbox 2736 1431 2904 1470; x_wconf 87' lang='lat' dir='ltr'>voces</span> <span class='ocrx_word' id='word_1_197' title='bbox 2954 1415 3205 1470; x_wconf 83' lang='lat' dir='ltr'>Hebraeae</span> <span class='ocrx_word' id='word_1_198' title='bbox 3265 1426 3468 1477; x_wconf 62' lang='lat' dir='ltr'>nium</span> <span class='ocrx_word' id='word_1_199' title='bbox 3512 1421 3569 1472; x_wconf 90' lang='lat' dir='ltr'>et</span> <span class='ocrx_word' id='word_1_200' title='bbox 3639 1429 3771 1478; x_wconf 63' lang='lat' dir='ltr'>tam</span> 
     </span>
    </p>
   </div>
   <div class='ocr_carea' id='block_1_29' title="bbox 2113 1503 3774 1580">
    <p class='ocr_par' dir='ltr' id='par_1_29' title="bbox 2113 1503 3774 1580">
     <span class='ocr_line' id='line_1_29' title="bbox 2113 1503 3774 1580; baseline -0.002 -20"><span class='ocrx_word' id='word_1_201' title='bbox 2113 1505 2483 1576; x_wconf 87' lang='lat' dir='ltr'>accipiuntur</span> <span class='ocrx_word' id='word_1_202' title='bbox 2530 1504 2588 1558; x_wconf 92' lang='lat' dir='ltr'>in</span> <span class='ocrx_word' id='word_1_203' title='bbox 2638 1503 2981 1580; x_wconf 84' lang='lat' dir='ltr'>Scriptura,</span> <span class='ocrx_word' id='word_1_204' title='bbox 3029 1509 3085 1560; x_wconf 89' lang='lat' dir='ltr'>et</span> <span class='ocrx_word' id='word_1_205' title='bbox 3131 1523 3165 1559; x_wconf 79' lang='grc' dir='ltr'>ιι</span> <span class='ocrx_word' id='word_1_206' title='bbox 3210 1504 3349 1560; x_wconf 87' lang='lat' dir='ltr'>LXX</span> <span class='ocrx_word' id='word_1_207' title='bbox 3412 1522 3568 1561; x_wconf 90' lang='lat' dir='ltr'>nunc</span> <span class='ocrx_word' id='word_1_208' title='bbox 3615 1505 3774 1579; x_wconf 75' lang='grc' dir='ltr'>κεφά-</span> 
     </span>
    </p>
   </div>
   <div class='ocr_carea' id='block_1_30' title="bbox 2114 1590 3774 1669">
    <p class='ocr_par' dir='ltr' id='par_1_30' title="bbox 2114 1590 3774 1669">
     <span class='ocr_line' id='line_1_30' title="bbox 2114 1590 3774 1669; baseline 0.001 -20"><span class='ocrx_word' id='word_1_209' title='bbox 2114 1592 2293 1660; x_wconf 84' lang='grc' dir='ltr'>λαιον,</span> <span class='ocrx_word' id='word_1_210' title='bbox 2348 1611 2505 1650; x_wconf 92' lang='lat' dir='ltr'>nunc</span> <span class='ocrx_word' id='word_1_211' title='bbox 2564 1592 2734 1669; x_wconf 74' lang='grc' dir='ltr'>ἀρχή,</span> <span class='ocrx_word' id='word_1_212' title='bbox 2793 1611 2950 1649; x_wconf 90' lang='lat' dir='ltr'>nunc</span> <span class='ocrx_word' id='word_1_213' title='bbox 3012 1590 3387 1669; x_wconf 82' lang='grc' dir='ltr'>συλλογισμός</span> <span class='ocrx_word' id='word_1_214' title='bbox 3444 1599 3774 1667; x_wconf 87' lang='lat' dir='ltr'>vertuntur,</span> 
     </span>
    </p>
   </div>
   <div class='ocr_carea' id='block_1_31' title="bbox 2113 1682 3770 1756">
    <p class='ocr_par' dir='ltr' id='par_1_31' title="bbox 2113 1682 3770 1756">
     <span class='ocr_line' id='line_1_31' title="bbox 2113 1682 3770 1756; baseline 0 -18"><span class='ocrx_word' id='word_1_215' title='bbox 2113 1685 2616 1756; x_wconf 87' lang='lat' dir='ltr'>quemadmodum</span> <span class='ocrx_word' id='word_1_216' title='bbox 2649 1689 2705 1738; x_wconf 87' lang='lat' dir='ltr'>et</span> <span class='ocrx_word' id='word_1_217' title='bbox 2736 1684 2808 1740; x_wconf 91' lang='lat' dir='ltr'>ab</span> <span class='ocrx_word' id='word_1_218' title='bbox 2841 1682 3076 1755; x_wconf 91' lang='lat' dir='ltr'>Aquila,</span> <span class='ocrx_word' id='word_1_219' title='bbox 3098 1684 3497 1739; x_wconf 89' lang='lat' dir='ltr'>Theodotione</span> <span class='ocrx_word' id='word_1_220' title='bbox 3529 1689 3586 1739; x_wconf 92' lang='lat' dir='ltr'>et</span> <span class='ocrx_word' id='word_1_221' title='bbox 3603 1685 3770 1756; x_wconf 83' lang='lat' dir='ltr'>Sym-</span> 
     </span>
    </p>
   </div>
   <div class='ocr_carea' id='block_1_32' title="bbox 2116 1772 3772 1844">
    <p class='ocr_par' dir='ltr' id='par_1_32' title="bbox 2116 1772 3772 1844">
     <span class='ocr_line' id='line_1_32' title="bbox 2116 1772 3772 1844; baseline 0 -16"><span class='ocrx_word' id='word_1_222' title='bbox 2116 1775 2345 1841; x_wconf 90' lang='lat' dir='ltr'>macho,</span> <span class='ocrx_word' id='word_1_223' title='bbox 2381 1789 2528 1844; x_wconf 89' lang='lat' dir='ltr'>quos</span> <span class='ocrx_word' id='word_1_224' title='bbox 2572 1773 2665 1828; x_wconf 89' lang='lat' dir='ltr'>hie</span> <span class='ocrx_word' id='word_1_225' title='bbox 2715 1773 3024 1844; x_wconf 89' lang='lat' dir='ltr'>designare</span> <span class='ocrx_word' id='word_1_226' title='bbox 3072 1773 3306 1828; x_wconf 87' lang='lat' dir='ltr'>videtur</span> <span class='ocrx_word' id='word_1_227' title='bbox 3334 1772 3613 1843; x_wconf 87' lang='lat' dir='ltr'>Basilius,</span> <span class='ocrx_word' id='word_1_228' title='bbox 3645 1773 3772 1828; x_wconf 91' lang='lat' dir='ltr'>Nu-</span> 
     </span>
    </p>
   </div>
   <div class='ocr_carea' id='block_1_33' title="bbox 349 1843 2006 1953">
    <p class='ocr_par' dir='ltr' id='par_1_33' title="bbox 349 1843 2001 1953">
     <span class='ocr_line' id='line_1_33' title="bbox 349 1843 2001 1917; baseline -0.004 -14"><span class='ocrx_word' id='word_1_229' title='bbox 349 1864 478 1903; x_wconf 89' lang='lat' dir='ltr'>esse</span> <span class='ocrx_word' id='word_1_230' title='bbox 499 1863 656 1916; x_wconf 90' lang='lat' dir='ltr'>eum,</span> <span class='ocrx_word' id='word_1_231' title='bbox 682 1861 858 1917; x_wconf 87' lang='lat' dir='ltr'>quem</span> <span class='ocrx_word' id='word_1_232' title='bbox 879 1845 1149 1901; x_wconf 88' lang='lat' dir='ltr'>homines</span> <span class='ocrx_word' id='word_1_233' title='bbox 1173 1844 1373 1899; x_wconf 90' lang='lat' dir='ltr'>Jovem</span> <span class='ocrx_word' id='word_1_234' title='bbox 1397 1843 1822 1916; x_wconf 87' lang='lat' dir='ltr'>appellarent.»</span> <span class='ocrx_word' id='word_1_235' title='bbox 1842 1843 2001 1897; x_wconf 88' lang='lat' dir='ltr'>Idem</span> 
     </span>
     <span class='ocr_line' id='line_1_34' title="bbox 391 1932 1993 1953; baseline 0 0"><span class='ocrx_word' id='word_1_236' title='bbox 391 1937 425 1953; x_wconf 90' lang='lat'>..</span> <span class='ocrx_word' id='word_1_237' title='bbox 509 1935 624 1953; x_wconf 71' lang='lat' dir='ltr'>m.</span> <span class='ocrx_word' id='word_1_238' title='bbox 729 1952 732 1953; x_wconf 30' lang='grc' dir='ltr'><em>ν</em></span> <span class='ocrx_word' id='word_1_239' title='bbox 789 1952 792 1953; x_wconf 30' lang='grc' dir='ltr'><em>ν</em></span> <span class='ocrx_word' id='word_1_240' title='bbox 975 1934 1168 1953; x_wconf 52' lang='grc' dir='ltr'>..ι--.ω</span> <span class='ocrx_word' id='word_1_241' title='bbox 1228 1933 1406 1953; x_wconf 46' lang='grc' dir='ltr'>Διηη</span> <span class='ocrx_word' id='word_1_242' title='bbox 1476 1932 1760 1953; x_wconf 41' lang='grc' dir='ltr'>μημιημ</span> 
     </span>
    </p>
   </div>
   <div class='ocr_carea' id='block_1_34' title="bbox 2121 1843 3768 1953">
    <p class='ocr_par' dir='ltr' id='par_1_34' title="bbox 2121 1856 3768 1937">
     <span class='ocr_line' id='line_1_35' title="bbox 2121 1856 3768 1937; baseline -0.002 -20"><span class='ocrx_word' id='word_1_243' title='bbox 2121 1879 2256 1917; x_wconf 86' lang='lat' dir='ltr'>mer.</span> <span class='ocrx_word' id='word_1_244' title='bbox 2320 1879 2396 1929; x_wconf 86' lang='lat' dir='ltr'>Iv,</span> <span class='ocrx_word' id='word_1_245' title='bbox 2426 1865 2503 1918; x_wconf 87' lang='lat'>2:</span> <span class='ocrx_word' id='word_1_246' title='bbox 2554 1856 2699 1915; x_wconf 77' lang='grc' dir='ltr'>Λάϐε</span> <span class='ocrx_word' id='word_1_247' title='bbox 2745 1861 2807 1915; x_wconf 86' lang='grc' dir='ltr'>τὸ</span> <span class='ocrx_word' id='word_1_248' title='bbox 2859 1859 3153 1937; x_wconf 77' lang='grc' dir='ltr'>κεφάλαιον</span> <span class='ocrx_word' id='word_1_249' title='bbox 3213 1864 3320 1915; x_wconf 89' lang='grc' dir='ltr'>τῶν</span> <span class='ocrx_word' id='word_1_250' title='bbox 3380 1861 3513 1915; x_wconf 72' lang='grc' dir='ltr'>υἱῶν</span> <span class='ocrx_word' id='word_1_251' title='bbox 3564 1859 3717 1916; x_wconf 77' lang='grc' dir='ltr'>Καάθ</span> <span class='ocrx_word' id='word_1_252' title='bbox 3755 1879 3768 1892; x_wconf 78' lang='grc'><strong><em>⁸</em></strong></span> 
     </span>
    </p>
   </div>
   <div class='ocr_carea' id='block_1_35' title="bbox 351 1932 2000 2000">
    <p class='ocr_par' dir='ltr' id='par_1_35' title="bbox 351 1932 2000 2000">
     <span class='ocr_line' id='line_1_36' title="bbox 351 1932 2000 2000; baseline -0.004 -8"><span class='ocrx_word' id='word_1_253' title='bbox 351 1937 452 2000; x_wconf 87' lang='lat' dir='ltr'>ait,</span> <span class='ocrx_word' id='word_1_254' title='bbox 508 1935 808 1990; x_wconf 86' lang='lat' dir='ltr'>Platonem</span> <span class='ocrx_word' id='word_1_255' title='bbox 859 1934 916 1988; x_wconf 91' lang='lat' dir='ltr'>in</span> <span class='ocrx_word' id='word_1_256' title='bbox 975 1934 1173 1990; x_wconf 73' lang='lat' dir='ltr'>Timaeo</span> <span class='ocrx_word' id='word_1_257' title='bbox 1221 1933 1433 1998; x_wconf 86' lang='lat' dir='ltr'>dicere,</span> <span class='ocrx_word' id='word_1_258' title='bbox 1476 1932 1766 1986; x_wconf 90' lang='lat' dir='ltr'>mundum</span> <span class='ocrx_word' id='word_1_259' title='bbox 1824 1936 2000 1986; x_wconf 88' lang='lat' dir='ltr'>Deum</span> 
     </span>
    </p>
   </div>
   <div class='ocr_carea' id='block_1_36' title="bbox 349 2019 2000 2092">
    <p class='ocr_par' dir='ltr' id='par_1_36' title="bbox 349 2019 2000 2092">
     <span class='ocr_line' id='line_1_37' title="bbox 349 2019 2000 2092; baseline -0.004 -12"><span class='ocrx_word' id='word_1_260' title='bbox 349 2041 500 2089; x_wconf 90' lang='lat' dir='ltr'>esse,</span> <span class='ocrx_word' id='word_1_261' title='bbox 533 2030 590 2079; x_wconf 90' lang='lat' dir='ltr'>et</span> <span class='ocrx_word' id='word_1_262' title='bbox 620 2023 830 2079; x_wconf 77' lang='lat' dir='ltr'>cmlum</span> <span class='ocrx_word' id='word_1_263' title='bbox 861 2028 919 2078; x_wconf 91' lang='lat' dir='ltr'>et</span> <span class='ocrx_word' id='word_1_264' title='bbox 959 2027 1140 2092; x_wconf 87' lang='lat' dir='ltr'>astra,</span> <span class='ocrx_word' id='word_1_265' title='bbox 1173 2028 1230 2076; x_wconf 89' lang='lat' dir='ltr'>et</span> <span class='ocrx_word' id='word_1_266' title='bbox 1268 2026 1483 2076; x_wconf 88' lang='lat' dir='ltr'>terram</span> <span class='ocrx_word' id='word_1_267' title='bbox 1518 2037 1532 2076; x_wconf 89' lang='lat'><strong>:</strong></span> <span class='ocrx_word' id='word_1_268' title='bbox 1565 2021 1840 2091; x_wconf 85' lang='lat' dir='ltr'>idemque</span> <span class='ocrx_word' id='word_1_269' title='bbox 1875 2019 2000 2074; x_wconf 88' lang='lat' dir='ltr'>Pla-</span> 
     </span>
    </p>
   </div>
   <div class='ocr_carea' id='block_1_37' title="bbox 351 2109 2003 2183">
    <p class='ocr_par' dir='ltr' id='par_1_37' title="bbox 351 2109 2003 2183">
     <span class='ocr_line' id='line_1_38' title="bbox 351 2109 2003 2183; baseline -0.002 -15"><span class='ocrx_word' id='word_1_270' title='bbox 351 2113 474 2170; x_wconf 90' lang='lat' dir='ltr'>toni</span> <span class='ocrx_word' id='word_1_271' title='bbox 518 2112 724 2168; x_wconf 79' lang='lat' dir='ltr'>tribuit</span> <span class='ocrx_word' id='word_1_272' title='bbox 771 2111 1008 2168; x_wconf 89' lang='lat' dir='ltr'>Proclus</span> <span class='ocrx_word' id='word_1_273' title='bbox 1058 2115 1406 2183; x_wconf 86' lang='lat' dir='ltr'>argumento</span> <span class='ocrx_word' id='word_1_274' title='bbox 1445 2111 1536 2176; x_wconf 89' lang='lat'>20,</span> <span class='ocrx_word' id='word_1_275' title='bbox 1589 2126 1762 2182; x_wconf 90' lang='lat' dir='ltr'>quem</span> <span class='ocrx_word' id='word_1_276' title='bbox 1791 2109 2003 2164; x_wconf 86' lang='lat' dir='ltr'>refutat</span> 
     </span>
    </p>
   </div>
   <div class='ocr_carea' id='block_1_38' title="bbox 347 2199 2003 2272">
    <p class='ocr_par' dir='ltr' id='par_1_38' title="bbox 347 2199 2003 2272">
     <span class='ocr_line' id='line_1_39' title="bbox 347 2199 2003 2272; baseline -0.003 -14"><span class='ocrx_word' id='word_1_277' title='bbox 347 2202 698 2258; x_wconf 89' lang='lat' dir='ltr'>Benedictus</span> <span class='ocrx_word' id='word_1_278' title='bbox 730 2201 1000 2257; x_wconf 90' lang='lat' dir='ltr'>Pererius</span> <span class='ocrx_word' id='word_1_279' title='bbox 1029 2199 1130 2255; x_wconf 88' lang='lat' dir='ltr'>lib.</span> <span class='ocrx_word' id='word_1_280' title='bbox 1168 2216 1238 2255; x_wconf 83' lang='lat' dir='ltr'>xv</span> <span class='ocrx_word' id='word_1_281' title='bbox 1268 2201 1342 2255; x_wconf 85' lang='lat' dir='ltr'>De</span> <span class='ocrx_word' id='word_1_282' title='bbox 1367 2200 1666 2272; x_wconf 77' lang='lat' dir='ltr'>principiis</span> <span class='ocrx_word' id='word_1_283' title='bbox 1695 2214 1878 2254; x_wconf 86' lang='lat' dir='ltr'>rerum</span> <span class='ocrx_word' id='word_1_284' title='bbox 1905 2214 2003 2253; x_wconf 86' lang='lat' dir='ltr'>na-</span> 
     </span>
    </p>
   </div>
   <div class='ocr_carea' id='block_1_39' title="bbox 349 2291 888 2362">
    <p class='ocr_par' dir='ltr' id='par_1_39' title="bbox 349 2291 888 2362">
     <span class='ocr_line' id='line_1_40' title="bbox 349 2291 888 2362; baseline -0.004 -14"><span class='ocrx_word' id='word_1_285' title='bbox 349 2293 642 2356; x_wconf 81' lang='lat' dir='ltr'>turalium,</span> <span class='ocrx_word' id='word_1_286' title='bbox 674 2307 800 2362; x_wconf 89' lang='lat' dir='ltr'>cap.</span> <span class='ocrx_word' id='word_1_287' title='bbox 834 2291 888 2346; x_wconf 85' lang='grc'>4.</span> 
     </span>
    </p>
   </div>
   <div class='ocr_carea' id='block_1_40' title="bbox 420 2375 1999 2452">
    <p class='ocr_par' dir='ltr' id='par_1_40' title="bbox 420 2375 1999 2452">
     <span class='ocr_line' id='line_1_41' title="bbox 420 2375 1999 2452; baseline -0.003 -16"><span class='ocrx_word' id='word_1_288' title='bbox 420 2381 571 2437; x_wconf 92' lang='lat' dir='ltr'>Ibid.</span> <span class='ocrx_word' id='word_1_289' title='bbox 605 2379 726 2436; x_wconf 86' lang='lat' dir='ltr'>B2.</span> <span class='ocrx_word' id='word_1_290' title='bbox 773 2375 934 2434; x_wconf 83' lang='grc' dir='ltr'>Ἀλλ’</span> <span class='ocrx_word' id='word_1_291' title='bbox 986 2379 1037 2433; x_wconf 76' lang='grc' dir='ltr'>οἱ</span> <span class='ocrx_word' id='word_1_292' title='bbox 1086 2382 1195 2432; x_wconf 89' lang='grc' dir='ltr'>τῶν</span> <span class='ocrx_word' id='word_1_293' title='bbox 1246 2377 1480 2452; x_wconf 83' lang='grc' dir='ltr'>ἄστρων.</span> <span class='ocrx_word' id='word_1_294' title='bbox 1537 2378 1808 2433; x_wconf 86' lang='lat' dir='ltr'>Fortasse</span> <span class='ocrx_word' id='word_1_295' title='bbox 1857 2377 1999 2433; x_wconf 90' lang='lat' dir='ltr'>scri-</span> 
     </span>
    </p>
   </div>
   <div class='ocr_carea' id='block_1_41' title="bbox 351 2465 1998 2542">
    <p class='ocr_par' dir='ltr' id='par_1_41' title="bbox 351 2465 1998 2542">
     <span class='ocr_line' id='line_1_42' title="bbox 351 2465 1998 2542; baseline -0.002 -15"><span class='ocrx_word' id='word_1_296' title='bbox 351 2471 632 2539; x_wconf 90' lang='lat' dir='ltr'>bendum,</span> <span class='ocrx_word' id='word_1_297' title='bbox 666 2465 830 2523; x_wconf 76' lang='grc' dir='ltr'>ἄλλοι</span> <span class='ocrx_word' id='word_1_298' title='bbox 881 2471 986 2522; x_wconf 86' lang='grc' dir='ltr'>τῶν</span> <span class='ocrx_word' id='word_1_299' title='bbox 1034 2465 1293 2542; x_wconf 78' lang='grc' dir='ltr'>ἀστέρων,</span> <span class='ocrx_word' id='word_1_300' title='bbox 1347 2467 1502 2540; x_wconf 89' lang='lat' dir='ltr'>quod</span> <span class='ocrx_word' id='word_1_301' title='bbox 1554 2468 1762 2523; x_wconf 86' lang='lat' dir='ltr'>suadet</span> <span class='ocrx_word' id='word_1_302' title='bbox 1795 2468 1998 2523; x_wconf 88' lang='lat' dir='ltr'>Eusta-</span> 
     </span>
    </p>
   </div>
   <div class='ocr_carea' id='block_1_42' title="bbox 350 2557 1999 2616">
    <p class='ocr_par' dir='ltr' id='par_1_42' title="bbox 350 2557 1999 2616">
     <span class='ocr_line' id='line_1_43' title="bbox 350 2557 1999 2616; baseline -0.002 -1"><span class='ocrx_word' id='word_1_303' title='bbox 350 2560 512 2616; x_wconf 89' lang='lat' dir='ltr'>thius</span> <span class='ocrx_word' id='word_1_304' title='bbox 541 2564 772 2615; x_wconf 90' lang='lat' dir='ltr'>vertens</span> <span class='ocrx_word' id='word_1_305' title='bbox 806 2577 818 2615; x_wconf 92' lang='lat'><strong>:</strong></span> <span class='ocrx_word' id='word_1_306' title='bbox 851 2579 878 2612; x_wconf 74' lang='grc' dir='ltr'>ι</span> <span class='ocrx_word' id='word_1_307' title='bbox 904 2558 1016 2615; x_wconf 84' lang='lat' dir='ltr'>Alii</span> <span class='ocrx_word' id='word_1_308' title='bbox 1047 2557 1351 2614; x_wconf 80' lang='lat' dir='ltr'>stellarum</span> <span class='ocrx_word' id='word_1_309' title='bbox 1384 2557 1693 2614; x_wconf 89' lang='lat' dir='ltr'>intervalla</span> <span class='ocrx_word' id='word_1_310' title='bbox 1730 2557 1999 2612; x_wconf 91' lang='lat' dir='ltr'>dinume-</span> 
     </span>
    </p>
   </div>
   <div class='ocr_carea' id='block_1_43' title="bbox 353 2655 567 2706">
    <p class='ocr_par' dir='ltr' id='par_1_43' title="bbox 353 2655 567 2706">
     <span class='ocr_line' id='line_1_44' title="bbox 353 2655 567 2706; baseline -0.009 0"><span class='ocrx_word' id='word_1_311' title='bbox 353 2655 505 2706; x_wconf 90' lang='lat' dir='ltr'>rant.</span> <span class='ocrx_word' id='word_1_312' title='bbox 540 2672 567 2699; x_wconf 82' lang='grc'><strong>››</strong></span> 
     </span>
    </p>
   </div>
   <div class='ocr_carea' id='block_1_44' title="bbox 420 2735 2001 2812">
    <p class='ocr_par' dir='ltr' id='par_1_44' title="bbox 420 2735 2001 2812">
     <span class='ocr_line' id='line_1_45' title="bbox 420 2735 2001 2812; baseline -0.004 -17"><span class='ocrx_word' id='word_1_313' title='bbox 420 2739 569 2795; x_wconf 84' lang='lat' dir='ltr'>Ibid.</span> <span class='ocrx_word' id='word_1_314' title='bbox 603 2739 727 2794; x_wconf 89' lang='grc' dir='ltr'>Β5.</span> <span class='ocrx_word' id='word_1_315' title='bbox 760 2737 890 2798; x_wconf 88' lang='grc' dir='ltr'>Τοῖς</span> <span class='ocrx_word' id='word_1_316' title='bbox 945 2736 1038 2808; x_wconf 77' lang='grc' dir='ltr'>μέν</span> <span class='ocrx_word' id='word_1_317' title='bbox 1091 2735 1192 2790; x_wconf 76' lang='grc' dir='ltr'>εἶ’σι</span> <span class='ocrx_word' id='word_1_318' title='bbox 1253 2736 1591 2812; x_wconf 78' lang='grc' dir='ltr'>φαινόμενοι.</span> <span class='ocrx_word' id='word_1_319' title='bbox 1652 2736 1778 2792; x_wconf 88' lang='lat' dir='ltr'>Duo</span> <span class='ocrx_word' id='word_1_320' title='bbox 1838 2735 2001 2808; x_wconf 80' lang='lat' dir='ltr'>Regii</span> 
     </span>
    </p>
   </div>
   <div class='ocr_carea' id='block_1_45' title="bbox 348 2825 2000 2904">
    <p class='ocr_par' dir='ltr' id='par_1_45' title="bbox 348 2825 2000 2904">
     <span class='ocr_line' id='line_1_46' title="bbox 348 2825 2000 2904; baseline -0.001 -24"><span class='ocrx_word' id='word_1_321' title='bbox 348 2831 466 2890; x_wconf 87' lang='grc' dir='ltr'>τοῖς</span> <span class='ocrx_word' id='word_1_322' title='bbox 498 2826 592 2899; x_wconf 76' lang='grc' dir='ltr'>μὲν</span> <span class='ocrx_word' id='word_1_323' title='bbox 624 2825 725 2880; x_wconf 78' lang='grc' dir='ltr'>εἶσι</span> <span class='ocrx_word' id='word_1_324' title='bbox 757 2825 1000 2904; x_wconf 75' lang='grc' dir='ltr'>φανεροί.</span> <span class='ocrx_word' id='word_1_325' title='bbox 1031 2826 1410 2882; x_wconf 86' lang='lat' dir='ltr'>Eustathius:</span> <span class='ocrx_word' id='word_1_326' title='bbox 1441 2848 1468 2876; x_wconf 86' lang='lat'>«</span> <span class='ocrx_word' id='word_1_327' title='bbox 1504 2829 1566 2882; x_wconf 92' lang='lat' dir='ltr'>In</span> <span class='ocrx_word' id='word_1_328' title='bbox 1600 2826 1774 2880; x_wconf 89' lang='lat' dir='ltr'>certis</span> <span class='ocrx_word' id='word_1_329' title='bbox 1805 2825 2000 2897; x_wconf 89' lang='lat' dir='ltr'>suspi-</span> 
     </span>
    </p>
   </div>
   <div class='ocr_carea' id='block_1_46' title="bbox 349 2915 1999 2986">
    <p class='ocr_par' dir='ltr' id='par_1_46' title="bbox 349 2915 1999 2986">
     <span class='ocr_line' id='line_1_47' title="bbox 349 2915 1999 2986; baseline -0.002 -14"><span class='ocrx_word' id='word_1_330' title='bbox 349 2916 587 2972; x_wconf 90' lang='lat' dir='ltr'>ciuntur</span> <span class='ocrx_word' id='word_1_331' title='bbox 609 2916 972 2981; x_wconf 90' lang='lat' dir='ltr'>hominibus,</span> <span class='ocrx_word' id='word_1_332' title='bbox 997 2916 1166 2971; x_wconf 89' lang='lat' dir='ltr'>nobis</span> <span class='ocrx_word' id='word_1_333' title='bbox 1191 2921 1388 2971; x_wconf 89' lang='lat' dir='ltr'>autem</span> <span class='ocrx_word' id='word_1_334' title='bbox 1413 2915 1706 2971; x_wconf 89' lang='lat' dir='ltr'>habentur</span> <span class='ocrx_word' id='word_1_335' title='bbox 1728 2915 1999 2986; x_wconf 68' lang='lat' dir='ltr'>ignotae.»</span> 
     </span>
    </p>
   </div>
   <div class='ocr_carea' id='block_1_47' title="bbox 347 3004 1821 3077">
    <p class='ocr_par' dir='ltr' id='par_1_47' title="bbox 347 3004 1821 3077">
     <span class='ocr_line' id='line_1_48' title="bbox 347 3004 1821 3077; baseline -0.002 -15"><span class='ocrx_word' id='word_1_336' title='bbox 347 3007 440 3062; x_wconf 90' lang='lat' dir='ltr'>Sic</span> <span class='ocrx_word' id='word_1_337' title='bbox 471 3006 630 3062; x_wconf 90' lang='lat' dir='ltr'>enim</span> <span class='ocrx_word' id='word_1_338' title='bbox 664 3005 1103 3060; x_wconf 89' lang='lat' dir='ltr'>emendandum</span> <span class='ocrx_word' id='word_1_339' title='bbox 1137 3021 1242 3077; x_wconf 91' lang='lat' dir='ltr'>pro</span> <span class='ocrx_word' id='word_1_340' title='bbox 1265 3027 1293 3055; x_wconf 89' lang='grc'>‹‹</span> <span class='ocrx_word' id='word_1_341' title='bbox 1328 3004 1757 3076; x_wconf 87' lang='lat' dir='ltr'>suscipiuntur.</span> <span class='ocrx_word' id='word_1_342' title='bbox 1794 3025 1821 3052; x_wconf 88' lang='lat'>»</span> 
     </span>
    </p>
   </div>
   <div class='ocr_carea' id='block_1_48' title="bbox 419 3107 2000 3183">
    <p class='ocr_par' dir='ltr' id='par_1_48' title="bbox 419 3107 2000 3183">
     <span class='ocr_line' id='line_1_49' title="bbox 419 3107 2000 3183; baseline -0.004 -16"><span class='ocrx_word' id='word_1_343' title='bbox 419 3111 563 3168; x_wconf 88' lang='lat' dir='ltr'>Ibid.</span> <span class='ocrx_word' id='word_1_344' title='bbox 613 3112 654 3165; x_wconf 92' lang='lat' dir='ltr'>B</span> <span class='ocrx_word' id='word_1_345' title='bbox 701 3112 752 3165; x_wconf 93' lang='lat'>8.</span> <span class='ocrx_word' id='word_1_346' title='bbox 809 3111 1229 3167; x_wconf 83' lang='lat' dir='ltr'>Dectinationes.</span> <span class='ocrx_word' id='word_1_347' title='bbox 1283 3110 1615 3178; x_wconf 87' lang='lat' dir='ltr'>Basiliens.,</span> <span class='ocrx_word' id='word_1_348' title='bbox 1662 3107 2000 3183; x_wconf 76' lang='grc' dir='ltr'>στηριγμοὺς</span> 
     </span>
    </p>
   </div>
   <div class='ocr_carea' id='block_1_49' title="bbox 345 3196 1998 3271">
    <p class='ocr_par' dir='ltr' id='par_1_49' title="bbox 345 3196 1998 3271">
     <span class='ocr_line' id='line_1_50' title="bbox 345 3196 1998 3271; baseline -0.001 -15"><span class='ocrx_word' id='word_1_349' title='bbox 345 3201 434 3256; x_wconf 75' lang='grc' dir='ltr'>καὶ</span> <span class='ocrx_word' id='word_1_350' title='bbox 492 3196 860 3260; x_wconf 81' lang='grc' dir='ltr'>ἀποκλείσεις.</span> <span class='ocrx_word' id='word_1_351' title='bbox 923 3199 1288 3266; x_wconf 88' lang='lat' dir='ltr'>Eustathius,</span> <span class='ocrx_word' id='word_1_352' title='bbox 1342 3200 1758 3271; x_wconf 72' lang='lat' dir='ltr'>praeclusiones.</span> <span class='ocrx_word' id='word_1_353' title='bbox 1812 3199 1998 3263; x_wconf 89' lang='lat' dir='ltr'>Quam</span> 
     </span>
    </p>
   </div>
   <div class='ocr_carea' id='block_1_50' title="bbox 345 3260 2075 3356">
    <p class='ocr_par' dir='ltr' id='par_1_50' title="bbox 345 3260 2075 3356">
     <span class='ocr_line' id='line_1_51' title="bbox 345 3260 2075 3356; baseline -0.002 -11"><span class='ocrx_word' id='word_1_354' title='bbox 345 3290 659 3346; x_wconf 89' lang='lat' dir='ltr'>lectionem</span> <span class='ocrx_word' id='word_1_355' title='bbox 719 3292 958 3345; x_wconf 91' lang='lat' dir='ltr'>secutus</span> <span class='ocrx_word' id='word_1_356' title='bbox 1009 3260 1358 3344; x_wconf 79' lang='lat' dir='ltr'>Tilmannus</span> <span class='ocrx_word' id='word_1_357' title='bbox 1417 3289 1678 3344; x_wconf 85' lang='lat' dir='ltr'>ediderat</span> <span class='ocrx_word' id='word_1_358' title='bbox 1715 3260 2000 3356; x_wconf 78' lang='lat' dir='ltr'>stationes,</span> <span class='ocrx_word' id='word_1_359' title='bbox 2031 3260 2075 3327; x_wconf 65' lang='grc' dir='ltr'>θ</span> 
     </span>
    </p>
   </div>
   <div class='ocr_carea' id='block_1_51' title="bbox 348 3375 1999 3450">
    <p class='ocr_par' dir='ltr' id='par_1_51' title="bbox 348 3375 1999 3450">
     <span class='ocr_line' id='line_1_52' title="bbox 348 3375 1999 3450; baseline -0.003 -15"><span class='ocrx_word' id='word_1_360' title='bbox 348 3381 714 3442; x_wconf 72' lang='lat' dir='ltr'>exclusiones,</span> <span class='ocrx_word' id='word_1_361' title='bbox 739 3383 795 3433; x_wconf 86' lang='lat' dir='ltr'>et</span> <span class='ocrx_word' id='word_1_362' title='bbox 825 3383 1135 3434; x_wconf 88' lang='lat' dir='ltr'>annotorat</span> <span class='ocrx_word' id='word_1_363' title='bbox 1165 3378 1590 3450; x_wconf 80' lang='lat' dir='ltr'>Argyropylum</span> <span class='ocrx_word' id='word_1_364' title='bbox 1622 3377 1836 3450; x_wconf 82' lang='lat' dir='ltr'>legisse</span> <span class='ocrx_word' id='word_1_365' title='bbox 1866 3375 1999 3430; x_wconf 80' lang='grc' dir='ltr'>ἁπο-</span> 
     </span>
    </p>
   </div>
   <div class='ocr_carea' id='block_1_52' title="bbox 349 3467 1998 3540">
    <p class='ocr_par' dir='ltr' id='par_1_52' title="bbox 349 3467 1998 3540">
     <span class='ocr_line' id='line_1_53' title="bbox 349 3467 1998 3540; baseline -0.001 -17"><span class='ocrx_word' id='word_1_366' title='bbox 349 3467 576 3528; x_wconf 73' lang='grc' dir='ltr'>κλίσειςσ</span> <span class='ocrx_word' id='word_1_367' title='bbox 625 3472 800 3538; x_wconf 90' lang='lat' dir='ltr'>prout</span> <span class='ocrx_word' id='word_1_368' title='bbox 850 3472 906 3522; x_wconf 90' lang='lat' dir='ltr'>et</span> <span class='ocrx_word' id='word_1_369' title='bbox 957 3468 1015 3522; x_wconf 89' lang='lat' dir='ltr'>in</span> <span class='ocrx_word' id='word_1_370' title='bbox 1061 3467 1292 3522; x_wconf 91' lang='lat' dir='ltr'>duobus</span> <span class='ocrx_word' id='word_1_371' title='bbox 1339 3467 1538 3540; x_wconf 87' lang='lat' dir='ltr'>Regiis</span> <span class='ocrx_word' id='word_1_372' title='bbox 1603 3485 1742 3522; x_wconf 87' lang='lat' dir='ltr'>mss.</span> <span class='ocrx_word' id='word_1_373' title='bbox 1798 3484 1998 3522; x_wconf 82' lang='lat' dir='ltr'>exara-</span> 
     </span>
    </p>
   </div>
   <div class='ocr_carea' id='block_1_53' title="bbox 353 3555 2005 3628">
    <p class='ocr_par' dir='ltr' id='par_1_53' title="bbox 353 3555 2005 3628">
     <span class='ocr_line' id='line_1_54' title="bbox 353 3555 2005 3628; baseline -0.001 -14"><span class='ocrx_word' id='word_1_374' title='bbox 353 3565 482 3614; x_wconf 91' lang='lat' dir='ltr'>tum</span> <span class='ocrx_word' id='word_1_375' title='bbox 515 3557 645 3621; x_wconf 85' lang='lat' dir='ltr'>fuit,</span> <span class='ocrx_word' id='word_1_376' title='bbox 680 3557 809 3612; x_wconf 78' lang='lat' dir='ltr'>ideo</span> <span class='ocrx_word' id='word_1_377' title='bbox 841 3555 1246 3612; x_wconf 81' lang='lat' dir='ltr'>declinationes</span> <span class='ocrx_word' id='word_1_378' title='bbox 1276 3555 1644 3628; x_wconf 84' lang='lat' dir='ltr'>interpretati</span> <span class='ocrx_word' id='word_1_379' title='bbox 1666 3557 2005 3612; x_wconf 88' lang='lat' dir='ltr'>sumus.Est</span> 
     </span>
    </p>
   </div>
   <div class='ocr_carea' id='block_1_54' title="bbox 353 3645 2004 3718">
    <p class='ocr_par' dir='ltr' id='par_1_54' title="bbox 353 3645 2004 3718">
     <span class='ocr_line' id='line_1_55' title="bbox 353 3645 2004 3718; baseline -0.002 -15"><span class='ocrx_word' id='word_1_380' title='bbox 353 3647 508 3703; x_wconf 89' lang='lat' dir='ltr'>enim</span> <span class='ocrx_word' id='word_1_381' title='bbox 542 3645 845 3701; x_wconf 76' lang='lat' dir='ltr'>declinatio</span> <span class='ocrx_word' id='word_1_382' title='bbox 893 3647 1046 3717; x_wconf 85' lang='lat' dir='ltr'>apud</span> <span class='ocrx_word' id='word_1_383' title='bbox 1098 3645 1428 3717; x_wconf 89' lang='lat' dir='ltr'>astrologos</span> <span class='ocrx_word' id='word_1_384' title='bbox 1472 3645 1654 3702; x_wconf 64' lang='lat' dir='ltr'>stellae</span> <span class='ocrx_word' id='word_1_385' title='bbox 1683 3646 1771 3701; x_wconf 89' lang='lat' dir='ltr'>vel</span> <span class='ocrx_word' id='word_1_386' title='bbox 1803 3645 2004 3718; x_wconf 91' lang='lat' dir='ltr'>puncti</span> 
     </span>
    </p>
   </div>
   <div class='ocr_carea' id='block_1_55' title="bbox 353 3733 2005 3805">
    <p class='ocr_par' dir='ltr' id='par_1_55' title="bbox 353 3733 2005 3805">
     <span class='ocr_line' id='line_1_56' title="bbox 353 3733 2005 3805; baseline 0 -15"><span class='ocrx_word' id='word_1_387' title='bbox 353 3734 636 3805; x_wconf 71' lang='lat' dir='ltr'>eclipticre</span> <span class='ocrx_word' id='word_1_388' title='bbox 668 3734 952 3788; x_wconf 87' lang='lat' dir='ltr'>distantia</span> <span class='ocrx_word' id='word_1_389' title='bbox 975 3735 1047 3790; x_wconf 92' lang='lat' dir='ltr'>ab</span> <span class='ocrx_word' id='word_1_390' title='bbox 1069 3738 1364 3804; x_wconf 69' lang='lat' dir='ltr'>aequatore</span> <span class='ocrx_word' id='word_1_391' title='bbox 1397 3751 1599 3791; x_wconf 87' lang='lat' dir='ltr'>versus</span> <span class='ocrx_word' id='word_1_392' title='bbox 1631 3733 1879 3790; x_wconf 88' lang='lat' dir='ltr'>alterum</span> <span class='ocrx_word' id='word_1_393' title='bbox 1905 3751 2005 3805; x_wconf 85' lang='lat' dir='ltr'>po-</span> 
     </span>
    </p>
   </div>
   <div class='ocr_carea' id='block_1_56' title="bbox 355 3821 2007 3896">
    <p class='ocr_par' dir='ltr' id='par_1_56' title="bbox 355 3821 2007 3896">
     <span class='ocr_line' id='line_1_57' title="bbox 355 3821 2007 3896; baseline -0.002 -15"><span class='ocrx_word' id='word_1_394' title='bbox 355 3825 547 3880; x_wconf 91' lang='lat' dir='ltr'>lorum</span> <span class='ocrx_word' id='word_1_395' title='bbox 581 3822 807 3878; x_wconf 89' lang='lat' dir='ltr'>mundi.</span> <span class='ocrx_word' id='word_1_396' title='bbox 839 3821 1187 3877; x_wconf 86' lang='lat' dir='ltr'>Aristoteles</span> <span class='ocrx_word' id='word_1_397' title='bbox 1219 3823 1288 3878; x_wconf 91' lang='lat' dir='ltr'>de</span> <span class='ocrx_word' id='word_1_398' title='bbox 1321 3822 1446 3878; x_wconf 89' lang='lat' dir='ltr'>sole</span> <span class='ocrx_word' id='word_1_399' title='bbox 1477 3841 1679 3896; x_wconf 89' lang='lat' dir='ltr'>agens,</span> <span class='ocrx_word' id='word_1_400' title='bbox 1708 3825 2007 3890; x_wconf 75' lang='lat' dir='ltr'>Problem,</span> 
     </span>
    </p>
   </div>
   <div class='ocr_carea' id='block_1_57' title="bbox 357 3907 2007 3986">
    <p class='ocr_par' dir='ltr' id='par_1_57' title="bbox 357 3907 2007 3986">
     <span class='ocr_line' id='line_1_58' title="bbox 357 3907 2007 3986; baseline -0.002 -18"><span class='ocrx_word' id='word_1_401' title='bbox 357 3917 499 3969; x_wconf 85' lang='lat' dir='ltr'>sect.</span> <span class='ocrx_word' id='word_1_402' title='bbox 533 3912 621 3979; x_wconf 74' lang='grc'>15,</span> <span class='ocrx_word' id='word_1_403' title='bbox 671 3909 860 3983; x_wconf 83' lang='lat' dir='ltr'>probi.</span> <span class='ocrx_word' id='word_1_404' title='bbox 891 3912 964 3969; x_wconf 86' lang='lat'>6:</span> <span class='ocrx_word' id='word_1_405' title='bbox 999 3907 1287 3983; x_wconf 77' lang='grc' dir='ltr'>Ἀπείρους</span> <span class='ocrx_word' id='word_1_406' title='bbox 1345 3911 1449 3986; x_wconf 79' lang='grc' dir='ltr'>γὰρ</span> <span class='ocrx_word' id='word_1_407' title='bbox 1509 3909 1778 3985; x_wconf 69' lang='grc' dir='ltr'>ἐγκλίσεις</span> <span class='ocrx_word' id='word_1_408' title='bbox 1825 3910 2007 3986; x_wconf 80' lang='grc' dir='ltr'>ἐγχω-</span> 
     </span>
    </p>
   </div>
   <div class='ocr_carea' id='block_1_58' title="bbox 359 3996 2010 4077">
    <p class='ocr_par' dir='ltr' id='par_1_58' title="bbox 359 3996 2010 4077">
     <span class='ocr_line' id='line_1_59' title="bbox 359 3996 2010 4077; baseline 0.002 -23"><span class='ocrx_word' id='word_1_409' title='bbox 359 4005 440 4077; x_wconf 85' lang='grc' dir='ltr'>ρεῖ</span> <span class='ocrx_word' id='word_1_410' title='bbox 496 3998 654 4054; x_wconf 81' lang='grc' dir='ltr'>αὐτὸν</span> <span class='ocrx_word' id='word_1_411' title='bbox 699 3996 979 4063; x_wconf 81' lang='grc' dir='ltr'>κλιθῆναι·</span> <span class='ocrx_word' id='word_1_412' title='bbox 1020 4024 1040 4049; x_wconf 79' lang='grc' dir='ltr'>α</span> <span class='ocrx_word' id='word_1_413' title='bbox 1087 3999 1222 4055; x_wconf 87' lang='lat' dir='ltr'>Cum</span> <span class='ocrx_word' id='word_1_414' title='bbox 1272 3999 1396 4055; x_wconf 80' lang='lat' dir='ltr'>fieri</span> <span class='ocrx_word' id='word_1_415' title='bbox 1429 4001 1617 4072; x_wconf 83' lang='lat' dir='ltr'>possit</span> <span class='ocrx_word' id='word_1_416' title='bbox 1665 4006 1730 4056; x_wconf 92' lang='lat' dir='ltr'>ut</span> <span class='ocrx_word' id='word_1_417' title='bbox 1780 4000 2010 4057; x_wconf 79' lang='lat' dir='ltr'>inﬁnito</span> 
     </span>
    </p>
   </div>
   <div class='ocr_carea' id='block_1_59' title="bbox 359 4089 2006 4162">
    <p class='ocr_par' dir='ltr' id='par_1_59' title="bbox 359 4089 2006 4162">
     <span class='ocr_line' id='line_1_60' title="bbox 359 4089 2006 4162; baseline 0.001 -17"><span class='ocrx_word' id='word_1_418' title='bbox 359 4107 603 4146; x_wconf 88' lang='lat' dir='ltr'>numero</span> <span class='ocrx_word' id='word_1_419' title='bbox 652 4089 1042 4145; x_wconf 89' lang='lat' dir='ltr'>inclinetur.»</span> <span class='ocrx_word' id='word_1_420' title='bbox 1089 4089 1425 4145; x_wconf 86' lang='lat' dir='ltr'>Cleomedes</span> <span class='ocrx_word' id='word_1_421' title='bbox 1483 4089 1637 4145; x_wconf 85' lang='lat' dir='ltr'>lib.1</span> <span class='ocrx_word' id='word_1_422' title='bbox 1681 4089 2006 4162; x_wconf 83' lang='lat' dir='ltr'>Geograph.:</span> 
     </span>
    </p>
   </div>
   <div class='ocr_carea' id='block_1_60' title="bbox 358 4175 2010 4254">
    <p class='ocr_par' dir='ltr' id='par_1_60' title="bbox 358 4175 2010 4254">
     <span class='ocr_line' id='line_1_61' title="bbox 358 4175 2010 4254; baseline -0.001 -19"><span class='ocrx_word' id='word_1_423' title='bbox 358 4180 492 4241; x_wconf 83' lang='grc' dir='ltr'>Τοῖς</span> <span class='ocrx_word' id='word_1_424' title='bbox 518 4182 804 4250; x_wconf 83' lang='grc' dir='ltr'>τροπικοῖς</span> <span class='ocrx_word' id='word_1_425' title='bbox 837 4175 1237 4253; x_wconf 77' lang='grc' dir='ltr'>πλαγιώτερος,</span> <span class='ocrx_word' id='word_1_426' title='bbox 1269 4178 1355 4232; x_wconf 83' lang='grc' dir='ltr'>καὶ</span> <span class='ocrx_word' id='word_1_427' title='bbox 1403 4176 1491 4233; x_wconf 79' lang='grc' dir='ltr'>ἐπὶ</span> <span class='ocrx_word' id='word_1_428' title='bbox 1539 4175 1731 4232; x_wconf 85' lang='grc' dir='ltr'>πλεῖον</span> <span class='ocrx_word' id='word_1_429' title='bbox 1761 4175 2010 4254; x_wconf 80' lang='grc' dir='ltr'>ἐγκεκλι-</span> 
     </span>
    </p>
   </div>
   <div class='ocr_carea' id='block_1_61' title="bbox 364 4266 2014 4342">
    <p class='ocr_par' dir='ltr' id='par_1_61' title="bbox 364 4266 2014 4342">
     <span class='ocr_line' id='line_1_62' title="bbox 364 4266 2014 4342; baseline 0.004 -22"><span class='ocrx_word' id='word_1_430' title='bbox 364 4266 522 4339; x_wconf 68' lang='grc' dir='ltr'>μένος</span> <span class='ocrx_word' id='word_1_431' title='bbox 551 4267 892 4342; x_wconf 80' lang='grc' dir='ltr'>παράκειται·</span> <span class='ocrx_word' id='word_1_432' title='bbox 929 4292 956 4319; x_wconf 88' lang='grc'><em>‹‹</em></span> <span class='ocrx_word' id='word_1_433' title='bbox 992 4269 1258 4342; x_wconf 89' lang='lat' dir='ltr'>Tropiois</span> <span class='ocrx_word' id='word_1_434' title='bbox 1289 4287 1422 4325; x_wconf 90' lang='lat' dir='ltr'>vero</span> <span class='ocrx_word' id='word_1_435' title='bbox 1449 4270 1761 4341; x_wconf 91' lang='lat' dir='ltr'>obliquior,</span> <span class='ocrx_word' id='word_1_436' title='bbox 1794 4284 1852 4326; x_wconf 88' lang='lat' dir='ltr'>et</span> <span class='ocrx_word' id='word_1_437' title='bbox 1884 4288 2014 4326; x_wconf 88' lang='lat' dir='ltr'>ma-</span> 
     </span>
    </p>
   </div>
   <div class='ocr_carea' id='block_1_62' title="bbox 359 4357 2012 4431">
    <p class='ocr_par' dir='ltr' id='par_1_62' title="bbox 359 4357 2012 4431">
     <span class='ocr_line' id='line_1_63' title="bbox 359 4357 2012 4431; baseline 0.002 -19"><span class='ocrx_word' id='word_1_438' title='bbox 359 4359 450 4430; x_wconf 91' lang='lat' dir='ltr'>gis</span> <span class='ocrx_word' id='word_1_439' title='bbox 498 4357 819 4413; x_wconf 91' lang='lat' dir='ltr'>inclinatus</span> <span class='ocrx_word' id='word_1_440' title='bbox 860 4359 1124 4414; x_wconf 85' lang='lat' dir='ltr'>accubat.</span> <span class='ocrx_word' id='word_1_441' title='bbox 1167 4383 1187 4407; x_wconf 73' lang='lat' dir='ltr'><strong><em>n</em></strong></span> <span class='ocrx_word' id='word_1_442' title='bbox 1221 4359 1312 4413; x_wconf 92' lang='lat' dir='ltr'>Sic</span> <span class='ocrx_word' id='word_1_443' title='bbox 1363 4359 1613 4414; x_wconf 87' lang='lat' dir='ltr'>Basilius</span> <span class='ocrx_word' id='word_1_444' title='bbox 1654 4360 1779 4431; x_wconf 85' lang='lat' dir='ltr'>ipse</span> <span class='ocrx_word' id='word_1_445' title='bbox 1811 4360 1965 4416; x_wconf 82' lang='lat' dir='ltr'>infra</span> <span class='ocrx_word' id='word_1_446' title='bbox 1999 4377 2012 4416; x_wconf 89' lang='lat'>:</span> 
     </span>
    </p>
   </div>
   <div class='ocr_carea' id='block_1_63' title="bbox 361 4440 2017 4520">
    <p class='ocr_par' dir='ltr' id='par_1_63' title="bbox 361 4440 2017 4520">
     <span class='ocr_line' id='line_1_64' title="bbox 361 4440 2017 4520; baseline -0.001 -16"><span class='ocrx_word' id='word_1_447' title='bbox 361 4448 480 4504; x_wconf 81' lang='grc' dir='ltr'>Οὐκ</span> <span class='ocrx_word' id='word_1_448' title='bbox 522 4440 779 4520; x_wconf 79' lang='grc' dir='ltr'>ἔχουσαν,</span> <span class='ocrx_word' id='word_1_449' title='bbox 811 4447 949 4500; x_wconf 82' lang='grc' dir='ltr'>ὅπου</span> <span class='ocrx_word' id='word_1_450' title='bbox 1004 4443 1217 4518; x_wconf 71' lang='grc' dir='ltr'>μάλλον</span> <span class='ocrx_word' id='word_1_451' title='bbox 1266 4445 1566 4520; x_wconf 67' lang='grc' dir='ltr'>ἀποκλιθῇ.</span> <span class='ocrx_word' id='word_1_452' title='bbox 1616 4448 1778 4511; x_wconf 88' lang='lat' dir='ltr'>Quod</span> <span class='ocrx_word' id='word_1_453' title='bbox 1829 4449 2017 4520; x_wconf 80' lang='lat' dir='ltr'>sequi-</span> 
     </span>
    </p>
   </div>
   <div class='ocr_carea' id='block_1_64' title="bbox 363 4533 2017 4610">
    <p class='ocr_par' dir='ltr' id='par_1_64' title="bbox 363 4533 2017 4610">
     <span class='ocr_line' id='line_1_65' title="bbox 363 4533 2017 4610; baseline 0.001 -16"><span class='ocrx_word' id='word_1_454' title='bbox 363 4546 506 4593; x_wconf 88' lang='lat' dir='ltr'>tur:</span> <span class='ocrx_word' id='word_1_455' title='bbox 540 4535 664 4590; x_wconf 83' lang='grc' dir='ltr'>Ἐπὶ</span> <span class='ocrx_word' id='word_1_456' title='bbox 713 4533 780 4589; x_wconf 80' lang='grc' dir='ltr'>τὰ</span> <span class='ocrx_word' id='word_1_457' title='bbox 823 4533 1213 4610; x_wconf 70' lang='grc' dir='ltr'>προηγούμενα</span> <span class='ocrx_word' id='word_1_458' title='bbox 1255 4535 1488 4605; x_wconf 71' lang='grc' dir='ltr'>κίνησιν,</span> <span class='ocrx_word' id='word_1_459' title='bbox 1539 4538 1850 4594; x_wconf 87' lang='lat' dir='ltr'>Cornarius</span> <span class='ocrx_word' id='word_1_460' title='bbox 1892 4555 2017 4594; x_wconf 90' lang='lat' dir='ltr'>vcr-</span> 
     </span>
    </p>
   </div>
   <div class='ocr_carea' id='block_1_65' title="bbox 2115 1950 3771 2023">
    <p class='ocr_par' dir='ltr' id='par_1_65' title="bbox 2115 1950 3771 2023">
     <span class='ocr_line' id='line_1_66' title="bbox 2115 1950 3771 2023; baseline 0.001 -17"><span class='ocrx_word' id='word_1_461' title='bbox 2115 1953 2308 2023; x_wconf 81' lang='lat' dir='ltr'>Accipe</span> <span class='ocrx_word' id='word_1_462' title='bbox 2367 1968 2644 2006; x_wconf 86' lang='lat' dir='ltr'>summam</span> <span class='ocrx_word' id='word_1_463' title='bbox 2699 1950 2954 2021; x_wconf 85' lang='lat' dir='ltr'>ﬁliorum</span> <span class='ocrx_word' id='word_1_464' title='bbox 3019 1951 3192 2006; x_wconf 77' lang='lat' dir='ltr'>Caaih</span> <span class='ocrx_word' id='word_1_465' title='bbox 3247 1990 3259 2003; x_wconf 93' lang='lat'>.</span> <span class='ocrx_word' id='word_1_466' title='bbox 3315 1951 3570 2023; x_wconf 85' lang='lat' dir='ltr'>Vulgata</span> <span class='ocrx_word' id='word_1_467' title='bbox 3627 1967 3771 2022; x_wconf 92' lang='lat' dir='ltr'>quo-</span> 
     </span>
    </p>
   </div>
   <div class='ocr_carea' id='block_1_66' title="bbox 2114 2040 3772 2112">
    <p class='ocr_par' dir='ltr' id='par_1_66' title="bbox 2114 2040 3772 2112">
     <span class='ocr_line' id='line_1_67' title="bbox 2114 2040 3772 2112; baseline 0 -17"><span class='ocrx_word' id='word_1_468' title='bbox 2114 2059 2226 2112; x_wconf 89' lang='lat' dir='ltr'>que</span> <span class='ocrx_word' id='word_1_469' title='bbox 2260 2041 2466 2096; x_wconf 87' lang='lat' dir='ltr'>Latina</span> <span class='ocrx_word' id='word_1_470' title='bbox 2497 2064 2522 2090; x_wconf 85' lang='lat'><strong>«</strong></span> <span class='ocrx_word' id='word_1_471' title='bbox 2559 2057 2852 2096; x_wconf 89' lang='lat' dir='ltr'>summam</span> <span class='ocrx_word' id='word_1_472' title='bbox 2887 2061 2912 2092; x_wconf 77' lang='grc' dir='ltr'>ι)</span> <span class='ocrx_word' id='word_1_473' title='bbox 2947 2041 3139 2107; x_wconf 90' lang='lat' dir='ltr'>vertit,</span> <span class='ocrx_word' id='word_1_474' title='bbox 3169 2050 3225 2096; x_wconf 87' lang='lat' dir='ltr'>et</span> <span class='ocrx_word' id='word_1_475' title='bbox 3254 2041 3543 2112; x_wconf 88' lang='lat' dir='ltr'>interpres</span> <span class='ocrx_word' id='word_1_476' title='bbox 3566 2040 3772 2112; x_wconf 84' lang='lat' dir='ltr'>Orige-</span> 
     </span>
    </p>
   </div>
   <div class='ocr_carea' id='block_1_67' title="bbox 2112 2123 3768 2202">
    <p class='ocr_par' dir='ltr' id='par_1_67' title="bbox 2112 2123 3768 2202">
     <span class='ocr_line' id='line_1_68' title="bbox 2112 2123 3768 2202; baseline -0.003 -17"><span class='ocrx_word' id='word_1_477' title='bbox 2112 2131 2228 2197; x_wconf 90' lang='lat' dir='ltr'>nis,</span> <span class='ocrx_word' id='word_1_478' title='bbox 2268 2153 2287 2179; x_wconf 75' lang='grc' dir='ltr'><strong>ε</strong></span> <span class='ocrx_word' id='word_1_479' title='bbox 2326 2147 2684 2198; x_wconf 89' lang='lat' dir='ltr'>numerum;</span> <span class='ocrx_word' id='word_1_480' title='bbox 2720 2152 2747 2180; x_wconf 86' lang='lat'>»</span> <span class='ocrx_word' id='word_1_481' title='bbox 2807 2131 3046 2186; x_wconf 90' lang='lat' dir='ltr'>Numer.</span> <span class='ocrx_word' id='word_1_482' title='bbox 3089 2155 3128 2200; x_wconf 75' lang='grc' dir='ltr'>ι,</span> <span class='ocrx_word' id='word_1_483' title='bbox 3178 2131 3213 2183; x_wconf 82' lang='grc'>2</span> <span class='ocrx_word' id='word_1_484' title='bbox 3259 2147 3272 2185; x_wconf 81' lang='lat' dir='ltr'><em>z</em></span> <span class='ocrx_word' id='word_1_485' title='bbox 3325 2123 3532 2182; x_wconf 82' lang='grc' dir='ltr'>Λάϐετε</span> <span class='ocrx_word' id='word_1_486' title='bbox 3589 2128 3768 2202; x_wconf 73' lang='grc' dir='ltr'>ἀρχὴν</span> 
     </span>
    </p>
   </div>
   <div class='ocr_carea' id='block_1_68' title="bbox 2109 2217 3776 2294">
    <p class='ocr_par' dir='ltr' id='par_1_68' title="bbox 2109 2217 3776 2294">
     <span class='ocr_line' id='line_1_69' title="bbox 2109 2217 3776 2294; baseline 0.001 -23"><span class='ocrx_word' id='word_1_487' title='bbox 2109 2217 2286 2288; x_wconf 82' lang='grc' dir='ltr'>πάσης</span> <span class='ocrx_word' id='word_1_488' title='bbox 2371 2225 2687 2294; x_wconf 80' lang='grc' dir='ltr'>συναγωγῆς</span> <span class='ocrx_word' id='word_1_489' title='bbox 2748 2238 2761 2250; x_wconf 90' lang='grc'>·</span> <span class='ocrx_word' id='word_1_490' title='bbox 2853 2221 3095 2289; x_wconf 80' lang='lat' dir='ltr'>Accipite</span> <span class='ocrx_word' id='word_1_491' title='bbox 3203 2235 3482 2275; x_wconf 81' lang='lat' dir='ltr'>summam</span> <span class='ocrx_word' id='word_1_492' title='bbox 3594 2221 3776 2275; x_wconf 86' lang='lat' dir='ltr'>omnis</span> 
     </span>
    </p>
   </div>
   <div class='ocr_carea' id='block_1_69' title="bbox 2109 2301 3772 2381">
    <p class='ocr_par' dir='ltr' id='par_1_69' title="bbox 2109 2301 3772 2381">
     <span class='ocr_line' id='line_1_70' title="bbox 2109 2301 3772 2381; baseline -0.002 -17"><span class='ocrx_word' id='word_1_493' title='bbox 2109 2311 2590 2380; x_wconf 78' lang='lat' dir='ltr'>congregationis;</span> <span class='ocrx_word' id='word_1_494' title='bbox 2643 2309 2819 2365; x_wconf 82' lang='lat' dir='ltr'>Exodi</span> <span class='ocrx_word' id='word_1_495' title='bbox 2877 2325 3011 2377; x_wconf 82' lang='lat' dir='ltr'>xxx,</span> <span class='ocrx_word' id='word_1_496' title='bbox 3068 2308 3139 2364; x_wconf 75' lang='grc'>42</span> <span class='ocrx_word' id='word_1_497' title='bbox 3189 2326 3203 2364; x_wconf 89' lang='lat'><strong>:</strong></span> <span class='ocrx_word' id='word_1_498' title='bbox 3258 2306 3379 2361; x_wconf 80' lang='grc' dir='ltr'>Ἐὰν</span> <span class='ocrx_word' id='word_1_499' title='bbox 3439 2301 3613 2381; x_wconf 74' lang='grc' dir='ltr'>λάϐῃς</span> <span class='ocrx_word' id='word_1_500' title='bbox 3679 2306 3772 2361; x_wconf 88' lang='grc' dir='ltr'>τὸν</span> 
     </span>
    </p>
   </div>
   <div class='ocr_carea' id='block_1_70' title="bbox 2111 2394 3774 2472">
    <p class='ocr_par' dir='ltr' id='par_1_70' title="bbox 2111 2394 3774 2472">
     <span class='ocr_line' id='line_1_71' title="bbox 2111 2394 3774 2472; baseline 0.001 -21"><span class='ocrx_word' id='word_1_501' title='bbox 2111 2396 2480 2472; x_wconf 83' lang='grc' dir='ltr'>συλλογισμὸν</span> <span class='ocrx_word' id='word_1_502' title='bbox 2557 2401 2665 2451; x_wconf 85' lang='grc' dir='ltr'>τῶν</span> <span class='ocrx_word' id='word_1_503' title='bbox 2743 2398 2874 2450; x_wconf 68' lang='grc' dir='ltr'>υἱῶν</span> <span class='ocrx_word' id='word_1_504' title='bbox 2955 2394 3175 2471; x_wconf 75' lang='grc' dir='ltr'>Ἰσραήλ</span> <span class='ocrx_word' id='word_1_505' title='bbox 3220 2415 3232 2427; x_wconf 78' lang='grc'><strong><em>⁸</em></strong></span> <span class='ocrx_word' id='word_1_506' title='bbox 3317 2397 3452 2452; x_wconf 83' lang='lat' dir='ltr'>Cum</span> <span class='ocrx_word' id='word_1_507' title='bbox 3535 2399 3774 2469; x_wconf 84' lang='lat' dir='ltr'>accipies</span> 
     </span>
    </p>
   </div>
   <div class='ocr_carea' id='block_1_71' title="bbox 2108 2485 3776 2559">
    <p class='ocr_par' dir='ltr' id='par_1_71' title="bbox 2108 2485 3776 2559">
     <span class='ocr_line' id='line_1_72' title="bbox 2108 2485 3776 2559; baseline -0.002 -15"><span class='ocrx_word' id='word_1_508' title='bbox 2108 2490 2566 2559; x_wconf 82' lang='lat' dir='ltr'>computationem</span> <span class='ocrx_word' id='word_1_509' title='bbox 2620 2486 2874 2558; x_wconf 78' lang='lat' dir='ltr'>ﬁliorum</span> <span class='ocrx_word' id='word_1_510' title='bbox 2920 2487 3107 2542; x_wconf 82' lang='lat' dir='ltr'>Israel.</span> <span class='ocrx_word' id='word_1_511' title='bbox 3149 2485 3243 2543; x_wconf 87' lang='lat' dir='ltr'>Sic</span> <span class='ocrx_word' id='word_1_512' title='bbox 3299 2485 3552 2542; x_wconf 78' lang='lat' dir='ltr'>inferius</span> <span class='ocrx_word' id='word_1_513' title='bbox 3609 2485 3776 2542; x_wconf 90' lang='lat' dir='ltr'>Basi-</span> 
     </span>
    </p>
   </div>
   <div class='ocr_carea' id='block_1_72' title="bbox 2111 2571 3773 2650">
    <p class='ocr_par' dir='ltr' id='par_1_72' title="bbox 2111 2571 3773 2650">
     <span class='ocr_line' id='line_1_73' title="bbox 2111 2571 3773 2650; baseline -0.002 -18"><span class='ocrx_word' id='word_1_514' title='bbox 2111 2578 2227 2633; x_wconf 76' lang='lat' dir='ltr'>lius</span> <span class='ocrx_word' id='word_1_515' title='bbox 2267 2577 2414 2632; x_wconf 79' lang='lat' dir='ltr'>dixit</span> <span class='ocrx_word' id='word_1_516' title='bbox 2459 2595 2472 2633; x_wconf 89' lang='lat'>:</span> <span class='ocrx_word' id='word_1_517' title='bbox 2525 2574 2575 2630; x_wconf 72' lang='grc' dir='ltr'>ἐν</span> <span class='ocrx_word' id='word_1_518' title='bbox 2629 2574 2912 2650; x_wconf 74' lang='grc' dir='ltr'>κεφαλαίῳ</span> <span class='ocrx_word' id='word_1_519' title='bbox 2963 2571 3360 2650; x_wconf 78' lang='grc' dir='ltr'>παραδεδόσθαι</span> <span class='ocrx_word' id='word_1_520' title='bbox 3411 2573 3644 2648; x_wconf 81' lang='grc' dir='ltr'>οὐρανοῦ</span> <span class='ocrx_word' id='word_1_521' title='bbox 3683 2573 3773 2629; x_wconf 85' lang='grc' dir='ltr'>καὶ</span> 
     </span>
    </p>
   </div>
   <div class='ocr_carea' id='block_1_73' title="bbox 2110 2663 3768 2740">
    <p class='ocr_par' dir='ltr' id='par_1_73' title="bbox 2110 2663 3768 2740">
     <span class='ocr_line' id='line_1_74' title="bbox 2110 2663 3768 2740; baseline 0.002 -23"><span class='ocrx_word' id='word_1_522' title='bbox 2110 2671 2215 2740; x_wconf 85' lang='grc' dir='ltr'>γῆς</span> <span class='ocrx_word' id='word_1_523' title='bbox 2238 2665 2484 2734; x_wconf 83' lang='grc' dir='ltr'>ποίησιν.</span> <span class='ocrx_word' id='word_1_524' title='bbox 2515 2669 2589 2721; x_wconf 82' lang='lat' dir='ltr'>At</span> <span class='ocrx_word' id='word_1_525' title='bbox 2623 2665 3012 2721; x_wconf 89' lang='lat' dir='ltr'>Ecclesiastici</span> <span class='ocrx_word' id='word_1_526' title='bbox 3046 2683 3203 2737; x_wconf 79' lang='lat' dir='ltr'>xvm,</span> <span class='ocrx_word' id='word_1_527' title='bbox 3236 2667 3286 2736; x_wconf 90' lang='lat'><strong>1,</strong></span> <span class='ocrx_word' id='word_1_528' title='bbox 3320 2663 3606 2736; x_wconf 88' lang='lat' dir='ltr'>scriptum</span> <span class='ocrx_word' id='word_1_529' title='bbox 3637 2669 3727 2720; x_wconf 88' lang='lat' dir='ltr'>est</span> <span class='ocrx_word' id='word_1_530' title='bbox 3754 2682 3768 2722; x_wconf 88' lang='lat'><strong>:</strong></span> 
     </span>
    </p>
   </div>
   <div class='ocr_carea' id='block_1_74' title="bbox 2110 2752 3768 2826">
    <p class='ocr_par' dir='ltr' id='par_1_74' title="bbox 2110 2752 3768 2826">
     <span class='ocr_line' id='line_1_75' title="bbox 2110 2752 3768 2826; baseline -0.001 -19"><span class='ocrx_word' id='word_1_531' title='bbox 2110 2755 2166 2807; x_wconf 74' lang='grc' dir='ltr'><strong>Ὀ</strong></span> <span class='ocrx_word' id='word_1_532' title='bbox 2230 2757 2333 2823; x_wconf 83' lang='grc' dir='ltr'>ζῶν</span> <span class='ocrx_word' id='word_1_533' title='bbox 2395 2752 2472 2816; x_wconf 75' lang='grc' dir='ltr'>εἷς</span> <span class='ocrx_word' id='word_1_534' title='bbox 2529 2754 2622 2809; x_wconf 90' lang='grc' dir='ltr'>τὸν</span> <span class='ocrx_word' id='word_1_535' title='bbox 2683 2753 2855 2809; x_wconf 81' lang='grc' dir='ltr'>αἰῶνα</span> <span class='ocrx_word' id='word_1_536' title='bbox 2888 2797 2902 2824; x_wconf 83' lang='grc'><em>,</em></span> <span class='ocrx_word' id='word_1_537' title='bbox 2962 2752 3138 2808; x_wconf 79' lang='grc' dir='ltr'>ἔκτισε</span> <span class='ocrx_word' id='word_1_538' title='bbox 3202 2752 3270 2807; x_wconf 77' lang='grc' dir='ltr'><strong>τὰ</strong></span> <span class='ocrx_word' id='word_1_539' title='bbox 3334 2753 3510 2807; x_wconf 79' lang='grc' dir='ltr'>πάντα</span> <span class='ocrx_word' id='word_1_540' title='bbox 3563 2756 3720 2826; x_wconf 85' lang='grc' dir='ltr'>κοινῇ</span> <span class='ocrx_word' id='word_1_541' title='bbox 3755 2772 3768 2784; x_wconf 90' lang='grc'><strong>·</strong></span> 
     </span>
    </p>
   </div>
   <div class='ocr_carea' id='block_1_75' title="bbox 2114 2843 3769 2913">
    <p class='ocr_par' dir='ltr' id='par_1_75' title="bbox 2114 2843 3769 2913">
     <span class='ocr_line' id='line_1_76' title="bbox 2114 2843 3769 2913; baseline 0.001 -14"><span class='ocrx_word' id='word_1_542' title='bbox 2114 2846 2220 2913; x_wconf 86' lang='lat' dir='ltr'>Qui</span> <span class='ocrx_word' id='word_1_543' title='bbox 2267 2847 2400 2900; x_wconf 84' lang='lat' dir='ltr'>vivit</span> <span class='ocrx_word' id='word_1_544' title='bbox 2447 2848 2512 2900; x_wconf 87' lang='lat' dir='ltr'>in</span> <span class='ocrx_word' id='word_1_545' title='bbox 2565 2848 2861 2913; x_wconf 64' lang='lat' dir='ltr'>aeternum,</span> <span class='ocrx_word' id='word_1_546' title='bbox 2913 2848 3126 2901; x_wconf 80' lang='lat' dir='ltr'>creavit</span> <span class='ocrx_word' id='word_1_547' title='bbox 3175 2845 3362 2900; x_wconf 86' lang='lat' dir='ltr'>omnia</span> <span class='ocrx_word' id='word_1_548' title='bbox 3409 2844 3597 2899; x_wconf 83' lang='lat' dir='ltr'>simul.</span> <span class='ocrx_word' id='word_1_549' title='bbox 3650 2843 3769 2900; x_wconf 88' lang='lat' dir='ltr'>Hoc</span> 
     </span>
    </p>
   </div>
   <div class='ocr_carea' id='block_1_76' title="bbox 2113 2932 3770 3005">
    <p class='ocr_par' dir='ltr' id='par_1_76' title="bbox 2113 2932 3770 3005">
     <span class='ocr_line' id='line_1_77' title="bbox 2113 2932 3770 3005; baseline -0.001 -17"><span class='ocrx_word' id='word_1_550' title='bbox 2113 2939 2221 3000; x_wconf 90' lang='lat' dir='ltr'>est,</span> <span class='ocrx_word' id='word_1_551' title='bbox 2253 2934 2469 3005; x_wconf 90' lang='lat' dir='ltr'>pariter</span> <span class='ocrx_word' id='word_1_552' title='bbox 2501 2933 2585 2989; x_wconf 87' lang='lat' dir='ltr'>vel</span> <span class='ocrx_word' id='word_1_553' title='bbox 2617 2933 3031 3002; x_wconf 90' lang='lat' dir='ltr'>communiter,</span> <span class='ocrx_word' id='word_1_554' title='bbox 3073 2933 3269 3004; x_wconf 90' lang='lat' dir='ltr'>inquit</span> <span class='ocrx_word' id='word_1_555' title='bbox 3297 2932 3616 2989; x_wconf 89' lang='lat' dir='ltr'>Jansenius</span> <span class='ocrx_word' id='word_1_556' title='bbox 3651 2947 3662 2985; x_wconf 91' lang='lat'><strong>:</strong></span> <span class='ocrx_word' id='word_1_557' title='bbox 3697 2947 3770 2987; x_wconf 87' lang='lat' dir='ltr'>ne</span> 
     </span>
    </p>
   </div>
   <div class='ocr_carea' id='block_1_77' title="bbox 2111 3021 3771 3094">
    <p class='ocr_par' dir='ltr' id='par_1_77' title="bbox 2111 3021 3771 3094">
     <span class='ocr_line' id='line_1_78' title="bbox 2111 3021 3771 3094; baseline -0.001 -17"><span class='ocrx_word' id='word_1_558' title='bbox 2111 3023 2242 3092; x_wconf 91' lang='lat' dir='ltr'>quis</span> <span class='ocrx_word' id='word_1_559' title='bbox 2273 3039 2342 3078; x_wconf 81' lang='lat' dir='ltr'>ex</span> <span class='ocrx_word' id='word_1_560' title='bbox 2385 3024 2492 3078; x_wconf 89' lang='lat' dir='ltr'>hoc</span> <span class='ocrx_word' id='word_1_561' title='bbox 2532 3023 2769 3094; x_wconf 87' lang='lat' dir='ltr'>colligat</span> <span class='ocrx_word' id='word_1_562' title='bbox 2813 3022 3013 3078; x_wconf 91' lang='lat' dir='ltr'>omnia</span> <span class='ocrx_word' id='word_1_563' title='bbox 3057 3021 3236 3077; x_wconf 89' lang='lat' dir='ltr'>simul</span> <span class='ocrx_word' id='word_1_564' title='bbox 3276 3023 3479 3078; x_wconf 91' lang='lat' dir='ltr'>eodem</span> <span class='ocrx_word' id='word_1_565' title='bbox 3506 3025 3771 3093; x_wconf 86' lang='lat' dir='ltr'>tempore</span> 
     </span>
    </p>
   </div>
   <div class='ocr_carea' id='block_1_78' title="bbox 2110 3108 3768 3184">
    <p class='ocr_par' dir='ltr' id='par_1_78' title="bbox 2110 3108 3768 3184">
     <span class='ocr_line' id='line_1_79' title="bbox 2110 3108 3768 3184; baseline -0.001 -18"><span class='ocrx_word' id='word_1_566' title='bbox 2110 3127 2239 3167; x_wconf 90' lang='lat' dir='ltr'>esse</span> <span class='ocrx_word' id='word_1_567' title='bbox 2269 3112 2523 3182; x_wconf 90' lang='lat' dir='ltr'>condita,</span> <span class='ocrx_word' id='word_1_568' title='bbox 2559 3112 3063 3184; x_wconf 90' lang='lat' dir='ltr'>quemadmodum</span> <span class='ocrx_word' id='word_1_569' title='bbox 3096 3128 3164 3167; x_wconf 86' lang='lat' dir='ltr'>ex</span> <span class='ocrx_word' id='word_1_570' title='bbox 3185 3111 3389 3167; x_wconf 91' lang='lat' dir='ltr'>eodem</span> <span class='ocrx_word' id='word_1_571' title='bbox 3437 3110 3563 3166; x_wconf 87' lang='lat' dir='ltr'>loco</span> <span class='ocrx_word' id='word_1_572' title='bbox 3589 3108 3768 3166; x_wconf 84' lang='lat' dir='ltr'>intel-</span> 
     </span>
    </p>
   </div>
   <div class='ocr_carea' id='block_1_79' title="bbox 2112 3200 3770 3273">
    <p class='ocr_par' dir='ltr' id='par_1_79' title="bbox 2112 3200 3770 3273">
     <span class='ocr_line' id='line_1_80' title="bbox 2112 3200 3770 3273; baseline 0.001 -19"><span class='ocrx_word' id='word_1_573' title='bbox 2112 3200 2254 3256; x_wconf 83' lang='lat' dir='ltr'>lexit</span> <span class='ocrx_word' id='word_1_574' title='bbox 2301 3205 2357 3256; x_wconf 93' lang='lat' dir='ltr'>S.</span> <span class='ocrx_word' id='word_1_575' title='bbox 2409 3202 2794 3273; x_wconf 84' lang='lat' dir='ltr'>Augustinus,</span> <span class='ocrx_word' id='word_1_576' title='bbox 2828 3201 3028 3257; x_wconf 87' lang='lat' dir='ltr'>omnia</span> <span class='ocrx_word' id='word_1_577' title='bbox 3058 3217 3233 3272; x_wconf 88' lang='lat' dir='ltr'>opera</span> <span class='ocrx_word' id='word_1_578' title='bbox 3275 3200 3609 3266; x_wconf 88' lang='lat' dir='ltr'>creationis,</span> <span class='ocrx_word' id='word_1_579' title='bbox 3643 3217 3770 3271; x_wconf 69' lang='lat' dir='ltr'>quas</span> 
     </span>
    </p>
   </div>
   <div class='ocr_carea' id='block_1_80' title="bbox 2112 3289 3770 3361">
    <p class='ocr_par' dir='ltr' id='par_1_80' title="bbox 2112 3289 3770 3361">
     <span class='ocr_line' id='line_1_81' title="bbox 2112 3289 3770 3361; baseline 0 -16"><span class='ocrx_word' id='word_1_580' title='bbox 2112 3307 2211 3346; x_wconf 88' lang='lat' dir='ltr'>sex</span> <span class='ocrx_word' id='word_1_581' title='bbox 2242 3291 2451 3346; x_wconf 89' lang='lat' dir='ltr'>diebus</span> <span class='ocrx_word' id='word_1_582' title='bbox 2500 3292 2651 3346; x_wconf 83' lang='lat' dir='ltr'>facta</span> <span class='ocrx_word' id='word_1_583' title='bbox 2702 3296 3263 3356; x_wconf 87' lang='lat' dir='ltr'>commemorantur,</span> <span class='ocrx_word' id='word_1_584' title='bbox 3308 3289 3486 3345; x_wconf 89' lang='lat' dir='ltr'>simul</span> <span class='ocrx_word' id='word_1_585' title='bbox 3532 3305 3770 3361; x_wconf 91' lang='lat' dir='ltr'>unoque</span> 
     </span>
    </p>
   </div>
   <div class='ocr_carea' id='block_1_81' title="bbox 2112 3379 3769 3450">
    <p class='ocr_par' dir='ltr' id='par_1_81' title="bbox 2112 3379 3769 3450">
     <span class='ocr_line' id='line_1_82' title="bbox 2112 3379 3769 3450; baseline -0.002 -15"><span class='ocrx_word' id='word_1_586' title='bbox 2112 3386 2371 3450; x_wconf 86' lang='lat' dir='ltr'>tempore</span> <span class='ocrx_word' id='word_1_587' title='bbox 2402 3381 2554 3435; x_wconf 83' lang='lat' dir='ltr'>facta</span> <span class='ocrx_word' id='word_1_588' title='bbox 2583 3397 2732 3446; x_wconf 88' lang='lat' dir='ltr'>esse,</span> <span class='ocrx_word' id='word_1_589' title='bbox 2764 3381 2864 3435; x_wconf 90' lang='lat' dir='ltr'>lib.</span> <span class='ocrx_word' id='word_1_590' title='bbox 2899 3397 2953 3435; x_wconf 83' lang='grc' dir='ltr'>ιν</span> <span class='ocrx_word' id='word_1_591' title='bbox 2986 3385 3069 3436; x_wconf 81' lang='lat' dir='ltr'>De</span> <span class='ocrx_word' id='word_1_592' title='bbox 3096 3379 3289 3436; x_wconf 84' lang='lat' dir='ltr'>Genesi</span> <span class='ocrx_word' id='word_1_593' title='bbox 3318 3379 3389 3435; x_wconf 84' lang='lat' dir='ltr'>ad</span> <span class='ocrx_word' id='word_1_594' title='bbox 3423 3381 3508 3435; x_wconf 86' lang='lat' dir='ltr'>lit.</span> <span class='ocrx_word' id='word_1_595' title='bbox 3542 3380 3769 3450; x_wconf 88' lang='lat' dir='ltr'>cap.33,</span> 
     </span>
    </p>
   </div>
   <div class='ocr_carea' id='block_1_82' title="bbox 2113 3461 3770 3541">
    <p class='ocr_par' dir='ltr' id='par_1_82' title="bbox 2113 3461 3770 3541">
     <span class='ocr_line' id='line_1_83' title="bbox 2113 3461 3770 3541; baseline -0.001 -17"><span class='ocrx_word' id='word_1_596' title='bbox 2113 3484 2221 3538; x_wconf 89' lang='lat' dir='ltr'>neq</span> <span class='ocrx_word' id='word_1_597' title='bbox 2232 3468 2518 3523; x_wconf 75' lang='lat' dir='ltr'>ueusimul</span> <span class='ocrx_word' id='word_1_598' title='bbox 2534 3491 2561 3517; x_wconf 84' lang='lat'><strong><em>»</em></strong></span> <span class='ocrx_word' id='word_1_599' title='bbox 2582 3470 2863 3540; x_wconf 87' lang='lat' dir='ltr'>temporis</span> <span class='ocrx_word' id='word_1_600' title='bbox 2879 3461 3770 3541; x_wconf 56' lang='lat' dir='ltr'>identitatem&#39;hicdesignat,sed</span> 
     </span>
    </p>
   </div>
   <div class='ocr_carea' id='block_1_83' title="bbox 2117 3557 3768 3630">
    <p class='ocr_par' dir='ltr' id='par_1_83' title="bbox 2117 3557 3768 3630">
     <span class='ocr_line' id='line_1_84' title="bbox 2117 3557 3768 3630; baseline 0 -18"><span class='ocrx_word' id='word_1_601' title='bbox 2117 3557 2392 3613; x_wconf 90' lang='lat' dir='ltr'>universa</span> <span class='ocrx_word' id='word_1_602' title='bbox 2430 3557 2557 3614; x_wconf 86' lang='lat' dir='ltr'>sine</span> <span class='ocrx_word' id='word_1_603' title='bbox 2586 3559 2924 3630; x_wconf 86' lang='lat' dir='ltr'>exceptione</span> <span class='ocrx_word' id='word_1_604' title='bbox 2970 3559 3438 3630; x_wconf 90' lang='lat' dir='ltr'>comprehendit.</span> <span class='ocrx_word' id='word_1_605' title='bbox 3471 3558 3580 3614; x_wconf 85' lang='lat' dir='ltr'>Sed</span> <span class='ocrx_word' id='word_1_606' title='bbox 3613 3559 3768 3612; x_wconf 84' lang='lat' dir='ltr'>fave-</span> 
     </span>
    </p>
   </div>
   <div class='ocr_carea' id='block_1_84' title="bbox 2115 3646 3766 3719">
    <p class='ocr_par' dir='ltr' id='par_1_84' title="bbox 2115 3646 3766 3719">
     <span class='ocr_line' id='line_1_85' title="bbox 2115 3646 3766 3719; baseline 0 -19"><span class='ocrx_word' id='word_1_607' title='bbox 2115 3651 2204 3701; x_wconf 91' lang='lat' dir='ltr'>ret</span> <span class='ocrx_word' id='word_1_608' title='bbox 2253 3647 2562 3717; x_wconf 84' lang='lat' dir='ltr'>Augustini</span> <span class='ocrx_word' id='word_1_609' title='bbox 2613 3647 2914 3702; x_wconf 70' lang='lat' dir='ltr'>sententiaa</span> <span class='ocrx_word' id='word_1_610' title='bbox 2967 3646 3089 3702; x_wconf 73' lang='lat' dir='ltr'>haec</span> <span class='ocrx_word' id='word_1_611' title='bbox 3118 3646 3353 3703; x_wconf 91' lang='lat' dir='ltr'>illorum</span> <span class='ocrx_word' id='word_1_612' title='bbox 3379 3648 3766 3719; x_wconf 88' lang='lat' dir='ltr'>interpretum</span> 
     </span>
    </p>
   </div>
   <div class='ocr_carea' id='block_1_85' title="bbox 2115 3731 3767 3806">
    <p class='ocr_par' dir='ltr' id='par_1_85' title="bbox 2115 3731 3767 3806">
     <span class='ocr_line' id='line_1_86' title="bbox 2115 3731 3767 3806; baseline 0.001 -18"><span class='ocrx_word' id='word_1_613' title='bbox 2115 3731 2348 3804; x_wconf 77' lang='grc' dir='ltr'>ἔκδοσις,</span> <span class='ocrx_word' id='word_1_614' title='bbox 2401 3737 2570 3806; x_wconf 86' lang='lat' dir='ltr'>cujus</span> <span class='ocrx_word' id='word_1_615' title='bbox 2619 3736 2849 3792; x_wconf 84' lang='lat' dir='ltr'>videtur</span> <span class='ocrx_word' id='word_1_616' title='bbox 2897 3736 3178 3792; x_wconf 89' lang='lat' dir='ltr'>habuisse</span> <span class='ocrx_word' id='word_1_617' title='bbox 3223 3736 3494 3792; x_wconf 89' lang='lat' dir='ltr'>notitiam</span> <span class='ocrx_word' id='word_1_618' title='bbox 3519 3733 3767 3792; x_wconf 87' lang='lat' dir='ltr'>Aeacius</span> 
     </span>
    </p>
   </div>
   <div class='ocr_carea' id='block_1_86' title="bbox 2116 3825 3766 3896">
    <p class='ocr_par' dir='ltr' id='par_1_86' title="bbox 2116 3825 3766 3896">
     <span class='ocr_line' id='line_1_87' title="bbox 2116 3825 3766 3896; baseline -0.001 -16"><span class='ocrx_word' id='word_1_619' title='bbox 2116 3825 2176 3880; x_wconf 91' lang='lat' dir='ltr'>in</span> <span class='ocrx_word' id='word_1_620' title='bbox 2210 3826 2316 3882; x_wconf 92' lang='lat' dir='ltr'>hoc</span> <span class='ocrx_word' id='word_1_621' title='bbox 2347 3831 2571 3881; x_wconf 67' lang='lat' dir='ltr'>Catena:</span> <span class='ocrx_word' id='word_1_622' title='bbox 2603 3825 2929 3882; x_wconf 66' lang='lat' dir='ltr'>Graecorum</span> <span class='ocrx_word' id='word_1_623' title='bbox 2961 3827 3020 3881; x_wconf 85' lang='lat' dir='ltr'>in</span> <span class='ocrx_word' id='word_1_624' title='bbox 3052 3825 3294 3882; x_wconf 84' lang='lat' dir='ltr'>Genesim</span> <span class='ocrx_word' id='word_1_625' title='bbox 3325 3826 3471 3895; x_wconf 90' lang='lat' dir='ltr'>loco,</span> <span class='ocrx_word' id='word_1_626' title='bbox 3507 3825 3607 3896; x_wconf 89' lang='lat' dir='ltr'>qui</span> <span class='ocrx_word' id='word_1_627' title='bbox 3636 3841 3766 3896; x_wconf 89' lang='lat' dir='ltr'>per-</span> 
     </span>
    </p>
   </div>
   <div class='ocr_carea' id='block_1_87' title="bbox 2119 3915 3770 3989">
    <p class='ocr_par' dir='ltr' id='par_1_87' title="bbox 2119 3915 3770 3989">
     <span class='ocr_line' id='line_1_88' title="bbox 2119 3915 3770 3989; baseline -0.002 -18"><span class='ocrx_word' id='word_1_628' title='bbox 2119 3932 2318 3988; x_wconf 86' lang='lat' dir='ltr'>peram</span> <span class='ocrx_word' id='word_1_629' title='bbox 2369 3917 2525 3987; x_wconf 91' lang='lat' dir='ltr'>apud</span> <span class='ocrx_word' id='word_1_630' title='bbox 2577 3916 2956 3971; x_wconf 87' lang='lat' dir='ltr'>Franciscum</span> <span class='ocrx_word' id='word_1_631' title='bbox 3023 3917 3353 3989; x_wconf 81' lang='lat' dir='ltr'>Zephyrum</span> <span class='ocrx_word' id='word_1_632' title='bbox 3409 3915 3770 3971; x_wconf 89' lang='lat' dir='ltr'>Theodoreto</span> 
     </span>
    </p>
   </div>
   <div class='ocr_carea' id='block_1_88' title="bbox 2120 4003 3775 4062">
    <p class='ocr_par' dir='ltr' id='par_1_88' title="bbox 2120 4003 3775 4062">
     <span class='ocr_line' id='line_1_89' title="bbox 2120 4003 3775 4062; baseline -0.001 -2"><span class='ocrx_word' id='word_1_633' title='bbox 2120 4005 2421 4061; x_wconf 90' lang='lat' dir='ltr'>tribuitur.</span> <span class='ocrx_word' id='word_1_634' title='bbox 2454 4004 2548 4060; x_wconf 91' lang='lat' dir='ltr'>Sic</span> <span class='ocrx_word' id='word_1_635' title='bbox 2578 4004 2736 4060; x_wconf 92' lang='lat' dir='ltr'>enim</span> <span class='ocrx_word' id='word_1_636' title='bbox 2768 4010 2964 4062; x_wconf 82' lang='lat' dir='ltr'>textus</span> <span class='ocrx_word' id='word_1_637' title='bbox 3012 4009 3247 4061; x_wconf 68' lang='lat' dir='ltr'>Grazcus</span> <span class='ocrx_word' id='word_1_638' title='bbox 3279 4023 3340 4061; x_wconf 86' lang='lat' dir='ltr'>se</span> <span class='ocrx_word' id='word_1_639' title='bbox 3387 4004 3562 4060; x_wconf 87' lang='lat' dir='ltr'>habet</span> <span class='ocrx_word' id='word_1_640' title='bbox 3589 4003 3650 4058; x_wconf 89' lang='lat' dir='ltr'>in</span> <span class='ocrx_word' id='word_1_641' title='bbox 3684 4020 3775 4058; x_wconf 86' lang='lat' dir='ltr'>co-</span> 
     </span>
    </p>
   </div>
   <div class='ocr_carea' id='block_1_89' title="bbox 2120 4092 3774 4166">
    <p class='ocr_par' dir='ltr' id='par_1_89' title="bbox 2120 4092 3774 4166">
     <span class='ocr_line' id='line_1_90' title="bbox 2120 4092 3774 4166; baseline -0.001 -18"><span class='ocrx_word' id='word_1_642' title='bbox 2120 4092 2248 4150; x_wconf 88' lang='lat' dir='ltr'>dice</span> <span class='ocrx_word' id='word_1_643' title='bbox 2298 4095 2690 4150; x_wconf 86' lang='lat' dir='ltr'>illustrissimi</span> <span class='ocrx_word' id='word_1_644' title='bbox 2741 4093 3058 4150; x_wconf 88' lang='lat' dir='ltr'>cardinalis</span> <span class='ocrx_word' id='word_1_645' title='bbox 3105 4094 3356 4150; x_wconf 70' lang='lat' dir='ltr'>Joeusaei</span> <span class='ocrx_word' id='word_1_646' title='bbox 3390 4111 3402 4148; x_wconf 92' lang='lat'><strong>:</strong></span> <span class='ocrx_word' id='word_1_647' title='bbox 3438 4092 3774 4166; x_wconf 76' lang='grc' dir='ltr'>Ἑρωτητὲον</span> 
     </span>
    </p>
   </div>
   <div class='ocr_carea' id='block_1_90' title="bbox 2121 4179 3775 4256">
    <p class='ocr_par' dir='ltr' id='par_1_90' title="bbox 2121 4179 3775 4256">
     <span class='ocr_line' id='line_1_91' title="bbox 2121 4179 3775 4256; baseline -0.001 -21"><span class='ocrx_word' id='word_1_648' title='bbox 2121 4180 2286 4236; x_wconf 79' lang='grc' dir='ltr'>πάλιν</span> <span class='ocrx_word' id='word_1_649' title='bbox 2344 4179 2558 4251; x_wconf 74' lang='grc' dir='ltr'>αὐτοὺς,</span> <span class='ocrx_word' id='word_1_650' title='bbox 2616 4183 2848 4253; x_wconf 84' lang='grc' dir='ltr'>πότερον</span> <span class='ocrx_word' id='word_1_651' title='bbox 2896 4183 3007 4254; x_wconf 79' lang='grc' dir='ltr'>ἅμα</span> <span class='ocrx_word' id='word_1_652' title='bbox 3052 4183 3226 4236; x_wconf 86' lang='grc' dir='ltr'>πάντα</span> <span class='ocrx_word' id='word_1_653' title='bbox 3285 4179 3775 4256; x_wconf 74' lang='grc' dir='ltr'>δεδὴμιούργηται,</span> 
     </span>
    </p>
   </div>
   <div class='ocr_carea' id='block_1_91' title="bbox 2123 4268 3779 4344">
    <p class='ocr_par' dir='ltr' id='par_1_91' title="bbox 2123 4268 3779 4344">
     <span class='ocr_line' id='line_1_92' title="bbox 2123 4268 3779 4344; baseline -0.002 -18"><span class='ocrx_word' id='word_1_654' title='bbox 2123 4271 2158 4341; x_wconf 74' lang='grc' dir='ltr'><strong>ἢ</strong></span> <span class='ocrx_word' id='word_1_655' title='bbox 2183 4271 2326 4342; x_wconf 78' lang='grc' dir='ltr'>τάξει</span> <span class='ocrx_word' id='word_1_656' title='bbox 2365 4270 2456 4324; x_wconf 71' lang='grc' dir='ltr'>καὶ</span> <span class='ocrx_word' id='word_1_657' title='bbox 2508 4268 2636 4343; x_wconf 76' lang='grc' dir='ltr'>ὁδῷ.</span> <span class='ocrx_word' id='word_1_658' title='bbox 2694 4273 2798 4326; x_wconf 80' lang='grc' dir='ltr'>Καὶ</span> <span class='ocrx_word' id='word_1_659' title='bbox 2832 4271 2876 4326; x_wconf 71' lang='grc' dir='ltr'>εἰ</span> <span class='ocrx_word' id='word_1_660' title='bbox 2912 4272 3004 4344; x_wconf 73' lang='grc' dir='ltr'>μὲν</span> <span class='ocrx_word' id='word_1_661' title='bbox 3049 4272 3112 4326; x_wconf 85' lang='grc' dir='ltr'>τὸ</span> <span class='ocrx_word' id='word_1_662' title='bbox 3150 4275 3369 4344; x_wconf 69' lang='grc' dir='ltr'>πρῶτον</span> <span class='ocrx_word' id='word_1_663' title='bbox 3421 4269 3646 4336; x_wconf 74' lang='grc' dir='ltr'>εἰποιεν,</span> <span class='ocrx_word' id='word_1_664' title='bbox 3679 4268 3779 4338; x_wconf 76' lang='grc' dir='ltr'>δῇ·-</span> 
     </span>
    </p>
   </div>
   <div class='ocr_carea' id='block_1_92' title="bbox 2126 4356 3778 4436">
    <p class='ocr_par' dir='ltr' id='par_1_92' title="bbox 2126 4356 3778 4436">
     <span class='ocr_line' id='line_1_93' title="bbox 2126 4356 3778 4436; baseline -0.002 -20"><span class='ocrx_word' id='word_1_665' title='bbox 2126 4360 2246 4432; x_wconf 82' lang='grc' dir='ltr'>λον,</span> <span class='ocrx_word' id='word_1_666' title='bbox 2281 4360 2362 4414; x_wconf 76' lang='grc' dir='ltr'>ὅτι</span> <span class='ocrx_word' id='word_1_667' title='bbox 2394 4362 2602 4415; x_wconf 78' lang='grc' dir='ltr'>ἅπαντα</span> <span class='ocrx_word' id='word_1_668' title='bbox 2632 4357 3049 4436; x_wconf 73' lang='grc' dir='ltr'>δημιουργήσας</span> <span class='ocrx_word' id='word_1_669' title='bbox 3093 4359 3392 4414; x_wconf 70' lang='grc' dir='ltr'>κατέπαυσε</span> <span class='ocrx_word' id='word_1_670' title='bbox 3421 4356 3590 4414; x_wconf 86' lang='grc' dir='ltr'>πάλαι</span> <span class='ocrx_word' id='word_1_671' title='bbox 3622 4358 3778 4427; x_wconf 75' lang='grc' dir='ltr'>ποτὶ,</span> 
     </span>
    </p>
   </div>
   <div class='ocr_carea' id='block_1_93' title="bbox 2127 4445 3782 4525">
    <p class='ocr_par' dir='ltr' id='par_1_93' title="bbox 2127 4445 3782 4525">
     <span class='ocr_line' id='line_1_94' title="bbox 2127 4445 3782 4525; baseline -0.002 -20"><span class='ocrx_word' id='word_1_672' title='bbox 2127 4451 2215 4505; x_wconf 83' lang='grc' dir='ltr'>καὶ</span> <span class='ocrx_word' id='word_1_673' title='bbox 2265 4449 2388 4504; x_wconf 82' lang='grc' dir='ltr'>ὅσον</span> <span class='ocrx_word' id='word_1_674' title='bbox 2443 4448 2494 4504; x_wconf 75' lang='grc' dir='ltr'>ἒν</span> <span class='ocrx_word' id='word_1_675' title='bbox 2543 4448 2730 4512; x_wconf 81' lang='grc' dir='ltr'>αὐτοῖς</span> <span class='ocrx_word' id='word_1_676' title='bbox 2775 4453 2866 4502; x_wconf 75' lang='grc' dir='ltr'>νῦν</span> <span class='ocrx_word' id='word_1_677' title='bbox 2917 4447 3078 4524; x_wconf 86' lang='grc' dir='ltr'>ἀργὸς</span> <span class='ocrx_word' id='word_1_678' title='bbox 3117 4448 3190 4502; x_wconf 84' lang='grc' dir='ltr'>ὣν</span> <span class='ocrx_word' id='word_1_679' title='bbox 3222 4450 3500 4525; x_wconf 81' lang='grc' dir='ltr'>τυγχάνει.</span> <span class='ocrx_word' id='word_1_680' title='bbox 3537 4448 3600 4505; x_wconf 85' lang='grc' dir='ltr'>Εἰ</span> <span class='ocrx_word' id='word_1_681' title='bbox 3633 4445 3692 4503; x_wconf 67' lang='grc' dir='ltr'>δὲ</span> <span class='ocrx_word' id='word_1_682' title='bbox 3718 4453 3782 4503; x_wconf 79' lang='grc' dir='ltr'>τὸ</span> 
     </span>
    </p>
   </div>
   <div class='ocr_carea' id='block_1_94' title="bbox 2131 4536 3787 4616">
    <p class='ocr_par' dir='ltr' id='par_1_94' title="bbox 2131 4536 3787 4616">
     <span class='ocr_line' id='line_1_95' title="bbox 2131 4536 3787 4616; baseline -0.002 -21"><span class='ocrx_word' id='word_1_683' title='bbox 2131 4538 2376 4616; x_wconf 73' lang='grc' dir='ltr'>δεύτερον</span> <span class='ocrx_word' id='word_1_684' title='bbox 2411 4539 2613 4616; x_wconf 79' lang='grc' dir='ltr'>ἐροῦσι,</span> <span class='ocrx_word' id='word_1_685' title='bbox 2661 4539 2724 4592; x_wconf 86' lang='grc' dir='ltr'>τὸ</span> <span class='ocrx_word' id='word_1_686' title='bbox 2771 4538 2916 4609; x_wconf 77' lang='grc' dir='ltr'>τάξει</span> <span class='ocrx_word' id='word_1_687' title='bbox 2965 4539 3054 4593; x_wconf 85' lang='grc' dir='ltr'>καὶ</span> <span class='ocrx_word' id='word_1_688' title='bbox 3097 4536 3210 4611; x_wconf 78' lang='grc' dir='ltr'>ὁδῴ</span> <span class='ocrx_word' id='word_1_689' title='bbox 3259 4537 3639 4615; x_wconf 78' lang='grc' dir='ltr'>δημιουργεῖν,</span> <span class='ocrx_word' id='word_1_690' title='bbox 3671 4559 3787 4592; x_wconf 80' lang='grc' dir='ltr'>και-</span> 
     </span>
    </p>
   </div>
   <div class='ocr_carea' id='block_1_95' title="bbox 363 4626 2006 4704">
    <p class='ocr_par' dir='ltr' id='par_1_95' title="bbox 363 4626 2006 4700">
     <span class='ocr_line' id='line_1_96' title="bbox 363 4626 2006 4700; baseline 0.001 -18"><span class='ocrx_word' id='word_1_691' title='bbox 363 4629 434 4682; x_wconf 92' lang='lat' dir='ltr'>tit</span> <span class='ocrx_word' id='word_1_692' title='bbox 465 4646 478 4683; x_wconf 91' lang='lat'>:</span> <span class='ocrx_word' id='word_1_693' title='bbox 519 4651 539 4676; x_wconf 78' lang='grc' dir='ltr'>ι</span> <span class='ocrx_word' id='word_1_694' title='bbox 574 4631 795 4682; x_wconf 85' lang='lat' dir='ltr'>Motum</span> <span class='ocrx_word' id='word_1_695' title='bbox 829 4627 1094 4682; x_wconf 91' lang='lat' dir='ltr'>omnium</span> <span class='ocrx_word' id='word_1_696' title='bbox 1127 4627 1197 4680; x_wconf 86' lang='lat' dir='ltr'>ad</span> <span class='ocrx_word' id='word_1_697' title='bbox 1226 4626 1543 4698; x_wconf 69' lang='lat' dir='ltr'>praeeuntia</span> <span class='ocrx_word' id='word_1_698' title='bbox 1573 4644 1640 4683; x_wconf 90' lang='lat' dir='ltr'>ac</span> <span class='ocrx_word' id='word_1_699' title='bbox 1673 4629 2006 4700; x_wconf 67' lang='lat' dir='ltr'>primordia</span> 
     </span>
    </p>
   </div>
   <div class='ocr_carea' id='block_1_96' title="bbox 2121 4626 3785 4704">
    <p class='ocr_par' dir='ltr' id='par_1_96' title="bbox 2129 4626 3785 4704">
     <span class='ocr_line' id='line_1_97' title="bbox 2129 4626 3785 4704; baseline -0.001 -20"><span class='ocrx_word' id='word_1_700' title='bbox 2129 4630 2220 4704; x_wconf 87' lang='grc' dir='ltr'>ρὸς</span> <span class='ocrx_word' id='word_1_701' title='bbox 2251 4629 2445 4691; x_wconf 74' lang='grc' dir='ltr'>αὐτοὺς</span> <span class='ocrx_word' id='word_1_702' title='bbox 2503 4629 2807 4702; x_wconf 74' lang='grc' dir='ltr'>μεμνῆσθαι</span> <span class='ocrx_word' id='word_1_703' title='bbox 2853 4632 2950 4682; x_wconf 75' lang='grc' dir='ltr'>τοῦ</span> <span class='ocrx_word' id='word_1_704' title='bbox 2998 4628 3048 4701; x_wconf 79' lang='grc' dir='ltr'>ἐξ</span> <span class='ocrx_word' id='word_1_705' title='bbox 3101 4628 3282 4704; x_wconf 82' lang='grc' dir='ltr'>ἀρχῆς</span> <span class='ocrx_word' id='word_1_706' title='bbox 3320 4626 3785 4704; x_wconf 76' lang='grc' dir='ltr'>ὡμολογημένου,</span> 
     </span>
    </p>
   </div>
   <div class='ocr_carea' id='block_1_97' title="bbox 365 4715 1944 4783">
    <p class='ocr_par' dir='ltr' id='par_1_97' title="bbox 365 4715 1944 4783">
     <span class='ocr_line' id='line_1_98' title="bbox 365 4715 1944 4783; baseline -0.001 -13"><span class='ocrx_word' id='word_1_707' title='bbox 365 4715 482 4783; x_wconf 88' lang='lat' dir='ltr'>lia;</span> <span class='ocrx_word' id='word_1_708' title='bbox 518 4737 546 4764; x_wconf 89' lang='lat'><strong>»</strong></span> <span class='ocrx_word' id='word_1_709' title='bbox 582 4715 1002 4782; x_wconf 88' lang='lat' dir='ltr'>Montaeutius,</span> <span class='ocrx_word' id='word_1_710' title='bbox 1040 4738 1066 4765; x_wconf 84' lang='lat'><strong>«</strong></span> <span class='ocrx_word' id='word_1_711' title='bbox 1101 4720 1326 4771; x_wconf 91' lang='lat' dir='ltr'>motum</span> <span class='ocrx_word' id='word_1_712' title='bbox 1364 4715 1425 4770; x_wconf 92' lang='lat' dir='ltr'>in</span> <span class='ocrx_word' id='word_1_713' title='bbox 1457 4718 1883 4774; x_wconf 85' lang='lat' dir='ltr'>antecedentia.</span> <span class='ocrx_word' id='word_1_714' title='bbox 1916 4739 1944 4769; x_wconf 80' lang='lat'><strong>»</strong></span> 
     </span>
    </p>
   </div>
   <div class='ocr_carea' id='block_1_98' title="bbox 438 4819 2023 4896">
    <p class='ocr_par' dir='ltr' id='par_1_98' title="bbox 438 4819 2023 4896">
     <span class='ocr_line' id='line_1_99' title="bbox 438 4819 2023 4896; baseline 0.002 -18"><span class='ocrx_word' id='word_1_715' title='bbox 438 4823 558 4878; x_wconf 88' lang='lat' dir='ltr'>Col.</span> <span class='ocrx_word' id='word_1_716' title='bbox 597 4824 662 4877; x_wconf 89' lang='grc'>13</span> <span class='ocrx_word' id='word_1_717' title='bbox 693 4825 737 4879; x_wconf 92' lang='grc' dir='ltr'><strong>Α</strong></span> <span class='ocrx_word' id='word_1_718' title='bbox 779 4825 831 4878; x_wconf 87' lang='grc'>6.</span> <span class='ocrx_word' id='word_1_719' title='bbox 883 4819 1272 4896; x_wconf 76' lang='grc' dir='ltr'>Ὑπέρχρονος.</span> <span class='ocrx_word' id='word_1_720' title='bbox 1327 4826 1413 4879; x_wconf 87' lang='lat' dir='ltr'>Ita</span> <span class='ocrx_word' id='word_1_721' title='bbox 1457 4824 1572 4880; x_wconf 93' lang='lat' dir='ltr'>duo</span> <span class='ocrx_word' id='word_1_722' title='bbox 1623 4825 1734 4880; x_wconf 79' lang='lat' dir='ltr'>RR.</span> <span class='ocrx_word' id='word_1_723' title='bbox 1790 4842 1904 4880; x_wconf 84' lang='lat' dir='ltr'>non</span> <span class='ocrx_word' id='word_1_724' title='bbox 1959 4828 2023 4880; x_wconf 82' lang='lat' dir='ltr'>ut</span> 
     </span>
    </p>
   </div>
   <div class='ocr_carea' id='block_1_99' title="bbox 369 4910 2021 4985">
    <p class='ocr_par' dir='ltr' id='par_1_99' title="bbox 369 4910 2021 4985">
     <span class='ocr_line' id='line_1_100' title="bbox 369 4910 2021 4985; baseline 0.001 -17"><span class='ocrx_word' id='word_1_725' title='bbox 369 4912 701 4982; x_wconf 84' lang='lat' dir='ltr'>Basiliens.,</span> <span class='ocrx_word' id='word_1_726' title='bbox 743 4910 1127 4985; x_wconf 84' lang='grc' dir='ltr'>ὑπερχρόνιος.</span> <span class='ocrx_word' id='word_1_727' title='bbox 1162 4912 1510 4984; x_wconf 86' lang='lat' dir='ltr'>Quanquam</span> <span class='ocrx_word' id='word_1_728' title='bbox 1554 4919 1869 4984; x_wconf 90' lang='lat' dir='ltr'>utrumque</span> <span class='ocrx_word' id='word_1_729' title='bbox 1900 4914 2021 4969; x_wconf 90' lang='lat' dir='ltr'>usi-</span> 
     </span>
    </p>
   </div>
   <div class='ocr_carea' id='block_1_100' title="bbox 368 4999 2023 5076">
    <p class='ocr_par' dir='ltr' id='par_1_100' title="bbox 368 4999 2023 5076">
     <span class='ocr_line' id='line_1_101' title="bbox 368 4999 2023 5076; baseline 0 -18"><span class='ocrx_word' id='word_1_730' title='bbox 368 5007 578 5069; x_wconf 84' lang='lat' dir='ltr'>talum,</span> <span class='ocrx_word' id='word_1_731' title='bbox 613 5006 678 5058; x_wconf 91' lang='lat' dir='ltr'>ut</span> <span class='ocrx_word' id='word_1_732' title='bbox 709 4999 998 5075; x_wconf 80' lang='grc' dir='ltr'>ἰσόχρονος</span> <span class='ocrx_word' id='word_1_733' title='bbox 1039 5005 1097 5056; x_wconf 90' lang='lat' dir='ltr'>et</span> <span class='ocrx_word' id='word_1_734' title='bbox 1139 4999 1469 5076; x_wconf 69' lang='grc' dir='ltr'>ἰσογρόνιος.</span> <span class='ocrx_word' id='word_1_735' title='bbox 1505 5004 1787 5070; x_wconf 84' lang='lat' dir='ltr'>Subinde,</span> <span class='ocrx_word' id='word_1_736' title='bbox 1817 5025 1844 5054; x_wconf 86' lang='lat'><strong>«</strong></span> <span class='ocrx_word' id='word_1_737' title='bbox 1867 5003 2023 5075; x_wconf 90' lang='lat' dir='ltr'>quod</span> 
     </span>
    </p>
   </div>
   <div class='ocr_carea' id='block_1_101' title="bbox 369 5091 2025 5165">
    <p class='ocr_par' dir='ltr' id='par_1_101' title="bbox 369 5091 2025 5165">
     <span class='ocr_line' id='line_1_102' title="bbox 369 5091 2025 5165; baseline -0.001 -16"><span class='ocrx_word' id='word_1_738' title='bbox 369 5109 603 5165; x_wconf 89' lang='lat' dir='ltr'>semper</span> <span class='ocrx_word' id='word_1_739' title='bbox 642 5097 960 5163; x_wconf 83' lang='lat' dir='ltr'>urgetur.»</span> <span class='ocrx_word' id='word_1_740' title='bbox 996 5091 1285 5161; x_wconf 91' lang='lat' dir='ltr'>lnterpres</span> <span class='ocrx_word' id='word_1_741' title='bbox 1333 5095 1583 5147; x_wconf 90' lang='lat' dir='ltr'>verterat</span> <span class='ocrx_word' id='word_1_742' title='bbox 1615 5108 1627 5148; x_wconf 89' lang='lat'>:</span> <span class='ocrx_word' id='word_1_743' title='bbox 1668 5117 1687 5142; x_wconf 77' lang='grc' dir='ltr'>ι</span> <span class='ocrx_word' id='word_1_744' title='bbox 1724 5094 2025 5148; x_wconf 82' lang='lat' dir='ltr'>Accedens</span> 
     </span>
    </p>
   </div>
   <div class='ocr_carea' id='block_1_102' title="bbox 370 5181 2023 5253">
    <p class='ocr_par' dir='ltr' id='par_1_102' title="bbox 370 5181 2023 5253">
     <span class='ocr_line' id='line_1_103' title="bbox 370 5181 2023 5253; baseline -0.001 -15"><span class='ocrx_word' id='word_1_745' title='bbox 370 5199 602 5253; x_wconf 91' lang='lat' dir='ltr'>semper</span> <span class='ocrx_word' id='word_1_746' title='bbox 631 5187 688 5237; x_wconf 89' lang='lat' dir='ltr'>et</span> <span class='ocrx_word' id='word_1_747' title='bbox 720 5197 876 5236; x_wconf 90' lang='lat' dir='ltr'>more</span> <span class='ocrx_word' id='word_1_748' title='bbox 923 5181 1162 5236; x_wconf 85' lang='lat' dir='ltr'>ﬂuentis</span> <span class='ocrx_word' id='word_1_749' title='bbox 1206 5197 1370 5252; x_wconf 80' lang='lat' dir='ltr'>aquae</span> <span class='ocrx_word' id='word_1_750' title='bbox 1419 5182 1717 5247; x_wconf 84' lang='lat' dir='ltr'>recedens,</span> <span class='ocrx_word' id='word_1_751' title='bbox 1772 5199 1876 5238; x_wconf 90' lang='lat' dir='ltr'>nec</span> <span class='ocrx_word' id='word_1_752' title='bbox 1915 5199 2023 5236; x_wconf 88' lang='lat' dir='ltr'>un-</span> 
     </span>
    </p>
   </div>
   <div class='ocr_carea' id='block_1_103' title="bbox 371 5269 2020 5344">
    <p class='ocr_par' dir='ltr' id='par_1_103' title="bbox 371 5269 2020 5344">
     <span class='ocr_line' id='line_1_104' title="bbox 371 5269 2020 5344; baseline -0.002 -17"><span class='ocrx_word' id='word_1_753' title='bbox 371 5288 548 5344; x_wconf 91' lang='lat' dir='ltr'>quam</span> <span class='ocrx_word' id='word_1_754' title='bbox 580 5288 613 5326; x_wconf 90' lang='lat' dir='ltr'>a</span> <span class='ocrx_word' id='word_1_755' title='bbox 644 5275 829 5342; x_wconf 74' lang='lat' dir='ltr'>coepto</span> <span class='ocrx_word' id='word_1_756' title='bbox 864 5287 1037 5324; x_wconf 89' lang='lat' dir='ltr'>cursu</span> <span class='ocrx_word' id='word_1_757' title='bbox 1071 5269 1349 5325; x_wconf 87' lang='lat' dir='ltr'>restitans</span> <span class='ocrx_word' id='word_1_758' title='bbox 1381 5275 1482 5324; x_wconf 84' lang='lat' dir='ltr'>aut</span> <span class='ocrx_word' id='word_1_759' title='bbox 1512 5271 1957 5343; x_wconf 90' lang='lat' dir='ltr'>conquiescens.</span> <span class='ocrx_word' id='word_1_760' title='bbox 1996 5292 2020 5323; x_wconf 75' lang='grc' dir='ltr'>ι)</span> 
     </span>
    </p>
   </div>
   <div class='ocr_carea' id='block_1_104' title="bbox 371 5359 2025 5431">
    <p class='ocr_par' dir='ltr' id='par_1_104' title="bbox 371 5359 2025 5431">
     <span class='ocr_line' id='line_1_105' title="bbox 371 5359 2025 5431; baseline -0.001 -15"><span class='ocrx_word' id='word_1_761' title='bbox 371 5359 687 5417; x_wconf 86' lang='lat' dir='ltr'>Cornarius</span> <span class='ocrx_word' id='word_1_762' title='bbox 739 5359 979 5431; x_wconf 87' lang='lat' dir='ltr'>propius</span> <span class='ocrx_word' id='word_1_763' title='bbox 1031 5359 1099 5412; x_wconf 88' lang='lat' dir='ltr'>ad</span> <span class='ocrx_word' id='word_1_764' title='bbox 1132 5363 1389 5414; x_wconf 89' lang='lat' dir='ltr'>mentem</span> <span class='ocrx_word' id='word_1_765' title='bbox 1437 5361 1696 5416; x_wconf 84' lang='lat' dir='ltr'>auctoris</span> <span class='ocrx_word' id='word_1_766' title='bbox 1731 5378 1743 5416; x_wconf 93' lang='lat'>:</span> <span class='ocrx_word' id='word_1_767' title='bbox 1779 5385 1805 5410; x_wconf 84' lang='lat'><strong>«</strong></span> <span class='ocrx_word' id='word_1_768' title='bbox 1843 5361 2025 5418; x_wconf 83' lang='lat' dir='ltr'>Festi-</span> 
     </span>
    </p>
   </div>
   <div class='ocr_carea' id='block_1_105' title="bbox 375 5448 2024 5522">
    <p class='ocr_par' dir='ltr' id='par_1_105' title="bbox 375 5448 2024 5522">
     <span class='ocr_line' id='line_1_106' title="bbox 375 5448 2024 5522; baseline -0.001 -15"><span class='ocrx_word' id='word_1_769' title='bbox 375 5467 520 5507; x_wconf 83' lang='lat' dir='ltr'>nans</span> <span class='ocrx_word' id='word_1_770' title='bbox 553 5465 787 5521; x_wconf 82' lang='lat' dir='ltr'>semper</span> <span class='ocrx_word' id='word_1_771' title='bbox 817 5465 880 5503; x_wconf 90' lang='lat' dir='ltr'>ac</span> <span class='ocrx_word' id='word_1_772' title='bbox 912 5448 1328 5520; x_wconf 83' lang='lat' dir='ltr'>praeterfluens,</span> <span class='ocrx_word' id='word_1_773' title='bbox 1358 5467 1425 5506; x_wconf 86' lang='lat' dir='ltr'>ac</span> <span class='ocrx_word' id='word_1_774' title='bbox 1457 5467 1750 5522; x_wconf 88' lang='lat' dir='ltr'>nusquam</span> <span class='ocrx_word' id='word_1_775' title='bbox 1785 5469 1818 5506; x_wconf 88' lang='lat' dir='ltr'>a</span> <span class='ocrx_word' id='word_1_776' title='bbox 1848 5468 2024 5506; x_wconf 89' lang='lat' dir='ltr'>cursu</span> 
     </span>
    </p>
   </div>
   <div class='ocr_carea' id='block_1_106' title="bbox 373 5537 1808 5613">
    <p class='ocr_par' dir='ltr' id='par_1_106' title="bbox 373 5537 1808 5613">
     <span class='ocr_line' id='line_1_107' title="bbox 373 5537 1808 5613; baseline -0.003 -17"><span class='ocrx_word' id='word_1_777' title='bbox 373 5542 707 5613; x_wconf 89' lang='lat' dir='ltr'>quiescens.</span> <span class='ocrx_word' id='word_1_778' title='bbox 741 5538 858 5597; x_wconf 89' lang='lat' dir='ltr'>Nos</span> <span class='ocrx_word' id='word_1_779' title='bbox 888 5537 1261 5593; x_wconf 77' lang='lat' dir='ltr'>Eustathium</span> <span class='ocrx_word' id='word_1_780' title='bbox 1298 5540 1481 5594; x_wconf 87' lang='lat' dir='ltr'>secuti</span> <span class='ocrx_word' id='word_1_781' title='bbox 1514 5557 1745 5595; x_wconf 90' lang='lat' dir='ltr'>sumus.</span> <span class='ocrx_word' id='word_1_782' title='bbox 1784 5560 1808 5592; x_wconf 71' lang='grc' dir='ltr'>ι)</span> 
     </span>
    </p>
   </div>
   <div class='ocr_carea' id='block_1_107' title="bbox 446 5629 2026 5699">
    <p class='ocr_par' dir='ltr' id='par_1_107' title="bbox 446 5629 2026 5699">
     <span class='ocr_line' id='line_1_108' title="bbox 446 5629 2026 5699; baseline -0.001 -12"><span class='ocrx_word' id='word_1_783' title='bbox 446 5631 566 5687; x_wconf 88' lang='lat' dir='ltr'>Col.</span> <span class='ocrx_word' id='word_1_784' title='bbox 603 5632 671 5684; x_wconf 89' lang='lat'><strong>15</strong></span> <span class='ocrx_word' id='word_1_785' title='bbox 707 5632 751 5684; x_wconf 90' lang='lat' dir='ltr'>A</span> <span class='ocrx_word' id='word_1_786' title='bbox 779 5629 833 5683; x_wconf 91' lang='lat'>3.</span> <span class='ocrx_word' id='word_1_787' title='bbox 869 5629 1218 5699; x_wconf 84' lang='lat' dir='ltr'>Principium</span> <span class='ocrx_word' id='word_1_788' title='bbox 1267 5631 1390 5685; x_wconf 62' lang='lat' dir='ltr'>vim.</span> <span class='ocrx_word' id='word_1_789' title='bbox 1427 5631 1608 5687; x_wconf 88' lang='lat' dir='ltr'>Locus</span> <span class='ocrx_word' id='word_1_790' title='bbox 1649 5635 1739 5687; x_wconf 88' lang='lat' dir='ltr'>est</span> <span class='ocrx_word' id='word_1_791' title='bbox 1785 5631 2026 5689; x_wconf 84' lang='lat' dir='ltr'>Prover-</span> 
     </span>
    </p>
   </div>
   <div class='ocr_carea' id='block_1_108' title="bbox 377 5717 2027 5795">
    <p class='ocr_par' dir='ltr' id='par_1_108' title="bbox 377 5717 2027 5795">
     <span class='ocr_line' id='line_1_109' title="bbox 377 5717 2027 5795; baseline -0.002 -18"><span class='ocrx_word' id='word_1_792' title='bbox 377 5722 524 5778; x_wconf 89' lang='lat' dir='ltr'>hior.</span> <span class='ocrx_word' id='word_1_793' title='bbox 551 5739 666 5788; x_wconf 83' lang='lat' dir='ltr'>xv1,</span> <span class='ocrx_word' id='word_1_794' title='bbox 697 5722 750 5775; x_wconf 84' lang='lat'>5.</span> <span class='ocrx_word' id='word_1_795' title='bbox 787 5717 967 5775; x_wconf 89' lang='lat' dir='ltr'>Paulo</span> <span class='ocrx_word' id='word_1_796' title='bbox 1019 5721 1168 5789; x_wconf 89' lang='lat' dir='ltr'>post,</span> <span class='ocrx_word' id='word_1_797' title='bbox 1201 5718 1402 5792; x_wconf 77' lang='grc' dir='ltr'>κρηπὶς</span> <span class='ocrx_word' id='word_1_798' title='bbox 1433 5719 1521 5772; x_wconf 83' lang='grc' dir='ltr'>καὶ</span> <span class='ocrx_word' id='word_1_799' title='bbox 1561 5719 1788 5795; x_wconf 79' lang='grc' dir='ltr'>βάθρον,</span> <span class='ocrx_word' id='word_1_800' title='bbox 1827 5745 1854 5771; x_wconf 88' lang='grc'><em>‹‹</em></span> <span class='ocrx_word' id='word_1_801' title='bbox 1894 5721 2027 5776; x_wconf 82' lang='lat' dir='ltr'>fun-</span> 
     </span>
    </p>
   </div>
   <div class='ocr_carea' id='block_1_109' title="bbox 2130 4715 3786 4795">
    <p class='ocr_par' dir='ltr' id='par_1_109' title="bbox 2130 4715 3786 4795">
     <span class='ocr_line' id='line_1_110' title="bbox 2130 4715 3786 4795; baseline -0.001 -21"><span class='ocrx_word' id='word_1_802' title='bbox 2130 4721 2204 4781; x_wconf 85' lang='grc' dir='ltr'>ὡς</span> <span class='ocrx_word' id='word_1_803' title='bbox 2235 4718 2335 4774; x_wconf 80' lang='grc' dir='ltr'>υύκ</span> <span class='ocrx_word' id='word_1_804' title='bbox 2366 4721 2424 4773; x_wconf 69' lang='grc' dir='ltr'>ἂν</span> <span class='ocrx_word' id='word_1_805' title='bbox 2459 4718 2542 4789; x_wconf 75' lang='grc' dir='ltr'>εἰη</span> <span class='ocrx_word' id='word_1_806' title='bbox 2578 4715 2772 4792; x_wconf 80' lang='grc' dir='ltr'>ἄπειρα</span> <span class='ocrx_word' id='word_1_807' title='bbox 2814 4717 2881 4772; x_wconf 77' lang='grc' dir='ltr'>τὰ</span> <span class='ocrx_word' id='word_1_808' title='bbox 2926 4715 3462 4795; x_wconf 73' lang='grc' dir='ltr'>δεδημιουργημένα.</span> <span class='ocrx_word' id='word_1_809' title='bbox 3497 4743 3523 4770; x_wconf 86' lang='grc' dir='ltr'>ι(</span> <span class='ocrx_word' id='word_1_810' title='bbox 3558 4719 3786 4774; x_wconf 77' lang='lat' dir='ltr'>Rursus</span> 
     </span>
    </p>
   </div>
   <div class='ocr_carea' id='block_1_110' title="bbox 2131 4809 3785 4882">
    <p class='ocr_par' dir='ltr' id='par_1_110' title="bbox 2131 4809 3785 4882">
     <span class='ocr_line' id='line_1_111' title="bbox 2131 4809 3785 4882; baseline -0.002 -16"><span class='ocrx_word' id='word_1_811' title='bbox 2131 4810 2532 4882; x_wconf 87' lang='lat' dir='ltr'>interrogandi</span> <span class='ocrx_word' id='word_1_812' title='bbox 2566 4816 2728 4875; x_wconf 89' lang='lat' dir='ltr'>sunt,</span> <span class='ocrx_word' id='word_1_813' title='bbox 2753 4826 2894 4864; x_wconf 90' lang='lat' dir='ltr'>num</span> <span class='ocrx_word' id='word_1_814' title='bbox 2927 4811 3126 4866; x_wconf 88' lang='lat' dir='ltr'>omnia</span> <span class='ocrx_word' id='word_1_815' title='bbox 3157 4810 3334 4867; x_wconf 90' lang='lat' dir='ltr'>simul</span> <span class='ocrx_word' id='word_1_816' title='bbox 3362 4811 3511 4865; x_wconf 86' lang='lat' dir='ltr'>facta</span> <span class='ocrx_word' id='word_1_817' title='bbox 3536 4809 3678 4874; x_wconf 89' lang='lat' dir='ltr'>sint,</span> <span class='ocrx_word' id='word_1_818' title='bbox 3711 4826 3785 4863; x_wconf 90' lang='lat' dir='ltr'>an</span> 
     </span>
    </p>
   </div>
   <div class='ocr_carea' id='block_1_111' title="bbox 2133 4897 3787 4973">
    <p class='ocr_par' dir='ltr' id='par_1_111' title="bbox 2133 4897 3787 4973">
     <span class='ocr_line' id='line_1_112' title="bbox 2133 4897 3787 4973; baseline -0.001 -17"><span class='ocrx_word' id='word_1_819' title='bbox 2133 4901 2410 4973; x_wconf 88' lang='lat' dir='ltr'>deinceps</span> <span class='ocrx_word' id='word_1_820' title='bbox 2440 4905 2496 4956; x_wconf 92' lang='lat' dir='ltr'>et</span> <span class='ocrx_word' id='word_1_821' title='bbox 2522 4906 2970 4971; x_wconf 90' lang='lat' dir='ltr'>consequenter.</span> <span class='ocrx_word' id='word_1_822' title='bbox 2995 4903 3070 4956; x_wconf 87' lang='lat' dir='ltr'>Ac</span> <span class='ocrx_word' id='word_1_823' title='bbox 3094 4901 3142 4956; x_wconf 89' lang='lat' dir='ltr'>si</span> <span class='ocrx_word' id='word_1_824' title='bbox 3167 4897 3331 4972; x_wconf 87' lang='lat' dir='ltr'>prius</span> <span class='ocrx_word' id='word_1_825' title='bbox 3364 4899 3604 4972; x_wconf 89' lang='lat' dir='ltr'>quidem</span> <span class='ocrx_word' id='word_1_826' title='bbox 3628 4898 3787 4954; x_wconf 84' lang='lat' dir='ltr'>dixe-</span> 
     </span>
    </p>
   </div>
   <div class='ocr_carea' id='block_1_112' title="bbox 2133 4987 3790 5061">
    <p class='ocr_par' dir='ltr' id='par_1_112' title="bbox 2133 4987 3790 5061">
     <span class='ocr_line' id='line_1_113' title="bbox 2133 4987 3790 5061; baseline -0.001 -17"><span class='ocrx_word' id='word_1_827' title='bbox 2133 4989 2274 5061; x_wconf 85' lang='lat' dir='ltr'>rint,</span> <span class='ocrx_word' id='word_1_828' title='bbox 2309 4988 2529 5045; x_wconf 90' lang='lat' dir='ltr'>nemini</span> <span class='ocrx_word' id='word_1_829' title='bbox 2561 4989 2810 5044; x_wconf 91' lang='lat' dir='ltr'>dubium</span> <span class='ocrx_word' id='word_1_830' title='bbox 2842 4993 2951 5056; x_wconf 90' lang='lat' dir='ltr'>est,</span> <span class='ocrx_word' id='word_1_831' title='bbox 2975 4989 3116 5060; x_wconf 93' lang='lat' dir='ltr'>quin</span> <span class='ocrx_word' id='word_1_832' title='bbox 3149 4993 3300 5044; x_wconf 92' lang='lat' dir='ltr'>Deus</span> <span class='ocrx_word' id='word_1_833' title='bbox 3331 4987 3610 5044; x_wconf 90' lang='lat' dir='ltr'>omnibus</span> <span class='ocrx_word' id='word_1_834' title='bbox 3633 5003 3790 5042; x_wconf 88' lang='lat' dir='ltr'>crea-</span> 
     </span>
    </p>
   </div>
   <div class='ocr_carea' id='block_1_113' title="bbox 2133 5075 3788 5151">
    <p class='ocr_par' dir='ltr' id='par_1_113' title="bbox 2133 5075 3788 5151">
     <span class='ocr_line' id='line_1_114' title="bbox 2133 5075 3788 5151; baseline -0.002 -18"><span class='ocrx_word' id='word_1_835' title='bbox 2133 5079 2580 5151; x_wconf 89' lang='lat' dir='ltr'>tisjampridem</span> <span class='ocrx_word' id='word_1_836' title='bbox 2623 5078 2929 5150; x_wconf 86' lang='lat' dir='ltr'>quieverit,</span> <span class='ocrx_word' id='word_1_837' title='bbox 2961 5079 3140 5133; x_wconf 88' lang='lat' dir='ltr'>vitam</span> <span class='ocrx_word' id='word_1_838' title='bbox 3183 5095 3362 5148; x_wconf 90' lang='lat' dir='ltr'>nunc,</span> <span class='ocrx_word' id='word_1_839' title='bbox 3394 5080 3680 5148; x_wconf 90' lang='lat' dir='ltr'>quantum</span> <span class='ocrx_word' id='word_1_840' title='bbox 3716 5075 3788 5130; x_wconf 92' lang='lat' dir='ltr'>ad</span> 
     </span>
    </p>
   </div>
   <div class='ocr_carea' id='block_1_114' title="bbox 2135 5166 3787 5239">
    <p class='ocr_par' dir='ltr' id='par_1_114' title="bbox 2135 5166 3787 5239">
     <span class='ocr_line' id='line_1_115' title="bbox 2135 5166 3787 5239; baseline -0.003 -15"><span class='ocrx_word' id='word_1_841' title='bbox 2135 5185 2233 5224; x_wconf 91' lang='lat' dir='ltr'>eos</span> <span class='ocrx_word' id='word_1_842' title='bbox 2265 5169 2494 5239; x_wconf 86' lang='lat' dir='ltr'>attinet,</span> <span class='ocrx_word' id='word_1_843' title='bbox 2531 5169 2780 5224; x_wconf 88' lang='lat' dir='ltr'>otiosam</span> <span class='ocrx_word' id='word_1_844' title='bbox 2813 5167 3155 5238; x_wconf 88' lang='lat' dir='ltr'>degens.Sin</span> <span class='ocrx_word' id='word_1_845' title='bbox 3188 5167 3482 5238; x_wconf 88' lang='lat' dir='ltr'>posterius</span> <span class='ocrx_word' id='word_1_846' title='bbox 3513 5166 3787 5234; x_wconf 82' lang='lat' dir='ltr'>dixerint,</span> 
     </span>
    </p>
   </div>
   <div class='ocr_carea' id='block_1_115' title="bbox 2135 5255 3791 5329">
    <p class='ocr_par' dir='ltr' id='par_1_115' title="bbox 2135 5255 3791 5329">
     <span class='ocr_line' id='line_1_116' title="bbox 2135 5255 3791 5329; baseline -0.002 -18"><span class='ocrx_word' id='word_1_847' title='bbox 2135 5265 2186 5312; x_wconf 89' lang='lat' dir='ltr'>et</span> <span class='ocrx_word' id='word_1_848' title='bbox 2219 5258 2483 5312; x_wconf 87' lang='lat' dir='ltr'>ordinem</span> <span class='ocrx_word' id='word_1_849' title='bbox 2530 5275 2594 5312; x_wconf 89' lang='lat' dir='ltr'>ac</span> <span class='ocrx_word' id='word_1_850' title='bbox 2636 5273 3012 5329; x_wconf 87' lang='lat' dir='ltr'>progressum</span> <span class='ocrx_word' id='word_1_851' title='bbox 3059 5258 3372 5327; x_wconf 86' lang='lat' dir='ltr'>quemdam</span> <span class='ocrx_word' id='word_1_852' title='bbox 3406 5255 3463 5310; x_wconf 93' lang='lat' dir='ltr'>in</span> <span class='ocrx_word' id='word_1_853' title='bbox 3498 5255 3791 5310; x_wconf 88' lang='lat' dir='ltr'>creatione</span> 
     </span>
    </p>
   </div>
   <div class='ocr_carea' id='block_1_116' title="bbox 2136 5343 3794 5418">
    <p class='ocr_par' dir='ltr' id='par_1_116' title="bbox 2136 5343 3794 5418">
     <span class='ocr_line' id='line_1_117' title="bbox 2136 5343 3794 5418; baseline -0.002 -16"><span class='ocrx_word' id='word_1_854' title='bbox 2136 5363 2332 5402; x_wconf 91' lang='lat' dir='ltr'>rerum</span> <span class='ocrx_word' id='word_1_855' title='bbox 2361 5347 2842 5418; x_wconf 86' lang='lat' dir='ltr'>agnoscant,jam</span> <span class='ocrx_word' id='word_1_856' title='bbox 2878 5346 3219 5402; x_wconf 87' lang='lat' dir='ltr'>meminisse</span> <span class='ocrx_word' id='word_1_857' title='bbox 3249 5346 3481 5414; x_wconf 89' lang='lat' dir='ltr'>debent,</span> <span class='ocrx_word' id='word_1_858' title='bbox 3504 5345 3658 5416; x_wconf 92' lang='lat' dir='ltr'>quod</span> <span class='ocrx_word' id='word_1_859' title='bbox 3686 5343 3794 5399; x_wconf 89' lang='lat' dir='ltr'>ini-</span> 
     </span>
    </p>
   </div>
   <div class='ocr_carea' id='block_1_117' title="bbox 2135 5433 3792 5508">
    <p class='ocr_par' dir='ltr' id='par_1_117' title="bbox 2135 5433 3792 5508">
     <span class='ocr_line' id='line_1_118' title="bbox 2135 5433 3792 5508; baseline -0.003 -16"><span class='ocrx_word' id='word_1_860' title='bbox 2135 5437 2216 5492; x_wconf 89' lang='lat' dir='ltr'>tio</span> <span class='ocrx_word' id='word_1_861' title='bbox 2251 5454 2350 5508; x_wconf 83' lang='lat' dir='ltr'>pro</span> <span class='ocrx_word' id='word_1_862' title='bbox 2383 5443 2679 5508; x_wconf 85' lang='lat' dir='ltr'>comperto</span> <span class='ocrx_word' id='word_1_863' title='bbox 2711 5436 2939 5505; x_wconf 89' lang='lat' dir='ltr'>dedere,</span> <span class='ocrx_word' id='word_1_864' title='bbox 2973 5445 3162 5491; x_wconf 81' lang='lat' dir='ltr'>creata</span> <span class='ocrx_word' id='word_1_865' title='bbox 3196 5454 3306 5492; x_wconf 87' lang='lat' dir='ltr'>non</span> <span class='ocrx_word' id='word_1_866' title='bbox 3340 5453 3470 5492; x_wconf 90' lang='lat' dir='ltr'>esse</span> <span class='ocrx_word' id='word_1_867' title='bbox 3501 5433 3792 5491; x_wconf 78' lang='lat' dir='ltr'>inﬁnita.»</span> 
     </span>
    </p>
   </div>
   <div class='ocr_carea' id='block_1_118' title="bbox 2209 5543 3794 5617">
    <p class='ocr_par' dir='ltr' id='par_1_118' title="bbox 2209 5543 3794 5617">
     <span class='ocr_line' id='line_1_119' title="bbox 2209 5543 3794 5617; baseline -0.003 -17"><span class='ocrx_word' id='word_1_868' title='bbox 2209 5545 2330 5600; x_wconf 85' lang='lat' dir='ltr'>Col.</span> <span class='ocrx_word' id='word_1_869' title='bbox 2384 5547 2450 5598; x_wconf 78' lang='lat'>18</span> <span class='ocrx_word' id='word_1_870' title='bbox 2495 5545 2534 5598; x_wconf 87' lang='grc' dir='ltr'><strong>Β</strong></span> <span class='ocrx_word' id='word_1_871' title='bbox 2591 5545 2678 5599; x_wconf 76' lang='grc'>14.</span> <span class='ocrx_word' id='word_1_872' title='bbox 2739 5547 3157 5617; x_wconf 86' lang='grc' dir='ltr'>Συνυπαρχεῖν.</span> <span class='ocrx_word' id='word_1_873' title='bbox 3221 5543 3666 5600; x_wconf 90' lang='lat' dir='ltr'>Emendandum</span> <span class='ocrx_word' id='word_1_874' title='bbox 3725 5557 3794 5595; x_wconf 87' lang='lat' dir='ltr'>ex</span> 
     </span>
    </p>
   </div>
   <div class='ocr_carea' id='block_1_119' title="bbox 2137 5629 3794 5708">
    <p class='ocr_par' dir='ltr' id='par_1_119' title="bbox 2137 5629 3794 5708">
     <span class='ocr_line' id='line_1_120' title="bbox 2137 5629 3794 5708; baseline -0.007 -16"><span class='ocrx_word' id='word_1_875' title='bbox 2137 5637 2366 5692; x_wconf 74' lang='lat' dir='ltr'>duobus</span> <span class='ocrx_word' id='word_1_876' title='bbox 2397 5634 2590 5706; x_wconf 78' lang='lat' dir='ltr'>Regiis</span> <span class='ocrx_word' id='word_1_877' title='bbox 2620 5649 2764 5688; x_wconf 83' lang='lat' dir='ltr'>mss.</span> <span class='ocrx_word' id='word_1_878' title='bbox 2799 5629 3184 5706; x_wconf 75' lang='grc' dir='ltr'>συνυπάρχειν,</span> <span class='ocrx_word' id='word_1_879' title='bbox 3216 5640 3276 5689; x_wconf 89' lang='lat' dir='ltr'>et</span> <span class='ocrx_word' id='word_1_880' title='bbox 3321 5637 3446 5708; x_wconf 87' lang='grc' dir='ltr'>παρ’</span> <span class='ocrx_word' id='word_1_881' title='bbox 3473 5629 3636 5686; x_wconf 76' lang='grc' dir='ltr'>αὐτοῦ</span> <span class='ocrx_word' id='word_1_882' title='bbox 3670 5650 3794 5682; x_wconf 82' lang='grc' dir='ltr'>συν-</span> 
     </span>
    </p>
   </div>
   <div class='ocr_carea' id='block_1_120' title="bbox 2142 5719 3794 5799">
    <p class='ocr_par' dir='ltr' id='par_1_120' title="bbox 2142 5719 3794 5799">
     <span class='ocr_line' id='line_1_121' title="bbox 2142 5719 3794 5799; baseline 0.01 -25"><span class='ocrx_word' id='word_1_883' title='bbox 2142 5725 2453 5799; x_wconf 78' lang='grc' dir='ltr'>εχώρησαν.</span> <span class='ocrx_word' id='word_1_884' title='bbox 2511 5725 2688 5780; x_wconf 90' lang='lat' dir='ltr'>Porro</span> <span class='ocrx_word' id='word_1_885' title='bbox 2752 5721 2922 5792; x_wconf 90' lang='lat' dir='ltr'>illud,</span> <span class='ocrx_word' id='word_1_886' title='bbox 2983 5719 3306 5794; x_wconf 77' lang='grc' dir='ltr'>αὐτομάτως</span> <span class='ocrx_word' id='word_1_887' title='bbox 3361 5722 3794 5795; x_wconf 70' lang='grc' dir='ltr'>παρυποστῆναιν</span> 
     </span>
    </p>
   </div>
  </div>
