4156 6370
321 365 440 428 9Ἱ5

1532 351 1767 412 NOTAE
1810 351 2254 416 FRONTONIS
2299 357 2562 420 ΒΠΟΑΞΙ

3645 371 3770 432 97B

325 498 497 556 vertit
527 491 864 561 Cornarius,
900 513 927 540 «
960 505 1071 546 sua
1099 488 1308 560 sponte
1342 483 1744 541 substituisse.
1785 506 1806 534 ι
1840 485 1982 541 Am-

2119 485 2350 578 u-xp-lxoq
2399 487 2674 578 psatmpov
2721 493 2871 569 φέρει
2931 495 2995 551 τὸ
3055 498 3237 570 σῶμα,
3289 497 3354 554 τὸ
3394 495 3454 554 δὲ
3495 500 3744 578 μετέωρο

329 587 566 646 brosius
614 583 717 640 lib.
768 599 808 651 ι,
842 597 892 638 c.
923 581 960 636 5
992 595 1005 634 :
1042 600 1071 630 ‹‹
1101 574 1366 633 Asseruit
1409 574 1568 631 enim
1620 591 1729 630 sua
1779 579 1987 644 sponte

332 677 657 736 subsistere
681 694 695 744 ;
719 693 745 724 ιι
776 667 1174 728 Montacutius
1199 683 1210 719 :
1239 664 1416 720 «Una
1438 680 1570 719 cum
1603 663 1700 720 illo
1731 667 1789 720 et
1811 663 1988 720 simul

330 768 653 828 exstitisse.
689 786 716 813 ››
749 763 976 818 Rursus
1008 756 1164 830 quod
1197 754 1469 827 sequitur
1494 769 1507 808 :
1529 749 1674 826 Οὐχὶ
1706 751 1836 805 αὐτὸ
1869 754 1990 805 τοῦυ

332 879 418 929 το,
451 859 533 914 sic
565 851 908 911 Eustathius
941 865 954 905 :
981 871 1008 898 «
1045 847 1104 903 Id
1137 848 1247 914 est,
1282 860 1398 899 non
1421 858 1667 898 causam
1692 841 1992 914 praestitit,

334 954 401 1006 ut
430 951 584 1003 esset
613 942 830 1006 solum,
864 939 964 995 sed
997 935 1150 1003 fecit,
1185 939 1250 989 ut
1278 934 1492 1000 bonus,
1530 931 1755 986 utilem.
1790 953 1818 980 υ
1853 933 1995 985 Am-

337 1037 572 1094 brosius
621 1036 815 1088 autem
845 1045 858 1084 :
893 1051 920 1078 ‹‹
961 1027 1088 1082 Non
1139 1022 1307 1093 dixit,
1350 1021 1489 1095 quia
1541 1020 1784 1077 subesse
1834 1021 1994 1085 fecit,

340 1144 456 1183 non
488 1123 653 1189 dixit,
687 1119 826 1193 quia
855 1133 1096 1174 causam
1131 1113 1375 1179 mundo,
1411 1115 1472 1166 ut
1516 1118 1691 1180 esset,
1725 1109 1996 1182 praebuit,

341 1216 439 1273 sed
476 1212 630 1280 fecit,
662 1209 832 1282 quasi
865 1208 1076 1271 bonus,
1110 1203 1265 1276 quod
1300 1203 1445 1256 foret
1477 1198 1636 1254 utile.
1667 1222 1693 1248 ››
1724 1198 1999 1254 Justinus

341 1323 410 1362 ex
438 1302 680 1358 Platone
710 1299 792 1355 sic
823 1294 1158 1366 distinguit,
1209 1290 1300 1345 τὸν
1353 1289 1593 1358 ποιητὴν
1639 1286 1728 1342 καὶ
1759 1288 1850 1341 τὸν
1902 1283 1998 1356 δη-

350 1389 635 1466 μιουργόν,
692 1411 711 1437 ι
768 1387 1047 1442 factorem
1099 1387 1155 1438 et
1210 1381 1501 1453 opificem,
1555 1401 1582 1429 ››
1633 1378 2000 1466 in‘Cohorta-

346 1463 492 1540 tioné
517 1463 588 1537 (id
637 1480 846 1535 Grascos
879 1494 892 1531 :
925 1475 987 1530 Ὀ
1023 1471 1117 1546 μὲν
1161 1471 1265 1544 γὰρ
1315 1469 1574 1537 ποιητὴς,
1629 1463 1855 1528 οὐδενὸς
1889 1465 2000 1520 ἑτέ-

349 1593 447 1648 ρου
478 1565 902 1646 προσδεόμενος,
935 1562 994 1617 ἐκ
1038 1567 1139 1629 τῆς
1173 1561 1363 1614 ἑαυτοῦ
1413 1555 1694 1630 δυνάμεως
1724 1557 1813 1610 καὶ
1853 1555 2003 1625 ἐξου-

351 1645 470 1723 οίας
496 1645 646 1714 non?
693 1655 754 1710 τὸ
795 1653 1143 1725 ποιούμενον·
1179 1651 1206 1704 ὁ
1261 1645 1317 1702 δὲ
1368 1645 1706 1723 δημιουργὸς
1753 1646 1850 1714 τὴν
1905 1651 2004 1714 τῆς

353 1746 714 1824 δημιουργίας
776 1741 996 1816 δύναμιν
1056 1738 1116 1795 ἐκ
1170 1745 1270 1809 τῆς
1339 1735 1475 1808 ὕλης
1537 1735 1783 1814 εἷ’ληφὼς
1841 1753 2003 1824 xam-

355 1823 691 1906 o’xeuattjstto
712 1832 1014 1910 γινόμενον·
1042 1855 1068 1881 ‹‹
1103 1833 1308 1886 Factor
1328 1828 1589 1900 quidem,
1614 1824 1839 1881 nullius
1860 1823 2002 1932 alte;
2039 1867 2086 1932 Β

356 1931 482 1988 rius
511 1927 783 1999 indigens
813 1924 916 1993 rei,
951 1925 1162 1994 suapte
1191 1918 1403 1974 virtute
1435 1921 1494 1972 et
1523 1919 1831 1989 potestate,
1852 1913 2008 1986 quod

357 2020 514 2076 creat
561 2015 742 2072 efﬁcit
777 2029 790 2070 ε
824 2010 1014 2085 opifex
1057 2012 1252 2064 autem
1295 2003 1511 2078 Opificii
1563 2003 1656 2058 sui
1699 2002 1910 2058 virtute
1942 2017 2010 2056 ex

361 2106 608 2164 materia
629 2105 869 2175 accepta
893 2115 1043 2172 Opus
1074 2112 1251 2152 suum
1283 2092 1595 2150 construit.
1631 2114 1660 2141 »

429 2213 551 2272 Col.
579 2213 650 2266 20
680 2217 727 2265 Α
756 2210 810 2264 8.
845 2207 940 2263 Ἐκ
983 2201 1078 2258 δύο
1119 2205 1227 2256 τῶν
1280 2197 1480 2276 ἄκρων.
1517 2201 1602 2255 Ita
1649 2197 2010 2256 correximus

354 2321 426 2364 ex
455 2303 686 2360 duobus
719 2297 917 2371 Regiis
963 2292 1288 2359 codicibus,
1335 2308 1403 2346 ex
1434 2290 1652 2361 quibus
1695 2288 1872 2345 etiam
1903 2287 2009 2342 ad-

355 2394 584 2451 dendus
615 2393 704 2447 est
733 2385 1019 2443 articulus
1047 2384 1144 2437 τοῦ
1174 2377 1394 2440 παντός’
1440 2379 1721 2434 mendose
1751 2381 1924 2432 antea
1953 2374 2012 2429 ἐκ

353 2480 450 2538 δύο
479 2484 586 2535 τῶν
615 2477 826 2552 ἀρχῶν.
862 2471 1209 2530 Eustathius
1243 2485 1257 2525 :
1293 2490 1322 2519 ιι
1353 2469 1433 2523 Ex
1462 2467 1694 2523 duobus
1743 2482 2010 2522 summa-

352 2573 514 2629 tibus
544 2566 850 2625 elementis
877 2563 1145 2620 omnium
1179 2559 1572 2616 substantiam
1611 2555 1883 2628 designat
1911 2572 2008 2611 ex-

351 2664 660 2718 structam.
695 2678 724 2708 »
757 2653 908 2710 Ccelo
941 2651 1224 2708 nimirum
1257 2654 1314 2704 et
1342 2653 1514 2714 terra,
1550 2663 1676 2718 quae
1728 2645 1843 2700 duo
1875 2647 2012 2700 sunt

353 2755 612 2806 extrema
634 2745 747 2802 sibi
778 2742 1070 2816 opposita.

425 2838 572 2894 Ibid.
605 2837 648 2892 B
691 2835 777 2890 15.
813 2831 909 2899 Mr,
945 2830 1114 2900 ζήτει.
1149 2827 1211 2882 In
1254 2824 1615 2898 quibusdam
1647 2821 1910 2894 Anglicis
1942 2820 2010 2875 li-

355 2927 475 2984 bris
506 2925 814 2999 legebatur
846 2920 922 2993 μὴ
977 2920 1156 2988 ζητεῖν
1204 2920 1260 2972 et
1283 2911 1428 2968 ἁλλά
1452 2916 1619 2967 νοεῖν,
1652 2914 1724 2967 At
1751 2912 1867 2966 duo
1900 2911 2009 2966 Rea

353 3017 434 3090 gii
466 3012 763 3073 Francisci
785 3010 1086 3082 vulgatam
1117 3009 1359 3062 tuentur
1387 3003 1788 3072 lectionem,et
1809 3001 2010 3055 Eusta-

353 3107 517 3162 thius
554 3124 567 3162 :
595 3127 620 3158 α
651 3104 779 3160 Non
806 3117 943 3172 ergo
967 3114 1193 3170 quaeras
1219 3097 1290 3152 de
1312 3093 1568 3167 singulis
1592 3090 2008 3160 rationem,sed

353 3195 456 3252 illa
499 3209 752 3267 quoque,
804 3207 930 3263 quae
980 3186 1216 3244 silentio
1267 3185 1570 3256 Scriptura
1620 3180 1896 3253 praeteriit
1942 3196 2010 3236 ex

2101 574 2164 629 οὐ
2203 571 2414 649 ἕστηκε,
2458 575 2547 633 διὰ
2584 579 2747 636 τοῦτό
2789 603 2945 659 φησι,
2987 586 3321 660 πεπήγασιν·
3373 611 3402 639 ι(
3448 590 3561 645 Alii
3613 571 3778 659 vero,

2101 667 2292 735 bases,
2327 668 2466 741 pali.
2515 670 2722 728 Fulcra
2765 673 2920 729 enim
2973 692 3039 732 ac
3089 675 3466 734 firmamenta
3507 679 3642 752 ipsa
3671 684 3785 738 cir-

2100 756 2262 814 culos
2295 761 2677 831 nuncupavit.
2711 762 2975 820 Primum
3021 765 3179 821 enim
3231 783 3299 823 ea
3332 785 3628 840 suspensa
3657 777 3769 844 est,

2102 845 2336 918 inquit;
2361 849 2605 920 quinam
2639 850 2800 908 illam
2832 853 3035 910 circuli
3069 856 3650 916 sustinent?terram
3685 861 3776 916 ni-

2108 935 2356 991 mirum:
2379 954 2491 993 non
2527 941 2698 1010 quasi
2723 940 2808 996 illi
2841 942 2961 998 sint
2986 943 3257 1016 uspiam:
3287 946 3386 1001 sed
3414 949 3570 1019 quod
3597 966 3666 1006 ea
3693 951 3775 1007 ita

2109 1023 2222 1078 ﬁxa
2252 1031 2309 1079 et
2338 1027 2571 1082 stabilis
2601 1035 2857 1098 maneat,
2891 1036 2957 1087 ut
2986 1032 3036 1088 si
3069 1033 3387 1090 desursum
3424 1036 3556 1092 ﬁxis
3581 1043 3776 1110 gesta-

2109 1117 2269 1168 retur
2299 1115 2556 1171 circulis.
2591 1122 2736 1174 Nam
2767 1119 2908 1192 quia
2938 1121 3196 1178 circulus
3228 1123 3316 1179 vel
3349 1125 3610 1184 annulus
3641 1144 3773 1186 sus-

2111 1219 2359 1272 pensum
2391 1220 2605 1276 corpus
2657 1209 2936 1280 sustinet,
2973 1212 3129 1282 quod
3181 1216 3374 1267 autem
3409 1229 3770 1287 suspensum

2111 1296 2220 1358 est,
2255 1309 2370 1347 non
2417 1299 2554 1362 stat,
2588 1296 2807 1353 idcirco
2851 1297 3020 1366 dixit,
3073 1299 3171 1356 {ixi
3226 1306 3387 1358 sunt.
3428 1325 3456 1353 υ
3503 1305 3775 1363 Annulos

2112 1381 2414 1453 intelligit,
2463 1383 2583 1440 sive
2633 1387 2806 1442 orbes
2860 1388 3103 1458 ferreos,
3135 1389 3352 1460 quibus
3382 1408 3653 1465 conopes
3682 1395 3771 1451 vel

2111 1473 2336 1541 tapetes
2369 1473 2756 1530 tentoriorum
2805 1493 2908 1532 seu
2942 1477 3206 1534 velorum
3241 1485 3670 1538 sustentantur.
3701 1489 3776 1539 At

2113 1558 2614 1631 interpretationis
2661 1564 2876 1620 Latinae
2934 1572 3137 1624 auctor
3185 1582 3255 1623 ex
3301 1568 3538 1627 Hebraeo
3585 1573 3777 1644 vertit,

2116 1670 2143 1698 «
2172 1666 2350 1721 super
2380 1667 2493 1721 quo
2536 1653 2706 1709 bases
2737 1653 2899 1710 illius
2930 1655 3195 1713 solidatas
3226 1662 3368 1713 sunt
3399 1675 3413 1714 :
3450 1681 3479 1709 ››
3503 1676 3640 1716 cum
3661 1678 3778 1733 quo

2116 1739 2491 1808 conveniunt,
2525 1758 2654 1812 quae
2685 1758 2756 1798 ex
2801 1743 3034 1816 Aquila,
3065 1745 3420 1818 Symmacho
3467 1749 3555 1804 vel
3585 1750 3780 1807 Theo-

2119 1827 2354 1885 dotione
2403 1829 2879 1904 Oliympiodorus
2917 1833 2976 1888 in
3012 1835 3271 1891 medium
3306 1835 3526 1894 attulit.
3558 1839 3777 1896 Eusta-

2121 1916 2279 1973 thius
2309 1918 2548 1975 demum
2579 1920 2845 1979 ediderat
2875 1939 2889 1979 :
2923 1945 2950 1974 «
2986 1923 3174 1996 Super
3220 1924 3358 1998 quid
3412 1926 3616 1983 circuli
3646 1929 3778 2000 ejus

2119 2006 2280 2061 infixi
2313 2009 2492 2064 sunt?
2527 2032 2548 2058 ι

2190 2095 2307 2151 Col.
2339 2097 2410 2152 26
2449 2102 2496 2152 A
2544 2099 2598 2155 9.
2656 2100 2757 2156 Sin
2809 2100 2927 2156 hoc.
2989 2100 3219 2158 Clarius
3266 2102 3376 2160 hoc
3435 2103 3778 2174 Cornarius,

2120 2206 2147 2233 ‹‹
2181 2186 2281 2241 Sin
2313 2187 2512 2244 minus
2539 2187 2667 2244 hoc.
2703 2211 2731 2238 ››
2763 2185 2872 2243 εἷ’δὶ
2902 2190 3001 2263 μή.
3025 2191 3397 2264 Eustathius,
3425 2216 3453 2243 «
3479 2199 3585 2251 aut
3613 2196 3661 2252 si
3685 2213 3780 2252 se-

2119 2289 2223 2329 cus
2257 2277 2534 2333 evenerit.
2570 2298 2598 2327 ››

2191 2362 2310 2420 Col.
2343 2365 2413 2420 27
2444 2365 2484 2420 C
2511 2366 2565 2421 3.
2605 2367 2780 2423 Mane.
2826 2369 3121 2440 lnterpres
3170 2371 3457 2442 ediderat,
3497 2394 3524 2426 ιι
3555 2373 3629 2428 ab
3678 2391 3782 2430 us—

2121 2469 2235 2524 que
2266 2453 2548 2511 nimirum
2579 2457 2860 2514 diluculo.
2889 2479 2918 2509 ››
2949 2459 3296 2516 Eustathius
3327 2467 3642 2518 contentus
3675 2464 3782 2519 fuit

2121 2542 2333 2614 dicere,
2363 2568 2390 2594 «
2417 2545 2664 2602 modicis
2695 2563 2866 2604 mane
2888 2548 3154 2605 decursis
3183 2551 3586 2608 sermonibus.
3620 2575 3647 2601 ››
3669 2553 3778 2609 Ve-

2122 2631 2368 2688 risimile
2400 2649 2656 2705 namque
2681 2640 2769 2690 est
2796 2651 2966 2690 mane
2991 2640 3254 2709 tempore
3285 2654 3466 2694 sacrae
3488 2639 3776 2712 συνάεεως,

2120 2719 2176 2775 id
2209 2724 2318 2788 est,
2352 2720 2605 2777 collectae
2637 2721 2723 2779 vel
2775 2723 2989 2795 missae,
3023 2724 3286 2782 habitam
3323 2727 3507 2785 fuisse
3538 2731 3772 2787 concio-

2120 2825 2253 2864 nem
2301 2809 2375 2865 ab
2424 2810 2701 2883 episc0po
2749 2829 2928 2868 unam
2973 2818 3239 2886 tempore
3278 2817 3771 2890 Quadragesimaa,

2119 2902 2296 2970 atque
2325 2897 2568 2954 alteram
2601 2901 2712 2956 sub
2743 2901 2932 2973 ipsam
2964 2919 3269 2975 vesperam
3302 2921 3314 2962 :
3349 2905 3484 2960 hinc
3506 2905 3650 2961 illud
3681 2913 3774 2962 est

2120 2986 2327 3044 homil.
2387 2988 2466 3044 3:
2517 2988 2623 3057 Τὴν
2685 2988 2778 3061 μὶν
2839 2989 3068 3059 ἑωθινὴν
3127 2992 3332 3068 τροφὴν
3380 2996 3488 3046 τῶν
3547 2995 3766 3068 ψυχῶν,

2117 3075 2216 3143 τὴν
2273 3071 2331 3130 δὲ
2389 3075 2674 3152 ἓσπερινήν
2734 3077 3114 3154 εὐφροσύνην,
3171 3087 3230 3139 et
3285 3081 3492 3139 homil.
3540 3084 3575 3138 9
3632 3102 3644 3140 :
3702 3085 3765 3140 Ἡ

2119 3165 2316 3234 ἑωθινῆ
2367 3169 2475 3219 τῶν
2523 3162 2707 3240 λόγων
2740 3168 3004 3242 τράπεζα.
3035 3172 3321 3228 Caeterum
3371 3171 3539 3243 illud,
3582 3172 3774 3244 ὁμοτί-

351 3245 468 3354 Είξ,
501 3245 867 3356 1(ptiar—arrvelat‘a
918 3280 1076 3346 sunt,
1124 3275 1366 3331 debebis
1399 3245 1724 3328 advertere.
1749 3291 1792 3356 _»
1827 3270 2005 3356 Infra,
2041 3245 2082 3308 ο
2126 3275 2267 3326 μωςι
2298 3274 2345 3310 οι
2381 3257 3018 3356 ὃνιάΗι-Ἶδίάίυδὴνθτϋί.
3040 3261 3420 3356 Ευδιαίδνίᾞ,
3459 3284 3480 3311 ⁶
3518 3262 3644 3334 Pari
3672 3263 3777 3356 P0-

351 3393 400 3431 ο.
434 3353 489 3443 9,
522 3353 1006 3444 ξυμϐουλεύωμεν.
1042 3363 1384 3422 Basiliensis
1416 3361 1593 3416 editio
1624 3353 2006 3431 συμϐουλεύο-

357 3484 474 3537 μεν,
504 3469 559 3519 et
587 3463 668 3517 ita
697 3460 877 3517 codex
905 3456 1215 3513 Medicmus
1259 3450 1497 3525 Regius.
1548 3449 1865 3506 Cornarius
1917 3447 2006 3537 ign-

349 3535 703 3625 terpretatur
737 3565 749 3606 :
781 3571 807 3598 ‹‹
841 3547 1054 3604 Eadem
1089 3544 1211 3600 haec
1237 3542 1413 3598 etiam
1444 3541 1517 3596 de
1556 3543 1715 3594 terra
1742 3535 2004 3593 consuli-

350 3660 507 3708 mus,
541 3646 607 3697 ut
637 3656 708 3696 ne
739 3638 872 3710 quis
905 3636 1013 3692 sibi
1047 3634 1157 3707 ipsi
1193 3631 1494 3705 negotium
1523 3629 1715 3684 faciat.
1740 3648 1767 3678 »
1802 3627 2005 3681 Eusta-

349 3731 514 3788 thius
543 3728 753 3788 ἑαυτοῖς
787 3723 986 3781 retulit
1015 3724 1088 3779 ad
1139 3737 1248 3776 nos
1281 3719 1473 3788 ipsos:
1508 3739 1535 3766 «
1570 3716 1788 3770 Eadem
1825 3713 2003 3769 etiam

351 3823 422 3876 de
453 3826 608 3876 terra
638 3815 841 3873 sentiri
867 3813 1204 3876 suademus,
1241 3807 1486 3863 minime
1516 3803 1782 3858 videlicet
1812 3803 2006 3857 discu-

349 3910 560 3966 tientes
616 3907 812 3978 qualis
859 3903 937 3958 sit
984 3901 1112 3972 ejus
1167 3895 1522 3963 substantia,
1575 3909 1680 3948 nec
1718 3892 2004 3948 conficere

352 4016 458 4055 nos
489 3993 965 4069 cogitationibus.
1001 4013 1026 4039 η
1057 3989 1218 4044 Alter
1246 4002 1378 4042 vero
1410 3985 1588 4040 codex
1609 3982 1818 4053 Regius
1849 3981 2000 4036 Hen-

351 4089 606 4144 ricianus
657 4083 863 4141 habuit
911 4072 1400 4151 συμϐουλεύωμεν,
1433 4090 1557 4145 quas
1601 4072 1792 4143 potior
1833 4069 2002 4126 lectio

349 4179 597 4234 videtur.
632 4198 662 4227 «
695 4175 825 4230 Hac
857 4171 1062 4228 eadem
1093 4173 1151 4223 et
1179 4167 1249 4222 de
1283 4170 1436 4220 terra
1466 4163 1636 4218 nobis
1681 4161 1826 4232 ipsis
1864 4175 2001 4214 con-

350 4268 638 4334 sulamus,
673 4270 736 4320 ut
766 4277 838 4318 ne
868 4262 997 4332 ejus
1027 4259 1217 4316 subst.
1253 4271 1311 4327 q.
1342 4253 1442 4309 illa
1481 4252 1718 4308 tandem
1765 4250 1864 4316 sit,
1898 4265 2004 4304 cur

349 4361 807 4429 perscrutemur.
841 4372 869 4402 »

420 4444 542 4501 Col.
570 4445 636 4498 21
670 4444 712 4498 Β
756 4443 842 4496 12.
893 4438 1124 4509 Ὑποθῇς
1173 4431 1340 4504 αὐτῷ.
1394 4430 1705 4487 Medicasus
1752 4432 1809 4482 et
1852 4426 2002 4482 Hen-

350 4535 452 4591 ric.
506 4533 710 4603 ὑποθῇς
760 4529 931 4598 ἑαυτῷ
961 4570 973 4582 .
1025 4529 1147 4593 Quo
1193 4529 1362 4595 pacto
1406 4521 1639 4576 videtur
1696 4523 1997 4573 exaratum

348 4623 664 4682 oll‘endisse
693 4617 1108 4691 Argyropylus,
1143 4630 1277 4669 cum
1309 4611 1501 4679 vertit,
1534 4633 1561 4658 «

347 4731 503 4771 cum.
537 4732 562 4764 ι
602 4708 946 4766 Eustathius
980 4724 992 4761 :
1028 4729 1055 4756 «ι
1081 4703 1243 4769 Quod
1278 4701 1325 4757 si
1351 4716 1562 4772 aquam
1591 4696 1856 4770 posueris
1881 4700 1995 4750 tcr-

349 4822 500 4862 renae
531 4798 838 4859 stabilitati
871 4813 997 4852 esse
1029 4793 1350 4850 subditam.
1379 4812 1406 4839 »
1440 4785 1788 4844 Ambrosius
1821 4785 1924 4853 lib,
1956 4805 1994 4856 ι,

348 4913 476 4967 cap.
499 4896 534 4949 6
561 4909 572 4948 :
611 4913 631 4941 α
659 4895 774 4945 Aut
805 4885 1100 4960 quomodo
1123 4882 1173 4938 si
1205 4897 1383 4953 super
1413 4894 1741 4950 aquas,non
1775 4877 1995 4931 demer-

346 4989 520 5057 gatur
548 4984 608 5037 in
639 4994 854 5052 aquam
888 4974 1083 5048 gravis
1115 4971 1286 5026 ruina
1316 4974 1630 5024 terrarum.
1668 4987 1694 5014 ››

416 5089 538 5146 Col.
586 5089 656 5142 24
715 5092 760 5139 Α
819 5086 870 5139 4.
932 5079 1053 5136 Ἐπὶ
1109 5078 1258 5138 τίνος
1321 5075 1371 5128 o't
1424 5071 1627 5146 κρίκοι.
1677 5077 1860 5128 Locus
1907 5075 1996 5128 est

343 5180 472 5235 Job.
533 5191 768 5241 xxxvm,
824 5175 879 5238 6,
932 5172 989 5226 in
1051 5184 1228 5241 quem
1279 5168 1443 5219 notat
1489 5161 1989 5234 Olympiodorus:

343 5267 404 5322 Οἱ
460 5262 517 5319 δὲ
575 5263 737 5318 ἄλλοι
801 5259 979 5335 βάσεις
1040 5258 1090 5311 οἱ
1149 5254 1457 5327 κατάπηγες
1491 5294 1502 5307 .
1566 5249 1795 5326 Κρῖκους
1847 5248 1992 5325 λέγει

337 5353 466 5416 τοὺς
523 5347 1035 5423 ἀναϐαστοικτῆρας.
1097 5350 1318 5420 Πρῶτον
1383 5341 1476 5413 μὲν
1542 5339 1799 5413 ἐκκρεμὲς
1857 5339 1990 5410 ἐστι,

340 5442 490 5522 φησί·
541 5446 696 5495 ποῖοι
743 5437 921 5514 κρίκοι
969 5436 1132 5503 αὐτὴν
1176 5435 1397 5510 φέρουσι
1434 5448 1448 5499 ;
1491 5431 1589 5497 τήν
1631 5435 1732 5502 γῆν
1784 5426 1990 5497 δηλονε

340 5515 447 5601 ὅτι,
509 5531 616 5605 οὐχ
685 5529 759 5590 ὡς
843 5526 1048 5581 τούτων
1115 5521 1302 5591 ὄντων,
1381 5518 1507 5574 ἀλλ’
1577 5520 1651 5579 ὡς
1732 5515 1990 5596 ἀσφαλῶς

337 5624 482 5679 οὕτω
544 5615 835 5696 βεϐηκυίας
900 5615 1092 5685 αὐτῆς,
1155 5613 1335 5686 ὥσπερ
1395 5607 1455 5664 ἂν
1515 5608 1560 5662 εἰ
1617 5607 1798 5684 κρίκοι
1856 5608 1988 5676 ἦςαν

340 5695 551 5776 ἄνωθεν
602 5706 955 5784 βαστάζοντες
1031 5705 1114 5758 καὶ
1179 5699 1486 5775 πεπηγότες
1525 5743 1536 5754 .
1599 5695 1821 5766 Ἐπειδὴ
1880 5697 1981 5771 γὰρ

2121 3361 2261 3400 nore
2290 3346 2664 3401 constructis.
2711 3367 2736 3400 ιι
2781 3347 3118 3418 Cornarius,
3170 3373 3197 3399 ‹‹
3244 3351 3514 3423 utrisque
3566 3351 3783 3423 pariter

2119 3433 2306 3503 factis,
2334 3457 2361 3484 »
2390 3435 2445 3490 id
2478 3441 2567 3491 est
2598 3436 2722 3508 pari
2744 3438 2942 3508 jussu,
2977 3442 3034 3494 et
3059 3439 3261 3494 eodem
3294 3445 3576 3510 tempore.

2187 3540 2309 3597 Col.
2355 3542 2419 3598 31
2469 3545 2514 3598 Α
2543 3545 2600 3598 5.
2642 3544 2799 3612 Quod
2844 3546 2894 3599 .ςί
2939 3545 3193 3612 ingenita
3234 3553 3332 3600 est.
3378 3544 3774 3617 Argyropylus

2115 3636 2385 3698 verterat,
2420 3637 2484 3686 ut
2531 3649 2598 3687 ex
2651 3633 3086 3704 antiquioribus
3137 3633 3362 3690 Latinis
3409 3634 3775 3690 editionibus

2115 3721 2394 3776 admonet
2423 3722 2820 3778 Montacutius
2840 3738 2854 3777 :
2875 3745 2902 3772 «
2927 3723 2986 3777 Si
3014 3721 3193 3794 igitur
3225 3723 3344 3779 haec
3376 3723 3638 3794 ingenita
3659 3729 3771 3794 est,

2116 3827 2319 3880 nempe
2365 3812 2631 3879 materia,
2683 3813 2755 3867 de
2806 3829 2922 3882 qua
2971 3814 3136 3884 prius
3184 3829 3378 3868 sermo
3408 3817 3551 3879 erat,
3584 3829 3765 3883 quam

2112 3899 2431 3971 ingenitam
2479 3900 2815 3972 philosophi
2865 3900 3345 3973 pronuntiabant.
3387 3922 3416 3952 ω
3449 3901 3765 3956 Cornarius

2113 3989 2316 4044 itidem
2352 4005 2364 4042 :
2395 4011 2416 4038 ιι
2451 3988 2511 4044 Si
2541 3989 2782 4059 quidem
2831 3988 3013 4060 igitur
3061 3989 3324 4060 ingenita
3353 3994 3442 4044 est
3470 3987 3616 4054 haec,
3654 3989 3770 4060 pri-

2115 4094 2274 4133 mum
2307 4077 2545 4149 quidem
2592 4077 2876 4149 aequalem
2905 4093 3039 4134 cum
3081 4077 3196 4133 Deo
3234 4076 3385 4133 senii
3417 4078 3766 4150 dignitatem

2113 4167 2370 4223 habebit.
2408 4191 2429 4219 ι
2470 4166 2811 4223 Eustathius
2840 4183 2852 4222 :
2889 4194 2907 4215 ι
2941 4167 3126 4231 Quam
3167 4168 3216 4222 si
3249 4165 3571 4222 dixerimus
3604 4167 3768 4238 inge-

2113 4255 2318 4327 nitam,
2365 4256 2493 4312 sine
2535 4256 2715 4311 dubio
2764 4255 3047 4326 coeaquari
3092 4255 3210 4310 Deo
3250 4255 3312 4310 in
3361 4255 3769 4328 promerendis

2111 4344 2439 4401 aestimatur
2467 4345 2812 4401 honoribus.
2852 4366 2874 4396 ι

2181 4452 2301 4508 Col.
2350 4454 2414 4508 31
2450 4456 2489 4506 C
2535 4456 2591 4507 7.
2645 4452 2854 4508 Melius
2911 4451 3200 4524 expressit
3247 4451 3370 4508 haec
3425 4451 3767 4518 Cornarius,

2111 4558 2286 4612 quam
2318 4542 2746 4614 Argyrapylus:
2779 4562 2799 4590 ι
2826 4545 2903 4596 Ex
2933 4542 3039 4596 hoc
3071 4545 3264 4596 autem
3299 4541 3590 4612 contingit
3619 4541 3769 4613 ipsis

1601 4607 1895 4704 Staluef‘ls‘
1918 4612 2000 4660 ιθ·
2037 4616 2078 4680 l)
2113 4647 2323 4702 negare
2356 4607 2630 4704 magnum
2655 4631 2839 4686 Deum
2872 4629 3310 4694 constitutionis
3342 4645 3538 4684 rerum
3563 4632 3768 4701 praesi-

2109 4721 2241 4775 dem
2269 4737 2418 4776 esse.
2455 4742 2483 4770 ››
2529 4720 2923 4791 Corrigendus
2975 4734 3144 4788 porro
3195 4717 3561 4785 Eustathius,
3609 4721 3765 4791 apud

2108 4827 2280 4881 quem
2313 4810 2626 4881 legendum
2656 4827 2668 4862 :
2705 4830 2724 4857 κ
2761 4809 2906 4862 Hinc
2938 4807 3057 4862 illis
3086 4808 3222 4862 data
3251 4809 3481 4863 occasio
3513 4810 3767 4881 negandi

2106 4899 2304 4956 causis
2333 4899 2518 4954 Deum
2552 4915 2801 4970 praeesse
2825 4896 3215 4965 mundanis,»
3251 4914 3353 4969 pro
3390 4920 3411 4946 ι
3450 4900 3761 4954 occasione

2106 4989 2316 5061 grandi
2348 4989 2564 5044 causis.
2601 5012 2623 5041 ι

2177 5078 2322 5133 Ibid.
2360 5082 2403 5130 Ι)
2444 5079 2498 5132 5.
2540 5074 3323 5134 l’entilabrum.Tilimannus
3366 5080 3679 5132 annotarat
3710 5080 3765 5134 in

2107 5168 2262 5222 hunc
2320 5166 2559 5232 locum,
2607 5167 2818 5240 legisse
2886 5164 3311 5237 Argympylum
3373 5159 3602 5239 ἄροτρον
3666 5185 3770 5239 pro

2106 5254 2300 5322 πτύον,
2357 5262 2739 5327 aratrumque
2797 5256 3067 5321 vertisse,
3126 5271 3241 5309 non
3301 5255 3694 5312 ventilabrum
3754 5276 3765 5314 :

2108 5345 2482 5417 Hesychius:
2518 5343 2716 5398 Πτύοψ
2779 5342 2960 5412 ξύλον,
3017 5341 3068 5395 ἐν
3129 5342 3173 5412 ᾦ
3233 5337 3628 5416 διαχωρίζουσι
3678 5345 3765 5398 τὸν

2103 5439 2248 5488 σῖτον
2281 5434 2386 5488 ἀπὸ
2418 5438 2519 5488 τοῦ
2552 5431 2783 5508 ἀχύρων
2813 5457 2838 5483 ‹‹
2874 5432 3223 5504 ;_.ignum,in
3255 5449 3370 5503 quo
3403 5433 3762 5489 frumentum

2106 5543 2137 5578 ει
2171 5525 2334 5596 palea
2369 5529 2665 5596 separant.
2697 5543 2719 5573 η
2750 5522 2856 5578 Alii
2881 5521 3084 5576 volunt
3105 5519 3296 5592 palam
3331 5521 3586 5593 ligneam
3619 5538 3762 5586 esse,

2106 5630 2222 5685 qua
2269 5614 2501 5670 semina
2531 5630 2598 5668 ex
2644 5629 2849 5668 acervo
2899 5616 3202 5667 sumentes
3232 5610 3501 5681 agricola:
3548 5612 3618 5668 ab
3649 5629 3768 5666 una

2105 5721 2249 5760 areas
2282 5703 2650 5759 extremitate
2682 5701 2742 5757 in
2767 5700 3014 5757 alteram
3037 5703 3241 5755 contra
3262 5702 3501 5756 ventum
3519 5701 3770 5772 jactant.
