4156 6352
386 335 503 393 9‘77

1461 321 1565 381 AD
1611 309 1992 377 HOMILIAS
2038 307 2122 367 1M
2167 307 2742 370 HEXAEMERON.

3691 311 3810 373 978

390 471 456 521 ut
486 466 600 519 ista
618 463 996 519 ventilatione
1020 479 1051 516 a
1074 460 1312 532 pulvere
1328 460 1383 511 et
1405 451 1672 509 aceribus
1698 446 2042 517 purgentur.
2076 441 2130 508 Α
2162 438 2495 532 prehendit.
2513 462 2540 532 ξ)
2561 441 2628 496 Et
2649 440 2800 495 hanc
2833 439 3015 495 fuisse
3048 439 3361 495 lectionem
3397 442 3592 496 textus
3613 434 3814 498 Basilii

391 553 783 609 Eustathius:
833 575 860 602 «
909 551 1000 606 Sic
1051 545 1508 622 agricultoribus
1549 537 1963 595 ventilabrum.
2019 554 2039 622 ιι

393 643 571 698 Paulo
607 647 737 715 post
766 659 814 697 c.
850 643 898 707 1,
935 656 1051 694 non
1083 621 1306 713 ἆρῥήτῳ
1340 640 1405 690 ut
1463 635 1587 687 erat
1624 628 1681 681 in
1736 623 1909 681 Basil.
1943 621 2041 676 sed

390 731 649 808 ἀρῥήκτῳ
680 732 990 804 legendum
1026 744 1094 783 ex
1129 727 1361 782 duobus
1411 720 1608 794 Regiis
1655 733 1798 808 mss.
1833 716 2044 808 Eusta-

390 801 1385 887 thiuSmlnviolabilibuscujusdam
1401 801 2043 866 concordiaevinculis.»

464 921 584 977 Col.
615 921 688 976 35
725 921 765 976 C
802 920 855 972 5.
889 921 1058 974 Juxta
1101 911 1506 982 intelligentiae.
1531 900 1945 979 Argerpylus,
1980 901 2046 952 ut

395 1013 598 1066 monet
629 1007 1052 1076 Montacutius,
1083 1003 1347 1059 ediderat
1376 1020 1404 1050 «
1439 1013 1551 1070 prae
1579 992 1910 1049 intellectus
1951 985 2041 1042 sui

391 1100 617 1155 ratione
648 1097 1036 1161 contendunt,
1073 1115 1100 1144 »
1133 1093 1233 1148 sed
1261 1095 1319 1145 et
1347 1089 1458 1144 hoc
1491 1084 1688 1141 minus
1718 1084 2042 1144 recte,cum

390 1189 484 1244 hic
519 1184 728 1241 διάνοια
761 1202 877 1241 non
908 1181 1296 1248 intellectum,
1318 1179 1418 1234 sed
1453 1189 1691 1232 sensum
1730 1174 1788 1227 et
1811 1170 2044 1224 senten-

386 1280 530 1332 tiam
582 1276 817 1331 indicet.
872 1272 1218 1330 Eustathius
1269 1269 1436 1333 dixit,
1495 1286 1523 1319 α
1570 1259 1898 1320 obscuritas
1956 1258 2045 1310 est

387 1365 715 1421 secundum
765 1363 1048 1420 rationem
1077 1375 1331 1425 sensus;
1370 1379 1398 1406 »
1433 1353 1768 1418 Cornarius,
1819 1370 1847 1398 (ε
1874 1348 2044 1416 luta

387 1455 696 1512 sententiae
725 1451 1235 1524 consequentiam,
1257 1470 1284 1496 η
1308 1446 1447 1518 quia
1476 1442 1756 1498 nimirum
1790 1435 2041 1491 tenebras

386 1543 504 1599 luci
536 1548 954 1616 opponuntur;
982 1545 1040 1596 et
1067 1538 1346 1605 tenebrae,
1379 1546 1631 1606 quarum
1664 1527 1938 1600 princeps
1955 1525 2043 1577 est

387 1634 677 1700 diabolus,
711 1633 828 1688 Deo
859 1629 1186 1686 contraria.

460 1733 606 1788 Ibid.
647 1731 688 1787 C
740 1731 827 1786 l‘P.
861 1730 1002 1800 Lupi
1046 1742 1257 1799 graves.
1291 1721 1644 1780 Addidimus
1691 1715 2036 1800 epithetum,

387 1822 541 1896 quod
576 1826 666 1877 est
697 1799 964 1877 additum
997 1822 1055 1873 et
1084 1820 1362 1872 Actorum
1402 1829 1495 1880 xx,
1526 1811 1598 1865 29
1631 1825 1644 1862 :
1689 1799 2039 1896 sanasse»),
2073 1815 2116 1879 [ι

382 1891 471 1965 ται
532 1909 667 1982 μετᾶ
719 1910 820 1977 τήν
879 1905 1053 1980 ἄφιξίν
1105 1925 1209 1975 μου
1268 1899 1425 1956 λύκοι
1491 1891 2038 1982 Bape‘iq'lnlrabunl

381 2003 508 2073 post
536 1981 932 2055 discessionem
979 2009 1165 2050 meam
1213 1992 1331 2062 lupi
1369 2003 1615 2061 rapaces.
1649 1986 1738 2041 Ita
1763 1981 2034 2073 Vulgata,

385 2071 884 2163 quemadmodum
917 2089 977 2141 et
1009 2081 1349 2138 Eustathius
1389 2078 1499 2134 hoe
1545 2077 1693 2145 loco,
1724 2096 1751 2124 «
1787 2071 1886 2143 qui
1919 2085 2035 2125 non

382 2160 506 2251 lupi
541 2184 824 2250 raptores,
850 2175 1203 2231 dilaniantes
1225 2169 1548 2242 gregem?»
1567 2167 1727 2221 Idem
1760 2160 2032 2251 subjicit:

387 2292 414 2321 κ
446 2250 592 2326 Hinc
614 2266 924 2324 Marcionis
946 2269 1003 2321 et
1024 2262 1342 2327 Valentini,
1366 2264 1425 2314 et
1448 2254 1822 2314 exsecrabilis
1844 2250 2034 2307 Mani-

383 2360 675 2416 chaeorum
703 2361 862 2412 secta
887 2353 1159 2410 manavit.
1178 2375 1206 2402 »
1230 2351 1395 2423 Apud
1421 2345 1850 2419 Argyropylum
1883 2341 2033 2411 lege-

383 2450 560 2505 batur
596 2470 616 2497 ι
655 2443 1125 2508 Valentiniani,»
1160 2441 1259 2496 sed
1295 2442 1498 2494 auctor
1527 2433 1768 2490 haeresis
1789 2430 1897 2486 fuit
1924 2429 2034 2484 Va-

382 2536 670 2602 lentinus,
695 2538 1011 2591 sectatores
1039 2531 1169 2602 ejus
1199 2524 1616 2583 Valentiniani.

456 2635 575 2692 Col.
602 2634 672 2690 39
711 2635 753 2689 B
777 2634 831 2687 5.
861 2629 932 2685 T6
962 2627 1147 2685 κακόν.
1181 2627 1340 2684 Istud
1395 2624 1570 2680 etiam
1620 2639 1688 2679 ex
1734 2619 2034 2677 codicibus

384 2723 624 2798 scriptis
655 2723 922 2780 additum
946 2719 1156 2776 asserit
1179 2715 1596 2783 Montacutius,
1619 2712 1770 2784 quod
1796 2711 1912 2765 duo
1936 2713 2037 2763 Re-

385 2815 460 2888 gii
499 2814 685 2870 nostri
718 2829 829 2867 non
861 2812 1214 2883 agnoscunt,
1247 2805 1347 2863 sed
1383 2801 1750 2868 Eustathius,
1776 2822 1804 2852 «
1836 2799 2038 2871 Neque

379 2905 535 2962 enim
571 2903 617 2959 si
653 2901 876 2958 malum
913 2917 978 2955 ex
1012 2898 1364 2954 necessitate
1403 2892 1803 2956 descenderet,
1835 2892 2037 2944 tantus

380 2991 760 3064 peccantibus
790 2989 987 3061 legum
1022 2991 1220 3042 metus
1251 2983 1684 3040 incumberet.»
1706 2977 1884 3034 Paulo
1906 2979 2039 3050 post

381 3081 764 3138 scribendum
819 3077 930 3140 hoc
991 3077 1138 3141 loco,
1179 3095 1205 3127 ι
1263 3072 1617 3140 immineret,
1673 3084 1852 3140 pmnaa
1902 3082 2036 3122 vero

373 3169 736 3244 judiciorum
761 3171 882 3223 tam
912 3162 1281 3221 inevitabiles
1312 3163 1532 3218 essent.
1573 3181 1593 3207 ιι

2157 544 2229 583 ex
2260 528 2562 584 Eustathio
2586 529 2792 599 conjici
2831 534 3041 600 potest,
3071 529 3172 599 qui
3207 529 3378 584 vertit
3410 546 3424 587 :
3462 552 3488 582 ‹‹
3521 530 3594 586 Ut
3626 533 3814 603 possit

2156 633 2394 688 ea,quae
2415 617 2781 674 extrinsecus
2810 617 3104 674 habentur
3133 617 3204 672 ab
3235 617 3613 676 interioribus
3634 637 3808 693 sepa-

2157 725 2308 764 rare.
2339 729 2368 759 »
2403 709 2666 780 Denique
2705 706 3152 784 ἐναπολειφθέντα
3202 709 3356 764 idem
3404 710 3806 769 Theodoretus

2155 799 2333 854 habet
2363 815 2496 854 cum
2530 801 2761 855 duobus
2794 801 3010 871 Regiis,
3033 817 3145 854 non
3180 797 3641 876 ἐναποληφθέντα.

2226 897 2344 953 Col.
2382 898 2448 953 43
2473 899 2517 952 Α
2553 897 2640 951 14.
2675 897 2786 953 Sed
2834 900 2949 954 viri
2995 900 3142 969 Syri.
3176 900 3500 955 Annotarat
3545 900 3605 955 in
3648 900 3805 957 hunc

2155 986 2352 1041 locum
2381 986 2750 1055 Tilmannus,
2773 986 2865 1041 vel
2887 985 3039 1042 alius
3061 987 3381 1059 quispiam,
3413 987 3684 1060 Ephrrem
3711 991 3808 1063 Sy-

2155 1095 2288 1135 rum
2311 1079 2784 1151 intelligendum,
2817 1093 2988 1149 quem
3031 1079 3128 1135 alii
3169 1080 3395 1135 addunt
3431 1081 3718 1154 aequalem
3751 1088 3808 1140 et

2153 1184 2438 1239 perquam
2470 1167 2821 1223 familiarem
2850 1166 3032 1223 fuisse
3053 1168 3268 1224 Basilio
3289 1171 3414 1234 ;sed
3441 1175 3498 1225 et
3521 1171 3807 1228 Diodorus

2153 1257 2460 1313 Tarsensis
2481 1257 2638 1313 idem
2671 1257 2744 1312 de
2772 1257 2947 1312 verbo
2973 1257 3249 1312 Hebraico
3277 1270 3494 1322 manu:
3543 1261 3714 1317 docet
3742 1261 3803 1317 in

2155 1347 2372 1402 Catena
2409 1346 2653 1418 Zephyri
2688 1361 2702 1401 :
2737 1341 2997 1398 Βούλεται
3046 1345 3081 1413 ἡ
3131 1339 3386 1417 Ἑϐραϊκὴ
3429 1345 3574 1417 λέξις
3618 1349 3652 1417 ὴ
3703 1352 3803 1403 τοῦ

2153 1432 2440 1510 ἐπεφέρετο
2499 1433 2808 1506 σημαίνειν,
2844 1434 2926 1486 ὅτι
2975 1431 3215 1509 καθάπερ
3265 1429 3412 1507 ὅρνις
3468 1435 3548 1491 ὠὰ
3604 1434 3800 1492 Θάλπέι

2151 1527 2270 1584 ταῖς
2303 1523 2551 1596 πτέρυξιν
2580 1520 2807 1584 ἁπαλῶς
2841 1520 3186 1596 ἐφαπτομένη
3249 1523 3324 1586 εἷς
3378 1525 3440 1578 τὸ
3486 1530 3795 1602 ζωογονεῖνο

2150 1610 2294 1666 οὕτω
2325 1611 2414 1666 καὶ
2469 1611 2533 1666 τὸ
2589 1613 2810 1684 Πνεῦμα
2867 1610 3150 1689 ἐπεφέρετο
3197 1617 3315 1676 τοῖς
3361 1611 3515 1668 ὕδασι
3549 1615 3798 1684 ζωοοαλ-

2149 1704 2306 1753 ποῦν·
2342 1726 2369 1752 ‹‹
2404 1701 2686 1757 Hebraica
2710 1701 2886 1756 dictio
2918 1718 3022 1774 pro
3054 1719 3172 1773 qua
3200 1719 3308 1758 nos
3337 1703 3627 1761 habemus
3652 1706 3799 1762 fere-

2148 1793 2344 1862 batur,
2368 1791 2515 1846 illud
2552 1807 2655 1862 per
2683 1806 2746 1846 se
2775 1790 3008 1845 videtur
3029 1790 3380 1862 significare,
3407 1793 3564 1864 quod
3591 1794 3745 1850 sicut
3767 1813 3800 1852 a

2147 1881 2367 1954 gallina
2390 1881 2658 1936 foventur
2686 1896 2809 1947 ova,
2845 1879 2989 1934 dum
3031 1879 3139 1935 alis
3162 1879 3235 1935 ab
3266 1897 3334 1935 ea
3363 1879 3574 1937 leniter
3620 1888 3801 1942 attre-

2147 1975 2405 2036 ctautur,
2429 1974 2494 2024 ut
2517 1969 2777 2025 animata
2793 1969 3149 2024 reddantur:
3183 1969 3264 2023 ita
3287 1985 3523 2042 quoque
3545 1972 3800 2044 Spiritus

2147 2075 2324 2131 super
2343 2075 2528 2131 aquas
2554 2059 2867 2127 ferebatur,
2883 2061 3064 2112 utsuo
3080 2056 3210 2112 illas
3222 2061 3420 2130 tepore
3433 2061 3740 2119 animaret.
3771 2087 3793 2114 ι

2150 2149 2536 2221 Hieronymus
2573 2148 2633 2202 in
2687 2148 2884 2215 Quast.
2927 2147 3210 2202 Hebraicis
3247 2162 3315 2202 :«
3362 2151 3473 2203 Pro
3515 2165 3582 2206 eo
3640 2153 3798 2222 quod

2147 2240 2206 2294 in
2239 2237 2457 2294 nostris
2491 2236 2795 2292 codicibus
2819 2234 3105 2307 scriptum
3130 2238 3240 2306 est,
3259 2237 3563 2307 ferebatur,
3597 2240 3657 2295 in
3687 2241 3796 2296 He-

2147 2331 2297 2386 braeo
2328 2329 2505 2385 habet
2533 2326 2910 2398 meraepheth,
2937 2327 3093 2396 quod
3127 2343 3234 2383 nos
3259 2327 3556 2399 appellare
3586 2347 3797 2403 possu-

2145 2437 2311 2476 mus:
2336 2417 2676 2482 incubabat,
2700 2417 2822 2472 sive
2842 2416 3204 2483 confovebat,
3240 2415 3298 2470 in
3341 2416 3793 2478 similitudinem

2144 2506 2399 2564 volucris
2429 2522 2538 2562 ova
2569 2504 2758 2560 calore
2787 2503 3222 2560 animantis.Ex
3261 2520 3376 2575 quo
3402 2505 3792 2580 intelligimus

2145 2616 2260 2654 non
2293 2599 2364 2653 de
2386 2595 2598 2668 spiritu
2633 2594 2837 2650 mundi
2859 2592 2994 2664 dici,
3021 2598 3087 2648 ut
3116 2592 3384 2649 nonnulli
3416 2595 3798 2666 arbitrentur,

2146 2689 2248 2744 sed
2276 2688 2344 2743 de
2367 2685 2590 2756 Spiritu
2614 2682 2943 2755 sancto,qui
2973 2687 3030 2738 et
3046 2683 3171 2755 ipse
3187 2682 3512 2740 viviﬁcatnr
3528 2688 3790 2745 omnium

2145 2796 2178 2834 a
2211 2775 2500 2849 principio
2522 2774 2757 2829 dicitur.
2785 2791 2809 2824 υ
2835 2772 3152 2827 Deducitur
3181 2788 3214 2826 a
3245 2771 3441 2830 radice
3482 2783 3604 2838 Dm
3667 2793 3794 2849 quas

2147 2869 2363 2926 moveri
2389 2867 2708 2940 signiﬁcat,
2728 2869 2830 2921 aut
2849 2880 3081 2920 movere
3103 2881 3162 2920 se
3177 2866 3532 2936 expansione
3564 2872 3621 2924 et
3650 2869 3798 2926 dila-

2146 2961 2366 3015 tatione
2397 2957 2648 3016 alarum.
2683 2959 2747 3010 ut
2776 2955 2966 3010 solent
2995 2969 3128 3009 aves
3150 2953 3330 3026 pullis
3350 2955 3802 3029 incubantes,ut

2145 3055 2313 3105 Deut.
2340 3064 2520 3113 xxxn,
2558 3047 2614 3100 11
2650 3063 2662 3101 :
2697 3046 2762 3099 Et
2788 3061 2957 3116 super
2982 3044 3164 3116 pullos
3187 3059 3312 3100 suos
3334 3046 3592 3102 volitans.

2221 3145 2342 3202 Col.
2367 3146 2434 3200 46
2475 3147 2519 3200 Α
2552 3145 2639 3199 10.
2670 3143 2918 3199 Deducit.
2950 3144 3064 3198 Aer
3093 3141 3485 3210 nimirum,ut
3513 3148 3803 3218 expressit

454 3267 598 3324 Ibid.
646 3267 687 3323 C
747 3266 834 3320 12.
886 3263 945 3320 Si
1015 3261 1151 3334 quid
1204 3264 1325 3316 erat
1378 3261 1524 3313 ante.
1579 3255 1898 3328 Exscripsit
1964 3256 2036 3311 ad

2154 3234 2505 3292 Eustathius
2534 3251 2547 3290 :
2577 3256 2605 3284 «
2631 3233 2790 3288 Sicut
2822 3231 2976 3288 enim
3011 3231 3253 3288 obtutus
3285 3235 3516 3289 nostros
3543 3232 3643 3289 illo
3683 3252 3805 3292 mo-

383 3358 621 3414 verbum
649 3355 806 3410 hunc
831 3353 1020 3409 locum
1047 3367 1236 3423 usque
1263 3350 1333 3404 ad
1367 3347 1498 3403 illas
1525 3345 1833 3414 dictiones,
1857 3344 2042 3417 σώμα-

385 3466 477 3508 τος
510 3442 849 3520 παρυπὲστη,
891 3441 1316 3510 Theodoretus,
1349 3435 1672 3509 quaestione
1700 3437 1735 3491 6
1773 3437 1829 3490 in
1863 3435 2037 3491 Gene-

387 3540 516 3605 sim,
550 3539 606 3592 et
635 3531 904 3608 quamvis
935 3531 1032 3587 hic
1073 3531 1154 3586 ita
1189 3528 1445 3585 Basilius
1482 3525 1644 3598 loqui
1675 3525 1941 3581 videatur
1972 3526 2042 3580 de

392 3624 735 3697 angelorum
789 3620 1096 3679 existentia
1143 3623 1278 3676 ante
1334 3615 1540 3674 mundi
1573 3615 1944 3685 creationem,
1979 3618 2042 3670 ut

391 3713 642 3782 dubitet,
695 3709 782 3766 vel
837 3726 907 3765 ex
966 3707 1373 3780 suppositione
1421 3707 1491 3762 de
1521 3705 1596 3761 iis
1625 3707 1758 3775 agat
1800 3707 2038 3759 :tamen

390 3801 635 3856 homilia
658 3801 680 3854 1
706 3797 943 3854 disertis
969 3796 1163 3852 verbis
1184 3801 1241 3851 et
1270 3795 1397 3851 sine
1424 3794 1791 3850 dubitatione
1812 3793 2039 3862 asserit,

389 3889 450 3944 in
467 3889 692 3944 lumine
712 3889 937 3942 creatos
954 3883 1136 3940 fuisse
1152 3885 1455 3939 beatarum
1479 3880 1763 3936 mentium
1781 3880 2038 3950 ordines,

391 3995 523 4051 pag.
583 3978 618 4031 5
672 3994 684 4033 :
739 3975 846 4036 Τὰς
907 3970 1134 4049 λογικὰς
1199 3969 1288 4025 καὶ
1355 3969 1620 4044 ἀοράτους
1689 3967 1894 4046 φύσεις,
1949 3967 2039 4022 καὶ

387 4072 558 4122 πᾶσαν
586 4067 688 4135 τὴν
717 4067 826 4118 τῶν
855 4065 1068 4133 νοητῶν
1102 4057 1461 4133 διακόσμησιν
1515 4060 1636 4123 Quo
1677 4060 1891 4113 factum
1929 4062 2037 4126 est,

388 4163 454 4214 ut
485 4158 606 4212 haec
644 4156 704 4211 in
735 4171 906 4212 suam
947 4152 1328 4225 quaestionem
1362 4153 1581 4206 sextam
1617 4149 1874 4203 inserere
1922 4163 2038 4204 non

387 4243 746 4302 dubitaverit
790 4242 1211 4309 Theodoretus,
1245 4243 1558 4312 postquam
1605 4236 1830 4292 dixerat
1876 4252 2037 4308 qure—

385 4335 578 4392 slione
609 4333 782 4389 tertia
810 4349 825 4386 :
858 4327 1421 4404 Συνομολυγουμένου
1469 4323 1527 4380 δὲ
1563 4324 1780 4396 τούτου,
1810 4328 1890 4397 τῷ
1940 4330 2039 4395 τῆς

388 4418 663 4484 εὐσεϐείας
719 4419 782 4476 οὗ
839 4417 1160 4493 λυμαίνεται
1219 4415 1376 4494 λόγῳ
1401 4418 1464 4472 τὸ
1495 4416 1602 4492 πρὸ
1659 4415 1889 4492 οὖροινοῦ
1945 4416 2036 4470 καὶ

385 4516 488 4589 γῆς
546 4515 871 4588 γεγενῆσθαι
929 4506 1107 4584 λέγειν
1162 4510 1269 4562 τῶν
1323 4504 1566 4584 ἀγγᾶλων
1617 4507 1745 4568 τοὺς
1805 4502 2034 4579 δήμους

2146 3329 2348 3383 mento
2369 3322 2652 3396 temporis
2673 3338 2772 3379 aer
2791 3338 2922 3379 mox
2941 3322 3011 3378 ad
3036 3339 3101 3377 ea
3118 3321 3353 3394 dirigit:
3378 3337 3498 3394 aer,
3529 3324 3795 3398 inquam,

2151 3417 2222 3487 is,
2255 3415 2426 3486 cujus
2469 3419 2642 3469 antea
2681 3412 2830 3468 dixit
2863 3415 3128 3468 naturam
3161 3427 3290 3468 esse
3334 3413 3731 3485 perspicuam.
3766 3439 3794 3470 »

2150 3502 2296 3558 Ibid.
2313 3518 2361 3557 c.
2380 3503 2431 3570 1,
2446 3497 2894 3574 ἐμφθεγξάμενος.
2909 3498 3166 3555 Medicaei
3181 3499 3399 3555 codicis
3417 3516 3531 3555 non
3551 3503 3792 3560 omnino

2150 3589 2578 3647 contemnenda
2616 3587 2780 3642 varia
2812 3586 2984 3643 lectio
3007 3583 3428 3662 ἐμφεγξάμενος,
3462 3610 3491 3638 ‹‹
3527 3587 3795 3658 illucens,

2149 3679 2462 3751 effulgens,
2497 3700 2524 3728 »
2548 3681 2650 3734 aut
2679 3700 2708 3729 «
2740 3693 2866 3732 eum
2895 3675 3253 3732 illuxisset.»
3288 3675 3596 3752 Φὲγγουσαν
3629 3696 3801 3753 expo-

2150 3770 2239 3826 nit
2267 3767 2594 3841 Hesychius
2634 3763 3076 3840 λαμπρύνουσαν.
3109 3767 3178 3822 Ει
3222 3765 3398 3839 paulo
3443 3771 3576 3839 post
3632 3785 3798 3825 men-

2149 3862 2291 3915 dose
2323 3856 2659 3914 Basiliensis
2690 3855 2900 3911 habuit
2922 3852 3246 3927 τυπόμενον,
3280 3872 3382 3927 pro
3413 3872 3529 3928 quo
3560 3857 3676 3914 duo
3698 3862 3803 3914 Re.

2146 3949 2248 4021 gii,
2279 3944 2642 4018 τυπούμενον,
2671 3967 2692 3994 ι
2727 3946 3100 4000 elformatum
3131 3943 3363 4018 lingua;
3390 3967 3419 3996 »
3452 3946 3800 4005 Eustathius

2149 4043 2347 4093 tamen
2381 4035 2629 4107 vulgatae
2677 4034 3037 4106 suffragatur
3087 4033 3345 4106 lectioni,
3379 4056 3407 4084 ‹‹
3453 4049 3560 4091 nec
3602 4052 3797 4092 aerem

2147 4127 2351 4199 lingua
2379 4125 2749 4180 verberatum
2773 4139 3121 4180 sermonem.
3159 4146 3182 4176 ι

2219 4223 2340 4282 Col.
2373 4225 2442 4279 49
2491 4227 2536 4278 Β
2590 4223 2644 4278 3.
2701 4218 3239 4293 Ευνυπακουομὲνης.
3281 4221 3407 4277 Vox
3466 4225 3593 4294 μιᾶς
3650 4222 3797 4279 dua-

2144 4315 2260 4372 bus
2286 4314 2518 4369 inclusa
2535 4309 2782 4383 virgulis
2805 4311 3006 4367 aberat
3027 4327 3060 4366 a
3077 4309 3307 4366 duobus
3331 4309 3526 4382 Regiis
3561 4326 3704 4367 mss.
3739 4315 3796 4368 et

2146 4405 2219 4462 ab
2239 4421 2356 4460 uno
2376 4401 2641 4476 Anglico.
2663 4400 3043 4457 Eustathius:
3067 4423 3094 4451 ‹‹
3117 4399 3622 4458 Subaudientibus
3641 4401 3796 4458 vide-

2146 4494 2283 4551 licet
2331 4493 2522 4560 nobis,
2579 4491 2716 4563 quia
2756 4490 3195 4563 nuncupatione
3243 4490 3359 4546 diei
3400 4507 3512 4547 nox
3560 4506 3796 4563 quoque

389 4560 411 4654 Σ
445 4560 571 4661 ἓοέ
587 4560 1131 4670 tegeaeae,
1163 4560 1381 4671 aqua;
1404 4560 1774 4670 nam...
1830 4560 2036 4654 est.
2065 4560 2115 4626 Ι)
2147 4583 2320 4640 debet
2339 4560 2614 4654 intelligi:
2642 4601 2670 4631 »

385 4695 522 4748 ante
571 4689 788 4748 caelum
839 4693 895 4745 et
943 4693 1162 4745 terram
1195 4687 1464 4745 conditas
1493 4703 1622 4744 esse
1652 4684 1882 4755 dixerit,
1916 4703 2031 4742 non

385 4781 643 4837 offendet
669 4781 912 4836 verbum
945 4779 1180 4851 pietatis
1211 4795 1226 4835 :
1264 4801 1285 4829 ιι
1322 4782 1380 4835 et
1400 4777 1523 4834 haec
1552 4775 1663 4833 fuit
1705 4792 1852 4849 pene
1881 4792 2034 4832 com-

385 4870 587 4927 munis
616 4869 952 4926 Graecorum
983 4868 1223 4924 Patrum
1258 4867 1551 4924 sententia
1581 4885 1599 4920 :
1632 4866 1732 4922 sed
1765 4865 2029 4934 alteram,

383 4979 513 5036 quae
539 4959 732 5017 sancti
754 4958 1195 5032 Augustiniest,
1218 4958 1336 5014 fere
1355 4973 1582 5027 omnes,
1609 4957 1711 5028 qui
1750 4959 1886 5028 post
1914 4960 2030 5010 Au-

380 5049 905 5126 gustinumLatine
928 5046 1847 5120 scripserunt,sequuntur.Apud
1869 5061 2031 5100 eum-

382 5144 516 5198 dem
540 5139 976 5196 Theodoretum
1013 5137 1226 5212 legitur
1263 5141 1370 5192 τῶν
1405 5135 1620 5212 ἀγαθῶν
1652 5131 2028 5210 ἐπαγγελίαις,

380 5249 498 5287 non
534 5232 644 5284 τῶν
704 5228 898 5303 ἁγίων
932 5229 1102 5301 eique
1158 5228 1393 5287 lectioni
1443 5229 1640 5284 favent
1693 5228 1808 5282 duo
1865 5225 2030 5298 Regii

377 5321 630 5389 codices,
663 5322 720 5374 et
748 5318 1112 5389 Eustathius,
1148 5340 1175 5370 «
1228 5319 1287 5374 in
1335 5317 1626 5374 bonorum
1684 5314 2029 5389 promissio-

378 5408 554 5464 nibus
584 5405 864 5477 operitur.
882 5427 912 5457 »
940 5411 1171 5464 Rursus
1203 5407 1360 5479 quod
1391 5405 1678 5478 sequitur,
1709 5403 1893 5458 ἱκανὸν
1919 5405 2026 5457 τῶν

378 5494 500 5567 ἔξω,
532 5496 767 5550 inverso
805 5495 1013 5552 ordine
1069 5496 1306 5553 exhibet
1361 5496 1786 5565 Theodoretus,
1845 5490 2028 5547 ἱκανὸν

373 5589 482 5642 τῶν
513 5578 663 5639 ἔνδον
697 5578 984 5653 διαστῆσαι
1012 5583 1082 5638 τὰ
1109 5581 1232 5655 ἔξω.
1265 5607 1296 5636 α
1327 5585 1490 5652 Quod
1541 5583 1730 5656 possit
1777 5598 1864 5654 ea,
1896 5598 2024 5654 quae

375 5675 520 5734 foris
549 5673 666 5732 sita
693 5675 854 5742 sunt,
885 5687 1158 5746 separare
1186 5673 1261 5731 ab
1287 5673 1383 5745 iis,
1407 5689 1537 5745 qua
1567 5671 1724 5727 intra
1762 5687 1824 5728 se
1868 5686 2022 5728 com-

2215 4672 2334 4730 Col.
2358 4673 2429 4728 5O
2458 4677 2501 4726 B
2533 4671 2620 4726 14.
2651 4669 2730 4726 An
2760 4687 2823 4725 ea
2858 4671 3019 4727 ratio.
3052 4671 3184 4726 Haec
3227 4671 3310 4726 ita
3358 4687 3493 4728 cum
3536 4686 3791 4743 sequen-

2141 4764 2304 4821 tibus
2317 4761 2624 4835 jungenda
2648 4764 2808 4831 sunt,
2835 4765 2898 4817 ut
2917 4762 3296 4835 interrogatio
3316 4778 3504 4834 usque
3518 4761 3591 4816 ad
3614 4759 3788 4817 ﬁnem

2139 4853 2363 4926 periodi
2387 4851 2710 4922 differatur,
2729 4872 2758 4901 ‹‹
2779 4851 2994 4923 septies
3017 4851 3377 4918 redeuntem,
3394 4872 3422 4900 »
3443 4853 3502 4906 et
3522 4847 3791 4906 deleatur

2141 4959 2250 5000 vox
2280 4965 2309 4995 «
2342 4958 2483 4998 sane
2515 4963 2542 4993 ››
2574 4941 2686 4997 hoc
2717 4941 2888 4996 modo
2922 4957 2936 4998 :
2975 4962 3002 4990 (ι
3031 4941 3266 4996 Litteris
3295 4939 3547 4996 traditur
3583 4954 3596 4994 :
3635 4943 3787 4994 Deus

2140 5033 2424 5090 nimirum
2449 5031 2547 5104 qui
2571 5031 2880 5104 temporis,
2897 5028 3443 5088 »etc.Eustathius:
3469 5026 3608 5085 «Vel
3631 5027 3788 5084 sicut

2139 5124 2418 5182 secretior
2437 5123 2618 5179 tradit
2647 5122 2815 5191 ratio,
2849 5121 3003 5178 Deus
3035 5138 3166 5176 cum
3202 5125 3472 5176 naturam
3505 5118 3790 5191 temporis

2139 5216 2496 5288 procrearet.
2528 5231 2555 5265 ι
2595 5215 2743 5268 Item
2774 5210 2942 5281 illud,
2974 5213 3133 5264 τοῦτο
3167 5206 3223 5263 δὲ
3252 5205 3532 5275 κυκλικόν,
3567 5208 3652 5264 sic
3669 5223 3794 5263 ver-

2139 5305 2385 5362 tendum
2419 5307 2509 5360 est
2541 5321 2554 5361 :
2591 5325 2620 5354 «
2654 5301 2788 5358 Haec
2817 5307 3015 5358 autem
3062 5306 3152 5358 est
3181 5299 3490 5357 circularis
3521 5297 3730 5371 ﬁgura,
3763 5313 3796 5352 a

2140 5395 2336 5467 seipso
2366 5393 2606 5448 initium
2641 5407 2891 5448 sumere.
2920 5413 2948 5442 »

2208 5491 2326 5548 Col.
2355 5491 2428 5546 52
2466 5494 2515 5544 A
2544 5490 2599 5544 5.
2630 5488 2748 5544 Ἵνα
2785 5486 2837 5542 τί
2871 5487 3022 5561 ὑμῖν.
3055 5487 3238 5545 Paulo
3286 5486 3455 5544 aliter
3503 5500 3565 5541 se
3618 5483 3794 5540 habet

2135 5580 2303 5638 locus
2335 5579 2487 5652 apud
2545 5577 2933 5649 prophetam:
2969 5575 3098 5631 Οὐαὶ
3147 5576 3200 5630 οἱ
3241 5573 3634 5648 ἐπιθυμοῦντες
3690 5571 3788 5640 τὴν

2136 5668 2347 5744 ἡμέραν
2407 5664 2626 5740 Κυρίου.
2686 5666 2803 5723 Ἵνα
2855 5663 2910 5720 τί
2971 5663 3107 5736 αὕτη
3171 5665 3299 5739 ὑμῖν
3358 5664 3394 5734 ἡ
3454 5659 3637 5735 ὴμὲρα
3689 5660 3789 5714 τοῦ
