4156 6376
379 330 498 389 979

1586 330 1821 394 NOTAE
1863 327 2229 391 FRONTON
2245 323 2310 387 IS
2354 323 2616 387 DUCIEI

3691 318 3818 379 980

381 453 618 526 Kuptou;
652 453 754 512 Καὶ
787 454 922 526 αὕτη
957 455 1069 512 ἐστὶ
1096 456 1309 526 σκότος,
1341 456 1430 512 καὶ
1468 455 1530 512 οὐ
1560 462 1675 534 φῶς
1701 475 1713 487 ·
1768 460 1854 516 γε
1899 459 2034 515 desi-

2152 454 2280 510 loco
2312 451 2504 518 Pauli,
2540 452 2588 505 Il
2619 447 2878 505 Corinth.
2911 464 3012 516 xu,
3042 448 3100 512 2,
3132 445 3230 500 ubi
3263 444 3816 517 scribitApostolus

379 544 707 602 iterantibus
736 546 880 602 dicm
910 550 1160 604 Domini.
1198 549 1262 605 Ut
1291 547 1423 620 quid
1469 548 1587 605 haec
1617 548 1764 604 vobis
1793 548 1908 602 dies
1937 549 2044 604 Do-

378 635 565 689 mini?
585 638 652 691 Et
679 651 743 690 ea
773 641 852 692 est
883 637 1142 703 tcnebrm,
1173 640 1226 692 et
1265 655 1373 692 non
1411 639 1528 692 lux.
1563 639 1728 709 Apud
1763 637 2042 710 Cyrillum

383 723 643 795 legitur:
699 727 814 780 Ἵνα
865 724 917 778 τί
975 723 1154 780 τοίνυν
1204 724 1366 795 αὐτὴ,
1414 726 1598 803 φησὶν,
1653 727 1804 798 ὑμῖν,
1852 725 2043 786 σκότος

384 809 540 881 οὖσα,
597 812 687 867 καὶ
745 813 807 868 οὐ
867 818 1025 888 φῶς;
1088 815 1187 868 Διά
1263 835 1347 869 τοι
1421 817 1483 870 τὸ
1552 815 1836 877 πλείσταις
1891 815 2042 876 ὅσαις

383 899 797 970 ἀναπεπλῆσθαι
831 909 1160 979 συμφοραῖς·
1200 929 1219 954 α
1256 910 1331 961 Ut
1388 907 1525 977 quid
1576 906 1775 977 igitur,
1827 905 2039 977 inquit,

381 990 514 1062 ipsa
542 992 728 1062 vobis,
762 1009 890 1063 quae
918 993 1173 1049 tenebras
1205 998 1314 1064 est,
1349 1012 1462 1050 non
1495 994 1630 1050 lux?
1663 995 1810 1060 Quia
1865 993 2040 1050 nimi-

379 1097 510 1136 rum
542 1081 716 1154 longe
747 1083 1026 1154 plurimis
1077 1084 1520 1142 calamitatibus
1570 1085 1976 1158 cpplebimini.
2012 1106 2040 1134 ›ι

379 1167 634 1241 Vulgata
662 1171 886 1241 Latina,
914 1173 994 1228 Ad
1024 1175 1157 1245 quid
1208 1191 1338 1231 eam
1375 1175 1568 1232 vobis?
1599 1175 1902 1242 nimirum,
1933 1192 2038 1248 op-

373 1260 514 1315 tatis
547 1261 819 1317 advenire
841 1264 868 1318 ‘l
901 1268 1104 1335 Itaque
1137 1266 1207 1320 ad
1253 1282 1520 1334 sensum,
1548 1283 1664 1322 non
1697 1268 1766 1322 ad
1797 1265 2038 1321 verbum

379 1349 584 1406 citavit
613 1351 771 1407 hunc
803 1351 996 1409 locum
1029 1355 1305 1424 Basilius,
1331 1373 1463 1412 cum
1498 1357 1643 1412 dixit
1674 1374 1686 1412 :
1721 1379 1748 1407 «
1784 1356 1858 1411 Ut
1897 1356 2037 1428 quid

375 1439 546 1496 vobis
579 1457 838 1512 quaerere
869 1443 1024 1499 diem
1058 1444 1336 1501 Domini?
1367 1468 1394 1495 η
1427 1447 1521 1503 Sic
1561 1447 1716 1503 enim
1749 1447 2037 1519 interpre-

379 1533 540 1586 tatus
571 1535 662 1586 est
693 1531 898 1590 Latine
931 1534 1284 1592 Ambrosius
1315 1535 1420 1594 lib.
1453 1554 1493 1605 ι,
1526 1555 1576 1593 c.
1601 1539 1687 1593 10.

448 1637 593 1694 Ibid.
654 1638 717 1694 B.
777 1641 832 1696 6.
897 1640 1129 1696 Ἐκεῖνοι
1192 1639 1374 1717 λόγοι.
1429 1645 1548 1701 Duo
1605 1643 1764 1717 Regii
1832 1644 2037 1717 legunt

373 1723 602 1795 ἐκιίνης,
647 1732 706 1782 et
753 1728 1098 1786 Eustathius
1153 1732 1536 1805 suffragatur,
1572 1734 1730 1788 «sed
1779 1749 2033 1805 vesperaa

372 1815 536 1873 illius
565 1818 844 1874 narratio.
881 1840 909 1869 »

445 1907 565 1963 Col.
592 1909 682 1964 52.
710 1911 771 1966 C.
802 1914 858 1966 2.
893 1909 1024 1986 Περὶ
1063 1915 1172 1967 τῶν
1221 1913 1477 1989 πρώτων.
1510 1916 1893 1973 Emendanda
1939 1920 2028 1972 est

370 1997 698 2070 inscriptio,
734 1999 869 2056 licet
899 2018 1028 2056 eam
1085 2005 1395 2075 praaferant
1446 2007 1833 2079 manuscripti
1893 2005 2028 2078 qui-

369 2088 529 2158 dam,
564 2105 634 2144 ex
663 2089 977 2147 oscitantis
1008 2091 1409 2167 librariorum,
1442 2113 1545 2169 pro
1576 2096 1700 2170 περὶ
1736 2099 1843 2150 τῶν
1903 2094 2029 2170 τρό-

369 2197 485 2231 πων
513 2183 613 2246 τῆς
651 2197 738 2254 γιν
748 2177 932 2242 ἑσεως.

441 2266 561 2323 Col.
594 2268 663 2323 54
697 2274 757 2324 B.
793 2271 848 2323 4ο
882 2271 1061 2340 Quam
1108 2274 1534 2331 commodarint.
1580 2277 2031 2332 Immulavimus

371 2354 710 2428 interpretis
739 2360 935 2430 verba,
960 2383 986 2413 ιι
1017 2379 1197 2433 quam
1230 2363 1413 2419 fenori
1447 2365 1802 2421 tradiderint
1832 2371 1980 2422 Deo:
2003 2387 2031 2416 »

372 2445 593 2516 quibus
625 2446 816 2505 simile
849 2449 991 2505 illud
1024 2453 1306 2523 Cornarii,
1339 2475 1362 2506 ιι
1395 2457 1551 2525 quod
1582 2457 1865 2528 temporis
1897 2473 2033 2528 pars

373 2536 448 2590 ad
475 2551 720 2592 usuram
751 2539 969 2594 tradita
1005 2557 1119 2595 non
1182 2543 1497 2611 evanescit,
1533 2566 1560 2594 »
1602 2550 1658 2599 et
1717 2545 2032 2614 Eustathii,

378 2647 406 2675 «
439 2641 578 2696 pars
610 2627 824 2682 modici
860 2629 1144 2701 temporis
1177 2632 1435 2688 fenerata
1457 2633 1572 2689 Deo
1596 2651 1710 2690 non
1744 2635 2032 2706 deperit.»

375 2715 672 2785 Ambigua
702 2720 791 2771 est
819 2734 927 2772 vox
959 2719 1282 2790 fenerandi,
1317 2726 1373 2776 et
1398 2740 1550 2795 saepe
1581 2725 1651 2779 de
1683 2723 1932 2795 pecunia
1963 2725 2034 2779 ad

376 2818 622 2858 usuram
658 2809 866 2861 mutuo
897 2808 1035 2862 data
1075 2814 1400 2882 usurpatur
1433 2829 1446 2868 :
1481 2816 1540 2868 at
1584 2811 1646 2865 τὸ
1679 2809 2033 2884 δανείζεσθαι,

374 2892 794 2965 Aristophanis
823 2896 1180 2954 Scholiastes
1226 2897 1290 2952 τὸ
1340 2895 1548 2954 δάνειον
1588 2902 1902 2975 distinguit
1929 2900 2035 2956 ἀπὸ

374 2987 472 3037 τοῖ’)
490 2981 682 3053 τόκου,
700 3008 727 3035 ‹‹
744 2993 1018 3044 mutuum
1040 2991 1398 3061 quodvis,ab
1419 3009 1484 3049 eo
1512 2995 1667 3066 quod
1692 2995 1765 3050 ad
1790 3011 2034 3050 usuram

379 3074 579 3143 datur,
609 3097 638 3126 η
677 3078 832 3134 unde
863 3078 1098 3136 libellus
1131 3080 1427 3138 Plutarchi
1464 3101 1476 3138 :
1511 3083 1639 3158 Περὶ
1672 3086 1770 3138 τοῦ
1815 3083 1890 3156 μή
1925 3080 2031 3137 δεῖν

375 3159 700 3263 δανείζεσθαι
729 3182 742 3195 ο
777 3167 852 3222 De
897 3170 1125 3226 vitando
1180 3186 1297 3228 wre
1351 3173 1556 3243 alieno,
1616 3179 1770 3229 recte
1827 3173 2032 3229 Latine
2062 3203 2107 3273 α

374 3252 740 3326 inscribitur,
778 3273 890 3312 non
924 3264 988 3314 ut
1018 3260 1278 3317 Gallicus
1328 3261 1619 3335 interpres
1666 3263 1871 3332 edidit,
1896 3287 1923 3315 ι(
1959 3269 2034 3320 De

375 3343 624 3414 pecunia
647 3350 851 3401 mutua
882 3347 953 3403 ad
985 3365 1231 3406 usuram
1257 3368 1370 3406 non
1390 3352 1796 3424 accipienda,»
1812 3352 1939 3409 vela
1956 3354 2036 3410 De

377 3447 497 3487 non
548 3432 880 3494 fenerando.
915 3456 944 3489 ιο
993 3439 1086 3494 Sic
1134 3440 1578 3513 intelligendum
1616 3443 1762 3499 illud
1822 3443 2037 3516 psalmi

378 3537 571 3593 XXXVI,
602 3524 712 3579 22:
748 3524 1048 3595 Δανείζεται
1078 3527 1106 3581 ὁ
1135 3527 1490 3602 ἁμαρτωλὸς,
1516 3529 1605 3585 καὶ
1637 3531 1740 3586 οὐκ
1769 3531 2032 3586 ἀποτίσει·

373 3614 692 3680 Mutuatur,
724 3615 815 3670 vel
843 3621 1098 3674 mutuum
1129 3622 1330 3692 accipit
1364 3630 1637 3693 peccator,
1669 3627 1722 3679 ct
1767 3640 1879 3677 non
1924 3624 2035 3678 sol-

370 3703 497 3764 vct;
543 3706 600 3756 et
656 3706 931 3761 Proverb.
977 3725 1097 3776 XIX,
1141 3709 1211 3765 47
1256 3727 1268 3765 :
1315 3709 1548 3778 Δανείζει
1607 3714 1723 3781 Θεῷ
1781 3711 1809 3763 δ
1867 3709 2034 3765 ἐλεῶν

371 3788 601 3864 πτωχόν
622 3809 635 3823 υ
668 3793 919 3850 Mutuum
972 3801 1088 3852 Deo
1135 3799 1251 3870 dat,
1285 3801 1381 3869 qui
1427 3803 1690 3872 pauperis
1720 3803 2033 3858 miseretur.

370 3879 629 3937 Verbum
660 3881 817 3938 enim
847 3884 1199 3942 Hebraicum
1244 3873 1344 3949 ΓιἹὸ
1402 3892 1772 3947 commodato
1792 3891 1879 3946 vel
1912 3909 2037 3947 mu-

370 3973 474 4025 tuo
505 3970 770 4043 accipere
799 3979 989 4042 sonat,
1025 3980 1083 4031 et
1107 3977 1282 4034 ﬁdem
1316 3979 1620 4035 mutuanti
1651 3980 2031 4052 obstringere.

447 4077 595 4133 Ibid.
629 4081 668 4133 C
718 4080 804 4135 12.
842 4082 1129 4150 Quomodo
1177 4086 1341 4142 Deus.
1393 4088 1791 4160 Argyropylus
1838 4089 2034 4146 edide-

376 4173 489 4239 rat,
525 4190 553 4218 ‹‹
583 4173 704 4225 Hoc
733 4176 862 4228 est:
898 4190 1040 4228 num
1075 4173 1232 4231 Deus
1277 4186 1475 4232 nostro
1525 4177 1802 4249 loquatur
1851 4195 2034 4236 more.

367 4258 442 4314 Et
469 4258 711 4330 quidem
743 4261 910 4331 prius
934 4281 967 4318 a
986 4264 1163 4320 rebus
1193 4265 1340 4337 ipsis
1363 4273 1536 4339 typus
1569 4269 1688 4323 sive
1718 4269 2035 4324 adumbra-

369 4346 450 4402 tio
503 4347 801 4404 abstracta
842 4366 905 4406 se
955 4352 1187 4422 inserit,
1218 4360 1276 4412 et
1307 4355 1674 4428 imprimitur
1714 4357 2036 4414 intellectui

373 4435 495 4491 sive
527 4437 867 4508 cogitationi
900 4439 1181 4498 hominis.
1219 4467 1248 4494 ››
1282 4445 1628 4517 Simplicius
1666 4447 2032 4518 Eustathius,

375 4542 556 4596 quem
588 4528 773 4583 secuti
802 4546 1014 4586 sumus
1048 4549 1060 4587 :
1093 4556 1120 4583 «
1167 4536 1470 4601 Quomodo
1502 4537 1657 4593 Deus
1693 4537 2033 4610 alloquitur,

377 4621 678 4683 nostrone,
699 4617 757 4673 id
794 4623 904 4689 est,
930 4620 1261 4693 hominum,
1284 4642 1468 4697 more,
1497 4627 1597 4698 qui
1629 4627 1794 4700 prius
1824 4630 2034 4684 futura

374 4705 457 4760 rei
491 4705 740 4762 formam
779 4709 1148 4780 concipimus
1179 4712 1502 4771 intellectu.
1541 4737 1568 4764 υ

445 4793 564 4850 Col.
596 4795 666 4849 53
709 4797 756 4852 A
794 4798 849 4852 8.
901 4799 1083 4869 Ecqua
1134 4802 1372 4858 tandem.
1416 4805 1746 4877 Scripserat
1790 4807 2037 4864 fortasse

375 4884 672 4956 interpres
708 4901 721 4940 :
758 4908 787 4936 «
818 4890 900 4942 En
927 4903 1056 4959 quas
1100 4892 1376 4962 tandem;
1413 4915 1440 4942 »
1473 4894 1689 4950 clarius
1718 4897 2036 4955 Cornarius

373 4973 596 5030 edidit:
625 4995 654 5025 ‹‹
681 4976 808 5032 Haec
840 4977 1080 5048 quidem
1106 4979 1287 5050 igitur
1311 4982 1369 5036 hi
1400 4983 1502 5054 qui
1536 4984 1843 5042 materiam
1875 4986 2036 5058 inge-

376 5066 640 5119 neratam
673 5065 867 5136 opiﬁci
902 5067 1394 5138 superinducunt.
1430 5091 1455 5122 ιο

448 5151 597 5208 Ibid.
632 5153 673 5207 B
706 5156 792 5209 11.
825 5157 929 5212 Nos
971 5161 1181 5212 contra.
1215 5162 1601 5217 Consentiunt
1638 5181 1773 5220 cum
1820 5166 2033 5223 Basilio

378 5240 780 5298 Theodoretus
827 5246 1154 5315 quaestione
1187 5248 1273 5314 11,
1301 5256 1359 5304 et
1407 5255 1613 5307 auctor
1660 5255 2032 5321 Qumstz'onum

379 5329 537 5399 apud
559 5330 881 5402 Justinum,
907 5335 1231 5404 quaestione
1258 5337 1348 5407 57,
1373 5355 1507 5394 cum
1539 5357 1607 5396 ex
1634 5343 1824 5399 verbis
1854 5347 2058 5403 Mosis-

379 5416 666 5487 colligunt
696 5418 843 5476 duos
873 5437 1002 5478 esse
1050 5423 1224 5479 caelos
1259 5444 1271 5482 :
1305 5430 1457 5498 quod
1487 5430 1767 5487 nimirum
1800 5433 2029 5504 dixerit,

379 5505 572 5577 primo
597 5507 776 5563 Deum
793 5525 1024 5567 creasse
1053 5511 1266 5569 cmlum
1298 5521 1355 5572 et
1388 5521 1628 5590 terram,
1662 5521 1873 5577 deinde
1894 5523 2031 5593 jus-

379 5594 554 5662 sisse,
586 5602 646 5649 ut
680 5599 841 5650 fieret
869 5598 1312 5658 ﬁrmamentum
1371 5606 1430 5661 in
1480 5608 1672 5664 medio
1719 5626 2027 5680 aquarum.

381 5683 543 5739 Licet
571 5688 769 5740 autem
802 5685 1002 5756 plures
1035 5688 1266 5747 duobus
1297 5693 1472 5751 ccelos
1501 5712 1630 5754 esse
1659 5697 1934 5770 colligere
1963 5717 2032 5760 ex

2156 547 2388 614 raptum
2426 555 2488 596 se
2519 555 2710 610 usque
2741 538 2810 592 ad
2843 537 3081 592 tertium
3111 535 3343 602 cmlum,
3376 538 3434 589 et
3475 551 3543 589 ex
3583 533 3815 605 psalmo

2153 648 2385 700 cxnvm,
2415 631 2444 684 4
2479 646 2494 684 :
2528 635 2725 684 tamen
2775 627 2834 682 in
2875 643 2940 682 eo
2988 642 3121 681 cum
3175 625 3273 679 illo
3303 623 3684 679 consentiunt
3714 623 3813 678 alii

2153 723 2270 776 duo
2297 721 2518 788 Patres,
2554 718 2711 790 quod
2743 733 2872 772 esse
2902 717 3052 771 duos
3110 731 3178 769 ex
3228 714 3436 769 iisdem
3488 713 3810 784 Scriptura:

2153 827 2332 866 sacrae
2365 809 2510 864 locis
2541 807 2849 878 colligunt,
2881 811 2936 861 et
2969 805 3124 876 quod
3167 820 3300 860 cum
3351 802 3469 858 illis
3528 803 3819 875 agnoscit,

2151 917 2217 954 ex
2245 898 2344 954 illo
2376 912 2588 970 genere
2610 895 2942 961 locutionis,
2965 895 3118 966 quod
3145 909 3392 949 numero
3413 891 3821 948 multitudinis

2151 994 2525 1052 utatur,cum
2551 987 2623 1042 de
2649 985 2810 1041 caelis
2832 985 2976 1057 agit,
2996 982 3265 1039 concludi
3289 999 3400 1037 non
3423 998 3596 1053 posse
3617 981 3820 1054 plures

2151 1077 2328 1133 ccelos
2359 1092 2489 1132 esse
2516 1092 2530 1130 :
2564 1076 2944 1147 quamobrem
2976 1072 3272 1128 immerito
3295 1069 3818 1143 reprehendendus

2150 1167 2510 1239 quibusdam
2534 1167 2768 1222 videtur
2786 1165 2875 1220 vir
2907 1163 3294 1220 doctissimus
3325 1160 3678 1216 Benedictus
3709 1165 3812 1217 Pe-

2150 1260 2362 1328 rerius,
2398 1259 2552 1330 quod
2610 1257 2828 1313 similia
2866 1255 3078 1311 dixerit
3118 1253 3434 1308 tradidisse
3482 1251 3812 1308 Theodore-

2149 1352 2276 1403 tum
2307 1353 2366 1404 et
2392 1347 2718 1416 Justinum,
2752 1362 2886 1401 cum
2915 1342 3263 1400 Theodoreti
3292 1341 3418 1397 haec
3447 1341 3622 1397 verba
3651 1342 3803 1396 sint:

2146 1434 2446 1512 Τοιγαροῦν
2497 1436 2587 1490 καὶ
2636 1433 2666 1489 ὅ
2703 1439 2784 1507 τῷ
2837 1430 3071 1504 δευτέρῳ
3112 1429 3408 1486 διαπιστῶν
3443 1429 3671 1504 οὐρανῷ,
3702 1426 3804 1500 ἔξω

2151 1526 2324 1600 βαίνει
2381 1533 2480 1596 τῆς
2541 1523 2747 1589 εὐθείας
2804 1521 2955 1593 ὁδοῦ,
2997 1521 3087 1577 καὶ
3140 1521 3168 1576 ὁ
3226 1517 3406 1575 πλείω
3467 1519 3809 1593 πειρώμενος

2145 1615 2418 1689 ἀριθμεῖν,
2471 1614 2662 1688 μύθοις
2718 1610 2927 1685 ἕπεται,
2978 1618 3078 1681 τῆς
3127 1615 3226 1666 τοῦ
3284 1607 3433 1664 θείου
3495 1606 3808 1682 Πνιῦματος

2145 1702 2497 1767 διδασκαλίας
2543 1708 2931 1779 καταφρονῶν·
3003 1726 3018 1756 ι
3062 1702 3171 1770 Qui
3228 1701 3413 1774 igitur
3462 1717 3576 1756 non
3621 1701 3810 1755 credit

2143 1798 2471 1852 secundum
2505 1812 2635 1852 esse
2666 1795 2901 1863 coelum,
2918 1794 3187 1850 semitam
3208 1796 3428 1847 rectam
3448 1788 3807 1862 transgredi-

2141 1892 2240 1942 tur
2271 1904 2283 1943 :
2315 1888 2415 1958 qui
2468 1903 2603 1942 vero
2636 1884 2837 1956 plures
2874 1897 3188 1940 numerare
3228 1885 3497 1950 conatur,
3529 1877 3797 1950 neglecta

2139 1977 2320 2032 divini
2356 1975 2610 2049 Spiritus
2657 1973 2946 2040 doctrina,
2989 1971 3205 2027 fabulis
3252 1969 3532 2025 adhaeret.
3563 1990 3590 2018 »
3623 1968 3793 2040 Apud

2137 2067 2441 2123 Justinum
2477 2070 2671 2122 autem
2707 2082 2720 2120 :
2754 2063 2849 2119 Ἐκ
2871 2067 2971 2130 τῆς
3012 2057 3336 2122 ἀκολουθίας
3379 2055 3472 2111 οὖν
3517 2060 3625 2111 τῶν
3677 2077 3787 2111 κει-

2145 2157 2320 2228 μένων
2354 2158 2546 2230 φωνῶν
2578 2156 2805 2226 νοοῦμεν
2849 2147 3110 2224 οὐρανοὺς
3139 2150 3256 2203 κατ’
3287 2146 3474 2202 οὐσίαν
3526 2147 3620 2221 μὲν
3676 2143 3796 2214 δύο,

2140 2246 2278 2300 κατὰ
2310 2242 2650 2318 διαστήματα
2681 2240 2739 2298 δὲ
2769 2240 3044 2302 πλείονας’
3082 2264 3110 2292 ‹‹
3141 2241 3223 2295 Ex
3250 2238 3413 2294 hisce
3441 2238 3617 2294 dictis
3638 2254 3794 2309 ergo,

2143 2354 2268 2408 qua:
2315 2337 2503 2409 posita
2548 2340 2707 2406 sunt,
2743 2348 3108 2405 consequens
3153 2334 3264 2398 est,
3299 2333 3364 2384 ut
3393 2327 3798 2401 intelligamus

2143 2427 2319 2483 ccelos
2351 2424 2689 2482 substantia
2731 2423 2969 2496 quidem
3012 2422 3183 2490 duos,
3215 2418 3552 2474 interstitiis
3605 2424 3794 2473 autem

2145 2517 2361 2591 plures.
2413 2535 2438 2568 ι)
2489 2520 2667 2572 Porro
2723 2513 2941 2569 ibidem
2997 2511 3224 2584 legetur
3281 2508 3479 2581 aptius
3536 2504 3694 2581 ἄρτος
3748 2505 3796 2574 ἐξ

2145 2606 2397 2682 οὐρανοῦ,
2429 2629 2457 2656 ‹‹
2511 2605 2678 2678 panis
2738 2604 2809 2659 de
2866 2601 3031 2670 cmlo,
3067 2624 3088 2650 ι»
3123 2601 3289 2657 Joan.
3342 2616 3420 2665 v1,
3482 2599 3541 2652 41
3576 2616 3589 2666 ;
3624 2614 3795 2670 quam

2145 2696 2296 2758 ἀετὸς
2330 2693 2379 2768 ἐξ
2413 2693 2662 2770 οὐρανοῦ,
2697 2717 2724 2745 ‹‹
2754 2692 2942 2764 aquila
2976 2693 3047 2746 de
3097 2689 3238 2747 ccslo
3271 2707 3285 2745 :
3322 2711 3351 2740 »
3401 2704 3590 2760 neque
3643 2688 3794 2742 enim

2143 2787 2262 2844 tale
2293 2786 2616 2858 quidquam
2650 2784 2709 2838 in
2749 2783 3052 2856 Scriptura
3092 2781 3370 2847 occurrit,
3415 2779 3512 2836 sed
3562 2781 3792 2833 tantum

2146 2877 2432 2934 Threnor.
2467 2893 2546 2942 1v,
2580 2875 2646 2929 19
2674 2892 2693 2930 :
2726 2870 3022 2931 Διώκοντῑς
3071 2871 3218 2942 ἡμᾶς
3280 2866 3411 2942 ὑπὲρ
3466 2863 3648 2925 ἀετοὺς
3701 2862 3788 2917 οὐ·

2147 2969 2331 3041 ρανοῦ·
2367 2968 2757 3037 Pcruqucnlcs
2786 2979 2883 3019 nos
2903 2978 3072 3034 super
3097 2960 3314 3032 aquilas
3343 2957 3480 3012 cwli.

2217 3056 2337 3112 Col.
2371 3057 2436 3110 61
2499 3057 2544 3110 Α
2601 3055 2655 3111 8.
2707 3048 3160 3111 ’Δποτελοῦντος.
3213 3049 3353 3104 Cum
3413 3051 3580 3101 antea
3633 3043 3781 3114 lege-

2148 3151 2308 3202 retur
2364 3141 2782 3214 ἀποτελοῦντας,
2836 3140 3169 3199 emendavit
3215 3155 3286 3194 ex
3331 3133 3591 3207 Anglicis
3645 3149 3786 3188 mss.

2145 3235 2540 3292 Montacutius
2604 3231 3023 3298 ἀποτελοῦντος,
3073 3246 3282 3300 nempe
3345 3224 3687 3298 πνεύματος’
3741 3229 3796 3278 at

2145 3329 2262 3383 duo
2305 3326 2468 3398 Rugii
2498 3324 2732 3381 codices
2761 3321 3149 3396 prasterehant
3195 3314 3666 3388 ἀποτελουμένους
3697 3309 3794 3385 ψό-

2146 3436 2300 3490 φους.
2333 3414 2646 3471 Cornarius
2681 3432 2693 3469 :
2731 3437 2757 3465 «
2792 3414 2869 3469 Eo
2928 3410 3080 3483 quod
3140 3406 3427 3463 violenter
3484 3407 3800 3475 erumpant

2146 3507 2430 3578 strepitus
2459 3505 2720 3561 tonitrua
2751 3502 3088 3560 efficientes.
3124 3520 3152 3547 »
3193 3495 3570 3552 Eustathius:
3606 3516 3627 3542 α
3675 3495 3798 3557 Qua

2149 3597 2392 3668 spiritus
2442 3599 2755 3667 conceptus
2800 3593 2858 3648 in
2903 3588 3161 3645 nubibus
3205 3583 3601 3654 violenterque
3662 3598 3796 3654 pro-

2148 3692 2357 3759 ruptus
2389 3686 2567 3741 efﬁcit
2596 3700 2807 3740 sonum
2831 3677 3228 3738 tonitrualem.
3262 3698 3290 3725 »
3323 3675 3605 3730 Caeterum
3639 3672 3796 3727 idem

2149 3778 2300 3850 quod
2336 3777 2405 3832 de
2445 3773 2702 3847 crystalli
2733 3771 2956 3844 origine
2984 3768 3166 3824 tradit
3219 3763 3474 3821 Basilius
3516 3779 3584 3818 ex
3634 3777 3795 3832 aqua:

2147 3866 2549 3941 congclatione
2579 3862 2899 3931 nascentis,
2927 3857 3107 3916 tradit
3137 3860 3196 3913 et
3228 3855 3452 3912 Statius
3482 3852 3540 3907 in
3573 3851 3794 3923 Epitha-

2146 3960 2314 4014 lamio
2345 3957 2551 4024 Stellae,

2287 4067 2542 4136 Raraque
2570 4061 2842 4135 longaevis
2869 4057 3092 4115 nivibus
3120 4054 3386 4128 crystalla
3429 4049 3617 4121 gelari
3635 4069 3656 4116 ,-

2147 4181 2205 4232 et
2239 4173 2462 4229 Plinius
2484 4172 2586 4227 lib.
2619 4185 2835 4234 xxxvu,
2856 4166 3062 4238 cap.2:
3085 4187 3113 4214 «
3135 4161 3435 4220 Contraria
3463 4175 3642 4215 causa
3671 4173 3796 4229 cry-

2149 4265 2387 4321 stallum
2419 4261 2558 4318 facit
2587 4261 2720 4333 gelu
2752 4255 3186 4314 vehementiore
3217 4249 3643 4309 concreto.Nec
3662 4245 3798 4304 alibi

2146 4360 2301 4412 certo
2328 4353 2641 4426 reperitur,
2676 4365 2854 4422 quam
2897 4346 2998 4403 ubi
3046 4343 3303 4400 maxime
3351 4341 3607 4396 hibernae
3639 4338 3801 4393 nives

2146 4447 2336 4517 rigent
2365 4441 2733 4516 glaciemque
2764 4454 2896 4496 esse
2927 4439 3150 4492 certum
3180 4438 3290 4503 est,
3323 4431 3481 4487 unde
3510 4433 3565 4484 et
3589 4443 3797 4484 nomen

2147 4516 2329 4591 Grieci
2359 4533 2586 4589 dedere.
2626 4551 2654 4580 »
2688 4532 2752 4583 In
2787 4543 2963 4598 quem
2994 4523 3188 4580 locum
3225 4525 3472 4578 annotat
3501 4516 3797 4574 Dalecam-

2147 4623 2301 4697 pius,
2335 4639 2403 4679 ex
2434 4617 2723 4693 Agricola,
2758 4616 2858 4671 lib.
2891 4633 2947 4671 v1
2986 4615 3060 4670 De
3103 4610 3412 4682 fossilibus,
3446 4631 3474 4660 ‹‹
3508 4605 3629 4697 falli
3684 4604 3796 4660 Pli-

2146 4696 2333 4780 nium,
2383 4710 2539 4785 quod
2591 4705 2904 4780 crystallus
2956 4717 3088 4758 vere
3133 4701 3235 4756 ﬁat
3291 4715 3360 4754 ex
3400 4696 3796 4785 lapidescente

2143 4783 2454 4877 perspicuo
2486 4811 2874 4869 succo,quem
2905 4792 3017 4849 sub
3046 4789 3243 4858 terris,
3269 4791 3369 4844 aut
3389 4787 3546 4843 inter
3573 4783 3794 4858 gelidas

2145 4892 2383 4966 rupium
2396 4906 2576 4948 venas
2598 4885 2890 4960 frigiditas
2905 4881 3224 4938 vehemens
3241 4877 3461 4950 glaciet
3483 4881 3541 4931 et
3557 4877 3749 4966 durat.
3765 4895 3793 4923 ››

2143 4964 2433 5040 Diodorus
2465 4995 2698 5052 quoque
2723 4973 2957 5031 Siculus
2979 4971 3156 5027 aliam
3177 4985 3417 5025 causam
3451 4967 3668 5040 profert
3691 4964 3793 5020 lib.

2143 5092 2184 5130 ιι
2212 5072 2568 5129 Bibliotheca.”
2597 5088 2616 5125 :
2645 5064 2782 5128 Τοὺς
2831 5058 3214 5140 κρυστάλλους
3274 5057 3462 5122 Λίθους
3519 5053 3666 5130 ἔχειν
3693 5052 3793 5120 τήν

2143 5163 2393 5216 σύστασιν
2452 5159 2503 5230 ἐξ
2562 5155 2756 5218 ὕδατος
2813 5154 3051 5227 καθαροῦ
3098 5146 3384 5224 παγέντος,
3419 5145 3525 5219 οὐχ
3569 5142 3671 5198 ὑπὸ
3702 5140 3795 5215 ψύ-

2142 5272 2298 5328 χους,
2333 5249 2457 5306 ἀλλ’
2492 5250 2593 5303 ὑπὸ
2643 5246 2790 5302 θείου
2829 5242 3000 5318 πυρὸς
3051 5237 3352 5312 δυνάμεως·
3385 5258 3409 5290 α
3441 5231 3792 5328 Crystallum

2142 5324 2211 5399 ei:
2242 5359 2395 5412 aqua
2425 5340 2748 5413 purissima
2778 5338 2838 5392 in
2873 5333 3122 5407 glaciem
3155 5330 3429 5385 indurata
3473 5324 3792 5382 coalescere

2143 5411 2331 5496 aiunt,
2385 5411 2500 5484 non
2560 5427 2802 5500 quidem
2863 5440 2898 5478 a
2953 5421 3189 5492 frigore,
3249 5417 3350 5474 sed
3404 5413 3585 5471 divini
3639 5411 3787 5484 ignis

2141 5518 2422 5593 potentia.
2449 5541 2478 5569 »

2213 5609 2332 5665 Col.
2381 5609 2453 5662 62
2507 5608 2546 5663 Β
2604 5609 2658 5665 5.
2713 5601 3050 5676 Specularis.
3093 5599 3185 5655 Sic
3241 5595 3633 5668 reposuimus,
3681 5603 3782 5676 pro

2144 5723 2173 5754 «
2203 5698 2539 5770 specularii.
2578 5719 2606 5748 »
2637 5698 2703 5754 In
2755 5675 3120 5764 quibusdam
3173 5685 3431 5758 Anglicis
3485 5687 3610 5742 erat
3659 5675 3790 5733 mt-
