4156 6354
403 315 520 376 981

1497 323 1602 382 AD
1650 319 2030 382 HOMILIAS
2077 320 2154 379 ΙΝ
2201 319 2770 380 HEXAEMERON.

3718 319 3839 381 982

401 445 562 514 κλου,
609 453 671 503 ut
699 453 758 504 et
782 449 840 506 in
876 449 1071 523 Regiis
1093 453 1364 521 duobus;
1403 453 1940 510 mendose.Plinius
1960 451 2064 508 lib.
2097 454 2146 519 Α
2181 452 2314 506 dem
2373 457 2550 524 caput
2605 454 2788 509 situm
2841 469 2970 509 esse
3028 451 3153 508 vult
3198 453 3308 508 sub
3334 452 3403 507 30
3435 451 3834 524 longitudinis

402 552 590 608 xxxvx,
627 554 757 610 cap.
787 539 896 595 22:
941 561 969 589 «
1001 541 1344 613 Specularis
1366 559 1519 610 vero,
1555 543 1836 616 quoniam
1886 546 1943 597 et
1973 541 2067 596 hic

394 623 546 697 lapis
580 643 793 683 nomen
818 629 1068 695 obtinet,
1103 631 1366 687 faciliore
1399 633 1584 688 multo
1609 639 1844 703 natura,
1901 630 2066 686 findi-

402 718 499 770 tur
533 716 590 770 in
623 717 948 788 quamlibet
979 723 1186 776 tenues
1221 726 1488 791 crustas;
1540 744 1567 772 ››
1630 727 1685 777 et
1734 722 1832 776 lib.
1876 738 1963 787 III,
2009 736 2061 774 c.

394 803 455 859 3|
491 819 503 856 :
540 827 568 854 ‹‹
600 805 849 862 Metellis
879 807 1166 879 Hispania
1189 814 1310 866 tota
1341 816 1528 867 scatet
1557 812 1816 879 citerior,
1851 815 1907 866 et
1937 827 2063 882 spe-

397 894 702 950 cularibus
734 894 1056 968 lapidibus.
1090 920 1116 949 »
1151 900 1485 972 Specularis
1533 900 1768 970 dicitur,
1820 916 1890 956 ex
1946 915 2060 971 quo

397 982 619 1038 ﬂebant
648 985 998 1056 specularia.
1053 988 1273 1046 Seneca
1331 991 1508 1063 epist.
1568 993 1638 1046 6O
1672 1007 1684 1047 :
1723 1013 1746 1042 α
1781 991 2058 1056 Quzedam

395 1079 600 1129 nostra
621 1074 861 1130 demum
895 1078 1190 1148 prodiisse
1222 1081 1512 1136 memoria
1545 1082 1790 1152 scimus,
1831 1084 1896 1135 ut
1926 1096 2057 1151 spe-

393 1163 750 1218 culariorum
777 1180 952 1221 usum
979 1169 1315 1240 perlucente
1334 1174 1487 1226 testa
1509 1170 1732 1226 clarum
1755 1168 2057 1226 transmit-

394 1250 644 1306 tentium
697 1252 917 1312 lumen.
965 1278 992 1305 »
1044 1259 1107 1312 ln
1140 1273 1318 1329 quem
1366 1259 1555 1315 locum
1612 1259 1843 1331 Lipsius
1905 1263 2056 1314 recte

391 1345 611 1407 monet,
659 1343 989 1414 specularia
1039 1348 1297 1418 quadras
1329 1348 1452 1404 sive
1481 1350 1649 1404 orbes
1681 1349 1865 1404 fuisse
1899 1349 2052 1404 fene-

389 1429 528 1486 stris
559 1430 811 1488 insertos
839 1435 910 1489 ad
945 1435 1134 1492 lucem
1173 1437 1846 1504 immittendam,ventos
1864 1436 2053 1492 exclu-

391 1519 636 1585 dendos,
670 1523 856 1578 vicem
890 1529 947 1579 et
979 1542 1151 1581 usum
1206 1525 1384 1582 hodie
1431 1528 1771 1596 vitreorum,
1804 1526 1962 1582 dicta
2018 1544 2051 1581 a

391 1607 586 1680 lapide
617 1611 1214 1686 speculari,idemque
1245 1616 1552 1673 Cataneus
1580 1616 1641 1672 in
1661 1617 1914 1674 Plinium
1946 1633 2048 1672 an-

389 1701 638 1754 notarat.
677 1699 958 1758 Martialis
991 1701 1091 1758 lib.
1127 1720 1249 1771 vm,
1285 1705 1437 1778 epig.
1474 1707 1578 1761 lt:

526 1855 783 1934 [liberius
806 1857 1017 1934 obiecta
1048 1861 1191 1916 notis
1221 1861 1544 1932 specularia
1569 1879 1740 1934 puros

529 1925 842 1984 Admittunt
870 1929 1098 1986 soles....

453 2094 562 2150 Sed
595 2110 664 2150 ea
697 2098 1035 2169 exemptilia
1066 2099 1246 2156 fuisse
1279 2101 1537 2170 tradunt,
1571 2107 1635 2160 ut
1664 2121 1798 2160 cum
1829 2104 2038 2162 liberet

382 2183 778 2241 auferrentur.
814 2186 1158 2245 Eustathius
1190 2189 1300 2246 hoc
1328 2190 1451 2247 loco
1476 2192 1560 2248 sic
1589 2195 2030 2252 emendandus:

380 2293 408 2321 «
441 2276 514 2328 Et
546 2273 646 2346 qui
681 2277 1006 2333 secundum
1048 2295 1218 2334 suam
1252 2285 1524 2337 naturam
1561 2282 1737 2338 fuerit
1767 2285 2034 2341 sincerus

379 2359 674 2433 inventus,
710 2381 814 2420 nec
837 2365 1092 2436 alicujus
1125 2369 1455 2441 putredinis
1487 2371 1839 2429 admistione
1861 2375 2036 2430 foeda-

380 2455 498 2518 tur,
526 2469 630 2507 nec
665 2452 884 2510 fundus
918 2455 1089 2512 rimis
1132 2457 1426 2529 aliquibus
1451 2459 1626 2516 fissus
1661 2467 1769 2528 est,
1805 2463 1920 2520 aeri
1954 2464 2032 2520 si-

382 2539 541 2595 milis
575 2541 876 2598 babetur.»
905 2545 1258 2603 Addidimus
1279 2549 1432 2620 apud
1459 2551 1880 2624 Argyrapylum
1907 2577 1933 2602 ‹‹
1960 2554 2030 2609 ad

378 2627 653 2700 fundum,
691 2651 718 2680 «
750 2635 807 2686 et
835 2654 863 2681 ‹‹
898 2637 1000 2688 aut
1021 2633 1251 2691 fissuris
1279 2638 1630 2709 perloratus,
1654 2662 1679 2688 ν
1715 2646 1778 2696 ut
1799 2645 2032 2700 Graecus

379 2720 574 2773 textus
607 2719 892 2792 exigebat.
927 2723 1243 2780 Cornarius
1275 2727 1467 2794 vertit,
1503 2745 1693 2800 neque
1725 2731 2034 2802 putredine

379 2807 579 2880 aliqua
631 2826 860 2880 exesus,
897 2827 1087 2884 neque
1116 2820 1448 2888 segmenta,
1483 2822 1585 2873 aut
1632 2819 1811 2876 strias
1843 2821 1901 2877 in
1946 2821 2031 2878 al-

377 2899 506 2951 tum
542 2899 856 2968 productas
887 2900 1130 2959 habens.
1169 2926 1196 2954 n

447 2985 564 3042 Col.
591 2987 661 3042 64
693 2992 736 3042 Α
765 2989 820 3044 6.
853 2993 907 3042 'O
956 2991 1032 3062 μή
1083 2989 1308 3068 ἐνορῶν.
1361 2997 1588 3070 Anglici
1619 2997 1752 3052 libri
1788 3001 2028 3074 rectius,

375 3091 554 3144 quam
588 3075 825 3147 vulgata
855 3078 1026 3134 lectio
1056 3081 1143 3136 vel
1175 3082 1337 3154 Regii
1378 3102 1521 3141 mss.
1556 3084 1715 3140 Ἀλλ’
1746 3087 1773 3142 ὁ
1808 3088 1884 3160 μή
1945 3088 2027 3143 ἐν-

2178 541 2386 610 gradu,
2423 540 2755 599 latitudinis
2777 559 2911 599 vero
2942 543 3030 609 46,
3062 542 3134 596 2O
3165 541 3413 596 minuto.

2249 649 2369 704 Col.
2403 651 2473 703 67
2503 653 2547 706 A
2577 653 2628 706 2.
2665 657 2914 723 Quorum
2958 655 3035 708 est
3083 651 3354 706 Eridanus
3401 649 3553 720 apud
3619 648 3833 704 Eusta-

2176 739 2366 794 thium
2385 739 2691 812 legimus,«
2721 758 2967 812 quorum
2986 745 3074 797 est
3102 739 3479 806 Rhodanus,»
3495 738 3596 794 sed
3611 743 3836 793 utrum-

2173 845 2286 900 que
2319 829 2534 884 falsum
2567 836 2676 898 est,
2709 831 2831 886 sive
2863 832 3211 886 Rhodanum
3239 830 3358 886 sive
3376 828 3699 883 Eridanum
3725 827 3831 881 Pa-

2171 919 2385 975 dumve
2413 918 2598 987 dicas,
2629 936 2696 975 ex
2732 920 3031 976 montibus
3063 920 3318 992 Riphaeis
3358 918 3518 986 oriri,
3553 923 3610 973 et
3640 917 3699 972 in
3734 932 3831 971 oc-

2170 1007 2519 1064 cidentalem
2554 1008 2849 1065 Oceanum
2882 1010 3154 1066 infundi:
3209 1026 3344 1065 nam
3394 1007 3717 1064 Rhodanus
3767 1005 3828 1060 in

2171 1114 2333 1154 mare
2363 1099 2859 1155 Mediterraneum
2892 1115 3008 1154 non
3042 1099 3212 1172 longe
3243 1116 3276 1154 a
3299 1096 3589 1167 Massilia,
3619 1094 3826 1151 Erida-

2167 1204 2278 1244 nus
2304 1189 2359 1244 in
2385 1188 2748 1244 Adriaticum
2773 1189 2968 1244 sinum
2985 1188 3310 1245 devolvitur
3329 1203 3508 1260 prope
3525 1184 3824 1240 Venetiae.

2165 1277 2340 1333 Porro
2372 1295 2439 1334 ex
2472 1276 2720 1350 Alpibus
2752 1279 2931 1333 ﬂuere
2955 1277 3391 1343 Rhodanum,ct
3422 1291 3525 1347 per
3556 1273 3822 1330 Allobro-

2163 1383 2304 1438 gum
2337 1384 2577 1439 campos
2607 1366 2842 1439 lapsum
2875 1367 3032 1438 apud
3069 1366 3418 1437 Lugdunum
3466 1380 3600 1420 cum
3656 1362 3822 1418 Arari

2163 1473 2528 1524 concurrere,
2563 1458 2729 1512 docet
2767 1457 2976 1512 Strabo
3026 1456 3129 1511 lib.
3170 1473 3248 1526 IV,
3300 1455 3619 1525 eodemque
3669 1451 3820 1508 libro

2163 1547 2350 1601 fontes
2384 1546 2616 1602 Eridani
2648 1548 2853 1602 statuit
2883 1546 2942 1601 in
2977 1545 3194 1601 finibus
3215 1544 3491 1616 Ligurum
3515 1548 3571 1600 et
3589 1541 3814 1599 Medul-

2162 1635 2376 1704 lorum,
2411 1636 2911 1706 quemadmodum
2960 1639 3018 1690 et
3052 1633 3294 1690 Plinius.
3331 1633 3676 1689 Ptolemaius
3709 1646 3812 1687 oa-

2159 1729 2266 1798 put
2297 1727 2426 1797 ejus
2451 1727 2623 1797 juxta
2674 1725 2904 1781 Larium
2939 1724 3132 1781 locum
3163 1723 3410 1781 collocat
3456 1721 3570 1778 sub
3619 1720 3807 1792 gradu

2069 1831 2119 1898 B
2156 1815 2445 1887 longitud.
2478 1816 2567 1882 29,
2604 1831 2684 1870 m.
2714 1816 2805 1883 20,
2837 1811 3169 1870 latitudinis
3214 1812 3305 1882 44,
3333 1829 3415 1867 m.
3449 1811 3533 1866 45.
3568 1813 3802 1866 Postre-

2153 1906 2434 1979 mo,quod
2465 1905 2563 1961 hic
2593 1907 2873 1961 dicuntur
2901 1921 3003 1977 per
3033 1902 3386 1976 )Ethiopiam
3408 1903 3659 1960 fluentes
3682 1918 3804 1959 am-

2146 2012 2249 2052 nes
2307 1995 2544 2068 quidam
2595 1992 2683 2048 ἐπὶ
2729 1994 2830 2062 τήν
2860 1990 2962 2064 tio)
2991 1997 3108 2054 τοῖς
3138 1991 3466 2065 πλεομένοις
3494 1993 3792 2047 ἁποκενοῦ-

2145 2085 2284 2152 σθαι,
2318 2085 2532 2140 rectius
2562 2101 2630 2140 ex
2665 2083 2932 2140 Medicmo
2963 2083 3216 2155 legimus
3250 2079 3354 2152 ἔξω
3399 2087 3500 2151 τῆς
3551 2079 3793 2154 πλεομέ-

2143 2194 2241 2244 νης
2275 2173 2684 2242 ἀποκενοῦνται,
2720 2175 2874 2247 quod
2909 2173 3064 2246 apud
3114 2172 3490 2228 Eustathium
3523 2171 3790 2240 vertitur,

2151 2288 2170 2314 α
2202 2264 2299 2320 alii
2342 2265 2400 2320 in
2435 2264 2765 2320 citeriorem
2801 2263 3192 2320 devolvuntur
3233 2263 3554 2329 Oceanum,
3603 2283 3632 2310 »
3693 2260 3795 2317 ubi

2145 2353 2554 2426 corrigendum
2591 2353 2835 2408 fortasse
2878 2375 2905 2403 ‹‹
2939 2352 2998 2408 in
3031 2351 3396 2419 exteriorem,
3431 2372 3459 2401 »
3501 2349 3601 2423 qui
3634 2349 3794 2406 scili-

2144 2447 2236 2499 cet
2257 2447 2346 2498 est
2374 2446 2538 2498 extra
2559 2441 2876 2498 Columnas
2905 2440 3193 2507 Herculis,
3217 2446 3275 2497 et
3293 2445 3454 2496 extra
3486 2455 3644 2496 mare
3676 2440 3794 2496 Me-

2144 2532 2568 2599 diterraneum,
2603 2531 2758 2604 quod
2809 2531 3069 2603 navigari
3109 2530 3276 2599 solet,
3309 2533 3374 2585 ut
3403 2529 3547 2584 dixit
3568 2529 3796 2585 Aristo-

2142 2620 2290 2677 teles
2323 2621 2448 2676 loco
2482 2622 2600 2691 iam
2634 2621 2852 2676 citato:
2896 2620 2965 2676 "0
2993 2638 3051 2672 τε
3095 2617 3374 2694 Χρεμέτης
3415 2615 3494 2678 εἷς
3535 2617 3636 2685 τὴν
3694 2612 3794 2688 ἔξω

2145 2709 2227 2786 ῥεῖ
2257 2707 2549 2773 θάλασσαν’
2590 2733 2616 2761 ‹‹
2644 2709 2977 2766 Chremetes
2999 2709 3056 2764 in
3081 2715 3385 2766 externum
3404 2724 3564 2764 mare
3587 2724 3795 2764 exone-

2141 2805 2324 2856 ratur.
2362 2825 2383 2853 ι
2424 2803 2510 2856 Ita
2539 2800 2686 2854 dixit
2716 2803 2774 2856 et
2806 2797 3096 2854 Lucianus
3150 2799 3210 2854 in
3267 2798 3624 2855 Prometheo:
3686 2794 3792 2850 Καὶ

2138 2889 2238 2957 τήν
2298 2887 2566 2952 θάλατταν
2624 2884 2960 2959 πλιομὲνην,
3014 2887 3231 2948 καὶτὰς
3275 2887 3476 2956 νήσους
3504 2904 3790 2940 κατοικου-

2145 2977 2328 3050 μὲνας⁰
2363 3001 2391 3027 ‹‹
2425 2979 2581 3034 Mare
2611 2977 2966 3049 navigatum,
3001 2981 3060 3032 et
3089 2975 3318 3032 insulas
3378 2977 3697 3032 habitatas.
3760 2997 3788 3025 ››

2140 3068 2455 3122 Externum
2489 3071 2685 3122 autem
2719 3083 2900 3138 mare,
2936 3070 3000 3122 ut
3029 3065 3202 3137 infra,
3235 3062 3300 3118 οὐ
3330 3063 3429 3141 γὰρ
3479 3063 3546 3133 ἦν
3591 3065 3627 3133 ἡ
3687 3058 3788 3134 ἔξω

374 3164 542 3273 οέιῦν,
574 3163 730 3273 sicut
762 3166 934 3237 paulo
975 3174 1109 3225 ante
1140 3152 1332 3240 ἁλλ’-ἧ
1366 3173 1392 3226 ὁ
1427 3173 1504 3246 μὴ
1539 3173 1772 3233 ἁκούων.
1809 3152 2023 3236 Eusta-

2143 3152 2411 3231 Γαδείρων
2447 3152 2708 3218 θάλασσα.

2209 3254 2328 3273 ης,
2389 3255 2428 3273 τι
2480 3257 2512 3273 η
2605 3256 2706 3273 ην.

375 3251 535 3308 thius
567 3253 734 3323 dixit,
764 3277 789 3305 ‹‹
823 3257 964 3324 Quis
997 3263 1192 3315 autem
1225 3265 1346 3318 tam
1404 3265 1623 3320 surdus
1680 3270 1789 3334 est,
1842 3285 2019 3340 quam

369 3340 471 3412 qui
531 3359 645 3398 non
701 3345 868 3400 audit
926 3347 1011 3402 ita
1042 3347 1235 3420 palam
1282 3351 1704 3409 vociferantem
1771 3357 2026 3430 Scriptu-

369 3446 514 3498 ram,
574 3431 663 3487 vel
724 3432 856 3505 quis
914 3438 1036 3490 tam
1088 3453 1296 3507 caicus,
1351 3440 1464 3496 nisi
1522 3441 1622 3513 qui
1653 3445 2024 3504 evidentibus

367 3517 740 3576 documentis
799 3521 1148 3581 instructus.
1193 3549 1222 3577 ››
1262 3527 1483 3584 Alludit
1541 3537 1739 3588 autem
1798 3535 1870 3590 ad
1922 3536 2023 3592 illa

366 3608 659 3697 propheta
694 3611 854 3667 Isaia:
885 3630 1023 3684 xm,
1058 3615 1162 3672 19:
1228 3615 1326 3670 Καὶ
1373 3615 1454 3682 τίς
1483 3617 1710 3697 τυφλὸς,
1741 3619 1868 3677 ἀλλ’
1899 3625 1933 3695 ἢ
1969 3625 2020 3678 οἱ

364 3692 554 3786 crdidit:
647 3717 774 3771 μου,
856 3699 946 3754 καὶ
1013 3703 1227 3780 κωφοὶ,
1302 3705 1427 3762 ἀλλ’
1484 3708 1519 3778 ἢ
1562 3692 1621 3763 ⁷οἰ
1680 3692 2021 3786 κυριεύοκιτες

367 3781 543 3875 αὐτῳν
569 3802 583 3854 ;
617 3787 682 3841 Et
712 3789 837 3860 quis
863 3804 1062 3862 caecus,
1093 3794 1209 3848 nisi
1232 3799 1400 3867 pueri
1446 3799 1576 3869 mei,
1608 3803 1660 3856 et
1687 3781 1866 3875 surdi,
1910 3807 2022 3862 nisi

364 3875 464 3946 qui
481 3873 840 3932 dominantur
860 3877 978 3932 illis
996 3881 1022 3932 .9

436 3962 660 4019 001.66
721 3966 761 4021 D
824 3967 876 4023 3.
940 3972 1023 4024 Ea:
1070 3970 1356 4042 Pyrenaeo.
1421 3975 1675 4034 Fidelius
1731 3983 2019 4052 expressit

368 4058 624 4110 mentem
659 4056 917 4113 auctoris
947 4057 1333 4119 Eustathius:
1367 4085 1396 4114 «
1430 4065 1514 4120 Ab
1541 4067 1861 4125 occidentis
1884 4088 2015 4129 vero

361 4140 700 4198 climatibus
731 4145 949 4203 aestivis
973 4149 1082 4204 sub
1105 4153 1376 4222 Pyrenaeo
1399 4154 1610 4211 vertice
1629 4156 1938 4216 Tartessus
1962 4177 2010 4217 τι»

359 4231 979 4320 tametsi-Aristoteles,
1015 4254 1083 4293 ex
1103 4255 1219 4310 quo
1251 4239 1364 4296 ista
1386 4243 1718 4318 desumpsit
1740 4249 2011 4320 Basilius,

360 4318 545 4388 dixit,
592 4317 651 4373 ἐκ
700 4328 800 4390 τῆς
851 4327 1132 4400 Πυρήνης,
1187 4349 1215 4380 ‹‹
1267 4345 1335 4384 ex
1381 4317 1679 4404 Pyrenaeo.
1741 4361 1769 4388 »
1829 4317 2010 4405 Quem

367 4409 528 4466 enim
589 4410 932 4470 Ptolemaeus
995 4421 1051 4472 et
1107 4417 1206 4472 alii
1249 4420 1442 4477 Baetim
1496 4424 1812 4497 appellant,
1855 4429 2013 4486 Stra-

359 4497 497 4554 boni
524 4504 581 4555 et
609 4502 914 4559 Pausaniae
946 4505 1258 4563 Tartessus
1291 4513 1400 4565 est.
1457 4513 1640 4585 Atque
1672 4517 1730 4572 in
1764 4517 2010 4575 Atlanti-

2209 3254 2355 3310 Ibid.
2389 3255 2430 3310 B
2479 3257 2537 3311 3.
2599 3256 2706 3323 Qui
2749 3255 2892 3310 dicis
2921 3254 3136 3327 abysso.
3190 3255 3275 3310 Ita
3316 3268 3551 3326 quoque
3582 3251 3788 3309 Latine

2133 3345 2341 3401 extulit
2370 3344 2718 3401 Eustathius
2745 3361 2756 3400 :
2787 3346 2894 3414 Qui
2937 3345 3076 3400 dicis
3125 3344 3316 3416 abysso
3337 3362 3356 3399 :
3413 3343 3786 3408 Dissipaberis

2131 3439 2189 3491 et
2219 3436 2556 3505 Cornarius,
2588 3435 2687 3506 qui
2721 3452 2838 3491 non
2899 3435 3380 3490 animadvertunt
3438 3432 3786 3506 prophetam

2131 3525 2422 3582 introduci
2449 3526 2518 3581 ad
2554 3529 2735 3580 Deum
2769 3525 2942 3580 verba
2963 3525 3308 3582 facientem:
3342 3522 3536 3594 itaque
3568 3522 3786 3579 rectius

2130 3619 2319 3670 vertes
2351 3615 2420 3669 ad
2464 3631 2706 3670 sensum
2767 3613 2968 3670 Basilii
3003 3631 3016 3668 :
3080 3615 3196 3686 Qui
3223 3614 3366 3669 dicis
3405 3612 3624 3684 abysso.
3682 3612 3781 3668 Sin

2131 3708 2325 3760 autem
2359 3708 2584 3776 spectes
2617 3703 2913 3776 prOphetaa
2945 3704 3134 3777 ipsius
3165 3708 3383 3760 textum
3426 3703 3581 3775 apud
3611 3701 3780 3771 LXX,

2129 3793 2255 3849 sine
2285 3791 2463 3848 dubio
2492 3792 2694 3864 lapsus
2724 3792 3004 3847 memoria
3033 3791 3262 3846 videtur
3293 3788 3568 3860 Basilius,
3590 3805 3780 3860 neque

2119 3882 2243 3954 jam
2269 3882 2552 3955 propheta
2576 3879 2712 3953 πρὸς
2731 3880 2820 3934 τὸν
2846 3879 2974 3935 Θεὸν
3000 3876 3323 3954 διαλέγεται,
3359 3883 3460 3936 aut
3489 3878 3778 3935 utvolunt

2127 3972 2390 4044 quidam,
2423 3971 2712 4048 προφήτης
2770 3970 2895 4044 περὶ
2937 3973 3035 4024 τοῦ
3065 3973 3220 4038 Θεοῦ,
3244 3970 3342 4027 sed
3377 3967 3593 4042 potius,
3639 3966 3776 4042 πρὸς

2123 4060 2214 4114 τὸν
2275 4059 2408 4114 λαὸν
2469 4060 2624 4131 Θεὸς,
2680 4063 2945 4134 pOpulum
2990 4062 3129 4117 Deus
3171 4059 3512 4131 alloquitur.
3573 4060 3778 4130 Itaque

2126 4154 2282 4206 recte
2314 4149 2557 4224 Vulgata
2584 4151 2808 4221 Latina,
2843 4151 2950 4219 Qui
2972 4150 3091 4206 dico
3135 4149 3433 4224 profundo,
3487 4147 3772 4217 Desolare,

2123 4241 2287 4298 Unde
2347 4245 2405 4296 et
2464 4241 2736 4313 sequitur
2783 4241 3007 4297 Graece:
3062 4237 3152 4292 καὶ
3199 4237 3326 4300 τοὺς
3359 4235 3642 4310 ποταμούς
3673 4257 3774 4290 σου

2123 4327 2361 4401 ξηρανῶ,
2391 4335 2442 4386 et
2471 4329 2716 4404 ﬂumina
2745 4338 2840 4386 tua
2888 4330 3212 4401 are/nciam.
3261 4328 3563 4384 Praecessit
3591 4326 3772 4398 enim,

2124 4423 2260 4476 llaec
2300 4419 2436 4475 dicit
2491 4421 2758 4477 Dominus
2805 4419 3110 4491 redemptor
3151 4427 3294 4487 tuus,
3355 4421 3448 4473 et:
3509 4418 3772 4474 Memento

2122 4508 2340 4579 horum,
2365 4510 2549 4565 Jucob.
2583 4509 2707 4565 Duo
2741 4508 2901 4581 Regii
2935 4508 3166 4564 codices
3195 4511 3537 4564 constanter
3565 4506 3771 4580 legunt

359 4603 494 4645 cum
526 4589 766 4661 quidem
800 4609 960 4650 mare
983 4611 1182 4652 verum
1213 4601 1304 4654 est
1331 4599 1673 4660 Tartessum
1705 4611 2006 4666 exonerari

2143 4597 2254 4673 πρὸς
2286 4597 2376 4651 τὸν
2409 4597 2562 4655 Θεόν.
2594 4599 3045 4655 Immutavimus
3067 4597 3271 4666 illud,«
3302 4597 3603 4670 vulgarem
3636 4596 3768 4668 qui-

359 4685 550 4734 ortum
579 4696 650 4736 ex
676 4680 1080 4755 Pyrenaeo,sed
1100 4691 1316 4745 Istrum
1342 4705 1444 4746 seu
1467 4694 1797 4753 Danubium
1820 4715 1888 4754 ex
1906 4700 2006 4757 illo

360 4770 538 4823 ﬂuere
563 4769 774 4828 falsum
795 4776 907 4845 est,
949 4779 1016 4831 ut
1036 4777 1191 4848 quod
1217 4778 1299 4834 ait
1336 4779 1575 4854 Seneca,
1616 4783 1719 4840 lib.
1777 4803 1834 4842 vi
1889 4790 2005 4846 Να-

357 4856 636 4914 turalium
663 4863 1228 4933 quastionumﬁllum
1260 4869 1549 4943 Europam
1571 4878 1630 4930 et
1656 4875 1855 4933 Asiam
1887 4878 2005 4934 dis-

356 4947 711 5040 ter-minare,
768 4954 925 5024 quod
975 4954 1159 5012 Tanai
1219 4959 1416 5030 potius
1472 4961 1648 5020 fluvio
1697 4966 2002 5040 convenit;

353 5036 457 5092 sed
505 5037 620 5094 ista
665 5043 1060 5115 geographica
1109 5062 1225 5102 non
1282 5046 1365 5104 ita
1418 5055 1618 5108 exacte
1663 5036 2006 5113 Aristoteles

355 5124 574 5198 aliique
605 5128 945 5205 philosophi
977 5137 1401 5208 expenderunt,
1430 5157 1577 5212 quos
1625 5143 1765 5200 dum
1801 5139 2002 5200 ἀϐασά-

353 5213 552 5305 γί-στως
580 5220 850 5290 sequitur
870 5225 1287 5284 sanctissimus
1309 5228 1480 5286 Pater
1509 5232 1784 5305 Basilius,
1819 5235 2007 5293 multa

353 5302 450 5359 hic
487 5305 823 5381 descripsit,
855 5329 984 5385 quae
1015 5316 1087 5371 ad
1121 5315 1414 5374 Ptolemaei
1446 5321 1644 5392 potius
1674 5327 1731 5380 et
1773 5302 2007 5383 Strabo-

355 5392 448 5448 nis
478 5393 848 5470 aliorumque
871 5402 1286 5462 historicorum
1307 5410 1596 5466 amussim
1614 5414 2007 5473 examinanda

355 5488 517 5540 sunt.
549 5485 803 5544 Danubii
834 5506 972 5564 ergo
1005 5493 1193 5552 fontes
1224 5495 1472 5555 collocat
1501 5503 1708 5560 Strabo
1730 5503 1788 5559 in
1812 5506 2006 5564 medio

357 5572 517 5629 silva:
548 5573 866 5665 l-lercyniaa,
893 5585 1398 5653 quemadmodum
1431 5591 1489 5644 et
1525 5589 1734 5663 Rheni,
1766 5593 1872 5652 lib.
1903 5612 2002 5665 vn,

361 5677 488 5735 qua
519 5663 664 5723 silva
692 5667 752 5725 in
777 5669 1094 5729 Germania
1112 5677 1236 5732 est:
1261 5675 1609 5738 Ptolemaeus
1631 5685 1824 5741 autem
1847 5663 2005 5758 ejus;

2117 4688 2244 4744 dem
2276 4704 2564 4758 sermone,
2597 4709 2626 4738 »
2659 4692 2715 4744 et
2771 4688 3197 4744 substituimus
3259 4687 3514 4758 Vulgata
3555 4686 3764 4740 Latinae

2115 4777 2484 4834 versionem:
2541 4781 2850 4834 mutuatur
2903 4777 3060 4833 enim
3116 4776 3226 4833 hoc
3277 4777 3350 4833 ab
3382 4773 3678 4846 Apostolo,
3713 4773 3764 4830 ΙΙ

2117 4869 2243 4924 Cor.
2303 4885 2382 4938 XI,
2441 4868 2515 4923 6:
2581 4865 2645 4920 El
2707 4863 2766 4920 δὲ
2811 4863 2902 4920 καὶ
2950 4862 3179 4935 ἲδιώτης
3225 4867 3304 4935 τῷ
3335 4859 3507 4938 λόγῳ,
3543 4860 3668 4917 ἀλλ’
3698 4859 3760 4915 οὗ

2112 4957 2182 5029 τῇ
2240 4955 2462 5030 γνώσει.
2519 4956 2658 5012 Nam
2715 4957 2820 5012 etsi
2875 4955 3164 5028 imperitus
3208 4968 3480 5023 sermone,
3533 4951 3626 5008 sed
3646 4968 3761 5006 non

2115 5046 2715 5103 scientiaEustathius
2737 5045 2917 5102 dixit:
2955 5043 3186 5100 «Nullis
3213 5043 3453 5115 quidem
3477 5041 3763 5098 facundiae

2113 5134 2376 5208 phaleris
2407 5141 2776 5204 exornatum,
2819 5134 3076 5190 scientiae
3109 5149 3241 5188 vero
3273 5132 3496 5188 ratione
3527 5131 3763 5204 potissi-

2117 5241 2301 5282 mum.
2338 5246 2368 5274 >>

2185 5325 2305 5380 Col.
2337 5325 2409 5380 69
2444 5328 2483 5380 C
2533 5325 2624 5382 10.
2681 5327 3033 5386 Μεταθεῖσαν.
3087 5323 3409 5396 Legebatur
3451 5322 3623 5377 antea
3676 5339 3766 5392 με-

2111 5414 2435 5485 τατιθέντος,
2485 5415 2586 5472 sed
2637 5431 2705 5470 ex
2743 5413 3004 5486 Anglicis
3061 5411 3364 5470 codicibus
3406 5411 3466 5467 in
3499 5411 3765 5484 margins

2114 5504 2440 5578 ascriptum
2485 5509 2610 5560 erat
2670 5507 3009 5576 μεταθεῖσαν,
3063 5503 3218 5574 quod
3267 5518 3455 5575 operae
3487 5506 3760 5574 typogpa.

2115 5595 2300 5668 phicis
2330 5595 2389 5650 in
2418 5597 2646 5650 textum
2677 5592 3066 5662 admiserunt,
3127 5596 3186 5649 at
3224 5592 3536 5665 sequentia
3581 5588 3764 5662 parti-

2115 5683 2268 5757 cipia
2322 5698 2439 5739 non
2495 5683 2636 5740 item
2681 5681 3123 5738 immutarunt:
3181 5682 3241 5739 in
3292 5682 3524 5740 duobus
3567 5679 3760 5751 Regiis
