4156 6378
358 318 476 380 983

1549 320 1784 382 NOTJE
1825 319 2272 383 FRONTONIS
2315 320 2574 382 DUCEI

3661 318 3791 380 984

363 451 650 524 scriptum
691 452 1046 508 offendimus
1089 453 1480 524 μετατιθιῖσαν,
1512 457 1568 508 et
1615 454 1674 508 in
1721 455 2014 525 sequenti-
2045 453 2099 521 Α
2129 454 2246 509 Hoc
2275 453 2818 526 est,disputandnm
2851 453 3136 508 adversus
3167 468 3268 507 eos
3294 449 3395 523 qui
3425 466 3493 506 ex
3528 449 3793 507 Ecclesia

365 539 479 596 bus
535 539 746 615 τροπὰς
794 541 1070 616 ἀπάγοντα
1123 547 1325 614 σημεῖα
1375 542 1734 614 μετατιθέντα,
1785 547 1842 597 et
1887 561 2012 616 τρο-

365 628 468 687 πὰς
528 625 884 705 ἰπανάγοντα·
949 650 1078 704 quae
1130 649 1261 688 cum
1327 632 1590 687 nonnihil
1651 633 1768 686 sint
1822 631 2013 684 ἀνακό-

367 715 842 785 λουθα,1ἱὶ)θῐ1ἱοῐ·
881 726 1170 792 receptam
1226 727 1396 776 antea
1449 720 1755 776 lectionem
1808 722 2018 776 retine-

366 823 511 862 rem.
542 809 889 866 Eustathius
922 812 1216 882 quomodo
1252 810 1475 882 legerit,
1511 829 1578 866 ex
1607 811 1795 882 ipsius
1825 809 2018 867 verbis

367 897 610 968 conjice.
646 920 676 949 ι(
707 899 773 952 Ει
797 904 952 954 certe
982 900 1250 956 videmus
1286 901 1730 956 moderatricem
1782 901 2019 972 sapien-

365 986 510 1041 tiam
544 987 668 1058 Dei,
701 987 881 1044 solem
915 988 972 1043 in
1006 989 1150 1045 alias
1211 994 1405 1062 partes
1454 1006 1522 1044 ex
1568 989 1700 1044 aliis
1757 994 2018 1060 transpo-

368 1079 624 1131 nentcm.
657 1077 767 1132 Sed
801 1095 958 1134 nunc
990 1095 1121 1134 eum
1157 1081 1226 1134 ad
1257 1079 1577 1134 australem
1625 1095 1830 1133 zonam
1863 1093 2020 1133 nunc

370 1165 440 1220 ad
475 1165 646 1238 signa
674 1166 1009 1224 solstitialia
1040 1186 1144 1241 pro
1181 1173 1512 1241 temporum
1550 1168 1874 1224 mutatione
1904 1172 2021 1224 tra-

374 1255 556 1310 ducit.
592 1277 621 1306 »

447 1361 565 1418 Col.
597 1364 662 1418 71
695 1363 734 1418 Β
763 1365 814 1418 3.
855 1365 918 1422 Ut
949 1364 1068 1422 haec
1093 1364 1219 1420 caeli
1267 1367 1588 1438 appellatio.
1639 1366 1762 1421 Non
1806 1366 1876 1421 de
1925 1382 2024 1438 ap-

377 1451 689 1524 pellatione
717 1453 842 1510 θαιΙί
876 1455 1090 1526 agitur,
1125 1457 1226 1511 sed
1259 1457 1330 1512 de
1361 1456 1614 1512 dictione
1635 1455 2019 1512 ﬁrmamenti:

377 1558 562 1613 neque
592 1546 746 1598 recte
778 1544 947 1599 vertit
977 1543 1086 1600 hoc
1120 1544 1495 1601 Eustathius:
1535 1565 1561 1598 α
1609 1545 1846 1617 Proprie
1896 1544 2024 1616 qui-

378 1627 511 1684 dem
542 1628 700 1685 aliud
733 1629 815 1685 illi
866 1631 1221 1688 conveniens
1274 1633 1461 1689 fuerat
1502 1650 1748 1689 nomen:
1803 1633 2024 1688 scimus

380 1720 575 1773 tamen
607 1719 933 1792 saepissime
964 1721 1175 1776 ccnlum
1210 1723 1321 1778 dici
1350 1723 1544 1778 locum
1595 1723 1854 1794 spissum
1879 1723 2023 1778 den-

2125 547 2284 609 sunt,
2321 557 2434 596 non
2458 542 2581 612 jam
2616 541 2831 598 ethnici
2854 544 2956 596 aut
2986 540 3198 612 pagani
3237 545 3302 595 ut
3326 539 3412 594 illi
3445 539 3787 612 philosophi

2126 628 2196 682 de
2229 629 2446 699 quibus
2477 633 2649 682 antea
2691 627 3060 698 loquebatur.
3090 626 3399 698 Origenem
3451 625 3606 680 enim
3642 641 3786 696 sup-

2126 733 2328 788 presso
2359 716 2486 786 ejus
2520 717 2755 772 nomine
2784 721 2965 783 taxat,
2999 720 3055 772 et
3094 713 3262 786 quasi
3313 713 3606 770 somnium
3656 713 3788 768 ani-

2127 805 2359 876 lemque
2392 805 2648 860 fabulam
2682 806 3103 877 expositionem
3133 805 3261 876 ejus
3303 803 3512 874 rejicit,
3540 805 3629 873 [ut
3680 804 3784 857 ad-

2131 899 2328 948 monet
2358 894 2622 950 Pererius
2652 894 3094 950 eruditissimus
3125 892 3346 949 ordinis
3384 893 3570 948 nostri
3616 893 3788 948 theo-

2128 982 2299 1054 logus
2330 983 2389 1036 in
2421 983 2852 1038 Commentario
2882 983 2940 1038 in
2976 983 3130 1039 hunc
3162 982 3450 1038 Geneseos
3480 981 3699 1038 locum.
3729 983 3786 1037 Is

2129 1072 2818 1143 enim,quemadmodum
2849 1073 3027 1128 refert
3052 1071 3416 1144 Epiphanius
3448 1070 3506 1126 in
3537 1070 3789 1142 Epistad

2126 1162 3030 1234 Joan.Hierosolymitanum,quae
3064 1161 3216 1234 apud
3253 1160 3674 1232 Hieronymum
3699 1165 3789 1216 est

2128 1250 2220 1321 60,
2247 1250 2548 1306 veritatem
2578 1251 2833 1308 historiae
2865 1251 3155 1324 allegoriae
3175 1249 3481 1308 mendacio
3504 1249 3787 1322 deprava-

2132 1342 2315 1408 bat,et
2336 1357 2522 1413 aquas
2545 1358 2670 1413 qua
2697 1359 2876 1414 super
2899 1342 3336 1397 ﬁrmamentum
3354 1348 3629 1406 sunt,non
3654 1355 3785 1394 esse

2133 1447 2337 1504 aquas,
2371 1433 2469 1486 sed
2504 1431 2876 1487 fortitudines
2909 1431 3198 1504 quasdam
3225 1428 3499 1503 angelicas
3531 1431 3782 1499 potesta-

2131 1523 2208 1576 tis
2239 1526 2296 1576 et
2327 1537 2536 1576 rursus
2559 1537 2744 1593 aquas
2772 1539 2895 1592 quae
2926 1537 3104 1592 super
3135 1524 3351 1575 terram
3384 1522 3546 1587 sunt,
3571 1517 3680 1572 hoc
3701 1521 3790 1572 est

2133 1611 2244 1667 sub
2280 1611 2672 1678 firmamento,
2696 1626 2825 1665 esse
2848 1610 3098 1665 virtutes
3127 1606 3534 1673 contrarias,id
3560 1610 3652 1662 est
3675 1606 3786 1660 dee-

2136 1716 2338 1755 mones
2365 1716 2377 1754 :
2407 1703 2464 1752 et
2496 1698 2903 1772 Hieronymus,
2931 1699 3102 1770 epist.
3133 1699 3226 1767 61,
3259 1702 3486 1753 sextum
3521 1697 3789 1766 ejusdem

377 1811 696 1879 satumque
727 1809 900 1864 aeris.
937 1831 965 1859 ››
997 1811 1352 1868 Cornarius:
1387 1834 1415 1862 ‹‹
1457 1785 1757 1884 Tanquam
1792 1811 2026 1884 proprie
2061 1831 2109 1898 Β
2138 1794 2720 1898 θντίίτξξηληῑξωθνθίξν
2753 1789 2908 1898 (1:10“!
2941 1785 3789 1898 ἕξειΡθνθάίξυίτξιξΙῙξξίξξίξεξ-ίν

380 1895 620 1968 quidem
652 1896 819 1954 alteri
851 1899 1238 1971 appellatione
1270 1906 1646 1974 congruente,
1669 1903 1838 1972 juxta
1867 1900 2032 1956 simi-

380 1983 695 2043 litudinem
726 2005 860 2044 vero
892 1989 1064 2044 etiam
1114 1990 1218 2046 hoc
1261 1989 1712 2062 appellationem
1758 1995 2033 2046 transsu-

385 2078 636 2132 meutea
669 2075 786 2134 Hoc
805 2077 930 2134 vult
949 2078 1554 2151 scilicet,firmamenti
1582 2079 2031 2153 appellationem

386 2163 554 2221 alteri
585 2167 1022 2233 convenire,sed
1055 2169 1263 2224 coelum
1288 2173 1484 2226 tamen
1508 2187 1612 2243 per
1638 2169 2034 2243 participatio-

387 2269 522 2310 nem
546 2255 951 2314 similitudinis
975 2258 1276 2331 appellari.
1309 2260 1592 2316 Caeterum
1622 2259 1787 2316 locus
1817 2259 2036 2326 ille,m-

388 2346 592 2413 τόμενα
635 2345 771 2399 κατᾶ
811 2345 875 2400 τὸ
925 2347 1206 2423 στερέωμα
1253 2351 1348 2402 τοῦ
1399 2349 1632 2424 οὐρανοῦ
1661 2391 1676 2416 ,
1726 2351 2038 2421 decerptus

392 2438 484 2490 est
513 2450 582 2489 ex
611 2435 817 2492 Genesi
852 2453 976 2508 cap.
1011 2455 1050 2506 ι,
1082 2453 1230 2493 vers.
1279 2439 1370 2507 20,
1419 2455 1591 2508 quem
1634 2438 1715 2493 ita
1752 2438 2040 2510 expressit

387 2523 444 2577 Β.
477 2523 822 2581 Ambrosius
853 2524 1166 2598 lib.u,cap.
1201 2527 1271 2582 [ιε
1305 2548 1333 2575 ‹‹
1361 2526 1637 2583 Volatilia
1667 2527 1816 2590 cmli,
1849 2532 1907 2582 et
1936 2543 2036 2582 vo-

386 2609 573 2668 lantia
601 2629 780 2686 super
807 2618 1023 2671 terram
1056 2633 1227 2672 secus
1268 2616 1703 2672 firmamentum
1750 2615 1917 2685 coeli;
1971 2633 2036 2673 eo

387 2702 544 2772 quod
590 2702 850 2759 volatilia
904 2704 1058 2760 circa
1114 2705 1470 2778 superiorem
1514 2705 1810 2762 versantia
1838 2705 2033 2761 locum

383 2794 604 2848 terram
653 2797 938 2864 spectent.
992 2817 1020 2844 »
1076 2795 1186 2850 Sed
1233 2795 1688 2867 distinguendae
1719 2800 1808 2851 est
1835 2799 2032 2852 tamen

385 2880 546 2951 prior
567 2881 732 2938 locus
755 2899 822 2938 ex
843 2883 1072 2955 psalmo
1093 2901 1218 2952 vm,
1250 2885 1304 2953 9,
1338 2885 1581 2940 volucres
1609 2885 1752 2953 cazli,
1785 2902 1818 2940 a
1849 2888 2036 2957 poste-

383 2969 524 3024 riori
555 2985 623 3026 ex
652 2987 670 3026 ι
701 2971 1226 3036 Genesis.0uartus
1248 2974 1488 3028 demum
1508 2991 1574 3029 ex
1602 2973 2032 3029 Deuteronomii

384 3074 585 3130 xxxm,
613 3060 698 3128 13,
739 3061 944 3132 quisic
983 3062 1335 3117 efferebatur
1363 3062 1420 3116 in
1454 3062 1756 3118 Basiliensi
1780 3062 2035 3118 editione

387 3145 492 3200 ἀπὸ
522 3147 663 3220 ὃρων
699 3147 928 3222 οὐρανοῦ
976 3149 1064 3204 καὶ
1111 3147 1327 3224 δρόσου,
1363 3169 1478 3224 quo
1511 3157 1676 3225 pacto
1705 3157 1762 3207 et
1794 3152 2032 3207 Ambro-

2144 1900 2170 1927 ‹‹
2207 1881 2272 1932 ut
2301 1877 2556 1932 historiae
2589 1877 2815 1932 auferat
2845 1877 3170 1942 veritatem,
3203 1891 3308 1947 pro
3337 1874 3649 1931 arboribus
3681 1890 3790 1928 an-

2141 1965 2320 2038 gelos,
2353 1982 2454 2038 pro
2486 1966 2831 2022 fluminibus
2863 1966 3110 2022 virtutes
3141 1964 3404 2020 cmlestes
3435 1961 3788 2034 intelligens.

2143 2056 2497 2126 Septimum,
2539 2057 2692 2128 quod
2726 2072 2932 2127 aquas,
2978 2071 3104 2126 qua:
3136 2071 3314 2126 super
3345 2052 3520 2108 caelos
3552 2052 3608 2106 in
3640 2050 3794 2106 Scri-

2146 2146 2335 2219 pturis
2367 2161 2497 2201 esse
2529 2144 3066 2214 dicuntur,sanctas
3098 2158 3503 2216 supernasque
3525 2141 3793 2208 virtutes;

2147 2253 2273 2308 qua:
2305 2251 2482 2308 super
2509 2239 2749 2298 terram,
2783 2239 2840 2290 et
2889 2234 3042 2290 infra
3080 2240 3320 2303 terram,
3367 2231 3693 2288 contrarias
3742 2235 3800 2285 et

2146 2325 2536 2382 daemoniacas
2566 2340 2694 2379 esse
2745 2324 3079 2380 arbitretur.
3133 2343 3158 2376 ι
3208 2326 3280 2378 At
3323 2321 3618 2378 contraria
3666 2337 3798 2375 sen-

2145 2415 2325 2470 tentia
2357 2414 2472 2469 fere
2503 2413 2766 2469 omniurn
2799 2418 3059 2470 veterum
3094 2417 3330 2468 Patrum
3385 2416 3622 2468 esttam
3650 2410 3797 2464 Grae-

2146 2520 2348 2559 corum
2377 2519 2555 2574 quam
2595 2503 2956 2570 Latinorum,
2979 2504 3503 2575 quosfenumerant
3532 2515 3667 2555 cum
3700 2503 3797 2554 Pe-

2146 2593 2334 2649 rerius
2364 2594 2546 2662 idem,
2581 2597 2706 2648 tum
2744 2591 3040 2648 Martinus
3089 2591 3320 2648 Dslrius
3347 2591 3486 2646 item
3520 2597 3718 2645 noster
3741 2587 3798 2642 in

2148 2683 2504 2749 IGeneseos,
2561 2699 2726 2738 veras
2774 2687 2832 2738 et
2881 2681 3178 2736 naturales
3231 2697 3361 2737 esse
3391 2696 3572 2752 aquas
3619 2695 3799 2750 supra

2146 2773 2356 2829 ccelum
2391 2771 2677 2843 siderum,
2711 2775 2775 2826 ut
2799 2772 3199 2827 Theodoretus
3231 2773 3440 2842 quaest.
3472 2768 3795 2834 tl,Justini

2147 2863 2527 2932 Qua’stionum
2579 2870 2802 2931 auctor,
2859 2865 3066 2933 quiest.
3121 2861 3212 2928 93,
3260 2863 3318 2916 et
3346 2857 3683 2915 Gennadius
3731 2855 3790 2909 in

2144 2952 2382 3017 Catena,
2416 2951 2588 3020 cujus
2628 2950 2987 3022 expressisse
3034 2951 3210 3005 verba
3253 2949 3403 3004 Beda
3453 2946 3680 3000 videtur
3725 2943 3785 2997 in

2147 3042 2296 3096 libro
2331 3043 2399 3096 De
2421 3048 2624 3096 natura
2654 3057 2865 3107 rerum,
2899 3055 3000 3096 eas
3039 3057 3217 3111 aquas
3239 3038 3435 3094 dicens
3459 3036 3528 3091 ad
3552 3033 3782 3104 refrige-

2145 3131 2430 3186 rationem
2465 3134 2522 3185 et
2551 3130 3030 3201 temperationem
3074 3128 3298 3185 ardoris
3320 3126 3580 3184 siderum
3605 3123 3789 3179 luisse

386 3235 512 3293 sius
540 3203 774 3295 videtur
791 3239 1000 3313 legisse
1021 3203 1167 3298 libro
1191 3203 1271 3297 οξ
1288 3203 1766 3298 sesesese;
1785 3203 2028 3314 me;

2148 3223 2543 3292 comparatas.
2584 3219 2868 3276 Gennadii
2905 3221 3079 3275 verba
3126 3223 3362 3274 suntex
3411 3233 3523 3272 ms.
3575 3210 3791 3269 codicis

384 3332 636 3398 charum,
668 3344 794 3402 cap.
831 3331 933 3386 tt:
971 3331 1336 3402 Eustathius,
1369 3349 1402 3388 a
1431 3331 1632 3402 ﬁnibus
1659 3332 1783 3388 caeli
1815 3348 1826 3386 :
1881 3336 1940 3387 at
1971 3334 2029 3387 in

385 3414 734 3473 Henriciano
765 3420 964 3475 codice
1009 3417 1115 3474 ἀπὸ
1138 3424 1246 3474 τῶν
1274 3419 1439 3495 ὀρῶν,
1471 3439 1503 3477 a
1533 3422 1834 3492 montibus,
1877 3421 2028 3492 quod

383 3508 440 3559 et
471 3504 529 3560 in
562 3507 866 3564 nonnullis
914 3509 1350 3566 Deuteronomii
1390 3510 1694 3566 codicibus
1743 3509 2032 3582 scriptum

381 3595 622 3666 reperiri
644 3595 966 3653 Flaminius
987 3599 1258 3654 Nobilius
1277 3603 1528 3656 testatur
1552 3618 1564 3656 :
1597 3616 1732 3655 vera
1753 3604 1842 3656 est
1862 3598 2032 3654 lectio

381 3683 636 3740 Medicei
667 3685 824 3757 libri,
856 3704 1032 3760 quam
1067 3689 1490 3760 expressimus,
1517 3694 1576 3745 et
1604 3689 1880 3744 Romans:
1911 3688 2036 3743 edi-

376 3772 556 3830 tionis
589 3775 763 3842 LXX,
799 3773 904 3828 ἀπὸ
934 3779 1044 3830 τῶν
1095 3776 1276 3850 ὡρῶν,
1324 3796 1364 3832 a
1409 3778 1685 3848 fructibus
1718 3797 1732 3845 ;
1783 3777 2036 3848 Vulgata

377 3861 603 3927 Latina,
635 3862 702 3918 de
725 3867 908 3936 pomi:
938 3865 1061 3920 caeli
1087 3874 1138 3921 et
1169 3881 1310 3922 rore.
1339 3865 1461 3922 Vox
1501 3866 1742 3923 Hebraea
1791 3864 2034 3921 delicias

379 3955 435 4007 et
464 3951 748 4009 delicatos
799 3953 1022 4010 fructus
1072 3954 1385 4028 significat,
1435 3957 1590 4011 unde
1621 3955 1920 4027 Pagninus
1959 3955 2027 4009 ad

377 4041 647 4113 verbum,
699 4064 728 4092 «
784 4043 857 4100 de
904 4043 1168 4100 delicatis
1223 4043 1526 4100 caelorum.
1580 4067 1608 4094 »
1659 4044 1802 4100 Male
1851 4043 2036 4117 igitur

379 4128 693 4186 Kircherus
749 4135 1131 4204 Augustanus
1190 4133 1249 4188 in
1307 4133 1501 4190 Indice
1558 4135 1868 4190 Bibliorum
1924 4135 2032 4188 He-

379 4220 784 4277 braico-erco
811 4238 1011 4278 vocem
1066 4223 1242 4279 istam
1303 4223 1504 4279 docuit
1533 4246 1560 4273 ‹‹
1595 4229 1854 4280 montem
1891 4245 1918 4272 »
1951 4225 2030 4278 si-

375 4309 675 4380 gniﬁcare,
707 4310 865 4367 hunc
899 4315 1091 4368 locum
1123 4313 1334 4384 citans,
1359 4329 1490 4368 cum
1526 4311 1681 4386 ὡρῶν
1715 4313 2030 4384 legendum

377 4398 475 4467 sit,
506 4415 621 4454 non
653 4397 817 4474 ὀρῶν·
847 4401 1082 4457 tametsi
1116 4402 1304 4458 Biblia
1351 4402 1697 4458 Germanica
1745 4401 2030 4458 Basilien-

377 4486 466 4541 sia
492 4487 800 4544 lectionem
851 4489 1013 4545 illam
1059 4495 1377 4547 tueantur:
1440 4491 1942 4562 quemadmodum
1975 4495 2033 4546 et

2149 3310 2450 3366 illustriss.
2499 3309 2817 3366 cardinalis
2863 3309 3108 3366 Joeusrri
3154 3307 3486 3379 exscripta:
3541 3305 3656 3357 Ἲνα
3705 3299 3795 3354 οὗν

2153 3399 2229 3471 μὴ
2289 3395 2450 3452 τοῦτο
2509 3395 2737 3473 πάσχων
2806 3395 3026 3452 ἀπείποι
3084 3396 3219 3472 πρὸς
3268 3396 3368 3464 τὴν
3431 3394 3615 3448 στάσιν
3665 3389 3799 3444 ποτὶ

2150 3485 2274 3541 ἀλλ’
2306 3488 2583 3561 ἁράματον
2631 3485 2841 3560 ὁμοίως
2883 3485 2972 3540 καὶ
3021 3487 3208 3561 ἀγήρω
3239 3487 3468 3538 πάντοτε
3525 3478 3799 3552 διαμένοι,

2148 3580 2330 3653 σοφῶς
2363 3575 2390 3630 ὁ
2421 3575 2815 3652 ἀριστοτέχνης
2851 3574 2981 3635 Θεὸς
3022 3575 3121 3643 τήν
3174 3571 3446 3650 ἀφαίρεσιν
3497 3568 3582 3624 ἐπ’
3634 3567 3802 3624 αὐτοῦ

2146 3669 2252 3719 τῶν
2291 3661 2498 3719 ὑδάτων
2546 3665 2963 3740 ἐμηχανήσατο,
3022 3669 3122 3732 τῆς
3163 3660 3222 3717 ἐκ
3270 3659 3480 3716 τούτων
3512 3655 3800 3734 ἐγγινομέ-

2145 3777 2240 3825 νης
2271 3756 2418 3828 αὐτῷ
2475 3755 2823 3830 καταψύξεως
2882 3755 3017 3830 πρὸς
3076 3755 3176 3824 τήν
3223 3751 3282 3808 ἐκ
3310 3755 3416 3807 τῶν
3443 3753 3652 3825 ἄστρων
3713 3748 3799 3802 ἀν-

2144 3847 2607 3919 τιγαθισταμὲνης
2652 3845 2984 3920 θερμότητα·
3043 3866 3064 3894 ι
3096 3845 3179 3903 Ne
3226 3861 3342 3918 qua
3382 3843 3560 3916 igitur
3589 3839 3798 3898 caloris

2145 3937 2442 3993 vicinitate
2473 3935 2817 4003 solveretur,
2842 3937 2944 3992 sed
2969 3936 3026 3991 in
3060 3952 3168 3992 suo
3199 3939 3353 3990 statu
3382 3947 3614 4004 semper
3635 3929 3798 3986 inde-

2147 4027 2366 4082 fessum
2402 4035 2801 4098 reternumque
2831 4026 3068 4081 duraret
3099 4019 3801 4091 firmamentum,sapiens

2145 4115 2504 4171 architectus
2531 4116 2657 4187 ipse
2680 4116 2828 4172 Deus
2861 4115 3288 4187 separationem
3323 4112 3474 4166 hanc
3505 4124 3798 4182 aquarum

2145 4206 2468 4276 prudenter
2498 4205 2866 4277 excogitavit,
2897 4209 2962 4258 ut
2990 4219 3192 4259 earum
3225 4200 3666 4273 refrigeratione
3699 4215 3802 4252 aes-

2141 4298 2237 4348 tus
2271 4294 2528 4349 siderum
2560 4293 2642 4349 ita
2671 4298 3048 4365 temperaret,
3083 4297 3148 4348 ut
3179 4296 3450 4347 neutram
3480 4288 3540 4344 in
3573 4292 3800 4360 partem

2141 4381 2459 4438 laboraret.
2500 4405 2520 4432 ι

2209 4507 2326 4564 Col.
2360 4509 2432 4563 75
2463 4509 2526 4563 B.
2559 4509 2614 4563 2.
2665 4510 2785 4564 Etsi
2835 4509 2984 4564 dicat
3031 4508 3171 4579 quis.
3219 4509 3514 4577 Interpres
3542 4501 3799 4574 scripse-

373 4591 680 4668 Ρθνρθτθιω
714 4580 1016 4668 contendit
1074 4581 1290 4636 ibidem
1348 4597 1546 4638 Vocem
1613 4581 1880 4636 eamdem
1922 4580 2031 4636 ΗΘ·
2067 4581 2109 4644 D
2142 4601 2232 4654 rat
2267 4621 2293 4649 «
2321 4598 2656 4665 annuntiat,
2691 4603 2754 4654 ut
2783 4603 3013 4655 astruat
3040 4595 3258 4668 aliquis
3293 4599 3352 4651 et
3381 4594 3802 4664 interpretetur

376 4664 590 4721 braam
626 4677 744 4728 ut:
773 4667 982 4742 τροπὴν
1031 4672 1443 4727 conversionem
1491 4687 1720 4737 sonare,
1771 4674 2033 4741 propter-

377 4769 446 4810 ea
470 4756 623 4826 quod
655 4756 714 4812 in
747 4759 950 4814 eodem
985 4758 1110 4815 loco
1143 4760 1381 4830 dicitur,
1428 4759 1547 4822 icao’
1587 4758 1728 4831 ὥραν
1761 4756 2032 4834 γεννημά-

376 4863 484 4896 των
518 4841 684 4914 ἡλίου
712 4843 957 4921 τροπῶν,
1008 4871 1037 4899 ‹‹
1084 4851 1408 4904 secundum
1468 4850 1676 4904 horam
1731 4850 2028 4904 fructuum

381 4933 523 4990 solis
555 4937 1036 4994 conversionum:
1066 4961 1086 4987 η
1123 4955 1254 4994 cum
1279 4943 1475 4994 tamen
1508 4938 1628 4992 illic
1658 4955 1764 4993 vox
1791 4938 2032 4994 Hebraea

384 5034 588 5086 mann
616 5046 642 5080 ι
677 5033 1000 5100 proventus
1034 5050 1062 5078 ››
1084 5033 1186 5083 aut
1211 5051 1236 5077 ‹‹
1272 5029 1495 5098 fruens,
1521 5051 1549 5077 »
1598 5027 1907 5101 γεννήματα
1936 5045 2031 5084 so-

382 5118 516 5182 net;
553 5124 652 5171 aut
677 5118 904 5192 τροπάς,
939 5141 968 5168 «-
1003 5119 1433 5186 conversiones,
1477 5140 1502 5167 ι)
1530 5134 1644 5173 non
1678 5121 1875 5172 autem
1908 5129 2028 5180 ’τλῇ

383 5219 558 5274 quam
591 5228 619 5255 ‹‹
655 5206 894 5263 delicias
929 5231 955 5257 »
980 5208 1258 5279 diximus,
1293 5212 1394 5263 aut
1425 5230 1453 5257 «
1486 5207 1765 5263 delicatos
1799 5207 2027 5263 fructus

385 5295 710 5364 Pagninum
743 5300 798 5353 et
829 5296 975 5353 alios
1021 5295 1313 5352 Hebraicaa
1357 5297 1570 5368 linguas
1597 5298 1815 5368 peritos
1846 5296 2024 5352 inter-

380 5383 618 5452 pretari.

449 5489 570 5546 Col.
602 5491 675 5546 74
702 5494 742 5548 C
773 5494 861 5548 10.
909 5493 1181 5551 Adversus
1228 5496 1640 5551 ecclesiasticos.
1695 5492 2022 5551 Dilucidius

377 5579 732 5636 Carnarius:
768 5605 795 5632 «
829 5583 1010 5639 Nobis
1059 5589 1254 5640 autem
1289 5585 1362 5640 ad
1393 5581 1823 5640 ecclesiasticos
1849 5583 2018 5639 etism

375 5673 662 5745 quosdam
714 5690 906 5731 sermo
954 5677 1189 5748 quidem
1240 5680 1328 5733 est
1360 5676 1429 5732 de
1462 5675 1731 5732 discretis
1763 5675 1956 5747 aquis.
1991 5695 2016 5728 ν

2145 4685 2322 4746 hosce
2351 4687 2529 4745 caelos
2559 4688 2807 4744 virtutes
2837 4703 2967 4744 esse
2996 4685 3289 4758 quasdam
3315 4681 3800 4755 contemplationi

2145 4784 2507 4845 concreatas,
2536 4779 2976 4834 ﬁrmamentum
3007 4792 3141 4832 vero
3174 4773 3636 4844 facultates,quaa
3667 4788 3803 4844 ope-

2143 4885 2274 4924 rose
2301 4869 2369 4924 ad
2380 4869 2619 4924 modum
2633 4873 2690 4924 et
2703 4866 3018 4924 efficaciter
3032 4866 3087 4920 fu
3097 4869 3352 4938 agantur
3368 4863 3716 4929 otticio,nem
3727 4878 3798 4934 pe

2143 4960 2542 5030 operatrices.
2608 4981 2630 5011 ι
2678 4957 3127 5014 Emendandum
3186 4955 3343 5027 apud
3395 4950 3800 5019 Eustathium,

2147 5072 2166 5099 σ
2186 5048 2535 5120 contempla‘
2551 5048 2698 5105 rices
2721 5045 3572 5113 essevirtutes,ﬁrmamentum
3596 5046 3798 5098 autem

2141 5138 2436 5194 factricem
2462 5139 2558 5194 Dei
2584 5137 2962 5210 potentiam,»
2997 5153 3100 5208 pro
3131 5159 3159 5186 ‹‹
3193 5131 3666 5204 contemptibiles
3688 5131 3802 5187 vir-

2139 5231 2294 5282 tutes
2318 5245 2330 5296 ;
2357 5250 2384 5278 »
2411 5233 2469 5283 et
2493 5229 2665 5300 paulo
2680 5232 2832 5301 post,
2862 5250 2884 5277 ι
2911 5244 3036 5299 qua:
3056 5224 3190 5281 istis
3207 5221 3563 5279 dictionibus
3585 5224 3796 5288 inest,»

2138 5333 2253 5372 non
2279 5317 2766 5385 dictionibus,sed
2787 5317 3134 5374 rebusinest
3150 5313 3300 5369 ratio
3313 5316 3370 5367 et
3384 5310 3797 5382 consideratio,

2136 5407 2294 5461 unde
2323 5406 2673 5462 Eustathius
2704 5407 2915 5462 vertit:
2951 5427 2980 5456 κ
3021 5403 3134 5460 Sed
3168 5400 3558 5458 consideratio
3586 5416 3794 5457 eorum

2134 5495 2454 5568 prudenter
2476 5513 2508 5552 a
2537 5513 2781 5553 sensum
2812 5493 3167 5551 habentibus
3205 5488 3618 5562 contemplata,
3671 5491 3792 5562 glo-

2131 5585 2519 5641 riﬁcationem
2551 5586 2778 5658 perficit
2805 5583 3120 5642 Creatoris.
3147 5604 3174 5632 »ο
3219 5581 3538 5640 Coruarius
3565 5582 3792 5652 optime

2136 5697 2158 5726 ι
2192 5673 2406 5732 Verum
2441 5691 2635 5732 sermo
2667 5676 2729 5732 in
2759 5675 2852 5733 his
2883 5671 3243 5748 speculative
3273 5673 3568 5742 acceptus.
3597 5692 3627 5720 ››
