4156 6360
403 317 520 377 985

1471 315 1576 374 AD
1620 313 2003 375 HOMlLlAS
2051 313 2129 374 IN
2173 313 2754 376 HEXAEMERON.

3708 309 3828 372 986

473 448 590 504 Col.
633 448 706 503 76
751 448 813 504 C.
868 447 954 502 10.
1010 447 1096 502 Ἐν
1145 446 1294 521 ἀρχῇ
1342 445 1434 499 τὸν
1487 445 1706 502 σκοπόν.
1773 446 2050 502 Basilien-

2169 447 2288 517 pti:
2323 456 2684 520 quapropter
2716 449 2911 503 fodere
2942 448 3140 518 desiit,
3171 451 3234 502 ut
3269 463 3338 502 ne
3373 445 3641 501 immisso
3675 461 3804 499 mar

403 539 486 595 sis
518 537 698 593 editio
727 537 935 592 habuit
965 533 1170 611 ἐναρχῇ
1203 537 1591 606 conjunctim,
1635 541 1694 591 at
1726 535 1889 607 Regii
1943 536 2060 590 duo

404 628 723 683 emendant
747 624 1034 700 ἐναργῆ,θι
1066 626 1410 698 comprobat
1441 626 1910 682 emendationem
1944 626 2059 680 Eu—

407 716 687 783 stathius,
724 717 863 771 dum
896 715 1099 770 vertit:
1143 738 1170 766 «
1205 715 1408 771 Merito
1440 731 1576 787 ergo
1607 714 1845 786 quidem
1890 715 1945 769 in
1971 732 2059 769 ra-

406 806 626 861 tionem
661 805 1030 877 gignentium
1075 804 1447 860 manifestam
1480 821 1608 860 esse
1656 805 1993 877 proposuit:
2034 826 2060 852 »

408 911 537 966 quae
568 895 704 949 licet
737 895 1018 948 mendosa
1049 893 1424 948 indicanthic
1457 893 1857 960 scribendum,
1892 916 1919 943 «
1954 894 2061 958 Qui

409 984 594 1057 igitur
645 984 1023 1039 manifestum
1082 998 1285 1038 eorum
1329 998 1456 1054 quae
1504 983 1672 1050 fiunt,
1721 983 1896 1038 ﬁnem
1949 982 2061 1038 sibi

408 1090 576 1146 pr0p.
612 1094 642 1122 »
674 1073 890 1128 Eodem
918 1073 1086 1128 modo
1117 1071 1288 1140 intra,
1322 1072 1626 1144 legebatur
1658 1071 1717 1126 in
1760 1071 2059 1127 Basiliensi

407 1158 880 1235 θᾶὶι.,ὁρωμὲνοις
914 1159 967 1214 ἐν
1003 1159 1236 1236 ἀρχῇ,θῒ
1257 1177 1326 1216 ex
1345 1162 1552 1217 iisdem
1582 1165 2059 1218 mss.correctum

406 1257 498 1308 est
546 1249 763 1324 ἐναργῆ,
815 1251 1091 1322 quocirca
1137 1252 1483 1306 vertendum
1532 1255 1640 1319 est,
1691 1273 1718 1302 «
1751 1251 2064 1306 manifesta

405 1342 606 1397 statim
641 1341 927 1412 exempla,
961 1363 988 1392 ››
1024 1345 1089 1396 ut
1119 1340 1265 1395 dixit
1296 1339 1702 1409 Bustathius,«
1736 1340 2066 1395 benefacto-

405 1430 487 1485 ris
521 1435 904 1486 monumenta
935 1431 1268 1485 certissima
1300 1430 1568 1502 capiatis.
1606 1451 1634 1479 »

475 1537 596 1594 Col.
626 1538 698 1591 79
745 1544 788 1593 Α
836 1537 922 1591 13.
971 1539 1100 1593 lam
1151 1553 1296 1593 vero.
1357 1536 1546 1592 Verba
1582 1535 1875 1592 Eustathii
1925 1538 2062 1592 sub-

407 1626 716 1681 stituimus
747 1627 805 1680 in
843 1624 1034 1681 locum
1070 1625 1319 1681 istorum
1343 1625 1717 1698 interpretis:
1753 1649 1780 1676 «
1815 1626 1938 1680 Non
1971 1627 2066 1681 de-

406 1715 674 1786 sunt,qui
707 1714 794 1770 vel
822 1731 1008 1786 usque
1041 1715 1111 1770 ad
1137 1714 1431 1771 insaniam
1457 1731 1518 1770 se
1539 1719 1693 1770 totos
1715 1715 2066 1771 addixerunt

2171 541 2647 607 corrumperetur
2677 553 2830 608 aqua
2862 537 3042 592 ﬂuvii.
3069 558 3098 585 »
3125 536 3333 590 Strabo
3364 540 3560 589 tamen
3593 534 3829 588 natione

2171 625 2474 697 Egyptius
2507 625 2652 681 falso
2684 627 2740 680 id
2777 626 3182 681 renuntiatum
3216 625 3389 680 Dario
3432 624 3599 678 Medo
3649 621 3832 676 tradit

2173 713 2276 768 lib.
2309 729 2466 768 XVII:
2529 712 2625 766 Καὶ
2687 717 2841 775 οὗτος
2906 711 2962 768 δὲ
3017 710 3206 786 ψευδεῖ
3253 711 3491 774 πεισθεὶς
3531 711 3703 787 ἀφῆκε
3765 709 3828 764 τὸ

2172 795 2327 875 ἔργον
2408 800 2532 875 περὶ
2621 801 2927 857 συντέλειαν
3007 800 3115 871 ἤδη
3193 797 3506 875 γενὸμενον.
3567 797 3824 867 Ἐπείσθη

2170 889 2270 965 γὰρ
2333 891 2733 966 μετεωροτέραν
2787 892 2916 946 εἶναι
2976 892 3074 960 τήν
3111 892 3372 966 Ἐρυθρὰν
3429 887 3698 944 θάλασσαν
3729 894 3830 956 τῆς

2171 977 2472 1052 Αἰγύπτου,
2522 979 2614 1034 καὶ
2673 979 2716 1033 εἷ
2775 979 3061 1051 διακοπείη
3117 982 3222 1041 πᾶς
3283 980 3311 1034 ὂ
3369 977 3564 1052 μεταξὺ
3613 977 3828 1050 ἰσθμὸς,

2172 1065 2668 1139 ἐπικλυσθήσεσθαι
2722 1072 2792 1142 τῇ
2854 1068 3094 1144 θαλάττῃ
3151 1071 3251 1137 τὴν
3309 1066 3610 1143 Αἴγυπτον
3663 1090 3691 1117 ‹‹
3725 1066 3827 1123 Hic

2173 1174 2408 1230 quoque
2443 1175 2588 1230 pene
2621 1159 2955 1214 absolutum
2982 1176 3128 1230 opus
3160 1159 3439 1214 deseruit.
3471 1157 3639 1213 Falso
3667 1157 3825 1212 enim

2173 1263 2494 1318 persuasus
2510 1253 2597 1302 est
2615 1250 2858 1304 rubrum
2886 1264 3046 1303 mare
3069 1249 3310 1320 [Egypto
3333 1264 3463 1304 esse
3484 1246 3826 1316 sublimius,

2173 1336 2423 1408 ideoque
2455 1337 2501 1392 si
2539 1338 2770 1393 medius
2803 1338 3064 1392 isthmus
3093 1338 3472 1403 incideretur,
3513 1337 3824 1408 ngyptum

2175 1442 2207 1480 a
2234 1425 2380 1480 mari
2406 1426 2682 1481 obrutum
2727 1427 2820 1481 iri.
2855 1451 2878 1478 ι
2934 1425 3220 1480 Diodorus
3261 1425 3494 1482 Siculus
3525 1424 3625 1480 lib.
3659 1442 3677 1480 ι
3727 1441 3828 1480 vo-

2175 1518 2268 1570 cat
2300 1510 2543 1586 διώρυγα
2573 1513 2966 1589 χειροποίητον
3001 1513 3080 1576 εἲς
3120 1513 3210 1568 τὸν
3263 1508 3551 1589 Ἀραϐικὸν
3596 1510 3826 1580 κόλπον,

2177 1627 2204 1654 ‹‹
2239 1605 2456 1660 fossam
2488 1605 2796 1660 hominum
2830 1605 3182 1660 manibusin
3215 1605 3410 1660 sinum
3437 1604 3746 1660 Arabicum
3773 1607 3833 1658 et

2174 1693 2535 1765 Erythraeum
2573 1709 2734 1749 mare
2766 1695 3105 1750 deductam.
3143 1715 3170 1742 »
3203 1692 3428 1748 Plinius
3461 1697 3659 1748 autem
3692 1708 3832 1763 quo-

406 1804 576 1877 equis
599 1806 670 1861 ad
693 1805 965 1861 obeunda
986 1805 1310 1861 certamina
1342 1804 1699 1871 exercendis,
1737 1805 1880 1860 adeo
1915 1809 1978 1860 ut
2003 1805 2054 1860 in

2177 1783 2350 1837 modo
2373 1783 3047 1854 conjungerevoluerint
3069 1782 3124 1837 bi
3152 1799 3317 1854 reges
3333 1787 3650 1853 utrumque
3665 1797 3826 1837 mare

406 1910 692 1966 equorum
726 1893 976 1965 gratiam
1007 1893 1115 1949 sibi
1151 1894 1464 1949 videantur
1493 1910 1596 1966 per
1616 1910 1890 1949 somnum
1925 1911 2061 1949 con-

406 1982 625 2055 ﬂigere.
660 2004 688 2032 υ
724 1982 894 2052 Atqui
928 1999 1042 2038 non
1074 1980 1197 2055 περὶ
1227 1982 1610 2060 ἱπποτρόφων,
1644 2006 1672 2033 ‹‹
1723 1985 1793 2038 de
1836 1982 1911 2038 iis
1962 1983 2061 2056 qui

405 2087 588 2144 equos
614 2070 782 2126 alunt
804 2070 890 2127 vel
924 2075 1216 2142 exercent,
1250 2096 1271 2123 ι
1310 2073 1409 2128 sed
1446 2074 1518 2128 de
1550 2073 1622 2127 iis
1655 2072 1979 2146 agitur,qui
2003 2073 2060 2127 in

405 2161 688 2216 factiones
715 2160 886 2217 divisi
911 2165 1183 2233 spectant
1210 2162 1556 2230 certamina,
1593 2161 1679 2217 vel
1703 2163 1762 2217 in
1787 2162 2061 2218 circensi-

401 2251 514 2306 bus
549 2250 696 2322 ipsis
745 2251 1081 2306 decertant:
1128 2251 1358 2323 proprie
1391 2268 1646 2323 namque
1680 2253 1748 2306 de
1782 2251 1935 2308 circo
1984 2252 2066 2307 ita

398 2339 730 2410 loquuntur
761 2343 980 2407 Patres,
1017 2343 1082 2394 ut
1113 2339 1375 2396 insanire
1409 2357 1474 2397 ac
1507 2341 1697 2396 furere
1718 2341 1917 2396 dicant
1937 2358 2059 2411 eos,

397 2429 494 2499 qui
529 2429 682 2484 inter
711 2430 1096 2500 spectandum
1137 2431 1521 2486 contendunt.
1557 2430 1959 2486 Tertullianus
1985 2432 2060 2487 De

402 2519 727 2589 Spectaculis
753 2534 880 2590 cap.
916 2519 1019 2572 16:
1058 2540 1087 2569 ‹‹
1136 2518 1278 2574 Cum
1330 2535 1463 2590 ergo
1501 2519 1662 2576 furor
1693 2519 2064 2576 interdicitur

404 2606 597 2677 nobis,
641 2606 712 2662 ab
735 2606 894 2661 omni
926 2607 1260 2679 spectaculo
1287 2608 1634 2680 auferimur,
1658 2609 1833 2665 etiam
1857 2626 1890 2664 a
1910 2610 2064 2666 circo

405 2695 506 2750 ubi
538 2695 774 2768 proprie
806 2696 969 2753 furor
1011 2697 1300 2770 praesidet.
1352 2719 1380 2747 »
1429 2697 1746 2770 Gregorius
1791 2698 2062 2754 Nazianz.

409 2789 563 2840 orat.
612 2785 717 2841 27:
772 2783 903 2859 Περὶ
951 2783 1080 2847 τοὺς
1124 2784 1387 2848 ἱππικοὺς
1415 2785 1505 2840 καὶ
1534 2787 1603 2841 τὰ
1633 2784 1848 2862 θέατρα,
1879 2787 1967 2841 ναὶ
2000 2786 2066 2842 τὰ

413 2869 625 2940 στάδια,
673 2871 763 2927 καὶ
810 2873 878 2927 τὰ
929 2872 1222 2950 κυνηγέσια
1267 2879 1527 2930 τοσοῦτον
1560 2877 1877 2949 μεμηνξναι,
1929 2876 2066 2932 ὥστε

412 2965 580 3016 ταῦτα
608 2967 878 3028 ποιεῖτθαι
907 2962 1047 3040 βίον·
1084 2989 1112 3017 ‹‹
1143 2967 1308 3023 Circa
1335 2966 1508 3023 ludos
1533 2967 1824 3024 circenses
1854 2971 1910 3023 et
1941 2984 2066 3040 spe-

410 3051 660 3124 ctacula,
691 3057 749 3108 et
780 3070 1012 3126 cursus,
1045 3059 1104 3110 et
1145 3056 1486 3111 venationes
1517 3057 1662 3111 adeo
1692 3056 1968 3124 insaniat,
2002 3059 2067 3111 ut

408 3140 530 3197 bsec
557 3160 662 3214 pro
700 3141 818 3198 vita
859 3148 915 3198 et
962 3144 1115 3200 serio
1171 3146 1427 3216 quodam
1459 3145 1730 3201 instituto
1761 3145 1993 3200 habeat.
2033 3168 2053 3195 υ

406 3231 798 3304 Hieronymus
829 3232 886 3287 in
927 3234 1045 3290 Vita
1072 3234 1480 3291 S.Hilarionis:
1521 3256 1549 3284 »
1581 3235 1708 3292 Non
1731 3234 1867 3290 circi
1901 3235 2052 3290 furo-

401 3320 587 3390 ribus,
622 3339 736 3377 non
761 3337 948 3378 arena:
975 3323 1284 3396 sanguine,
1307 3341 1423 3380 non
1456 3323 1667 3380 theatri
1701 3323 1933 3380 luxuria
1958 3324 2055 3379 de-

401 3409 748 3466 lectabalur.
784 3433 812 3461 »

470 3497 585 3554 Col.
637 3500 709 3554 80
754 3501 795 3556 C
851 3501 933 3556 l3.
981 3501 1309 3577 Συναγωγᾶς
1360 3499 1558 3558 αὐτῶν.
1602 3505 1687 3558 Ita
1742 3501 1956 3574 legitur
1992 3502 2052 3558 in

399 3587 704 3643 codicibus
735 3589 932 3660 Regiis
948 3605 1092 3646 mss.
1113 3595 1170 3645 et
1188 3587 1410 3644 ἐκάλεσε
1441 3588 1734 3659 Θαλάσσας,
1768 3608 1883 3648 non
1907 3595 1971 3646 ut
1992 3591 2051 3648 in

394 3676 654 3747 Anglicis
679 3673 971 3746 Θάλασσαν,
989 3697 1179 3751 neque
1211 3683 1565 3736 mutandum
1590 3686 1681 3737 est
1699 3681 2048 3753 quidquam,

395 3767 462 3818 ut
493 3763 713 3831 volunt,
745 3765 846 3837 qui
896 3767 1229 3822 rescribunt
1271 3768 1582 3845 συναγωγὰς
1630 3769 1818 3824 αὐτοῦ.
1869 3773 2051 3826 Cons-

391 3857 591 3908 tanter
621 3853 780 3910 enim
814 3870 1018 3912 omncs
1048 3855 1186 3912 libri
1213 3858 1412 3914 excusi
1444 3863 1502 3913 ct
1548 3858 1775 3915 calamo
1828 3859 2050 3916 exarati

392 3942 616 3998 habent
643 3941 842 3999 αὐτῶν.

462 4039 586 4098 Col.
626 4041 696 4095 82
744 4046 782 4094 B
830 4043 886 4099 5.
930 4042 1212 4114 Sequitur.
1258 4044 1434 4115 Atqui
1490 4060 1606 4100 non
1664 4037 1852 4096 ἕπεται
1903 4043 2050 4102 dixit

390 4129 776 4198 Basilius,sed
802 4129 1023 4202 ἰπωθεῖ,
1056 4133 1210 4188 unde
1235 4133 1606 4202 Eustathius,
1632 4156 1660 4184 «
1684 4134 1937 4205 Urgente
1959 4151 2049 4190 ve-

386 4217 607 4274 nientis
656 4219 956 4292 impulsu;
990 4243 1018 4272 »
1070 4225 1128 4278 et
1157 4223 1514 4280 Cornarius:
1549 4221 1820 4278 Protudit
1848 4227 2044 4281 autem

385 4317 454 4358 su
463 4319 830 4374 perveniens.
866 4330 895 4358 »

453 4401 572 4457 Col.
625 4403 694 4457 84
743 4405 789 4459 Α
845 4406 930 4462 14.
990 4401 1447 4474 Ἐκκλησιαστοῦ.
1506 4407 1756 4472 Quidam
1813 4408 2043 4480 Anglici

383 4489 605 4546 habent
633 4490 1146 4563 Ἐκκλησιαπικοῦ,
1182 4499 1242 4550 at
1271 4494 1479 4551 Gallici
1501 4512 1635 4552 cum
1662 4499 1894 4554 excusis
1917 4498 2039 4552 Ἐκ-

380 4575 741 4650 κλησιαστοῦ,
775 4587 966 4652 recte;
1001 4588 1090 4641 est
1128 4584 1288 4642 enim
1318 4584 1484 4640 locus
1513 4585 1885 4643 Ecclesiastes
1915 4605 1955 4658 ι,
1987 4589 2042 4644 7:
2075 4567 2122 4632 D

383 4665 586 4732 Πάντες
666 4668 984 4748 χείμαρρον
1075 4673 1274 4730 Omnes
1351 4681 1621 4732 torrentes
1703 4676 1906 4733 vadunt
1981 4680 2039 4734 in

383 4774 560 4814 mare.

457 4847 604 4905 Ibid.
638 4848 680 4904 C
715 4851 762 4906 1.
795 4847 1147 4906 Χαλινοῦται.
1179 4851 1556 4925 Anglicilibri
1587 4854 1813 4911 addunt
1842 4871 2040 4912 vocem

384 4933 670 5008 θάλασσα,
727 4957 904 5010 quam
965 4958 1072 4997 nec
1121 4958 1405 5012 excusus,
1459 4959 1650 5017 neque
1704 4945 1866 5017 Regii
1925 4946 2041 5002 duo

383 5033 732 5097 agnoscunt,
754 5030 856 5086 sed
881 5030 1259 5088 Eustathius:
1297 5055 1326 5082 «
1357 5032 1540 5088 Jussu
1574 5033 1672 5089 Dei
1702 5032 2039 5091 violentiam

384 5115 564 5172 maris
595 5118 806 5175 frenat.
843 5141 871 5168 »
909 5123 1078 5176 Porro
1111 5121 1266 5192 quod
1293 5122 1406 5177 sub
1436 5122 1614 5177 ﬁnem
1645 5123 1872 5195 pagina:
1903 5141 2039 5196 pro-

383 5202 494 5259 fert
523 5206 594 5260 de
628 5211 892 5280 Egypto,
925 5225 1053 5280 quas
1087 5211 1237 5266 mari
1266 5210 1464 5267 Rubro
1497 5211 1573 5267 sit
1603 5211 2040 5284 depressior,ex

377 5291 691 5352 Aristotele
721 5297 1065 5370 decerptum
1097 5303 1228 5355 esti
1274 5301 1582 5372 Meteoror.,
1614 5318 1664 5357 c.
1717 5302 1817 5358 14ε
1880 5299 2042 5358 Ἀλλ’

384 5377 532 5456 εὗρεν
567 5381 910 5459 ὑψηλοτὲραν
937 5386 1098 5442 οὖσαν
1146 5389 1247 5457 τὴν
1298 5386 1564 5444 θάλατταν
1623 5391 1724 5460 τῆς
1769 5397 1894 5464 γῆς,
1955 5387 2041 5446 διὸ

384 5467 654 5525 ἐπαύσατο
683 5469 1006 5547 διορύττων,
1067 5473 1219 5538 ὅπως
1277 5477 1354 5550 μὴ
1415 5474 1686 5555 διαφθαρῇ
1744 5479 1807 5534 τὸ
1869 5478 2041 5556 ῥεῦμα

379 5562 478 5614 τοῦ
504 5565 760 5633 ποταμοῦ
791 5562 1161 5637 συμμιγιίσης
1191 5568 1291 5631 τῆς
1344 5563 1638 5638 θαλάττης
1699 5591 1729 5620 ί(
1780 5570 1892 5627 Sed
1942 5587 2038 5627 ex-

382 5651 602 5710 celsius
633 5669 794 5711 mars
816 5653 1080 5710 Rubrum
1104 5657 1598 5730 comperit,quam
1628 5662 1847 5716 terram
1869 5659 2040 5733 Egy-

2174 1870 2394 1926 clarius
2424 1871 2677 1943 explicat
2708 1872 2810 1926 lib.
2844 1889 2920 1938 v1,
2973 1888 3100 1942 cap.
3133 1873 3242 1927 29:
3273 1893 3302 1921 ‹‹
3335 1871 3570 1927 Daneon
3605 1876 3831 1944 portus,

2171 1975 2241 2014 ex
2296 1977 2411 2032 quo
2457 1960 2845 2032 navigabilem
2897 1961 3125 2016 alveum
3180 1962 3504 2032 perducere
3541 1962 3600 2014 in
3632 1960 3827 2015 Nilum

2172 2049 2403 2120 primus
2442 2049 2706 2104 omnium
2743 2050 3028 2105 Sesostris
3057 2049 3277 2122 Βαγριὶ
3311 2065 3410 2105 rex
3459 2048 3827 2120 excogitavit,

2175 2153 2310 2192 mox
2339 2137 2550 2194 Darius
2582 2142 2887 2193 Persarum
2919 2139 3134 2193 deinde
3178 2137 3520 2193 Ptolemaeus
3551 2153 3828 2208 sequens,

2174 2227 2272 2298 qui
2303 2230 2360 2282 et
2385 2227 2551 2282 duxit
2581 2228 2796 2284 fossam
2832 2227 3144 2282 latitudine
3175 2227 3387 2300 pedum
3423 2226 3828 2296 oentum,alti-

2173 2315 2379 2370 tudine
2427 2316 2692 2388 triginta,
2742 2317 2800 2371 in
2853 2316 3278 2389 longitudinem
3322 2317 3570 2388 triginta
3601 2321 3826 2388 septem

2174 2405 2427 2460 millium
2471 2422 2598 2461 cccc
2642 2422 2926 2478 passuum
2979 2422 3166 2477 usque
3215 2407 3286 2461 ad
3337 2406 3526 2461 fontes
3574 2421 3827 2460 amaros.

2172 2494 2338 2550 Ultra
2355 2495 3067 2550 deterruitinundationis
3091 2500 3344 2551 metus.»
3366 2495 3489 2550 Non
3525 2494 3666 2550 dicit
3692 2510 3830 2566 erga

2173 2583 2427 2640 Basilius
2450 2599 2643 2656 regem
2671 2583 2858 2640 ullum
2883 2583 3207 2655 perfodisse
3235 2583 3660 2654 istbmum,qui
3699 2598 3827 2654 per-

2174 2673 2350 2746 tingit
2379 2690 2412 2728 a
2443 2675 2587 2729 mari
2616 2673 2813 2728 Rubro
2845 2673 2913 2728 ad
2941 2673 3570 2743 Mediterraneum,sed
3593 2677 3826 2728 tantum

2175 2764 2290 2818 duo
2321 2761 2423 2818 illa
2473 2763 2659 2819 maria
2703 2763 3060 2834 conjungere
3096 2763 3389 2818 voluisse:
3437 2779 3552 2817 non
3586 2761 3821 2833 quidem

2175 2854 2352 2909 ducta
2382 2853 2454 2907 ab
2489 2851 2728 2908 Arabico
2759 2854 2830 2907 ad
2866 2853 3352 2907 Mediterraneum
3391 2853 3565 2920 fossa,
3607 2852 3705 2906 sed
3757 2868 3825 2908 ea

2175 2943 2351 2998 ducta
2379 2958 2412 2996 a
2442 2943 2589 2996 mari
2621 2941 2818 2996 Rubro
2841 2941 2910 2995 ad
2946 2957 3130 2996 unum
3155 2955 3224 2995 ex
3252 2941 3444 3006 ostiis,
3475 2940 3691 3010 quibus
3723 2939 3823 2995 Ni-

2175 3031 2268 3086 lus
2298 3031 2358 3084 in
2390 3030 2878 3086 Mediterraneum
2930 3028 3272 3094 devolvitur,
3324 3029 3480 3099 quod
3512 3033 3709 3083 tamen
3741 3029 3821 3084 is-

2173 3121 2406 3176 thmum
2449 3119 2748 3190 perfodere
2779 3117 3080 3189 appellant
3116 3117 3400 3186 historici,
3441 3116 3578 3172 licet
3606 3134 3640 3171 a
3670 3117 3820 3172 mari

2089 3199 2131 3265 C
2172 3226 2288 3264 uno
2319 3209 2390 3264 ad
2421 3207 2674 3263 alterum
2724 3207 2884 3262 fossa
2923 3224 3036 3262 non
3071 3207 3354 3272 ducatur;
3388 3211 3564 3277 atque
3593 3206 3697 3261 hoc
3727 3207 3821 3260 id-

2168 3299 2321 3356 circo
2351 3298 2650 3355 monuisse
2702 3297 2940 3370 placuit,
2993 3313 3065 3352 ne
3085 3297 3218 3369 quis
3260 3296 3545 3352 memoria
3584 3296 3817 3368 lapsum

2167 3389 2456 3444 Basilium
2487 3387 2805 3457 existimet,
2837 3391 2941 3443 aut
2970 3403 3177 3458 parum
3211 3403 3344 3442 cum
3377 3401 3580 3442 eorum
3615 3402 3818 3442 narra-

2167 3478 2324 3533 tione
2354 3477 2705 3544 consentire,
2739 3494 2867 3549 quae
2899 3476 2995 3531 hic
3017 3476 3282 3531 tradidit.

2235 3567 2356 3622 Col.
2389 3567 2460 3620 88
2493 3568 2529 3620 Α
2565 3568 2650 3622 12.
2695 3567 2840 3621 Mare
2889 3567 3154 3620 Rubrum.
3207 3567 3488 3636 Argyrop.
3530 3563 3816 3631 ediderat,

2163 3678 2193 3707 «
2227 3656 2295 3710 ad
2330 3657 2384 3710 id
2421 3655 2571 3725 quod
2606 3662 2767 3710 trans
2797 3655 2986 3710 Gades
3036 3669 3196 3710 mare
3227 3654 3522 3710 Oceanum
3554 3655 3815 3721 tendere,

2163 3745 2333 3816 eique
2364 3746 2748 3816 conjunctum
2783 3760 2913 3800 esse
2946 3744 3160 3799 ferunt.
3222 3765 3249 3792 »
3289 3743 3569 3799 Connecti
3620 3748 3816 3799 autem

2161 3851 2296 3890 cum
2329 3833 2556 3890 Oceano
2602 3833 2692 3888 vel
2745 3833 2894 3889 mari
2931 3832 3224 3888 Atlantico
3273 3849 3405 3887 cum
3439 3833 3521 3888 ait
3568 3831 3818 3888 Basilius

2161 3940 2320 3980 mare
2352 3923 2640 3989 Rubrum,
2677 3927 2945 3980 auctores
2985 3923 3254 3995 sequitur
3288 3939 3404 3978 non
3442 3938 3681 3994 paucos,
3713 3908 3813 3993 qui

2160 4012 2342 4068 Rubri
2370 4011 2551 4068 maris
2584 4013 2825 4068 nomine
2845 4029 2962 4067 non
2994 4029 3126 4068 eum
3160 4016 3413 4078 tantum,
3448 4028 3622 4082 quem
3651 4016 3816 4068 vocat

2157 4103 2503 4158 Ptolemaeus
2521 4095 2777 4175 ’Δράϐιον
2809 4099 3570 4166 κόλπονβὶηυωΑιάὺὶοιιῐη
3595 4100 3813 4156 intelli-

2155 4189 2242 4264 git
2254 4189 2544 4262 quietiam
2561 4191 2918 4264 Erytbraaum
2936 4205 3096 4246 mare
3108 4189 3451 4256 dicitur,sed
3465 4193 3651 4245 totum
3668 4188 3809 4244 illud

2155 4279 2538 4336 meridionale
2561 4281 2893 4352 marefquod
2919 4281 2989 4335 ad
3013 4280 3235 4334 Indiam
3254 4278 3514 4350 usquein
3532 4279 3814 4335 orientem

2153 4373 2210 4425 et
2232 4369 2304 4424 ad
2336 4373 2630 4426 extremas
2659 4369 2862 4424 Africae
2909 4385 3042 4424 oras
3073 4368 3439 4424 occidentem
3469 4385 3678 4424 versus
3716 4384 3813 4424 ex-

2151 4458 2438 4526 tenditur,
2468 4459 2640 4531 quale
2669 4462 2761 4514 est
2787 4459 2939 4530 quod
2973 4458 3054 4513 ait
3083 4459 3302 4514 Seneca
3340 4459 3546 4515 Troad.
3581 4461 3717 4515 actu
3753 4461 3808 4515 I:

2299 4579 2359 4632 Et
2386 4576 2482 4648 qui
2509 4578 2764 4648 renatum
2789 4591 3015 4647 prorsus
3043 4576 3331 4647 excipiens
3360 4575 3517 4631 diem

2300 4647 2563 4721 Tepidum
2593 4647 2813 4704 rubenti
2842 4649 3032 4718 Tigrin
3061 4649 3333 4704 immiscet
3361 4649 3523 4719 freto.

2153 4763 2426 4821 Fluvium
2450 4763 2606 4820 enim
2631 4763 2833 4837 Tigrin
2857 4763 3158 4821 exonerari
3171 4764 3253 4820 ait
3279 4763 3341 4819 in
3363 4764 3625 4820 Rubrum
3650 4780 3809 4820 mare

2149 4870 2285 4911 cum
2305 4871 2420 4910 non
2440 4855 2498 4910 in
2516 4853 2829 4910 Arabicum
2845 4855 3175 4925 sinum,se:l
3197 4856 3255 4909 in
3274 4851 3569 4909 Persicum
3583 4853 3805 4922 efﬂuat,

2153 4944 2295 5016 quia
2325 4945 2592 5000 Rubrum
2644 4960 2806 5001 mare
2849 4944 3105 5018 appellat
3136 4942 3453 5000 australem
3485 4943 3804 5011 Oceanum,

2150 5035 2650 5107 quemadmodum
2681 5039 2738 5090 et
2769 5035 3093 5092 Herodotus
3121 5033 3178 5088 in
3213 5033 3349 5103 Clio,
3385 5031 3668 5088 Diodorus
3699 5031 3801 5088 lib.

2150 5140 2193 5181 ιι
2222 5124 2602 5182 Bibliotheca:
2636 5123 2890 5190 Quintus
2950 5123 3185 5179 Curtius
3232 5121 3337 5178 lib.
3391 5139 3466 5190 v1,
3509 5121 3803 5194 Josepbus

2151 5214 2254 5270 lib.
2305 5232 2346 5282 ι,
2393 5231 2518 5287 cap.
2577 5215 2613 5268 2
2655 5215 3108 5286 Antiquitatum:
3145 5211 3378 5268 tametsi
3424 5212 3613 5270 Africa
3651 5213 3804 5268 anti-

2150 5303 2285 5376 quis
2334 5309 2597 5376 tempore
2645 5302 2936 5360 Ptolemaei
2971 5302 3131 5360 ultra
3179 5306 3410 5358 montes
3442 5302 3618 5357 Lunae
3649 5305 3808 5358 esset

2149 5393 2471 5466 incognita,
2506 5409 2696 5464 neque
2719 5394 2860 5450 dum
2884 5393 3150 5449 Lusitani
3179 5397 3505 5449 extremum
3528 5391 3656 5464 ejus
3679 5407 3809 5463 pro—

2150 5483 2535 5552 montorium,
2570 5483 2725 5554 quod
2757 5486 2935 5554 caput
2964 5487 3133 5538 Bome
3151 5483 3281 5555 Spei
3316 5480 3801 5554 appellant,navi-

2149 5573 2340 5646 gando
2371 5575 2775 5644 superassent.

2219 5660 2343 5718 Col.
2373 5661 2443 5716 88
2487 5664 2526 5718 C
2576 5661 2664 5717 44.
2708 5661 2772 5716 In
2821 5661 3033 5717 multis.
3093 5661 3217 5718 Etsi
3259 5678 3377 5719 non
3427 5660 3800 5734 reperiuntur
