4156 6354
3661 283 3781 346 990

3111 443 3185 480 on
3231 423 3471 478 aﬂ‘ertur
3513 417 3585 472 ad
3635 414 3784 470 reci-

362 349 479 410 989
1443 334 1548 393 AD
1592 317 1970 389 HOMILIAS
2015 315 2091 378 IN
2135 306 2698 374 HEXAEMERON.

362 485 522 539 textu
571 479 831 546 Hebraeo,
867 495 896 525 ‹‹
924 470 1263 530 Circumdat
1308 463 1550 534 angelus
1598 455 1852 520 Domini,
1879 473 1906 502 »
1957 455 2016 506 et
2043 450 2097 514 Α
2129 451 2347 546 autem,
2377 464 2398 491 ι
2430 445 2486 496 et
2515 434 3018 546 impedimentum
3069 445 3103 481 n

366 523 522 539 ’θνα-ὐ-
571 523 831 546 -ονιηνυνγ
874 523 880 525 -
931 523 1220 530 -ισ-ν--νη
1387 523 1417 534 υ

365 573 422 627 in
459 587 586 641 cap.
623 584 728 622 va
776 563 936 620 Isaias
977 571 1456 629 unumquemque
1504 553 1774 607 nostrum
1806 543 2022 600 habere
2133 532 2413 606 piendum
2447 528 2588 583 solis
2621 523 2894 580 calorem.
2923 542 2946 571 ι

1618 637 1645 641 μ
1871 632 1902 641 ε.
2209 631 2242 641 η
2289 629 2300 641 ι
2370 628 2460 641 ..η
2496 625 2531 641 n
2573 625 2632 641 nn
2687 627 2725 641 νδ
2777 617 2939 641 !______.

369 601 422 627 lu
459 601 586 641 υαμ.
624 601 723 622 μάν
776 601 936 620 ιῦαιω
981 601 1454 629 υμυιιιὶιυνιιιιινιν
1507 601 1661 607 --την-
1684 601 1730 602 κη
2134 601 2151 606 _

369 657 644 728 angelum
678 653 957 726 probans,
991 654 1047 704 et
1088 648 1246 702 hunc
1275 657 1512 699 versum
1545 656 1575 694 e
1608 637 1803 693 Graeco
1835 632 2023 686 citans
2204 629 2326 685 Col,
2367 628 2463 682 116
2495 625 2533 679 (3
2567 625 2652 678 10.
2687 617 2963 694 Υπάρχον,
2995 611 3259 670 Eruenda
3301 624 3369 663 ex
3420 604 3652 660 duobus
3681 601 3787 654 Re-

1658 725 1668 728 “
1723 724 1733 728 “
1866 721 1898 728 ﬁ
1974 723 1982 728 ‘
2177 719 2209 728 "
2363 717 2377 728 ‘
2404 717 2418 728 ‘
2478 711 2492 728 ’
2623 710 2633 728 θ
2839 710 2866 719 "'
2925 707 2965 728 ἐν
3026 726 3045 728 ν.
3075 700 3216 728 ιιι..,1
3254 696 3430 728 Λιιῖηνη
3466 707 3622 728 nnnn
3651 706 3787 728 nrm.

369 696 644 728 αυδυιυυιι
680 696 957 726 γ’νων-ιον,
993 696 1046 704 ν-
1089 696 1242 702 --ν---ν
1293 696 1297 699 τ
1320 696 1366 699 ν-
1389 696 1401 698 ἡ
1425 696 1433 697 κ

367 746 451 802 sic
505 744 671 800 ellert
703 761 715 798 :
745 764 772 792 «
817 737 1157 796 Circumdat
1214 732 1460 806 angelus
1510 724 1809 783 Domini.»
1859 721 2026 775 Certe
2135 719 2247 793 giis
2277 717 2444 773 codd.
2476 710 2776 784 ἐνυπάρχον
2801 710 2870 779 τῇ
2900 707 2991 781 γῇ,
3019 726 3045 754 ‹‹
3075 700 3221 756 Illud
3254 696 3432 752 etiam
3466 707 3623 748 nunc
3651 706 3792 760 pra:-

2558 804 2568 806 μ
2839 798 2848 806 .
2971 799 2978 806 .
3102 791 3159 806 τ’.
3273 786 3315 806 ..ν
3366 782 3595 806 (μαι-..μη
3640 773 3790 806 2-...ιρ

369 773 451 802 510
505 773 671 800 υιιῠιΊο
703 786 715 798 .
745 773 772 792 (ι
817 773 1157 796 υιιυυιιιυιιυ
1214 773 1460 806 αιιὸυιυυ
1510 773 1787 783 ..ιν-..ηηην
1872 773 1887 775 -
1913 773 1927 775 -
2135 773 2190 793 0-
2231 773 2239 774 7
2644 773 2651 784 '
2684 773 2718 784 η
2848 773 2855 779 '
2915 773 2924 781 '
2948 773 2955 778 v

369 834 652 892 Basilium
687 832 771 888 sic
806 827 1162 884 intellexisse
1183 825 1342 879 hunc
1363 822 1556 876 locum
1589 815 1872 874 indicant,
1897 824 2028 880 quas
2137 813 2366 881 ceptum
2419 804 2573 875 quod
2621 807 2783 856 terrae
2838 798 3064 852 inest.»
3102 791 3165 846 Et
3199 786 3315 849 καθ’
3366 782 3595 850 ἑκάστην
3640 773 3790 836 ἔτους

2568 891 2573 892 ν
2943 885 2973 892 -—
3020 887 3048 892 ι-
3236 877 3248 890 ο
3366 891 3371 892 γ
3472 873 3631 892 τ---ι-
3671 867 3756 892 -1...

369 867 652 892 uuauuuxu
687 867 771 888 anu
807 867 1161 884 ιυιυηυιιιυυυ
1185 867 1340 879 ua..-
1365 867 1556 876 μων---
1590 867 1767 872 ---η-,γ
1867 867 1872 874 ,
1915 867 1931 880 ⁵

369 928 722 996 sequuntur,
755 918 846 973 καὶ
896 916 1062 971 οἱονεὶ
1111 911 1356 989 χάρακας
1404 911 1538 980 ἡμῖν
1591 899 2023 979 παρακατὲπηξε,

2180 893 2388 972 ιρίοδον
2423 891 2654 949 ﬁdelius
2697 885 2982 960 expressit
3013 877 3328 937 Cornarius
3364 891 3376 930 :
3403 895 3430 924 «
3463 873 3640 928 Juxta
3670 867 3791 922 sin-

2225 988 2233 996 -
2792 973 3089 996 -!n___:1-.....
3129 985 3140 996 .
3170 989 3194 996 ..
3231 965 3383 996 ..η-ιλ
3418 957 3790 996 Πιιαιθητίιιτη

369 987 592 1084 θὲιίενος
651 987 729 1077 ὲν,
791 987 1368 1077 Ἐκκλησία-ἡπρῶτον
1429 991 1797 1062 ἀποστόλους,
1856 993 1914 1045 et
1967 987 2029 1042 in

369 1078 632 1158 homiliis
681 1100 742 1154 in
790 1096 1062 1161 Psalmos,
1106 1091 1188 1147 ὅτι
1229 1085 1347 1162 ὅλῳ
1393 1080 1740 1162 στρατοπέδῳ
1787 1078 1876 1134 καὶ
1925 1095 2027 1130 πα-

375 1185 628 1267 ρεμϐολῇ
694 1183 1119 1260 πολυανθρώπῳ
1185 1178 1565 1256 παρεικάζεται
1630 1175 1708 1233 εἷς
1774 1165 2030 1243 ἅγγελος.

375 1255 542 1352 Ἁριιά
601 1255 981 1332 Eustathium
1042 1255 1356 1336 mendose,
1408 1266 1564 1322 sicut
1610 1265 1665 1317 et
1711 1259 1768 1314 in
1821 1255 2032 1328 quibu-

373 1343 542 1424 sdam
603 1365 826 1421 Latinis
876 1361 1178 1418 codicibus
1241 1363 1504 1427 tempore
1554 1345 1898 1422 Augustini,
1952 1343 2034 1398 le-

374 1458 552 1530 gitur,
576 1478 604 1508 «
641 1455 923 1510 lmmittet
953 1449 1228 1522 angelum
1263 1445 1548 1503 Dominus
1579 1441 1640 1495 in
1671 1435 1996 1494 circuitu.»

445 1563 566 1619 Col.
605 1563 701 1617 111
735 1562 777 1616 Β
809 1561 862 1615 3.
903 1559 1054 1615 Velut
1082 1555 1337 1628 quaedam
1381 1549 1758 1607 mascularum
1802 1541 2034 1598 semina.

376 1655 434 1710 S.
468 1651 817 1708 Ambrosius
847 1649 951 1704 lib.
985 1663 1074 1714 ιιι,
1108 1662 1234 1717 cap.
1270 1644 1337 1698 13
1371 1659 1384 1697 :
1413 1664 1439 1692 ‹‹
1481 1634 1826 1708 Prtejaciunt
1860 1629 2040 1687 ramis

379 1744 508 1816 ejus
558 1740 888 1814 palmarum
940 1736 1209 1808 quaedam
1259 1730 1421 1788 velut
1469 1726 1697 1784 semina
1745 1719 2041 1778 mascula-

381 1808 790 1902 rum,-quibus
839 1826 923 1882 illi
967 1825 1127 1881 velut
1155 1821 1399 1896 quidam
1450 1832 1661 1874 sensus
1711 1808 2042 1885 perfruitio-
2075 1824 2125 1890 B

383 1922 476 1978 nis
521 1898 886 1983 lin-funditur,
927 1919 986 1970 et
1029 1911 1270 1984 expetiti
1326 1905 1680 1964 concubitus
1724 1898 1912 1974 gratia
1957 1913 2047 1952 re-

390 2012 843 2084 praesentetur.»
865 2005 960 2060 Sic
991 2002 1150 2059 enim
1183 1986 1622 2056 emendandum
1655 2005 1886 2055 censeo,
1916 2001 2049 2043 cum

390 2076 486 2155 hic
517 2101 708 2155 Graece
753 2096 1003 2168 legatur,
1037 2092 1088 2146 ὶν
1141 2087 1483 2156 συναισθήσει
1520 2088 1620 2152 τῆς
1671 2076 2049 2139 ἀπολαύσεως,

389 2188 726 2256 Cornarius,
762 2207 790 2237 «
820 2183 1050 2241 semina
1091 2181 1382 2254 quaedam,
1417 2191 1564 2248 quos
1589 2171 1806 2228 culices
1851 2165 2053 2239 appel-

388 2278 535 2349 lant,
569 2281 744 2349 atque
774 2275 858 2331 sic
895 2272 1052 2328 velut
1101 2270 1162 2325 in
1217 2283 1393 2325 sensu
1426 2261 1722 2320 fruitionis
1770 2275 1837 2314 ac
1883 2255 2054 2311 volu-

390 2366 570 2440 ptatis
619 2366 720 2421 illa
769 2361 1128 2420 constitui.»
1180 2358 1349 2430 Apud
1408 2350 1779 2409 Eustathium
1822 2359 2057 2418 quoque

391 2437 710 2529 depravata
740 2458 830 2511 est
872 2451 1068 2521 lectio,
1106 2473 1132 2500 «
1169 2447 1434 2505 sublatos
1467 2445 1536 2499 de
1577 2437 1839 2497 masculo
1869 2439 2058 2492 certos

392 2545 597 2602 oculos
628 2544 856 2600 feminae
890 2541 1171 2596 dicuntur
1201 2538 1476 2600 inserere,
1507 2553 1534 2582 »
1567 2529 1666 2586 ubi
1699 2529 1844 2584 forte
1876 2522 2056 2581 corri-

393 2635 651 2708 gendum
685 2655 713 2683 (ι
748 2635 934 2687 certos
978 2627 1229 2695 culices;
1266 2647 1293 2674 »
1332 2618 1828 2696 quemadmodum
1862 2615 2055 2670 locum

392 2704 566 2780 illum
623 2719 916 2794 expressit
983 2713 1315 2774 Aristotelis
1375 2712 1414 2768 l.
1463 2728 1499 2767 v
1543 2711 1744 2766 Πέδιον.
1799 2704 2057 2771 animal.,

398 2830 527 2886 cap.
558 2813 648 2881 32,
679 2791 1022 2867 'l‘heodorus
1082 2805 1282 2862 Gaza:
1344 2799 1415 2858 Οἷ¹
1473 2796 1530 2853 δὲ
1589 2792 1785 2872 ἐρινεοί
1835 2791 1887 2847 ἐν
1941 2795 2060 2852 τοῖς

402 2901 604 2977 ἐρινοῖς
665 2895 855 2973 ἔχουσι
903 2894 1032 2957 τοὺς
1078 2889 1451 2964 καλουμένους
1501 2891 1696 2962 ψῆνας·
1747 2882 1950 2958 γίνεται
2003 2877 2060 2934 δὶ

396 2993 560 3045 τοῦτο
617 2992 837 3062 πρῶτον
897 2981 1252 3054 σκωλήκιον,
1312 2980 1426 3035 εἶτα
1485 2973 1908 3052 περιρραγέντος
1965 2973 2059 3025 τοῦ

401 3077 670 3154 δέρματος
725 3075 1022 3144 ἐκπὲτιται,
1074 3075 1240 3126 τοῦτο
1289 3065 1694 3145 ἐγκαταλείπων
1728 3064 1755 3117 ὁ
1805 3064 1935 3136 ψήν,
1969 3058 2059 3114 καὶ

401 3165 670 3224 εἰσδύεται
703 3163 780 3227 εἷς
809 3165 877 3219 τὰ
920 3167 1028 3217 τῶν
1056 3164 1232 3216 συκῶν
1267 3156 1414 3234 ἐρινὰ
1441 3155 1532 3210 καὶ
1573 3155 1882 3225 διαστομῶν
1914 3152 2063 3204 ποιεῖ
2093 3200 2136 3264 c

460 3259 472 3264 _
545 3257 558 3264 -
694 3253 703 3264 ι
933 3251 946 3264 \
999 3250 1013 3264 ς
1130 3250 1139 3264 ι
1265 3249 1321 3264 1-10
1435 3248 1469 3264 ιν
1576 3243 1782 3264 ,γιξ,-,
1836 3240 2028 3264 --__.'ﬂ

406 3259 483 3330 μὴ
535 3253 858 3313 ἀποπίπτειν
889 3251 959 3307 τὰ
995 3250 1165 3326 ἐρινά·
1202 3273 1230 3301 ‹‹
1264 3248 1519 3305 Ficarios
1567 3243 1785 3301 culices
1831 3240 2062 3311 caprifi-

404 3365 510 3406 cus
541 3350 778 3420 generat
807 3344 930 3401 suis
983 3340 1220 3416 pomis:
1261 3339 1324 3393 fit
1372 3335 1628 3410 primum
1677 3329 2064 3401 vermiculus,

406 3417 743 3507 mox—rupta
774 3438 907 3489 cute
936 3431 1125 3488 evolat
1157 3427 1342 3495 culex,
1377 3429 1725 3494 mutataque
1757 3421 1892 3478 sede
1925 3417 2070 3492 petit

407 3527 554 3583 ficus
611 3523 984 3588 immaturas,
1037 3519 1254 3591 quibus
1300 3533 1363 3572 se
1418 3514 1755 3579 insinuans,
1810 3509 1946 3564 facit
1998 3524 2070 3563 ne

406 3616 699 3672 decidant.
736 3634 764 3661 »
813 3612 904 3667 Ita
961 3609 1306 3666 emendatus
1368 3603 1583 3676 legitur
1641 3601 1733 3656 hic
1789 3598 1953 3655 locus
2008 3598 2069 3652 in

407 3703 662 3761 editione
693 3699 1045 3767 Casauboni,
1095 3701 1151 3753 et
1199 3695 1424 3751 Plinius
1473 3693 1644 3755 favet,
1679 3690 1779 3761 qui
1827 3687 1928 3744 lib.
1975 3703 2070 3757 xv,

412 3810 540 3865 cap.
579 3793 667 3862 19,
717 3789 839 3844 haec
895 3787 1075 3842 tradit
1124 3787 1194 3840 de
1244 3783 1518 3856 caprifico
1555 3797 1623 3837 ;‹‹
1656 3779 1807 3850 Ergo
1856 3776 2073 3833 culices

412 3881 612 3955 parit:
647 3879 706 3935 hi
741 3875 997 3933 lraudati
1048 3873 1328 3930 alimento
1379 3871 1441 3926 in
1494 3874 1682 3925 matre
1732 3867 1894 3938 putri
1946 3867 2074 3938 ejus

413 3973 568 4040 tabe,
601 3969 674 4025 ad
715 3971 1024 4042 cognatam
1057 3963 1276 4019 volant.
1303 3986 1326 4014 ι
1363 3959 1710 4032 Hesychius,
1743 3957 1931 4029 ψῆνες,
1963 3974 2072 4008 κω-

411 4059 592 4115 νώπια
617 4057 684 4112 τὰ
712 4056 764 4110 ἐν
795 4060 916 4117 τοῖς
973 4051 1226 4112 ὀλύστοις
1273 4049 1554 4124 γινόμενα,
1586 4047 1688 4104 sed
1736 4045 1893 4101 idem
1926 4059 2076 4117 quo-

415 4167 530 4221 que
559 4149 674 4206 alio
705 4147 830 4202 loco
865 4147 1040 4219 ψῆνας
1073 4142 1314 4215 eXponit
1340 4137 1408 4193 τὰ
1447 4137 1729 4212 σπέρματα
1757 4137 1864 4188 τῶν
1898 4129 2074 4208 φοινί-

413 4258 543 4308 κων,
577 4262 606 4289 ‹‹
683 4237 913 4294 semina
957 4233 1310 4306 palmarum.
1353 4251 1380 4281 »
1420 4225 1801 4301 Etymologus
1849 4223 2025 4280 etiam
2062 4238 2075 4277 :

414 4334 620 4397 Ψῆνες,
650 4325 705 4379 αἱ
735 4323 926 4399 μικραὶ
958 4327 1135 4395 μυῖαι,
1167 4319 1271 4374 καὶε
1300 4322 1476 4393 ψῆνας
1520 4314 1739 4391 λέγουσι
1767 4313 1831 4368 τὸ
1864 4311 2079 4387 σπέρμα

413 4419 522 4472 τῶν
558 4413 838 4494 φοινίκων·
874 4436 902 4464 ‹‹
936 4417 1118 4480 Ψῆνες
1151 4414 1292 4466 sunt
1322 4425 1509 4482 parvae
1541 4422 1780 4476 muscae,
1813 4407 1872 4460 et
1901 4403 2077 4475 ψῆνας

417 4506 718 4580 appellant
746 4501 976 4560 semina
1020 4499 1372 4572 palmarum.
1396 4520 1424 4549 »
1460 4497 1684 4563 Quibus
1724 4494 1986 4550 adducor
2016 4495 2080 4547 ut

420 4597 654 4655 credam
699 4593 1110 4665 caprificorum
1141 4590 1316 4662 ψῆνας
1348 4585 1798 4658 distinguendos
1846 4597 1976 4639 esse
2008 4581 2078 4636 ab

421 4686 554 4741 istis
613 4683 966 4756 palmarum,
1001 4680 1073 4736 de
1126 4677 1342 4751 quibus
1403 4676 1527 4746 agit
1583 4671 1865 4742 Basilius,
1897 4685 2086 4742 neque

425 4773 643 4830 culices
686 4773 832 4829 istos
874 4786 1027 4838 esse,
1062 4768 1164 4825 sed
1215 4767 1419 4822 ﬂorem
1452 4763 1770 4837 quemdam
1797 4759 1885 4817 vel
1915 4759 2086 4816 lanu-

426 4865 647 4937 ginem,
689 4867 754 4918 ut
799 4862 1052 4918 verterat
1103 4856 1198 4912 hic
1246 4853 1716 4929 Argyropylus,«
1750 4850 1932 4907 maris
1982 4848 2085 4906 ﬂo-

425 4970 547 5011 rem
588 4969 692 5010 seu
751 4949 1092 5022 lanuginem
1141 4945 1484 5002 immittere.
1511 4965 1540 4995 »
1571 4942 1894 4998 Conﬁrmat
1943 4955 2085 4996 con-

419 5044 710 5114 jecturam
767 5044 1030 5096 nostram
1087 5035 1318 5092 Plinius
1365 5034 1469 5090 lib.
1522 5049 1650 5102 XIII,
1699 5048 1827 5104 cap.
1879 5030 1930 5097 4,
1983 5027 2085 5086 ubi

425 5133 497 5189 de
554 5131 769 5205 palmis
827 5144 1008 5201 agens
1060 5125 1182 5182 haec
1239 5124 1424 5194 addit,
1468 5143 1494 5176 ι
1539 5126 1605 5180 ut
1661 5120 1851 5177 coitus
1905 5116 2085 5175 etiam

425 5221 790 5294 excogitatus
837 5217 916 5274 sit
967 5217 1040 5273 ab
1099 5213 1358 5282 homine,
1397 5229 1468 5268 ex
1516 5211 1781 5268 maribus
1829 5209 1970 5264 ﬂore
2018 5223 2086 5265 ac

425 5310 725 5381 lanugine,
771 5307 1007 5364 interim
1067 5320 1198 5362 vero
1246 5306 1480 5360 tantum
1529 5300 1769 5374 pulvere
1815 5299 2084 5370 inspersa

429 5399 692 5457 feminis.
717 5419 747 5449 ››

502 5506 652 5564 Ibid.
687 5509 731 5558 D
774 5505 828 5558 7.
874 5501 1092 5557 Partim
1147 5499 1358 5557 radios.
1418 5501 1710 5570 Interpres
1765 5493 2086 5567 scripserat

432 5599 702 5665 fortasse,
737 5614 765 5644 «
807 5590 975 5646 radio
1032 5588 1196 5646 solis.
1223 5610 1254 5640 »
1281 5588 1618 5653 Carnarius,
1661 5607 1691 5638 ‹‹
1738 5588 1796 5641 et
1852 5583 2081 5640 radium

436 5687 580 5744 solis
635 5698 738 5756 per
789 5679 1089 5738 raritatem
1134 5677 1296 5750 large
1343 5677 1651 5750 suscipiat.
1675 5697 1704 5728 »
1735 5671 2083 5734 Ambrosius

2139 988 2410 1063 gulorum
2453 996 2743 1039 annorum
2785 973 3092 1032 circuitum
3129 985 3142 1023 :
3170 989 3197 1018 ν)
3230 965 3385 1039 apud
3418 957 3794 1018 Eustathium

2141 1080 2306 1134 deest
2333 1091 2462 1143 vox,
2491 1095 2519 1122 «
2554 1082 2842 1126 annorum
2879 1080 2891 1118 :
2926 1063 3076 1116 vires
3107 1055 3374 1131 proprias
3405 1053 3657 1124 quantas
3687 1045 3796 1100 ha-

2139 1169 2240 1224 bet
2270 1161 2638 1236 singulorum
2683 1168 2970 1213 annorum
3005 1144 3312 1206 curriculis
3354 1136 3797 1197 informandum

2143 1273 2329 1329 genus
2359 1252 2700 1308 herbarum.
2728 1268 2756 1294 ι)

2216 1344 2334 1401 Col.
2376 1343 2473 1397 118
2523 1341 2567 1394 Α
2619 1337 2704 1392 11.
2749 1328 3216 1389 ϐοηεενιαηίἱιιιη.
3263 1320 3550 1378 Addimus
3595 1329 3798 1370 vocem

2147 1458 2175 1486 «
2209 1432 2560 1490 athletarum
2589 1450 2616 1476 η
2649 1444 2679 1482 e
2709 1427 2924 1491 Graeco,
2957 1424 3014 1475 et
3045 1433 3148 1490 pro
3185 1437 3204 1463 ι
3245 1412 3494 1474 theatro,
3520 1429 3548 1458 »
3580 1402 3800 1460 substi-

2149 1524 2373 1580 tuimus
2404 1543 2431 1570 «
2457 1517 2719 1583 stadio,»
2743 1512 2897 1584 quod
2934 1507 3214 1563 mendose
3243 1499 3398 1572 apud
3432 1493 3804 1551 Eustathium

2148 1613 2382 1686 legitur,
2407 1630 2436 1662 «
2470 1581 2854 1678 congregatos
2897 1599 2957 1653 in
3011 1594 3227 1651 studio.
3253 1612 3281 1641 »
3314 1587 3476 1652 Quod
3509 1585 3664 1640 enim
3695 1581 3806 1636 La-

2149 1702 2290 1758 tinis
2322 1700 2514 1756 circus
2545 1713 2578 1751 a
2605 1695 2835 1750 theatro
2876 1689 3166 1751 diversus,
3198 1681 3257 1736 id
3303 1676 3561 1734 stadium
3594 1669 3807 1728 ercis

2157 1791 2285 1847 fuit.
2337 1784 2622 1844 Martialis
2671 1786 2870 1838 tamen
2919 1776 3020 1831 lib.
3052 1789 3172 1838 xxv,
3204 1766 3562 1841 apophoreta
3608 1761 3700 1823 26,
3733 1759 3812 1814 si-

2159 1879 2398 1953 gniﬁcat
2429 1892 2490 1932 se
2523 1887 2772 1930 usurum
2823 1866 3080 1939 tegmine
3111 1858 3322 1917 causim
3368 1856 3427 1910 in
3477 1852 3728 1916 theatro,
3763 1848 3815 1902 si

2158 1969 2285 2026 vela
2325 1969 2534 2022 ventus
2575 1959 2910 2023 invidisset;
2944 1957 3002 2010 et
3030 1950 3318 2023 Vopiscus
3365 1945 3426 2000 in
3472 1942 3674 1997 Carino
3707 1939 3815 1993 do-

2161 2063 2329 2114 natos
2371 2055 2449 2110 fui

2165 2304 2387 2384 oriente
2417 2322 2709 2395 capitibus
2739 2315 2918 2373 nudis
2959 2313 3020 2368 in
3061 2308 3250 2366 stadio
3298 2304 3654 2376 spectatores
3684 2312 3818 2367 spe-

2167 2423 2356 2475 ctasse
2387 2391 2661 2470 testatur.
2693 2407 2806 2465 Sed
2836 2409 2894 2461 et
2925 2400 3186 2460 stadium
3232 2395 3414 2451 fuisse
3444 2391 3640 2447 Roma:
3669 2391 3818 2475 tern-

2167 2507 2408 2580 poribus
2439 2498 2766 2560 Constantii
2811 2490 3092 2568 principis
3124 2505 3191 2545 ex
3225 2481 3534 2539 Ammiano
3575 2473 3820 2532 Marcel-

2167 2568 2287 2654 lino
2310 2596 2559 2652 constat.
2580 2590 2683 2646 lib.
2701 2604 2796 2644 XVI
2817 2583 3182 2650 Historiar.,«
3205 2579 3260 2632 et
3274 2569 3509 2641 Pompei
3527 2568 3823 2622 theatrum

2169 2693 2225 2743 et
2253 2686 2492 2743 Odaeum
2525 2686 2584 2738 et
2613 2677 2895 2736 stadium.
2921 2693 2950 2724 ››

2241 2782 2358 2840 Col.
2394 2781 2497 2836 120
2526 2778 2570 2834 D
2602 2777 2654 2832 3.
2686 2773 2757 2828 Τὸ
2802 2768 2985 2845 δόγμα
3022 2771 3121 2834 τῆς
3163 2756 3464 2834 Θεολογίας.
3495 2750 3824 2822 Theologim

2169 2871 2518 2929 vocabulum
2581 2867 2735 2939 apud
2797 2862 3026 2917 Graecos
3097 2853 3392 2910 interdum
3455 2845 3652 2902 minus
3709 2841 3826 2896 late

2172 2967 2390 3036 patere,
2425 2931 2807 3031 quam-apud
2859 2949 3096 3006 Latinos
3140 2942 3410 2998 observat
3446 2931 3825 2991 doctissimus

2168 3018 2292 3108 .lac.
2326 3018 2530 3106 Billius
2579 3047 2637 3101 in
2688 3018 2940 3100 Bcholiis
2992 3036 3062 3093 ad
3112 3035 3262 3089 orat.
3292 3045 3375 3084 vn
3407 3020 3666 3096 Gregorii
3713 3018 3826 3075 Na-

2171 3142 2354 3197 zianz.
2388 3139 2534 3194 Nam
2581 3134 2738 3207 apud
2790 3128 3023 3185 Latinos
3070 3118 3373 3192 theologia
3422 3127 3659 3187 operam
3690 3109 3830 3164 dare

2177 3233 2472 3296 dicuntur,
2503 3225 2604 3299 qui
2636 3225 2693 3280 in
2728 3234 3028 3278 sacrarum
3077 3213 3404 3268 litterarum
3459 3202 3654 3259 studio
3705 3215 3828 3254 ver-

2176 3324 2384 3377 santur
2418 3291 2633 3388 {apud
2684 3315 2912 3368 Graecos
2962 3310 3152 3362 autem
3206 3294 3482 3386 θεολογεῖν
3530 3291 3828 3354 dicuntur,

2179 3410 2278 3484 qui
2311 3405 2636 3464 divinitatis
2668 3398 2994 3458 doctrinam
3032 3381 3418 3450 sermone‘vel
3449 3381 3665 3452 scripto
3697 3393 3830 3451 per-

2179 3467 2530 3570 sequuntur.
2579 3495 2666 3549 lta
2717 3496 2773 3546 S.
2807 3484 3123 3560 Gregorius
3166 3477 3477 3543 orationes,
3509 3471 3569 3526 in
3617 3467 3832 3540 quibus

2181 3555 2248 3645 ex
2268 3555 2540 3661 ‘professo
2571 3585 2640 3638 de
2673 3579 2860 3637 Patris
2900 3555 2956 3632 et
2994 3570 3125 3630 Filii
3155 3573 3210 3626 et
3241 3566 3496 3639 Spiritus
3525 3557 3712 3660 sancti
3745 3555 3833 3610 di-

2182 3646 2424 3734 vinitate
2479 3673 2655 3731 verba
2715 3668 2870 3734 facit,
2905 3667 2978 3722 De
3023 3659 3299 3729 theologia
3346 3648 3652 3722 inscripsit
3692 3664 3705 3703 :
3753 3646 3836 3700 ita

2183 3768 2293 3826 hoc
2324 3767 2450 3822 loco
2471 3762 2724 3819 Basilius
2747 3752 3043 3829 Θεολογίας
3074 3747 3251 3823 δόγμα
3268 3748 3435 3802 vocat
3459 3764 3480 3794 ι
3509 3737 3835 3829 doctrinam

2185 3859 2256 3914 de
2287 3855 2518 3912 duabus
2564 3847 2872 3908 Trinitatis
2921 3825 3204 3918 personis.
3234 3860 3262 3890 »
3295 3835 3406 3892 Sed
3453 3835 3531 3918 et,
3558 3825 3834 3918 θεολογεῖν

2186 3909 2525 4004 υίιλῖιᾞιὶέιςι
2557 3940 2892 4013 signiﬁcare
2922 3909 3112 4002 docet,
3143 3943 3318 4002 quam
3349 3921 3476 3978 Θεὸν
3523 3917 3698 4013 λέγειν
3749 3909 3838 4013 καέ

2186 4030 2504 4108 ὁμολογεῖν,
2529 4054 2557 4083 ‹‹
2579 4003 2766 4087 Βᾌυιιι
2798 4026 2990 4082 dicere
3019 4038 3086 4078 ac
3117 4014 3407 4080 confiteri,
3433 4034 3460 4062 ››
3483 4013 3549 4066 ut
3577 4006 3759 4108 εδρίειζ
3770 4003 3842 4058 26

2185 4091 2341 4181 idem
2383 4091 2754 4195 .Gregoriusz
2808 4115 3061 4188 Φανερῶς
3107 4105 3218 4178 ἤδη
3268 4103 3330 4159 τὸ
3378 4103 3596 4172 Πνεῦμα
3646 4091 3840 4150 Θεολο-

2185 4217 2319 4290 γεῖς·
2367 4235 2395 4263 ‹‹
2434 4185 2634 4268 Palam
2691 4185 2971 4281 Spiritum
3033 4216 3164 4257 esse
3220 4197 3406 4253 Deum
3461 4185 3777 4290 profiteris.
3812 4204 3841 4232 »

2187 4274 2425 4361 Bestius
2455 4318 2592 4374 ergo
2632 4274 2767 4356 cum
2817 4290 3121 4351 Eustathio
3165 4286 3261 4343 hic
3289 4285 3479 4340 vertes
3513 4296 3581 4334 :«
3614 4274 3844 4345 Ubique

2189 4395 2371 4468 igitur
2407 4370 2623 4465 dogma
2662 4385 2896 4444 deitatis
2947 4379 3195 4454 mystica
3240 4370 3578 4432 narratione
3608 4379 3842 4422 conser-

2190 4491 2318 4541 tum
2352 4487 2442 4539 est
2471 4479 2764 4546 historiae;
2793 4473 2882 4532 vel
2914 4490 2984 4529 ex
3011 4465 3307 4532 Cornario,
3333 4485 3361 4514 «
3392 4459 3676 4530 Ubique,«
3709 4451 3846 4509 Ubi-

2110 4576 2155 4643 D
2188 4591 2302 4647 que
2333 4573 2406 4629 ad
2438 4542 2759 4628 historiam
2794 4560 3102 4634 theologica
3145 4553 3412 4613 doctrina
3458 4547 3703 4622 mystice
3748 4542 3845 4598 in-

2192 4670 2486 4736 terspersa
2517 4664 2624 4716 est.
2650 4682 2672 4712 ι

2264 4725 2382 4810 Col.
2418 4752 2520 4808 123
2549 4753 2589 4806 Ο
2616 4749 2670 4804 3.
2702 4749 2742 4804 Α
2790 4757 3015 4812 corpore
3063 4739 3200 4794 luce.
3229 4731 3552 4804 Scripserat
3600 4725 3847 4781 fortasse

2195 4843 2504 4915 interpres,
2533 4862 2562 4890 «
2592 4837 2709 4894 luci
2743 4853 2804 4892 se
2834 4832 3198 4906 opponente;
3221 4847 3248 4877 »
3285 4837 3420 4879 nam
3453 4822 3510 4874 et
3538 4815 3624 4872 ita
3651 4813 3849 4870 Graeca

2194 4903 2938 5005 expressit-Eustathius};
2963 4920 3126 4976 Sicut
3157 4915 3313 4973 enim
3345 4908 3547 5005 lucido
3572 4903 3664 4958 die
3693 4905 3853 5001 stan-

2194 5026 2313 5078 tem
2345 5019 2662 5094 quemdam
2695 5016 2806 5074 sub
2850 5027 3062 5070 aurora
3091 5006 3232 5074 solis
3263 5018 3398 5058 mox
3427 4996 3640 5054 umbra
3669 4988 3850 5047 comi-

2195 5115 2371 5180 tatur,
2412 5133 2441 5161 »
2480 5114 2538 5166 et
2574 5105 2892 5164 Carnarius
2925 5144 2938 5157 .
2965 5123 2993 5151 «
3025 5089 3532 5163 Quemadmodum
3581 5081 3738 5140 enim
3787 5078 3850 5134 in

2194 5202 2290 5258 die
2321 5173 2533 5256 umbra
2562 5198 2633 5254 ad
2678 5196 2760 5265 id,
2793 5191 2948 5265 quod
3002 5185 3376 5259 splendorem
3410 5173 3684 5239 obstruit,
3708 5185 3846 5265 con:

2194 5255 2422 5360 sistit,-
2462 5255 2826 5361 quasidicat;
2857 5255 3129 5337 umbram
3160 5267 3428 5330 comitari
3450 5278 3663 5336 corpus
3693 5255 3852 5332 quod

2194 5397 2322 5437 sese
2352 5360 2766 5450 luciﬁopponit,
2797 5384 3046 5441 eamque
3076 5360 3354 5422 excludit.

2261 5487 2384 5544 Col.
2418 5487 2520 5542 127
2549 5487 2596 5539 Α
2627 5485 2677 5537 1.
2709 5480 2800 5536 Sol
2827 5480 3092 5533 vertetur.
3124 5468 3304 5528 Paulo
3336 5463 3508 5522 aliter
3536 5456 3694 5530 apud
3725 5467 3855 5526 pro-

2192 5579 2430 5652 phetam
2475 5573 2761 5644 scriptum
2811 5570 2923 5632 est,
2963 5562 3146 5621 Joelis
3193 5577 3258 5624 ιι,
3289 5557 3353 5612 31
3391 5552 3521 5652 :‘O‘
3541 5545 3705 5652 ἣλιος
3755 5560 3852 5652 ξεῖ

2189 5630 2623 5743 amoma-«Sonat
2669 5657 2746 5720 εἲς
2797 5630 3009 5727 σκόσιος,
3039 5650 3128 5707 καὶ
3161 5650 3198 5719 ἡ
3231 5645 3436 5716 σελήνη
3470 5639 3548 5703 ιῗς
3566 5638 3723 5708 αἷμαο
3757 5630 3850 5689 Sol
