4156 6384
412 304 524 364 991

1611 317 1848 378 ΝΟΤΛΕ
1893 319 2338 384 FRONTONIS
2387 323 2639 386 DUCIEl

3725 343 3848 404 993

406 447 754 498 convertatur
784 441 842 495 in
879 445 1146 509 tenebras,
1180 449 1228 501 et
1276 445 1409 501 luna
1441 449 1500 502 in
1531 451 1878 519 sanguinem.
1915 451 2062 506 Illud
2097 459 2148 524 Α
2253 455 2374 511 Col.
2407 456 2508 511 134
2540 457 2582 512 Β
2615 457 2701 514 13.
2738 458 2907 530 Copia
2934 461 3184 531 frugum.
3217 461 3518 535 Εὐθηνήσει
3551 469 3845 530 dixitnon

411 532 606 582 autem
641 529 890 586 alterum
929 536 1256 590 membrum
1287 536 1485 591 Basilii
1519 539 1803 594 memoria
1833 557 2069 612 sugges-

410 615 486 670 sit
526 633 594 670 ex
646 617 954 692 Evangelio
1007 624 1261 679 Malthazi
1309 643 1424 693 xv1,
1456 626 1526 679 29
1562 643 1574 680 :
1609 626 1664 678 Ὁ
1694 623 1856 694 ἥλιος
1888 649 2067 682 σκητι-

408 704 685 778 σθήσεται,
721 709 810 762 καὶ
856 712 890 778 ἡ
941 710 1141 781 σελήνη
1196 713 1256 766 οὐ
1312 710 1471 768 δώσει
1521 715 1581 769 τὸ
1632 717 1844 793 φέγγος,
1877 717 2064 787 αὐτῆς

414 793 504 849 Sol
553 799 953 871 obscurabitur,
984 808 1035 856 et
1087 804 1219 858 luna
1267 821 1377 861 non
1425 805 1577 861 dabit
1623 809 1807 864 lumen
1852 826 2014 864 suum
2049 827 2067 862 :

409 885 500 939 cui
563 888 773 942 similis
837 890 1000 946 locus
1054 893 1370 950 Ezechielis
1418 913 1598 962 xxxu,
1647 899 1680 950 7
1715 914 1726 951 :
1761 895 1960 953 Ἥλιον
2013 899 2064 953 ἐν

404 971 604 1049 νεφέλῃ
665 975 915 1050 καλύψω,
974 978 1063 1034 καὶ
1123 980 1326 1053 σελήνη
1391 983 1452 1038 οὐ
1507 987 1582 1057 μή
1645 984 1784 1063 φάνῃ
1836 988 1898 1042 τὸ
1952 989 2068 1065 φώς

407 1060 598 1131 αὐτῆς·
630 1065 807 1122 Solem
839 1069 901 1123 in
929 1073 1075 1127 nube
1118 1079 1321 1143 tegam,
1355 1079 1408 1130 et
1459 1074 1597 1131 luna
1626 1060 1731 1132 non
1761 1060 2069 1147 splendebit

405 1153 619 1208 lumine
669 1172 800 1219 suo;
845 1159 1144 1232 Vulgata:
1194 1166 1266 1219 Et
1322 1165 1460 1220 luna
1514 1182 1625 1222 non
1681 1167 1831 1223 dabit
1880 1169 2063 1223 lumen

401 1257 588 1297 suum.

472 1341 593 1397 Col.
658 1343 761 1398 127
815 1349 854 1401 C
916 1347 1002 1404 13.
1060 1348 1375 1420 Ἑξήκοντα.
1438 1353 1825 1412 Henricianus
1881 1358 2063 1413 codex

403 1427 662 1498 ἑξήκοντα
714 1429 1068 1504 διαιροῦντες·
1119 1445 1178 1495 ut
1223 1443 1529 1499 Medicaaus
1578 1440 1870 1515 διελόντες,
1923 1465 2058 1504 cum

401 1522 714 1577 Basiliensi
751 1542 763 1579 :
799 1528 1189 1585 Montacutius
1239 1532 1575 1602 suapicatur
1620 1534 1932 1607 legendum
1973 1535 2060 1592 δι·-

400 1605 616 1672 ελὸντες
649 1631 835 1686 μορια,
869 1621 926 1671 et
957 1618 1129 1688 paulo
1174 1625 1304 1690 post
1343 1615 1563 1674 ἕκαστον
1596 1605 1762 1678 πάλιν
1791 1629 1897 1678 τῶν
1931 1625 2056 1696 ἑξή-

397 1717 565 1752 κοντα
623 1698 841 1756 ἐκείνων
907 1704 1112 1778 μορίων
1173 1707 1539 1777 ἒξηκοντάκις.
1587 1717 1661 1768 At
1719 1716 1835 1771 duo
1897 1717 2055 1786 Regii

401 1790 720 1858 praeierunt
749 1792 911 1848 παλίν
956 1795 1064 1849 τῶν
1111 1795 1413 1867 ἓξηκοστῶν
1447 1799 1816 1870 ὲξηκοντάκις.
1852 1806 2056 1862 Eusta-

395 1876 579 1945 thius,
605 1897 902 1954 eorumque
928 1890 1222 1957 sexaginta
1251 1895 1500 1958 sexagies
1527 1896 1808 1963 portione:
1836 1911 2056 1951 enume-

392 1971 539 2022 rant.
571 1971 650 2025 lta
683 1971 857 2042 paulo
885 1980 1017 2046 post
1045 1975 1330 2050 loquitur,
1351 1983 1430 2050 τῷ
1457 1981 1644 2055 χρόνῳ
1675 1979 2047 2059 παραδραμεῖν

390 2051 676 2125 ἓξηκοττά.

461 2155 608 2212 Ibid.
644 2158 709 2213 In
741 2160 1047 2218 Basiliensi
1099 2165 1239 2235 edit.
1275 2173 1399 2223 erat
1449 2166 1676 2240 ἑκάστην
1726 2174 2052 2246 τριακοστὴν

391 2248 605 2319 μοῖραν·
639 2249 840 2305 aberat
888 2258 1082 2308 autem
1117 2271 1150 2310 a
1179 2272 1286 2312 ms.
1324 2258 1498 2328 Regio
1548 2277 1655 2316 vox
1700 2265 2048 2334 τριακοστήν.

390 2333 686 2391 Eustathii
748 2339 1152 2412 interpretatio
1211 2347 1491 2403 mendosa
1547 2355 1656 2421 est,
1716 2333 1774 2406 in
1835 2355 2050 2424 quibus

386 2421 648 2479 diximus
683 2427 1052 2486 decretorum
1085 2439 1299 2489 sortem
1336 2436 1517 2492 fuisse
1543 2438 1811 2495 divisam.
1839 2441 2051 2496 Corne-

385 2509 508 2565 rius
539 2514 758 2586 aptius,
791 2540 820 2569 «
854 2517 913 2574 in
966 2537 1111 2592 quas
1158 2523 1426 2595 singulas
1474 2527 1804 2585 tricesimus
1851 2537 2047 2602 partes

381 2600 560 2656 dividi
596 2603 880 2663 diximus.
911 2630 940 2659 »

448 2709 567 2765 Col.
605 2713 706 2766 130
736 2719 778 2767 A
819 2716 900 2770 12.
952 2719 1076 2774 Erit
1129 2721 1321 2776 etiam.
1382 2721 1675 2795 lnterpres
1729 2732 1982 2784 verterat
2031 2747 2044 2785 :

387 2820 415 2848 «
453 2799 648 2855 Faciet
677 2803 852 2859 etiam
886 2807 1084 2862 omnia
1117 2809 1312 2865 animo
1345 2819 1654 2884 prompto:
1689 2815 1942 2888 denique
1973 2821 2044 2874 ad

384 2896 676 2958 quaestum
712 2893 944 2965 ingenio
978 2896 1231 2954 solerti.»
1267 2901 1340 2955 At
1368 2902 1656 2970 προετικός
1684 2911 1791 2962 est.
1828 2907 1928 2973 qui
1961 2910 2044 2963 fa-

381 2977 492 3032 cile
524 2978 799 3052 προῒεται,
829 2988 895 3039 ut
925 2987 1080 3056 apud
1113 2989 1508 3058 Aristotelem,
1547 2993 1684 3063 μήτε
1715 2993 2041 3069 φυλακτικὸν

380 3067 666 3140 προετικὸν
692 3066 770 3139 δὲ,
787 3095 813 3122 ‹‹
841 3091 947 3130 nec
970 3077 1041 3130 ad
1064 3079 1516 3136 custodiendum
1543 3066 1827 3156 pertinax,
1847 3088 1947 3142 sed
1972 3090 2044 3144 ad

380 3157 856 3227 profundendum
887 3163 1074 3220 facilis
1097 3183 1162 3222 ac
1195 3174 1496 3240 paratus,»
1521 3187 1575 3225 Iv
1603 3174 1804 3241 Ethic.,
1830 3192 1957 3248 cap.
1983 3179 2038 3234 2.

375 3248 689 3304 Cornarius
741 3251 814 3305 ab
866 3253 1120 3310 auctoris
1169 3264 1363 3314 mente
1412 3276 1527 3315 non
1579 3262 1887 3336 aberravit,
1926 3289 1946 3316 ι
1983 3274 2040 3324 et

376 3334 746 3393 voluntarius
777 3340 849 3394 ad
896 3343 1181 3401 dandum.
1212 3350 1270 3401 et
1317 3364 1555 3404 rursum
1607 3334 1917 3426 promptus
1968 3361 2038 3413 ad

376 3423 804 3495 acquirendum
817 3449 866 3484 .»
883 3430 1227 3490 Eustathius
1247 3441 1446 3492 contra
1463 3423 1884 3513 interpretatur
1899 3461 2039 3516 qua-

376 3512 425 3568 si
457 3529 571 3568 non
617 3515 900 3584 προῒεσθαι
933 3521 1204 3588 voluerit,
1239 3527 1339 3581 sed
1390 3512 1713 3600 προεστάναι
1746 3548 1903 3601 eum,
1939 3535 2035 3606 qui

375 3601 486 3656 sub
518 3602 697 3660 ariete
720 3610 895 3662 natus
925 3608 1023 3678 sit,
1052 3630 1080 3660 «
1103 3610 1474 3669 Prassidalem
1498 3632 1734 3688 quoque
1766 3601 2032 3677 futurum

372 3693 431 3744 et
462 3698 891 3762 quaestuosum.
915 3718 944 3748 »
978 3700 1087 3754 Sed
1120 3701 1408 3774 προετικόν
1451 3707 1686 3776 qualem
1730 3710 2034 3781 appellarit

373 3778 594 3836 indicat
633 3788 834 3853 postea
883 3785 1120 3856 clarius,
1153 3807 1288 3845 eum
1340 3791 1444 3858 ait,
1477 3778 1835 3865 eﬁpsra’SO'r'o—c
1863 3798 1968 3875 γὰρ
2001 3801 2030 3856 ὁ

369 3864 611 3940 κριανός.
649 3873 820 3929 Porro
853 3875 1004 3932 hanc
1042 3879 1544 3949 genethliacorum
1576 3887 1893 3945 vanitatem
1927 3891 2027 3947 iis-

371 3958 504 4013 dem
539 3959 866 4018 rationibus
909 3972 1213 4038 oppugnat
1253 3974 1308 4024 Β.
1341 3973 1713 4044 Augustinus
1742 3977 1844 4034 lib.
1880 3997 1920 4034 ιι
1952 3983 2028 4038 De

367 4045 621 4104 doctrina
651 4049 1000 4121 Christiana,
1023 4071 1152 4128 cap.
1179 4059 1269 4128 21,
1295 4075 1428 4116 cum
1460 4062 1541 4118 ait
1574 4066 2023 4130 mathematicos

366 4133 524 4201 illos,
558 4137 658 4208 qui
691 4139 830 4194 dum
866 4141 1171 4201 stellarum
1203 4148 1577 4222 positionem,
1605 4169 1738 4209 cum
1771 4158 2024 4231 quisque

369 4226 655 4295 nascitur,
687 4235 1116 4304 consectantur,
1150 4240 1208 4291 et
1238 4237 1371 4294 inde
1409 4247 1700 4299 conantur
1723 4226 1809 4301 vei
1842 4226 2022 4305 act—io-

372 4330 476 4370 nes
507 4321 741 4374 nostras
770 4319 858 4375 vel
888 4323 1188 4380 octionum
1228 4333 1437 4384 eventa
1475 4333 1808 4402 praedicere,
1843 4338 2022 4396 nimis

370 4417 586 4474 errare,
618 4422 684 4464 ac
715 4410 968 4466 vendere
1006 4413 1346 4472 hominibus
1375 4417 1667 4490 imperitis
1715 4425 2022 4483 miserabi-

368 4488 482 4546 lem
529 4495 893 4553 servitutem.
918 4521 947 4550 «
979 4500 1125 4558 Nam
1157 4504 1409 4578 quisque
1445 4488 1613 4581 liber,
1646 4512 1860 4586 inquit,
1884 4531 2018 4572 cum

369 4581 440 4636 ad
469 4583 760 4654 ejusmodi
811 4589 1292 4651 mathematicum
1341 4597 1648 4670 ingressus
1695 4581 1887 4677 fuerit,
1921 4607 2022 4664 dat
2053 4581 2099 4647 D

365 4671 702 4743 pecuniam,
737 4679 801 4731 ut
832 4693 1038 4736 servus
1068 4681 1203 4738 inde
1232 4690 1397 4742 exeat
1425 4693 1527 4744 aut
1554 4689 1758 4748 Martis
1789 4671 1891 4750 aut
1917 4695 2022 4753 Ve-

362 4759 542 4832 neris,
573 4762 661 4819 vel
693 4765 891 4837 potius
921 4770 1186 4827 omnium
1219 4773 1507 4846 siderum,
1539 4779 1756 4850 quibus
1785 4782 1890 4855 illi,
1916 4786 2017 4858 qui

361 4849 536 4920 primi
567 4862 929 4926 erraverunt,
961 4859 1050 4915 vel
1095 4860 1418 4920 bestiarum
1463 4849 1702 4940 propter
1731 4849 2016 4931 similitu-

357 4938 579 5008 dinem,
603 4942 691 4999 vel
715 4943 1021 5004 hominum
1054 4949 1126 5005 ad
1160 4951 1319 5022 ipsos
1341 4938 1611 5014 homines
1642 4959 2015 5023 honorandos

357 5029 767 5102 imposuerunt
817 5038 1114 5098 vocabula.
1147 5059 1173 5091 ι
1211 5041 1356 5099 Vide
1383 5044 1561 5102 etiam
1608 5052 1776 5108 Joan.
1811 5052 2011 5112 Picum

357 5118 417 5174 in
466 5125 739 5195 Astrolog.
772 5125 872 5182 lib.
906 5145 979 5195 γι,
1012 5145 1139 5202 cap.
1178 5132 1265 5201 15,
1293 5141 1346 5188 et
1390 5134 1509 5191 Jos.
1542 5138 1901 5213 Scaligerum
1951 5145 2011 5202 in

355 5207 509 5263 Notis
555 5211 636 5268 ad
681 5213 992 5286 Manilium,
1027 5219 1126 5291 qui
1162 5237 1230 5277 ex
1259 5222 1418 5278 Aben
1452 5225 1593 5282 Ezra
1643 5207 1819 5287 reiert
1862 5227 2012 5292 alias

357 5296 646 5369 imagines
705 5304 903 5363 ﬁxisse
956 5309 1099 5365 coelo
1158 5311 1385 5383 Persas,
1434 5314 1581 5374 alias
1636 5318 1834 5390 Indos,
1866 5322 2011 5382 alias

354 5384 597 5458 sphaerae
651 5392 971 5452 Barbaricas
1012 5403 1300 5458 auctores.
1333 5404 1552 5462 Arabes
1578 5412 1755 5466 etiam
1805 5428 2010 5471 omnes

354 5477 754 5548 Egyptiorum
801 5485 1322 5564 Chaldaeorumque
1373 5494 1662 5569 imagines
1709 5502 2005 5577 evertisse,

353 5581 678 5639 omnesque
701 5575 1041 5635 asterismos
1060 5587 1458 5643 commutasse
1480 5589 1662 5646 tradit
1681 5575 2010 5652 Alexander

351 5655 426 5715 de
455 5656 714 5731 Angelis,
745 5659 846 5719 lib.
881 5683 956 5735 ιν,
993 5684 1120 5742 cap.
1152 5672 1244 5746 23,
1276 5673 1541 5736 Adversus
1570 5682 1898 5756 astrologos.

2179 539 2406 615 εὐθυνεῖ,
2432 549 2494 599 ut
2520 544 2730 616 legisse
2748 547 2979 604 videtur
3001 549 3291 624 interpres
3312 555 3636 626 scribens,«
3661 578 3846 634 quan-

2179 630 2252 686 do
2285 638 2439 689 recte
2470 635 2707 706 quidem
2745 637 3007 695 facturus
3036 639 3269 697 videtur
3298 644 3582 717 agricola;
3611 671 3638 699 »
3666 630 3843 723 atque

2179 717 2415 782 εὐθύνειν
2451 746 2479 773 ‹‹
2511 724 2774 795 quidem,
2809 750 2830 779 ι
2871 732 2933 782 ut
2981 730 3062 784 ait
3109 730 3416 802 Sophoclis
3467 717 3840 812 scholiastes,

2177 808 2394 866 dicitur
2444 809 2529 866 ἐπὶ
2581 833 2687 866 των
2739 813 3088 888 ὀρθουμένων
3139 817 3339 889 λοξῶν,
3365 840 3535 880 »cum
3595 844 3664 884 ea
3713 847 3839 901 quae

2177 903 2318 953 sunt
2345 904 2628 969 tortuosa,
2658 907 2816 960 recta
2848 907 3030 973 fiunt;
3065 929 3092 956 ››
3127 913 3186 964 at
3216 909 3464 980 εὐθηνεῖν
3499 911 3588 968 ἐπὶ
3612 936 3720 971 των
3753 917 3838 973 εὐ-

2173 986 2515 1060 τυχούντων,
2556 1015 2584 1041 ‹‹
2628 1009 2761 1048 cum
2814 996 3111 1067 prosperis
3159 1003 3537 1060 successibus
3589 1006 3836 1081 utimur,

2175 1093 2310 1131 cum
2344 1080 2669 1136 exuberant
2695 1098 2807 1154 res,
2833 1088 2900 1140 ut
2929 1089 3274 1156 optamus,»
3310 1095 3376 1146 ut
3406 1091 3611 1150 bomil.
3639 1098 3670 1151 4
3701 1080 3837 1156 dici-

2174 1168 2271 1220 tur
2301 1164 2585 1242 ὀρχήστρα
2618 1168 2991 1244 εὐθηνουμὲνη
3029 1173 3287 1251 θεάμρσιν
3339 1177 3688 1247 ἀκολάστοις.
3719 1188 3834 1244 Ευ-

2174 1255 2506 1324 stathius,«
2539 1259 2754 1330 quibus
2806 1262 2986 1335 copiae
3026 1264 3325 1323 fructuum
3377 1272 3605 1341 possint
3653 1277 3830 1334 etiam

2174 1361 2285 1398 non
2321 1349 2699 1417 operantibus
2731 1351 3054 1410 abundare.
3079 1377 3107 1407 »
3140 1359 3478 1427 Carnarius,
3505 1385 3532 1413 «
3566 1362 3682 1420 imo
3713 1365 3824 1422 fer-

2172 1433 2379 1490 tilitate
2411 1436 2739 1495 abundabit
2770 1442 3046 1514 agricola.
3078 1467 3097 1494 ι
3134 1446 3311 1503 Ροιϊο
3342 1453 3601 1507 eamdem
3637 1459 3821 1511 astro-

2169 1522 2436 1594 logorum
2470 1527 2783 1584 vanitatem
2831 1531 3107 1589 inducere
3159 1535 3257 1590 fati
3310 1540 3740 1613 necessitatem,
3771 1550 3830 1599 et

2169 1629 2202 1666 a
2233 1613 2441 1682 pietate
2464 1632 2528 1669 ac
2557 1617 2667 1672 ﬁde
2690 1617 2961 1676 homines
2992 1639 3254 1696 avocare,
3277 1627 3548 1698 pluribus
3568 1633 3830 1688 ostendit

2168 1700 2226 1754 in
2262 1701 2692 1762 Commentario
2725 1707 2781 1762 in
2819 1710 2979 1764 Isaiae
3013 1728 3140 1783 cap.
3173 1731 3310 1770 xxv:
3343 1721 3452 1779 Πᾶς
3486 1714 3542 1772 δὲ
3575 1718 3603 1772 ὁ
3631 1723 3699 1773 τᾶ
3726 1726 3829 1790 τῆς

2165 1788 2421 1862 γενέσεως
2469 1793 2766 1867 πράγματα
2823 1794 3258 1874 ἀποδεχόμενος,
3299 1805 3386 1860 καί
3434 1805 3678 1884 ἀνάγκην
3733 1788 3828 1864 xui

2165 1878 2521 1954 εἱμαρμένην,
2544 1884 2634 1937 καὶ
2662 1887 3030 1961 πεπρωμένην
3062 1886 3393 1966 πρεσϐεύων.

2235 1970 2356 2025 Col.
2423 1973 2493 2026 35
2522 1975 2686 2030 A10.
2736 1982 2844 2033 Pro
2873 1982 3142 2048 portione.
3189 1983 3338 2038 Κατᾶ
3388 1983 3555 2061 μέρος
3602 1989 3833 2046 mavult

2163 2058 2403 2114 doctiss-
2431 2061 2830 2122 Montacutius
2859 2069 3006 2125 verti
3031 2092 3058 2119 «
3092 2087 3196 2142 per
3225 2058 3827 2147 partes,ipaulatim.»

2162 2147 2477 2206 Cornarius
2523 2154 2781 2225 scripsit,
2829 2179 2858 2206 «
2916 2159 3369 2228 particulariter.
3396 2186 3424 2213 »
3457 2165 3826 2239 Eustathius,

2164 2259 2193 2288 «
2224 2239 2508 2310 paulatim
2561 2245 2862 2316 componit
2911 2250 3276 2321 temperiem.
3305 2274 3332 2302 »
3365 2255 3542 2310 Porro
3592 2273 3720 2328 quae
3751 2257 3828 2313 de

2160 2328 2336 2384 asciis
2372 2335 2428 2384 et
2460 2332 2807 2404 amphisciis
2851 2336 3016 2391 affert
3047 2339 3157 2394 sub
3189 2341 3362 2397 ﬁnem
3397 2343 3625 2417 paginae
3657 2346 3825 2402 Basi-

2158 2417 2295 2488 lius,
2329 2435 2395 2474 ex
2424 2422 2707 2478 Strabone
2745 2425 3147 2498 desumpsisse
3177 2429 3606 2505 videtur,cujus
3637 2436 3823 2493 inter-

2158 2524 2292 2579 pres
2319 2508 2412 2564 his
2442 2509 2652 2567 iisdem
2677 2514 2916 2570 vocibus
2941 2517 3144 2573 utitur.
3167 2519 3393 2576 Plinius
3414 2523 3590 2580 etiam
3623 2524 3726 2581 lib.
3753 2544 3820 2598 ιι,

2158 2613 2286 2668 cap.
2317 2599 2408 2669 73,
2443 2599 2624 2657 dixit:
2650 2625 2676 2651 «
2710 2604 2936 2669 Quibus
2965 2605 3023 2660 in
3059 2606 3201 2664 locis
3234 2610 3410 2666 Indiae
3440 2612 3667 2670 umbris
3699 2631 3821 2672 non

2158 2686 2299 2754 sint,
2325 2691 2788 2760 septentrionem
2821 2711 2935 2750 non
2960 2697 3242 2769 conspici,
3276 2703 3334 2755 et
3361 2717 3430 2756 ea
3459 2701 3585 2758 ioca
3613 2703 3820 2776 appel-

2157 2774 2264 2831 lari
2301 2779 2491 2845 Ascia,
2519 2797 2622 2836 nec
2654 2781 2829 2838 horas
2856 2783 2935 2840 ibi
2959 2785 3342 2844 dinumerari.
3365 2811 3393 2840 »
3418 2795 3495 2846 De
3524 2774 3820 2852 Arabibus

2157 2865 2332 2922 etiam
2388 2869 2740 2940 amphisciis
2798 2875 2950 2945 quod
3011 2877 3273 2947 subjicit,
3323 2897 3670 2951 germanum
3729 2891 3824 2942 est

2155 2953 2293 3024 illis,
2328 2973 2454 3027 quae
2486 2959 2558 3014 ab
2591 2963 2963 3019 astronomia:
2995 2964 3198 3037 peritis
3235 2967 3492 3026 citantur
3520 2987 3588 3027 ex
3623 2989 3663 3028 ιι
3698 2973 3820 3029 Lu~

2156 3044 2285 3100 cani
2321 3047 2467 3103 libro
2502 3065 2515 3103 :

2297 3185 2556 3261 ignotum
2584 3185 2965 3261 vobiszrabe:
2992 3191 3222 3248 venisti:
3251 3194 3313 3248 in
3350 3194 3560 3261 orbem,

2301 3255 2530 3311 Umbras
2556 3259 2754 3314 mirati
2779 3277 3070 3317 nemorum
3096 3279 3206 3320 non
3240 3267 3324 3321 ire
3349 3255 3631 3324 sinistras.

2221 3409 2251 3438 «
2281 3386 2503 3444 Volunt
2531 3391 2688 3446 enim
2720 3391 3073 3461 significare,
3105 3395 3297 3468 inquit
3326 3397 3556 3456 Clavius
3587 3405 3803 3467 noster,

2147 3477 2369 3533 Arabes
2400 3479 2546 3535 citra
2575 3481 2866 3553 tropicum
2890 3484 3095 3539 Cancri
3116 3485 3368 3557 venisse,
3392 3489 3495 3545 ubi
3525 3493 3796 3561 perpetuo

2146 3582 2456 3638 corporum
2483 3570 2703 3625 umbrae
2734 3573 2794 3626 in
2821 3574 3066 3630 meridie
3087 3591 3295 3632 versus
3317 3579 3792 3650 septentrionem,

2144 3654 2255 3710 hoc
2277 3661 2366 3712 est
2387 3659 2456 3712 ad
2478 3659 2741 3715 dextram
2768 3661 2978 3716 mundi
3003 3667 3249 3736 partem,
3265 3683 3568 3740 nunquam
3590 3684 3795 3724 versus

2143 3750 2410 3802 austrum
2443 3748 2515 3803 ad
2549 3749 2854 3806 sinitram
2887 3757 3112 3823 partem
3151 3756 3566 3827 projiciuntur.
3593 3780 3620 3807 ››

2213 3835 2329 3890 Col.
2373 3837 2467 3892 137
2501 3837 2543 3892 B
2577 3837 2664 3892 11.
2701 3839 2944 3907 Quatuor
2989 3844 3147 3898 anni.
3179 3843 3327 3912 Non,
3373 3850 3439 3900 ut
3486 3846 3801 3918 interpres,

2139 3946 2167 3975 «
2201 3925 2641 3982 exactissimum
2674 3933 3004 4000 temporum
3040 3948 3413 4000 concursum,
3440 3953 3600 3987 »των
3635 3931 3796 4006 ὡρῶν

2137 4010 2474 4090 συνδρομήν.
2507 4017 2854 4075 Eustathius
2895 4021 3068 4076 vertit
3113 4021 3186 4076 ad
3218 4021 3480 4091 verbum,
3511 4041 3534 4070 ι
3568 4027 3633 4078 ut
3659 4023 3803 4078 dili-

2133 4105 2371 4176 gentius
2393 4105 2670 4162 horarum
2696 4107 2885 4180 possit
2905 4108 3096 4182 colligi
3119 4110 3376 4181 perfecta
3422 4112 3796 4168 concursio.»

2133 4191 2222 4249 Ita
2251 4192 2398 4250 dixit
2425 4194 2700 4253 Horatius
2729 4195 2789 4252 in
2819 4202 2948 4253 Arte
2976 4216 2992 4252 :

2242 4312 2348 4380 Qui
2373 4329 2553 4384 purgo
2584 4314 2752 4370 bilem
2778 4315 2879 4372 sub
2913 4317 3069 4372 verni
3094 4319 3351 4390 temporis
3381 4319 3580 4374 horam
3611 4336 3630 4374 :

2132 4431 2189 4484 et
2218 4429 2328 4486 ode
2359 4429 2426 4484 12
2456 4429 2558 4486 lib.
2593 4447 2611 4486 ι
2646 4449 2658 4488 :

2238 4573 2344 4641 Qui
2372 4591 2526 4632 mare
2557 4580 2607 4632 et
2633 4581 2833 4646 terras,
2865 4579 3149 4648 variisque
3175 4577 3445 4634 mundum

2701 4650 2982 4720 Temperat
3010 4651 3183 4704 horis.

2199 4787 2359 4852 Quod
2393 4793 2588 4847 autem
2622 4790 2704 4848 ait
2734 4790 3007 4847 Hebraeos
3031 4790 3328 4862 quondam
3358 4789 3440 4846 ita
3471 4791 3667 4848 metiri
3695 4809 3788 4850 so-

2127 4874 2266 4934 litos
2288 4895 2532 4948 annum,
2554 4885 2619 4937 ut
2649 4880 2792 4936 luna
2813 4895 2943 4935 cum
2969 4895 3142 4936 suum
3173 4897 3412 4936 cursum
3439 4881 3783 4954 peregisset,

2128 4967 2267 5022 anni
2299 4969 2560 5025 effectrix
2588 4973 2762 5037 esset,
2797 4968 3020 5025 indicat
3063 4967 3301 5026 lunares
3331 4969 3568 5026 illorum
3601 4970 3785 5028 fuisse

2125 5071 2312 5113 annos
2343 5061 2399 5114 et
2428 5074 2684 5130 menses,
2718 5074 2784 5114 ac
2821 5057 3067 5131 proinde
3097 5075 3230 5114 cum
3260 5058 3570 5115 duodecim
3609 5059 3783 5117 luna-

2123 5145 2312 5202 tiones
2356 5147 2569 5220 elapsae
2599 5151 2821 5219 essent,
2843 5149 2970 5205 dies
2999 5152 3224 5204 tantum
3254 5163 3446 5204 cccuv
3478 5153 3782 5221 peractos;

2121 5251 2374 5308 cumque
2405 5237 2614 5294 solaris
2647 5255 2841 5296 annus
2864 5240 2941 5294 sit
2970 5237 3196 5294 dierum
3228 5253 3441 5293 cccnxv
3468 5254 3602 5294 cum
3637 5255 3786 5311 qua-

2121 5325 2349 5396 drante,
2373 5343 2614 5386 necesse
2645 5330 2830 5387 fuisse
2867 5343 3130 5385 mensem
3163 5325 3568 5382 intercalerem
3603 5329 3782 5385 adde-

2118 5430 2202 5485 re,
2236 5420 2302 5472 ut
2333 5417 2568 5476 lunares
2621 5419 2706 5475 illi
2756 5418 2896 5477 anni
2929 5415 3221 5474 solaribus
3253 5422 3644 5488 aequarentur.
3673 5421 3781 5473 Ca-

2118 5505 2281 5564 rolus
2313 5507 2593 5580 Sigonius
2632 5509 2735 5566 lib.
2765 5525 2852 5580 ιιι,
2875 5524 3004 5580 cap.
3040 5523 3080 5575 ι,
3113 5506 3187 5562 De
3213 5506 3498 5579 republica
3526 5507 3778 5564 Hebraeo-

2117 5612 2243 5652 rum
2290 5599 2492 5667 tradit,
2525 5616 2626 5657 eos
2671 5596 3102 5671 interposuisse
3147 5596 3274 5653 dies
3321 5595 3454 5653 illos
3497 5597 3775 5655 undecim

2117 5701 2253 5744 cum
2308 5687 2655 5761 quadrante,
2685 5686 2946 5748 secundo
2977 5690 3037 5745 et
3074 5688 3280 5759 quarto
3331 5701 3567 5760 quoque
3619 5703 3776 5744 anno
