4156 6356
317 363 435 423 993

1424 357 1528 417 AD
1572 353 1949 416 HOMILIAS
1994 354 2073 414 IN
2118 354 2688 416 HEXAEMERON.

3619 361 3742 422 994

315 496 447 568 post
477 507 739 549 mensem
766 491 1179 548 duodecimum
1212 489 1314 562 qui
1354 489 1571 546 dicitur
1601 489 1774 556 Adar,
1807 486 1964 544 decio
1995 487 2051 555 Α
2080 487 2235 558 quod
2267 487 2617 544 recentiores
2649 488 2854 557 Graeci,
2888 492 2952 544 ut
2993 489 3406 556 Athenienses,
3437 491 3579 548 anni
3619 491 3744 548 {or-

317 599 480 640 mum
503 583 763 651 tertium,
796 597 972 654 quem
1003 581 1293 637 vocabant
1321 579 1560 652 Veadar,
1592 579 1822 635 dierum
1880 577 1970 632 vi-

310 673 455 744 ginti
487 674 736 728 duorum
770 676 827 728 et
855 669 1061 744 viginti
1096 670 1300 738 trium,
1335 692 1363 721 «
1393 669 1617 726 vicibus
1665 667 1971 724 alternatis

313 763 516 818 habita
556 762 780 817 ratione
811 760 1181 833 quadrantis.
1221 783 1242 809 ι
1280 760 1436 816 Beda
1463 775 1600 816 vero
1656 758 1716 812 in
1769 757 1871 812 lib.
1901 759 1974 814 De

315 862 618 924 temporum
650 853 890 921 ratione,
929 867 1054 922 cap.
1091 851 1182 922 43,
1209 850 1484 906 Hebraeos
1536 849 1638 918 ait,
1670 849 1770 920 qui
1819 847 1974 904 solos

316 944 553 998 lunares
585 941 644 996 in
676 940 800 1010 lege
850 945 1132 996 noverant
1178 944 1235 994 et
1292 939 1684 995 observabant
1716 953 1975 1004 menses,

309 1043 479 1113 juxta
499 1038 829 1095 naturalem
855 1039 1004 1095 lunae
1024 1055 1265 1094 cursum
1290 1038 1530 1095 tricenis
1553 1036 1978 1094 undetricenis-

313 1148 427 1203 que
446 1131 656 1186 diebus
678 1130 1086 1185 communium
1103 1146 1394 1186 annorum
1420 1145 1654 1186 menses
1673 1129 1977 1185 duodenos

314 1221 689 1293 explicuisse,
708 1225 766 1276 et
791 1219 961 1275 tertio
982 1219 1073 1276 vel
1102 1222 1385 1288 secundo,
1407 1219 1507 1275 ubi
1530 1219 1796 1284 decebat,
1821 1232 1976 1272 anno

314 1311 558 1366 tertium
584 1309 880 1366 decimum
913 1309 972 1365 in
1005 1310 1120 1366 ﬁne
1146 1310 1282 1366 anni
1308 1325 1569 1365 mensem
1595 1308 1840 1380 triginta
1862 1305 1982 1362 die-

315 1416 447 1455 rum
481 1398 828 1472 apposuisse
861 1399 1302 1456 smbolismum.
1335 1403 1462 1456 Non
1513 1398 1716 1472 igitur,
1752 1401 1814 1452 ut
1857 1394 1984 1452 vult

312 1489 613 1560 Sigonius,
647 1489 906 1545 secundo
933 1495 991 1544 et
1015 1494 1224 1560 quarto
1256 1503 1495 1561 quoque
1554 1503 1708 1542 anno
1763 1486 1984 1541 mensis

313 1577 520 1649 viginti
553 1579 804 1634 duorum
835 1583 939 1634 aut
967 1577 1176 1649 viginti
1223 1578 1404 1632 trium
1447 1577 1678 1632 dierum
1713 1593 1727 1632 :
1763 1576 1888 1642 sed,
1922 1579 1987 1630 ut

320 1668 490 1722 docet
513 1667 667 1722 Beda
699 1683 713 1722 :
749 1689 777 1716 ‹‹
808 1665 1182 1738 Colliguntur
1206 1670 1340 1739 post
1369 1670 1490 1722 tres
1519 1682 1706 1722 annos
1738 1665 1864 1721 dies
1882 1679 1986 1720 un-

321 1755 532 1824 decim,
565 1759 623 1811 et
651 1756 802 1811 ﬁunt
831 1756 957 1812 dies
992 1756 1234 1828 triginta
1265 1761 1403 1821 tres,
1439 1756 1594 1810 unde
1625 1755 1796 1810 tertio
1829 1769 1984 1809 anno

2081 592 2239 632 mam
2274 578 2331 631 C.
2352 577 2596 633 Caesaris
2631 579 2820 634 edicto
2855 582 3182 648 mutarunt,
3201 583 3260 636 et
3283 580 3587 637 Julianum
3618 597 3746 637 am-

2081 666 2231 739 plexi
2264 666 2776 739 suntzhabuitquc
2798 667 3036 724 initium
3063 685 3236 725 suum
3265 686 3380 726 non
3407 669 3744 738 solstitiale,

2083 757 2183 812 sed
2216 758 2558 812 autumnale
2589 761 2644 812 et
2683 756 3138 826 Alexandreum,
3173 776 3204 814 a
3255 775 3456 816 mense
3485 759 3747 832 Octobri,

2085 851 2150 902 ut
2178 861 2248 901 ex
2279 847 2508 902 decreto
2539 845 2774 904 illorum
2805 848 3102 925 colligitur
3137 851 3294 920 quod
3331 867 3436 922 pro
3479 853 3746 922 Hyrcano

2086 951 2320 992 summo
2353 935 2626 1007 pontiﬁce
2655 936 2996 993 Judaeorum
3046 938 3362 994 ediderunt
3393 940 3547 1010 apud
3579 939 3744 995 Jose-

2087 1025 2270 1097 phum
2303 1025 2406 1083 lib.
2437 1043 2534 1080 xw
2575 1025 2876 1098 Antiquit.,
2911 1043 3043 1098 cap.
3086 1028 3173 1083 46.

2159 1116 2279 1172 Col.
2317 1115 2417 1171 139
2466 1124 2508 1173 Α
2555 1118 2640 1171 10.
2691 1117 2955 1188 Ρεναεᾳιια
3003 1121 3349 1174 contuenlur.
3405 1117 3750 1175 Eustathius

2089 1207 2293 1262 eodem
2313 1207 2484 1262 modo
2496 1206 2693 1274 vertit,
2711 1229 2737 1256 ‹‹
2759 1205 3036 1263 similiter
3059 1207 3382 1264 intuentur.
3401 1230 3429 1258 ››
3446 1208 3748 1265 Montacu-

2090 1295 2208 1350 tius
2241 1294 2484 1363 mavult,
2518 1319 2543 1345 «
2581 1295 2864 1368 aequalem
2897 1299 3272 1367 contuentur,
3301 1297 3410 1353 hoc
3441 1302 3548 1366 est,
3581 1299 3749 1370 ejus-

2091 1386 2224 1439 dem
2259 1385 2712 1457 magnitudinis,
2747 1407 2776 1434 »
2804 1391 2862 1442 et
2919 1385 3001 1441 ita
3051 1387 3380 1458 Cornarius,
3415 1410 3442 1437 «
3486 1387 3751 1444 Britanni

2091 1473 2376 1545 aequalem
2410 1473 2628 1530 vldent.
2667 1498 2695 1525 ‹‹
2732 1475 2934 1544 Itaque
2965 1475 3159 1532 locum
3191 1475 3287 1531 hic
3320 1493 3434 1531 non
3468 1477 3646 1533 habet
3676 1478 3752 1532 i1-

2091 1563 2193 1618 lud
2216 1562 2602 1634 Virgilianum
2632 1582 2650 1620 ι
2680 1565 2922 1634 ιΕηθίά.,
2946 1581 3098 1622 vers.
3121 1565 3250 1635 568,
3273 1564 3635 1638 populariter
3664 1567 3755 1622 di-

2097 1658 2256 1708 ctum
2285 1669 2298 1708 :

2166 1761 2272 1816 Nec
2298 1767 2412 1816 tam
2441 1776 2670 1816 aversus
2697 1777 2858 1833 equos
2890 1761 3053 1833 Tyria
3081 1759 3169 1818 sol
3191 1761 3384 1834 jungit
3411 1762 3479 1818 ab
3526 1762 3680 1818 urbe.

324 1845 1280 1942 ﬁtembolismusseuintercalatio
1305 1843 1526 1942 mensis
1551 1843 1986 1942 unius-triginta
2019 1866 2066 1930 B
2169 1867 2425 1922 (301.143
2477 1872 2540 1921 Β.
2603 1868 2690 1938 10,
2749 1870 3089 1942 Eun-porum
3137 1870 3404 1938 reﬂuus.
3459 1871 3755 1940 Interpres

328 1934 557 1989 dierum
575 1952 588 2001 ;
606 1939 722 1989 tres
743 1950 876 1990 vero
900 1934 998 2005 qui
1026 1939 1347 2005 supersunt
1368 1934 1518 1998 dies,
1537 1932 1782 2003 adjectis
1805 1931 1984 1987 trium

329 2039 619 2079 annorum
653 2023 1028 2094 sequentium
1057 2023 1247 2078 tribus
1289 2021 1528 2089 diebus,
1559 2022 1713 2076 ﬁunt
1743 2021 1988 2093 triginta

327 2127 460 2168 sex:
483 2127 631 2182 quos
649 2127 748 2166 sex
773 2112 821 2166 si
846 2112 1076 2166 duobus
1099 2111 1274 2166 annis
1307 2111 1594 2181 adjeceris
1637 2109 1739 2180 qui
1770 2109 1990 2166 habent

326 2204 397 2256 22
417 2201 566 2270 dies,
593 2202 733 2255 ﬁent
754 2199 878 2255 dies
894 2201 984 2256 28.
1010 2201 1323 2270 Propterea
1355 2205 1486 2270 post
1520 2200 1844 2270 septimum
1879 2217 1988 2254 an-

329 2305 474 2346 num
508 2305 624 2344 non
659 2289 852 2354 tertio,
877 2289 978 2345 sed
1008 2290 1268 2344 secundo
1290 2305 1443 2344 anno
1469 2290 1534 2344 ﬁt
1563 2288 1990 2343 intercalatio.»

333 2381 408 2435 De
438 2377 652 2434 Gracis
682 2377 944 2450 antiquis
975 2379 1307 2434 audiendus
1338 2377 1575 2433 Solinus
1607 2377 1666 2432 in
1709 2377 1989 2449 Polyhisl.

332 2467 508 2539 cap.3
533 2485 546 2524 :
575 2488 604 2518 «
634 2465 1340 2538 Grasci,inquit,singu1is
1373 2465 1543 2520 annis
1575 2466 1846 2520 undecim
1867 2465 1993 2522 dies

336 2570 393 2621 et
443 2565 834 2636 quadrantem
865 2564 1266 2631 detrahebant,
1300 2579 1518 2634 eosque
1562 2563 1744 2618 octies
1789 2563 1992 2618 multi-

339 2653 586 2726 plicatos
614 2653 675 2708 in
704 2669 928 2708 annum
963 2669 1182 2708 nonum
1233 2653 1628 2721 reservabant,
1661 2657 1727 2707 ut
1757 2659 1994 2708 contra-

341 2747 470 2797 ctus
504 2741 938 2812 nonagenarius
969 2757 1256 2796 numerus
1287 2741 1344 2796 in
1376 2756 1610 2796 menses
1631 2745 1748 2796 tres
1773 2757 1874 2812 per
1900 2741 1998 2795 tri-

343 2847 518 2886 cenos
557 2829 682 2886 dies
713 2831 1097 2900 scinderetur,
1120 2829 1219 2902 qui
1251 2846 1408 2885 anno
1442 2846 1596 2885 nono
1627 2829 1880 2885 restituti
1913 2829 1996 2884 ef-

344 2919 620 2974 ﬁciebant
673 2919 799 2974 dies
832 2918 1294 2991 quadringentos
1325 2935 1476 2987 κων,
1509 2911 1876 2989 ἐμϐολίμους,
1909 2917 1997 2974 vel

345 3000 787 3078 ὑπερϐάλλοντας
817 3008 1222 3063 nominabant.
1257 3028 1286 3057 »
1321 3007 1652 3062 Macrobius
1682 3008 1858 3062 etiam
1892 3006 1994 3061 lib.

340 3115 358 3153 1
389 3097 700 3162 Saturnal.,
733 3113 862 3167 cap.
896 3095 1002 3150 l3:
1039 3117 1066 3146 «
1103 3095 1485 3150 lntercalares
1518 3100 1739 3150 statuta
1770 3094 1997 3150 ratione

340 3185 656 3240 commenti
689 3188 847 3252 sunt,
877 3183 958 3239 ita
987 3189 1053 3239 ut
1081 3187 1285 3238 octavo
1327 3199 1563 3255 quoque
1613 3199 1766 3238 anno
1809 3199 1992 3238 nona-

336 3273 498 3344 ginta
527 3273 760 3338 dies,ex
791 3273 1009 3344 quibus
1037 3278 1155 3328 tres
1185 3289 1420 3328 menses
1441 3273 1730 3327 tricenum
1765 3272 1992 3326 dierum

337 3365 815 3433 composuerunt,
867 3360 1312 3416 intercalarent.
1371 3361 1431 3415 Id
1482 3361 1662 3414 Graeci
1713 3361 1998 3426 fecerunt,

338 3459 619 3531 quoniam
651 3463 776 3512 erat
805 3474 1119 3529 operosum
1139 3463 1316 3529 atque
1332 3458 1574 3514 difﬁcile
1599 3459 1874 3513 omnibus
1896 3475 1998 3513 an-

343 3549 435 3602 nis
463 3564 523 3602 xi
552 3549 679 3608 dies
710 3551 767 3602 et
816 3547 1202 3617 quadrantem
1235 3546 1603 3602 intercalare.
1645 3551 1843 3618 Itaque
1878 3563 2002 3602 ma-

342 3636 584 3691 luerunt
607 3636 760 3690 hunc
782 3652 1095 3691 numerum
1115 3639 1297 3691 octics
1317 3635 1732 3707 multiplicare,
1756 3641 1813 3691 et
1833 3653 2006 3691 nona-

349 3725 514 3796 ginta
543 3725 689 3790 dies,
725 3724 825 3794 qui
858 3725 1270 3789 nascuntur,’si
1303 3726 1603 3796 quadrans
1625 3741 1759 3780 cum
1795 3725 2004 3780 diebus

352 3811 621 3867 undecim
646 3811 827 3867 octies
848 3817 1259 3882 componatur,
1283 3813 1542 3868 inserere
1559 3815 1619 3868 in
1647 3830 1746 3869 sex
1773 3831 2005 3870 menses

346 3901 806 3957 distribuendos.
843 3922 871 3949 »
915 3905 1056 3955 Item
1106 3901 1436 3957 Herodotus
1477 3901 1579 3958 lib.
1614 3920 1653 3957 ιι
1689 3921 1700 3958 :
1733 3901 2004 3970 Ἕλληνες

349 3986 438 4043 διὰ
479 3989 672 4064 τρίτου
717 3984 833 4050 ἔτος
889 3982 1198 4060 ἐμϐόλιμον
1233 3983 1646 4060 ἐπεμϐάλλουσι
1676 3993 1784 4043 τῶν
1819 3988 2004 4063 ὡρέων

339 4075 516 4133 ἕνεκα·
556 4099 584 4128 ‹‹
630 4078 812 4134 (Ξτωοί
870 4079 1040 4134 tertio
1095 4095 1329 4150 quoque
1386 4095 1540 4134 anno
1596 4079 2005 4135 intercalarem

349 4184 607 4224 mensem
639 4167 1025 4223 introducunt
1070 4172 1402 4238 temporum
1437 4168 1646 4240 gratia.
1685 4191 1713 4218 »
1747 4171 2006 4240 Denique

348 4258 675 4312 secundum
708 4257 995 4328 quosdam
1015 4259 1242 4312 Graecos
1263 4258 1416 4328 apud
1451 4257 1865 4329 Epiphanium,
1891 4259 2004 4314 hai-

349 4345 463 4402 resi
497 4362 624 4409 Lxx,
656 4343 792 4399 licet
819 4345 992 4400 tertio
1024 4361 1259 4416 quoque
1289 4362 1444 4401 anno
1484 4347 1588 4401 ﬁat
1639 4348 2007 4405 intercalatio

319 4436 526 4491 unius
559 4433 782 4489 mensis
811 4434 1057 4505 triginta
1087 4434 1342 4500 dierum,
1377 4439 1434 4490 et
1467 4441 1628 4491 sexto
1671 4437 1812 4492 item
1853 4454 2008 4494 anno

349 4525 593 4580 alterius
625 4523 848 4578 mensis
878 4523 1123 4595 triginta
1151 4523 1290 4578 item
1316 4524 1777 4596 dierum,tamen
1802 4532 2006 4583 octavo

353 4630 506 4668 anno
539 4613 843 4681 interjecto
901 4612 1072 4666 tertio
1121 4612 1262 4666 item
1297 4629 1496 4669 mense
1525 4613 1826 4670 concludit
1861 4632 1873 4671 :
1903 4614 2008 4670 Καὶ

349 4700 523 4761 οὕτως
555 4701 692 4754 κατὰ
722 4696 976 4774 περίοδον
1013 4697 1398 4770 ὀκταετηρίδος
1457 4699 1804 4771 ἐννενήκοντα
1863 4703 2007 4776 ἡμὲ-

352 4809 463 4865 ραι,
496 4789 696 4852 οἳτινές
739 4788 842 4842 εἰσι
890 4785 1262 4862 πληρέστατοι
1305 4784 1609 4861 ἐμϐόλιμοι
1645 4796 1808 4861 μῆνις
1839 4797 2004 4865 τρεῖς,

355 4890 408 4942 οἳ
471 4887 710 4942 γίνονται
761 4888 897 4943 κατὰ
952 4888 1078 4963 τρία
1133 4883 1226 4958 ἔτη
1293 4889 1401 4961 μὴν
1449 4892 1548 4961 εἷς,
1581 4890 1671 4943 καὶ
1719 4891 1855 4944 κατὰ
1912 4887 2007 4946 δύο

353 4977 546 5048 ὕστερα
585 4973 678 5048 ἔτη
715 4978 822 5050 μὴν
856 4977 950 5041 εἷς·
985 5001 1014 5029 ‹‹
1045 4983 1231 5048 Atque
1286 4979 1369 5033 ita
1429 4995 1532 5050 per
1587 4981 1844 5036 ootennii
1893 4981 2005 5036 eir-

351 5070 575 5124 euitum
607 5067 1032 5123 intercalantur
1061 5067 1186 5123 dies
1219 5068 1562 5139 nonaginta,
1597 5069 1695 5139 qui
1723 5073 1864 5124 sunt
1889 5069 2007 5141 ple-

357 5158 590 5213 nissimi
623 5173 858 5212 menses
891 5155 1268 5210 intercalares
1319 5162 1458 5220 tres,
1493 5164 1549 5211 et
1588 5157 1651 5211 ﬁt
1690 5157 1749 5210 in
1803 5159 2010 5228 primis

356 5248 548 5302 tribus
579 5247 753 5302 annis
784 5245 1006 5301 mensis
1039 5249 1290 5313 unus,et
1321 5245 1378 5299 in
1412 5247 1642 5302 duobus
1677 5249 2011 5318 posteriori-

355 5337 467 5392 bus
499 5335 672 5391 annis
709 5335 931 5390 mensis
953 5351 1126 5390 unus.
1162 5357 1190 5384 ››
1226 5338 1426 5407 Itaque
1457 5335 1514 5389 in
1545 5337 1812 5391 eamdem
1847 5354 2009 5394 sum-

356 5441 509 5479 mam
544 5425 694 5478 redit
723 5432 850 5494 posl
882 5429 1011 5480 octo
1050 5440 1238 5479 annos
1287 5424 1609 5495 nonaginta
1658 5425 1886 5480 dierum
1949 5428 2009 5482 in

355 5516 547 5569 tribus
565 5513 870 5568 mensibus
894 5513 1278 5568 intercalatio.
1306 5513 1608 5569 Postremo
1632 5515 1878 5570 observa
1901 5516 2008 5572 Ba-

357 5603 557 5659 silium
592 5601 808 5658 dixisse
823 5601 1154 5658 Graecorum
1177 5596 1628 5674 antiquissimos
1661 5620 1892 5661 menses
1913 5605 2012 5660 ba-

356 5693 557 5749 buisse
607 5690 864 5759 lunares,
893 5697 950 5746 et
999 5707 1183 5747 unum
1230 5691 1656 5749 intercalasse:
1704 5697 2012 5766 propterea

2097 1957 2180 2012 ita
2239 1955 2361 2011 haac
2417 1962 2807 2027 expresserat,
2843 1961 2906 2011 ut
2961 1957 3309 2028 Euriporum
3362 1964 3572 2014 aestum
3622 1973 3757 2014 cum

2100 2045 2309 2100 Oceani
2342 2049 2484 2100 testu
2527 2045 2821 2110 misceret,
2848 2050 2958 2100 «et
3005 2050 3182 2102 aestus
3213 2046 3389 2101 etiam
3423 2047 3757 2118 gurgitesve

2099 2134 2278 2188 maris
2310 2133 2615 2204 reciproci,
2639 2135 2854 2206 partim
2900 2134 2960 2188 in
2985 2135 3235 2204 Euripis,
3257 2134 3471 2206 partim
3498 2135 3554 2189 in
3581 2135 3761 2191 Ocea-

2101 2239 2197 2289 no,
2232 2239 2380 2294 quos
2412 2223 2680 2278 ordinate
2709 2223 2990 2295 consequi
3019 2241 3032 2291 ;
3073 2245 3100 2276 ι
3132 2224 3405 2279 distinxit
3429 2241 3526 2279 eos
3550 2229 3758 2280 Eusta-

2102 2311 2264 2366 thius
2293 2312 2402 2366 hoc
2436 2317 2602 2382 pacto
2635 2329 2648 2367 :
2683 2335 2709 2362 «
2749 2312 3099 2383 Euriporum
3141 2329 3372 2385 quoque
3404 2317 3633 2369 meatus
3667 2330 3756 2368 re-

2103 2400 2257 2455 ﬂuus
2310 2400 2420 2455 hoc
2473 2400 2716 2467 indicat,
2775 2401 2861 2456 vel
2921 2403 3099 2457 etiam
3185 2403 3563 2475 reciprocatio
3623 2403 3762 2475 Syr-

2102 2491 2276 2559 tium,
2321 2507 2448 2562 quae
2497 2490 2696 2544 vicinae
2749 2491 3046 2546 habentur
3102 2491 3330 2547 Oceano
3372 2508 3386 2560 ;
3431 2513 3458 2541 ››
3511 2497 3568 2548 et
3623 2491 3765 2548 Cor-

2105 2579 2306 2634 narius
2367 2597 2379 2634 :
2437 2602 2463 2628 «
2523 2579 2871 2651 Euriporum
2943 2581 3242 2647 refluxus,
3293 2586 3351 2636 et
3409 2581 3590 2636 maris
3649 2581 3762 2636 cir-

2103 2684 2172 2723 ca
2227 2672 2522 2722 Oceanum
2572 2667 2932 2740 appellatum
2995 2670 3416 2742 reciprocatio;
3471 2693 3498 2719 »
3551 2671 3764 2726 distin-

2103 2757 2188 2812 xit
2241 2761 2298 2811 et
2374 2758 2579 2812 Strabo
2639 2757 2743 2814 lib.
2811 2775 2850 2826 ι,
2904 2776 3032 2830 pag.
3114 2759 3183 2812 38
3245 2776 3257 2814 :
3329 2757 3458 2832 Περὶ
3517 2758 3612 2830 μὲν
3669 2755 3760 2812 οὖν

2103 2848 2213 2898 τῶν
2267 2840 2683 2919 πλημμυρίδων
2743 2845 2833 2898 καὶ
2897 2850 3007 2900 τῶν
3096 2845 3400 2918 ἀμπώτιων
3481 2846 3760 2920 εἰρήκασιν

2106 2934 2306 2994 ἱκανῶς
2365 2931 2731 2995 Ποσειδώνιός
2784 2954 2843 2988 τε
2883 2935 2972 2988 καὶ
3023 2932 3476 3011 ’Λνθηνόδωροςο
3529 2935 3652 3012 περὶ
3707 2934 3766 2990 δὲ

2104 3029 2206 3092 τῆς
2251 3026 2360 3076 τῶν
2417 3027 2683 3094 πορθμῶν
2732 3022 3060 3099 παλιρῥοιας
3141 3021 3310 3078 ιῖπεῖν
3371 3019 3618 3100 ἀπόχρη,
3680 3024 3764 3080 ὅτι

2108 3109 2234 3165 οὐδὲ
2291 3111 2366 3172 εἷς
2422 3106 2626 3186 τρόπος
2681 3115 2776 3165 τοῦ
2837 3109 3065 3186 ῥοώδεις
3097 3112 3230 3166 εἶναι
3274 3112 3401 3175 τοὺς
3453 3114 3762 3189 πορθμοὺς,

2027 3218 2069 3286 C
2111 3201 2139 3254 δ
2195 3220 2255 3275 γε
2310 3201 2426 3254 κατ’
2480 3197 2660 3262 εἶδοςο
2711 3199 2928 3286 οὐᾼγάρ
2989 3201 3049 3255 ἂν
3097 3202 3124 3256 ὁ
3187 3202 3280 3274 μὶν
3337 3200 3625 3266 Σικελικὸς
3683 3201 3764 3266 δὶς

2111 3290 2340 3358 ἑκάστης
2387 3289 2598 3361 ἡμέρας
2655 3283 2972 3362 μετέϐαλεν,
3012 3291 3040 3345 ὁ
3099 3287 3157 3344 δὲ
3211 3289 3537 3354 Χαλκιδικὸς
3597 3293 3760 3347 ἑπτά-

2107 3397 2212 3439 κις·
2242 3403 2262 3427 ι
2299 3381 2583 3434 Caeterum
2618 3381 2689 3434 de
2722 3381 2902 3435 maris
2933 3381 3275 3437 aestuatione
3297 3382 3765 3454 sufﬁciunt,quaa

2111 3485 2144 3524 a
2166 3467 2478 3524 Posidonio
2510 3473 2650 3524 sunt
2679 3477 2732 3524 et
2762 3469 3138 3525 Athenodoro
3168 3471 3339 3525 dicta.
3375 3471 3454 3526 De
3486 3472 3765 3528 fretorum

2113 3562 2305 3612 autem
2345 3557 2504 3612 ﬂuxu
2556 3575 2620 3612 ac
2673 3558 2920 3626 refluxu,
2967 3576 3099 3614 cum
3143 3560 3254 3630 ipsi
3297 3577 3532 3632 quoque
3578 3562 3769 3634 magis

2114 3647 2416 3718 physicam
2445 3663 2678 3701 causam
2699 3647 2971 3716 habeant,
2993 3649 3101 3704 hoc
3123 3648 3342 3704 dixisse
3364 3650 3768 3716 sufﬁciet,non

2115 3751 2300 3789 unum
2332 3751 2461 3790 esse
2483 3735 2541 3790 in
2573 3737 2912 3790 universum
2948 3737 3187 3792 modum
3220 3743 3400 3794 aestus
3449 3739 3610 3794 fretis
3642 3756 3768 3795 om-

2117 3825 2320 3880 nibus:
2347 3824 2567 3896 alioqui
2589 3841 2703 3880 non
2725 3825 2988 3880 Siculum
3015 3828 3104 3880 bis
3130 3829 3394 3898 quotidie
3419 3833 3770 3895 mutaretur,

2114 3913 2512 3969 Chalcidicum
2548 3915 2838 3987 septies.»
2860 3917 2931 3970 At
2971 3915 3117 3972 libro
3141 3935 3218 3986 ιχ,
3242 3934 3373 3988 pag.
3406 3920 3512 3972 278
3535 3937 3552 3973 :
3573 3919 3771 3973 Ἐπτά-

2113 4022 2198 4063 κις
2279 3997 2641 4074 μεταϐάλλειν
2719 4003 2846 4081 φασὶ
2929 4005 3045 4058 καθ’
3102 4005 3312 4077 ἡμέραν
3381 4005 3608 4075 ἑκάστην
3682 4007 3772 4062 καὶ

2113 4090 2298 4144 νύκτα·
2332 4115 2360 4142 ‹‹
2413 4093 2640 4164 Septies
2697 4093 2907 4164 quavis
2963 4095 3056 4150 die
3108 4111 3175 4150 ac
3233 4101 3400 4151 nocte
3457 4097 3700 4154 mutari.
3744 4120 3772 4147 »

2116 4181 2478 4252 Pomponius
2508 4181 2652 4238 Mela
2685 4183 2786 4237 lib.
2823 4201 2886 4248 ιι,
2919 4200 3045 4254 cap.
3075 4184 3110 4236 7
3145 4201 3157 4238 :
3187 4207 3213 4233 ‹‹
3249 4185 3532 4255 Euripum
3564 4192 3774 4242 vocant

2118 4270 2388 4340 rapidum
2415 4286 2575 4325 mare
2594 4275 2650 4325 et
2673 4271 2896 4326 alterno
2916 4287 3090 4326 cursu
3116 4273 3335 4342 septies
3357 4273 3453 4327 die
3476 4289 3542 4328 ac
3559 4273 3776 4344 septies

2117 4362 2286 4413 nocte
2313 4358 2593 4413 ﬂuctibus
2618 4358 2862 4414 invicem
2885 4359 3091 4414 versis.
3117 4381 3145 4408 »
3193 4359 3390 4416 Livius
3437 4366 3635 4417 tamen
3669 4362 3771 4417 lib.

2116 4463 2348 4515 xxxviii,
2375 4464 2490 4502 non
2521 4447 2739 4519 septies
2764 4448 2879 4516 die,
2911 4448 3065 4503 sicut
3108 4448 3265 4504 fama
3315 4449 3442 4518 fert,
3494 4451 3775 4522 tempori-

2118 4536 2229 4590 bus
2260 4535 2431 4590 statis
2462 4535 2821 4606 reciprocare
2862 4535 3087 4605 scribit,
3121 4537 3222 4592 sed
3277 4543 3498 4594 temere
3545 4540 3601 4594 in
3645 4557 3774 4595 mo-

2121 4624 2262 4678 dum
2294 4623 2447 4678 venti
2481 4639 2636 4678 nunc
2662 4623 2776 4678 huc
2803 4641 2955 4679 nunc
2987 4623 3130 4680 illud
3161 4643 3329 4681 verso
3353 4628 3524 4682 mari.
3553 4627 3776 4683 Plinius

2119 4714 2395 4784 denique,
2436 4713 2537 4769 lib.
2563 4731 2603 4768 ιι
2645 4714 2845 4768 Hister.
2877 4715 3145 4781 natural.,
3180 4732 3312 4787 cap.
3343 4717 3439 4781 97,
3480 4716 3577 4772 ubi
3612 4717 3777 4772 Euri-

2119 4818 2260 4874 pum
2294 4801 2437 4856 dixit
2467 4801 2685 4873 septies
2719 4801 2810 4857 die
2848 4819 2914 4856 ac
2947 4807 3114 4859 nocte
3147 4805 3532 4875 reciprocare,
3559 4805 3725 4860 addit
3757 4821 3770 4858 :

2119 4913 2146 4940 «
2180 4894 2376 4946 rEstus
2411 4890 2564 4945 idem
2598 4890 2791 4946 triduo
2823 4895 2883 4946 tn
2920 4908 3121 4948 mense
3168 4893 3461 4960 consistit,
3495 4893 3768 4963 septima,

2120 4987 2341 5048 octava,
2373 4996 2642 5052 nonaque
2676 4979 2883 5036 luna.»
2917 4983 3000 5038 Ita
3029 4982 3187 5037 varia
3216 4983 3287 5037 de
3321 4983 3562 5039 aestibus
3595 4987 3777 5040 maris

2120 5075 2459 5137 narrantur,
2495 5085 2747 5140 quorum
2787 5087 2998 5126 causas
3037 5072 3302 5136 diversus
3352 5074 3569 5143 profert
3618 5073 3773 5130 idem

2121 5158 2345 5212 Plinius
2376 5163 2498 5212 toto
2532 5157 2629 5212 illo
2660 5161 2852 5228 capite
2884 5159 3012 5213 libri
3042 5177 3104 5212 ιι.

2192 5247 2308 5302 Col.
2348 5247 2445 5301 144
2476 5251 2523 5301 D
2558 5247 2606 5301 1.
2642 5246 2806 5316 Ὑμᾶς
2834 5252 2932 5313 τῆς
2966 5245 3191 5301 ἑαυτῶν.
3225 5252 3289 5302 In
3321 5248 3631 5306 Basiliensi
3662 5252 3781 5307 edi-

2123 5336 2280 5392 tione
2324 5336 2609 5406 scriptum
2652 5336 2762 5390 fuit
2807 5335 2976 5406 ἡμᾶς,
3011 5343 3070 5390 ut
3117 5335 3407 5408 interpres
3444 5337 3582 5408 ὑμᾶς
3616 5339 3776 5412 legit.

2124 5425 2353 5480 Rursus
2383 5423 2723 5478 Basiliensis
2757 5424 2963 5478 habuit
3005 5421 3158 5496 λόγῳ
3207 5431 3458 5497 μετρῆτε,
3491 5431 3547 5482 et
3576 5425 3774 5480 ἀναλο-

2121 5514 2367 5588 γίσασθε,
2400 5516 2515 5569 duo
2559 5531 2691 5569 vere
2739 5515 2896 5584 Regii
2933 5517 3248 5586 praeterunt
3277 5517 3450 5587 ἡμᾶς,
3483 5524 3538 5572 et
3573 5523 3774 5591 μετρῆ-

2118 5625 2228 5673 ται,
2262 5609 2320 5660 et
2366 5603 2803 5676 ἀναΛογίζεσθαι.
2857 5604 3304 5660 Emendandum
3348 5606 3578 5663 videtur
3623 5609 3774 5678 ἡμᾶς

2117 5701 2216 5762 τῆς
2252 5692 2473 5758 ἑαυτῶν,
2509 5700 2565 5750 et
2599 5698 2852 5764 μετρῆτε,
2882 5697 2940 5748 et
2998 5694 3124 5765 παρ’
3165 5694 3377 5756 ἑαυτοῖς
3439 5693 3768 5768 ἀναλογίση-
