  <div class='ocr_page' id='page_1' title='image "/cluster/home/n/w/nwhite01/storage/ocr_20150623/30:no.2/coo.31924054873116/511.png"; bbox 0 0 4156 6362; ppageno 0'>
   <div class='ocr_carea' id='block_1_1' title="bbox 351 355 470 416">
    <p class='ocr_par' dir='ltr' id='par_1_1' title="bbox 351 355 470 416">
     <span class='ocr_line' id='line_1_1' title="bbox 351 355 470 416; baseline -0.017 0"><span class='ocrx_word' id='word_1_1' title='bbox 351 355 470 416; x_wconf 74' lang='lat'><strong>995</strong></span> 
     </span>
    </p>
   </div>
   <div class='ocr_carea' id='block_1_2' title="bbox 1541 341 2579 405">
    <p class='ocr_par' dir='ltr' id='par_1_2' title="bbox 1541 341 2579 405">
     <span class='ocr_line' id='line_1_2' title="bbox 1541 341 2579 405; baseline 0.001 -1"><span class='ocrx_word' id='word_1_2' title='bbox 1541 341 1779 404; x_wconf 77' lang='grc' dir='ltr'>ΝΟΤιΕ</span> <span class='ocrx_word' id='word_1_3' title='bbox 1822 341 2271 403; x_wconf 76' lang='lat' dir='ltr'><strong>FBON&#39;I‘ONIS</strong></span> <span class='ocrx_word' id='word_1_4' title='bbox 2314 341 2579 405; x_wconf 68' lang='lat' dir='ltr'><strong>DUCIEI</strong></span> 
     </span>
    </p>
   </div>
   <div class='ocr_carea' id='block_1_3' title="bbox 3655 342 3784 404">
    <p class='ocr_par' dir='ltr' id='par_1_3' title="bbox 3655 342 3784 404">
     <span class='ocr_line' id='line_1_3' title="bbox 3655 342 3784 404; baseline 0 0"><span class='ocrx_word' id='word_1_5' title='bbox 3655 342 3784 404; x_wconf 82' lang='grc'>996</span> 
     </span>
    </p>
   </div>
   <div class='ocr_carea' id='block_1_4' title="bbox 354 473 3785 548">
    <p class='ocr_par' dir='ltr' id='par_1_4' title="bbox 354 473 3785 548">
     <span class='ocr_line' id='line_1_4' title="bbox 354 473 3785 548; baseline -0.003 -7"><span class='ocrx_word' id='word_1_6' title='bbox 354 487 462 543; x_wconf 80' lang='grc' dir='ltr'>σθε.</span> <span class='ocrx_word' id='word_1_7' title='bbox 492 483 840 543; x_wconf 75' lang='lat' dir='ltr'><strong>Eustathius</strong></span> <span class='ocrx_word' id='word_1_8' title='bbox 883 499 896 540; x_wconf 88' lang='lat'><strong>:</strong></span> <span class='ocrx_word' id='word_1_9' title='bbox 931 503 960 531; x_wconf 88' lang='lat'><strong>«</strong></span> <span class='ocrx_word' id='word_1_10' title='bbox 997 477 1389 548; x_wconf 84' lang='lat' dir='ltr'><strong>Quamobrem</strong></span> <span class='ocrx_word' id='word_1_11' title='bbox 1439 479 1670 548; x_wconf 81' lang='lat' dir='ltr'><strong>oportet</strong></span> <span class='ocrx_word' id='word_1_12' title='bbox 1725 489 2001 530; x_wconf 75' lang='lat' dir='ltr'><strong>accusare</strong></span> <span class='ocrx_word' id='word_1_13' title='bbox 2029 479 2084 545; x_wconf 80' lang='grc' dir='ltr'><strong>Α</strong></span> <span class='ocrx_word' id='word_1_14' title='bbox 2115 473 2396 546; x_wconf 81' lang='lat' dir='ltr'><strong>gniﬁcare</strong></span> <span class='ocrx_word' id='word_1_15' title='bbox 2427 475 2542 532; x_wconf 89' lang='lat' dir='ltr'><strong>ista</strong></span> <span class='ocrx_word' id='word_1_16' title='bbox 2567 473 2866 532; x_wconf 88' lang='lat' dir='ltr'><strong>Tilmanni</strong></span> <span class='ocrx_word' id='word_1_17' title='bbox 2896 474 3093 542; x_wconf 88' lang='lat' dir='ltr'><strong>verba,</strong></span> <span class='ocrx_word' id='word_1_18' title='bbox 3126 496 3154 525; x_wconf 84' lang='lat'><strong><em>«</em></strong></span> <span class='ocrx_word' id='word_1_19' title='bbox 3187 473 3408 546; x_wconf 83' lang='lat' dir='ltr'><strong>quibus</strong></span> <span class='ocrx_word' id='word_1_20' title='bbox 3437 475 3785 534; x_wconf 87' lang='lat' dir='ltr'><strong>nomencla-</strong></span> 
     </span>
    </p>
   </div>
   <div class='ocr_carea' id='block_1_5' title="bbox 357 567 2004 647">
    <p class='ocr_par' dir='ltr' id='par_1_5' title="bbox 357 567 2004 647">
     <span class='ocr_line' id='line_1_5' title="bbox 357 567 2004 647; baseline -0.009 -13"><span class='ocrx_word' id='word_1_21' title='bbox 357 595 524 634; x_wconf 88' lang='lat' dir='ltr'><strong>suam</strong></span> <span class='ocrx_word' id='word_1_22' title='bbox 549 590 842 647; x_wconf 86' lang='lat' dir='ltr'><strong>quemque</strong></span> <span class='ocrx_word' id='word_1_23' title='bbox 873 571 1068 646; x_wconf 77' lang='lat' dir='ltr'><strong>potius</strong></span> <span class='ocrx_word' id='word_1_24' title='bbox 1110 567 1596 635; x_wconf 76' lang='lat' dir='ltr'><strong>imbecillitatem,</strong></span> <span class='ocrx_word' id='word_1_25' title='bbox 1627 568 1692 621; x_wconf 90' lang='lat' dir='ltr'><strong>ut</strong></span> <span class='ocrx_word' id='word_1_26' title='bbox 1731 581 1847 620; x_wconf 91' lang='lat' dir='ltr'><strong>non</strong></span> <span class='ocrx_word' id='word_1_27' title='bbox 1882 580 2004 620; x_wconf 92' lang='lat' dir='ltr'><strong>ma-</strong></span> 
     </span>
    </p>
   </div>
   <div class='ocr_carea' id='block_1_6' title="bbox 354 654 2008 742">
    <p class='ocr_par' dir='ltr' id='par_1_6' title="bbox 354 654 2008 742">
     <span class='ocr_line' id='line_1_6' title="bbox 354 654 2008 742; baseline -0.009 -19"><span class='ocrx_word' id='word_1_28' title='bbox 354 666 756 742; x_wconf 81' lang='lat' dir='ltr'><strong>gniﬁcentiam</strong></span> <span class='ocrx_word' id='word_1_29' title='bbox 798 667 1200 720; x_wconf 82' lang='lat' dir='ltr'><strong>creaturarum</strong></span> <span class='ocrx_word' id='word_1_30' title='bbox 1249 657 1444 713; x_wconf 87' lang='lat' dir='ltr'>verbis</span> <span class='ocrx_word' id='word_1_31' title='bbox 1489 654 1767 712; x_wconf 85' lang='lat' dir='ltr'><strong>humanis</strong></span> <span class='ocrx_word' id='word_1_32' title='bbox 1814 654 2008 709; x_wconf 83' lang='lat' dir='ltr'>metiri</span> 
     </span>
    </p>
   </div>
   <div class='ocr_carea' id='block_1_7' title="bbox 357 743 2004 830">
    <p class='ocr_par' dir='ltr' id='par_1_7' title="bbox 357 743 2004 830">
     <span class='ocr_line' id='line_1_7' title="bbox 357 743 2004 830; baseline -0.009 -18"><span class='ocrx_word' id='word_1_33' title='bbox 357 774 529 830; x_wconf 82' lang='lat' dir='ltr'><strong>posse</strong></span> <span class='ocrx_word' id='word_1_34' title='bbox 579 756 871 812; x_wconf 84' lang='lat' dir='ltr'><strong>credatur.</strong></span> <span class='ocrx_word' id='word_1_35' title='bbox 907 775 934 801; x_wconf 85' lang='lat'>»</span> <span class='ocrx_word' id='word_1_36' title='bbox 968 749 1288 807; x_wconf 79' lang='lat' dir='ltr'><strong>Carnarius</strong></span> <span class='ocrx_word' id='word_1_37' title='bbox 1329 748 1399 804; x_wconf 88' lang='lat' dir='ltr'><strong>ad</strong></span> <span class='ocrx_word' id='word_1_38' title='bbox 1453 747 1699 802; x_wconf 85' lang='lat' dir='ltr'>verbum</span> <span class='ocrx_word' id='word_1_39' title='bbox 1747 743 1956 800; x_wconf 84' lang='lat' dir='ltr'><strong>extulit</strong></span> <span class='ocrx_word' id='word_1_40' title='bbox 1991 759 2004 797; x_wconf 89' lang='lat'><strong>:</strong></span> 
     </span>
    </p>
   </div>
   <div class='ocr_carea' id='block_1_8' title="bbox 355 833 2007 916">
    <p class='ocr_par' dir='ltr' id='par_1_8' title="bbox 355 833 2007 916">
     <span class='ocr_line' id='line_1_8' title="bbox 355 833 2007 916; baseline -0.007 -18"><span class='ocrx_word' id='word_1_41' title='bbox 355 873 379 898; x_wconf 81' lang='grc' dir='ltr'>ι(</span> <span class='ocrx_word' id='word_1_42' title='bbox 414 846 670 903; x_wconf 89' lang='lat' dir='ltr'><strong>Candide</strong></span> <span class='ocrx_word' id='word_1_43' title='bbox 703 843 884 916; x_wconf 86' lang='lat' dir='ltr'><strong>igitur</strong></span> <span class='ocrx_word' id='word_1_44' title='bbox 913 844 1145 912; x_wconf 87' lang='lat' dir='ltr'><strong>oportet</strong></span> <span class='ocrx_word' id='word_1_45' title='bbox 1177 856 1284 895; x_wconf 90' lang='lat' dir='ltr'><strong>nos</strong></span> <span class='ocrx_word' id='word_1_46' title='bbox 1316 841 1574 894; x_wconf 88' lang='lat' dir='ltr'><strong>nostram</strong></span> <span class='ocrx_word' id='word_1_47' title='bbox 1603 836 1865 908; x_wconf 90' lang='lat' dir='ltr'><strong>ipsorum</strong></span> <span class='ocrx_word' id='word_1_48' title='bbox 1892 833 2007 888; x_wconf 89' lang='lat' dir='ltr'><strong>im-</strong></span> 
     </span>
    </p>
   </div>
   <div class='ocr_carea' id='block_1_9' title="bbox 353 925 2008 999">
    <p class='ocr_par' dir='ltr' id='par_1_9' title="bbox 353 925 2008 999">
     <span class='ocr_line' id='line_1_9' title="bbox 353 925 2008 999; baseline -0.01 -4"><span class='ocrx_word' id='word_1_49' title='bbox 353 939 729 996; x_wconf 89' lang='lat' dir='ltr'><strong>becillitatem</strong></span> <span class='ocrx_word' id='word_1_50' title='bbox 764 949 1065 999; x_wconf 81' lang='lat' dir='ltr'><strong>accusare,</strong></span> <span class='ocrx_word' id='word_1_51' title='bbox 1103 937 1167 987; x_wconf 94' lang='lat' dir='ltr'><strong>ut</strong></span> <span class='ocrx_word' id='word_1_52' title='bbox 1199 948 1271 986; x_wconf 91' lang='lat' dir='ltr'><strong>ne</strong></span> <span class='ocrx_word' id='word_1_53' title='bbox 1295 935 1495 987; x_wconf 90' lang='lat' dir='ltr'><strong>nostra</strong></span> <span class='ocrx_word' id='word_1_54' title='bbox 1526 928 1790 984; x_wconf 89' lang='lat' dir='ltr'><strong>oratione</strong></span> <span class='ocrx_word' id='word_1_55' title='bbox 1822 925 2008 982; x_wconf 85' lang='lat' dir='ltr'><strong>maxi-</strong></span> 
     </span>
    </p>
   </div>
   <div class='ocr_carea' id='block_1_10' title="bbox 354 1015 2006 1100">
    <p class='ocr_par' dir='ltr' id='par_1_10' title="bbox 354 1015 2006 1100">
     <span class='ocr_line' id='line_1_10' title="bbox 354 1015 2006 1100; baseline -0.009 -16"><span class='ocrx_word' id='word_1_56' title='bbox 354 1047 450 1084; x_wconf 89' lang='lat' dir='ltr'><strong>ma</strong></span> <span class='ocrx_word' id='word_1_57' title='bbox 480 1028 714 1100; x_wconf 81' lang='lat' dir='ltr'><strong>Opiﬁcia</strong></span> <span class='ocrx_word' id='word_1_58' title='bbox 735 1023 1099 1096; x_wconf 83' lang='lat' dir='ltr'><strong>expendatis,</strong></span> <span class='ocrx_word' id='word_1_59' title='bbox 1134 1022 1237 1078; x_wconf 89' lang='lat' dir='ltr'><strong>sed</strong></span> <span class='ocrx_word' id='word_1_60' title='bbox 1271 1038 1340 1076; x_wconf 88' lang='lat' dir='ltr'><strong>e-x</strong></span> <span class='ocrx_word' id='word_1_61' title='bbox 1370 1020 1574 1092; x_wconf 81' lang='lat' dir='ltr'><strong>paucis</strong></span> <span class='ocrx_word' id='word_1_62' title='bbox 1600 1016 1800 1073; x_wconf 84' lang='lat' dir='ltr'><strong>relatis</strong></span> <span class='ocrx_word' id='word_1_63' title='bbox 1851 1015 2006 1087; x_wconf 89' lang='lat' dir='ltr'><strong>apud</strong></span> 
     </span>
    </p>
   </div>
   <div class='ocr_carea' id='block_1_11' title="bbox 351 1113 1554 1189">
    <p class='ocr_par' dir='ltr' id='par_1_11' title="bbox 351 1113 1554 1189">
     <span class='ocr_line' id='line_1_11' title="bbox 351 1113 1554 1189; baseline -0.008 -15"><span class='ocrx_word' id='word_1_64' title='bbox 351 1136 451 1174; x_wconf 91' lang='lat' dir='ltr'><strong>vos</strong></span> <span class='ocrx_word' id='word_1_65' title='bbox 484 1118 642 1189; x_wconf 90' lang='lat' dir='ltr'><strong>ipsos</strong></span> <span class='ocrx_word' id='word_1_66' title='bbox 667 1113 1003 1188; x_wconf 89' lang='lat' dir='ltr'><strong>supputetis</strong></span> <span class='ocrx_word' id='word_1_67' title='bbox 1036 1116 1348 1184; x_wconf 86' lang='lat' dir='ltr'><strong>quotnam,</strong></span> <span class='ocrx_word' id='word_1_68' title='bbox 1384 1132 1411 1160; x_wconf 83' lang='grc'><strong>››</strong></span> <span class='ocrx_word' id='word_1_69' title='bbox 1445 1114 1554 1165; x_wconf 89' lang='lat' dir='ltr'><strong>etc.</strong></span> 
     </span>
    </p>
   </div>
   <div class='ocr_carea' id='block_1_12' title="bbox 420 1207 2008 1286">
    <p class='ocr_par' dir='ltr' id='par_1_12' title="bbox 420 1207 2008 1286">
     <span class='ocr_line' id='line_1_12' title="bbox 420 1207 2008 1286; baseline -0.011 -8"><span class='ocrx_word' id='word_1_70' title='bbox 420 1223 537 1280; x_wconf 85' lang='lat' dir='ltr'><strong>Gul.</strong></span> <span class='ocrx_word' id='word_1_71' title='bbox 574 1223 677 1278; x_wconf 79' lang='grc'><strong>147</strong></span> <span class='ocrx_word' id='word_1_72' title='bbox 703 1221 744 1276; x_wconf 92' lang='grc' dir='ltr'>Β</span> <span class='ocrx_word' id='word_1_73' title='bbox 791 1222 877 1275; x_wconf 92' lang='grc'><strong>10.</strong></span> <span class='ocrx_word' id='word_1_74' title='bbox 915 1222 1102 1286; x_wconf 72' lang='lat' dir='ltr'><strong>Ranae,</strong></span> <span class='ocrx_word' id='word_1_75' title='bbox 1126 1218 1426 1272; x_wconf 70' lang='lat' dir='ltr'><strong>muliones.</strong></span> <span class='ocrx_word' id='word_1_76' title='bbox 1457 1213 1794 1270; x_wconf 84' lang='lat' dir='ltr'><strong>Orniserant</strong></span> <span class='ocrx_word' id='word_1_77' title='bbox 1842 1207 2008 1280; x_wconf 81' lang='grc' dir='ltr'><strong>ἐμπί-</strong></span> 
     </span>
    </p>
   </div>
   <div class='ocr_carea' id='block_1_13' title="bbox 353 1303 2008 1386">
    <p class='ocr_par' dir='ltr' id='par_1_13' title="bbox 353 1303 2008 1386">
     <span class='ocr_line' id='line_1_13' title="bbox 353 1303 2008 1386; baseline -0.007 -20"><span class='ocrx_word' id='word_1_78' title='bbox 353 1309 438 1374; x_wconf 83' lang='grc' dir='ltr'>δες</span> <span class='ocrx_word' id='word_1_79' title='bbox 471 1311 870 1386; x_wconf 79' lang='lat' dir='ltr'><strong>Argyropylus</strong></span> <span class='ocrx_word' id='word_1_80' title='bbox 902 1315 959 1366; x_wconf 91' lang='lat' dir='ltr'><strong>et</strong></span> <span class='ocrx_word' id='word_1_81' title='bbox 980 1303 2008 1364; x_wconf 68' lang='lat' dir='ltr'><strong>Cornarius:Eustathius«muscas»</strong></span> 
     </span>
    </p>
   </div>
   <div class='ocr_carea' id='block_1_14' title="bbox 354 1389 2010 1469">
    <p class='ocr_par' dir='ltr' id='par_1_14' title="bbox 354 1389 2010 1469">
     <span class='ocr_line' id='line_1_14' title="bbox 354 1389 2010 1469; baseline -0.01 -10"><span class='ocrx_word' id='word_1_82' title='bbox 354 1404 548 1459; x_wconf 87' lang='lat' dir='ltr'><strong>vertit.</strong></span> <span class='ocrx_word' id='word_1_83' title='bbox 580 1401 947 1458; x_wconf 85' lang='lat' dir='ltr'><strong>Glossarium</strong></span> <span class='ocrx_word' id='word_1_84' title='bbox 998 1395 1178 1469; x_wconf 79' lang='grc' dir='ltr'>ἐμπίς,</span> <span class='ocrx_word' id='word_1_85' title='bbox 1216 1418 1241 1448; x_wconf 76' lang='grc' dir='ltr'><strong>α</strong></span> <span class='ocrx_word' id='word_1_86' title='bbox 1294 1411 1500 1450; x_wconf 90' lang='lat' dir='ltr'><strong>musca</strong></span> <span class='ocrx_word' id='word_1_87' title='bbox 1548 1392 1795 1450; x_wconf 88' lang='lat' dir='ltr'><strong>vinaria.</strong></span> <span class='ocrx_word' id='word_1_88' title='bbox 1827 1411 1856 1440; x_wconf 83' lang='lat'><strong>»</strong></span> <span class='ocrx_word' id='word_1_89' title='bbox 1887 1389 2010 1445; x_wconf 92' lang='lat' dir='ltr'><strong>Til-</strong></span> 
     </span>
    </p>
   </div>
   <div class='ocr_carea' id='block_1_15' title="bbox 355 1481 2011 1553">
    <p class='ocr_par' dir='ltr' id='par_1_15' title="bbox 355 1481 2011 1553">
     <span class='ocr_line' id='line_1_15' title="bbox 355 1481 2011 1553; baseline -0.009 -5"><span class='ocrx_word' id='word_1_90' title='bbox 355 1509 610 1548; x_wconf 85' lang='lat' dir='ltr'><strong>manuus</strong></span> <span class='ocrx_word' id='word_1_91' title='bbox 659 1489 971 1547; x_wconf 88' lang='lat' dir='ltr'><strong>substituit</strong></span> <span class='ocrx_word' id='word_1_92' title='bbox 1028 1509 1055 1541; x_wconf 87' lang='lat'><strong>«</strong></span> <span class='ocrx_word' id='word_1_93' title='bbox 1104 1486 1416 1541; x_wconf 85' lang='lat' dir='ltr'><strong>muliones.</strong></span> <span class='ocrx_word' id='word_1_94' title='bbox 1455 1505 1482 1533; x_wconf 89' lang='grc'><strong>››</strong></span> <span class='ocrx_word' id='word_1_95' title='bbox 1513 1487 1661 1537; x_wconf 88' lang='lat' dir='ltr'><strong>Sunt</strong></span> <span class='ocrx_word' id='word_1_96' title='bbox 1705 1481 1944 1553; x_wconf 85' lang='lat' dir='ltr'><strong>quidem</strong></span> <span class='ocrx_word' id='word_1_97' title='bbox 1980 1495 2011 1534; x_wconf 88' lang='lat' dir='ltr'>e</span> 
     </span>
    </p>
   </div>
   <div class='ocr_carea' id='block_1_16' title="bbox 353 1567 2013 1651">
    <p class='ocr_par' dir='ltr' id='par_1_16' title="bbox 353 1567 2013 1651">
     <span class='ocr_line' id='line_1_16' title="bbox 353 1567 2013 1651; baseline -0.009 -14"><span class='ocrx_word' id='word_1_98' title='bbox 353 1581 613 1637; x_wconf 91' lang='lat' dir='ltr'><strong>culicum</strong></span> <span class='ocrx_word' id='word_1_99' title='bbox 645 1595 854 1651; x_wconf 84' lang='lat' dir='ltr'><strong>genere</strong></span> <span class='ocrx_word' id='word_1_100' title='bbox 887 1577 1178 1631; x_wconf 89' lang='lat' dir='ltr'><strong>muliones</strong></span> <span class='ocrx_word' id='word_1_101' title='bbox 1202 1576 1353 1646; x_wconf 87' lang='lat' dir='ltr'><strong>apud</strong></span> <span class='ocrx_word' id='word_1_102' title='bbox 1380 1570 1822 1637; x_wconf 90' lang='lat' dir='ltr'><strong>Plinium,libro</strong></span> <span class='ocrx_word' id='word_1_103' title='bbox 1846 1567 2013 1624; x_wconf 90' lang='lat' dir='ltr'><strong>nimi-</strong></span> 
     </span>
    </p>
   </div>
   <div class='ocr_carea' id='block_1_17' title="bbox 355 1659 2013 1736">
    <p class='ocr_par' dir='ltr' id='par_1_17' title="bbox 355 1659 2013 1736">
     <span class='ocr_line' id='line_1_17' title="bbox 355 1659 2013 1736; baseline -0.01 -9"><span class='ocrx_word' id='word_1_104' title='bbox 355 1688 488 1727; x_wconf 91' lang='lat' dir='ltr'><strong>rum</strong></span> <span class='ocrx_word' id='word_1_105' title='bbox 519 1688 596 1736; x_wconf 73' lang='grc' dir='ltr'>χι,</span> <span class='ocrx_word' id='word_1_106' title='bbox 633 1685 684 1724; x_wconf 88' lang='grc' dir='ltr'>ο.</span> <span class='ocrx_word' id='word_1_107' title='bbox 717 1669 785 1723; x_wconf 79' lang='grc'><strong>48</strong></span> <span class='ocrx_word' id='word_1_108' title='bbox 819 1684 831 1720; x_wconf 94' lang='lat'><strong>:</strong></span> <span class='ocrx_word' id='word_1_109' title='bbox 867 1667 968 1722; x_wconf 90' lang='lat' dir='ltr'><strong>sed</strong></span> <span class='ocrx_word' id='word_1_110' title='bbox 1001 1670 1272 1736; x_wconf 78' lang='lat' dir='ltr'><strong>quaerunt</strong></span> <span class='ocrx_word' id='word_1_111' title='bbox 1303 1661 1409 1717; x_wconf 87' lang='lat' dir='ltr'><strong>viri</strong></span> <span class='ocrx_word' id='word_1_112' title='bbox 1441 1661 1595 1716; x_wconf 89' lang='lat' dir='ltr'><strong>docti</strong></span> <span class='ocrx_word' id='word_1_113' title='bbox 1628 1659 1762 1731; x_wconf 91' lang='lat' dir='ltr'><strong>quis</strong></span> <span class='ocrx_word' id='word_1_114' title='bbox 1811 1661 2013 1713; x_wconf 89' lang='lat' dir='ltr'><strong>auctor</strong></span> 
     </span>
    </p>
   </div>
   <div class='ocr_carea' id='block_1_18' title="bbox 354 1747 2014 1829">
    <p class='ocr_par' dir='ltr' id='par_1_18' title="bbox 354 1747 2014 1829">
     <span class='ocr_line' id='line_1_18' title="bbox 354 1747 2014 1829; baseline -0.01 -12"><span class='ocrx_word' id='word_1_115' title='bbox 354 1761 590 1828; x_wconf 86' lang='lat' dir='ltr'><strong>dixerit,</strong></span> <span class='ocrx_word' id='word_1_116' title='bbox 606 1755 835 1829; x_wconf 69' lang='grc' dir='ltr'>ἐμπίδας</span> <span class='ocrx_word' id='word_1_117' title='bbox 862 1755 1192 1810; x_wconf 74' lang='lat' dir='ltr'><strong>Graecorum</strong></span> <span class='ocrx_word' id='word_1_118' title='bbox 1220 1768 1350 1807; x_wconf 89' lang='lat' dir='ltr'><strong>esse</strong></span> <span class='ocrx_word' id='word_1_119' title='bbox 1373 1774 1401 1798; x_wconf 81' lang='grc' dir='ltr'>α</span> <span class='ocrx_word' id='word_1_120' title='bbox 1447 1749 1804 1805; x_wconf 80' lang='lat' dir='ltr'><strong>muliones.»</strong></span> <span class='ocrx_word' id='word_1_121' title='bbox 1839 1747 2014 1802; x_wconf 90' lang='lat' dir='ltr'><strong>Scho-</strong></span> 
     </span>
    </p>
   </div>
   <div class='ocr_carea' id='block_1_19' title="bbox 353 1835 2092 1932">
    <p class='ocr_par' dir='ltr' id='par_1_19' title="bbox 353 1835 2092 1932">
     <span class='ocr_line' id='line_1_19' title="bbox 353 1835 2092 1932; baseline -0.012 -25"><span class='ocrx_word' id='word_1_122' title='bbox 353 1851 554 1907; x_wconf 89' lang='lat' dir='ltr'><strong>liastes</strong></span> <span class='ocrx_word' id='word_1_123' title='bbox 585 1844 1000 1932; x_wconf 79' lang='lat' dir='ltr'><strong>Aristophanis</strong></span> <span class='ocrx_word' id='word_1_124' title='bbox 1031 1846 1091 1932; x_wconf 76' lang='lat' dir='ltr'><strong>in</strong></span> <span class='ocrx_word' id='word_1_125' title='bbox 1122 1845 1305 1932; x_wconf 55' lang='lat' dir='ltr'><strong>Nubes</strong></span> <span class='ocrx_word' id='word_1_126' title='bbox 1337 1858 1356 1896; x_wconf 88' lang='lat'><strong>:</strong></span> <span class='ocrx_word' id='word_1_127' title='bbox 1391 1835 1672 1910; x_wconf 81' lang='grc' dir='ltr'>Ἐμπίδες,</span> <span class='ocrx_word' id='word_1_128' title='bbox 1706 1835 1797 1900; x_wconf 75' lang='grc' dir='ltr'>οὖς</span> <span class='ocrx_word' id='word_1_129' title='bbox 1845 1837 2012 1907; x_wconf 84' lang='grc' dir='ltr'>ἡμεῖς</span> <span class='ocrx_word' id='word_1_130' title='bbox 2047 1868 2092 1932; x_wconf 82' lang='grc' dir='ltr'><strong>Β</strong></span> 
     </span>
    </p>
   </div>
   <div class='ocr_carea' id='block_1_20' title="bbox 354 1927 2011 2006">
    <p class='ocr_par' dir='ltr' id='par_1_20' title="bbox 354 1927 2011 2006">
     <span class='ocr_line' id='line_1_20' title="bbox 354 1927 2011 2006; baseline -0.01 -13"><span class='ocrx_word' id='word_1_131' title='bbox 354 1940 626 1997; x_wconf 73' lang='grc' dir='ltr'>κώνωπας</span> <span class='ocrx_word' id='word_1_132' title='bbox 657 1931 956 2006; x_wconf 75' lang='grc' dir='ltr'>καλοῦμεν,</span> <span class='ocrx_word' id='word_1_133' title='bbox 990 1932 1041 1986; x_wconf 73' lang='grc' dir='ltr'>οἱ</span> <span class='ocrx_word' id='word_1_134' title='bbox 1074 1928 1131 1985; x_wconf 75' lang='grc' dir='ltr'>δὲ</span> <span class='ocrx_word' id='word_1_135' title='bbox 1184 1927 1324 1992; x_wconf 72' lang='grc' dir='ltr'>εἶδος</span> <span class='ocrx_word' id='word_1_136' title='bbox 1378 1928 1640 1988; x_wconf 84' lang='grc' dir='ltr'><strong>κώνωπος</strong></span> <span class='ocrx_word' id='word_1_137' title='bbox 1695 1927 2011 1999; x_wconf 67' lang='grc' dir='ltr'>παραποτάη</span> 
     </span>
    </p>
   </div>
   <div class='ocr_carea' id='block_1_21' title="bbox 358 2015 2014 2101">
    <p class='ocr_par' dir='ltr' id='par_1_21' title="bbox 358 2015 2014 2101">
     <span class='ocr_line' id='line_1_21' title="bbox 358 2015 2014 2101; baseline -0.008 -20"><span class='ocrx_word' id='word_1_138' title='bbox 358 2048 480 2101; x_wconf 85' lang='grc' dir='ltr'>μιον</span> <span class='ocrx_word' id='word_1_139' title='bbox 517 2026 660 2096; x_wconf 75' lang='grc' dir='ltr'>ζωήν</span> <span class='ocrx_word' id='word_1_140' title='bbox 696 2022 945 2099; x_wconf 77' lang='grc' dir='ltr'>ἔχοντος·</span> <span class='ocrx_word' id='word_1_141' title='bbox 966 2046 994 2074; x_wconf 80' lang='grc' dir='ltr'>ι(</span> <span class='ocrx_word' id='word_1_142' title='bbox 1017 2017 1299 2093; x_wconf 76' lang='grc' dir='ltr'>Ἓμπίδες,</span> <span class='ocrx_word' id='word_1_143' title='bbox 1315 2036 1462 2091; x_wconf 91' lang='lat' dir='ltr'><strong>quos</strong></span> <span class='ocrx_word' id='word_1_144' title='bbox 1489 2035 1595 2073; x_wconf 89' lang='lat' dir='ltr'><strong>nos</strong></span> <span class='ocrx_word' id='word_1_145' title='bbox 1615 2015 1833 2071; x_wconf 87' lang='lat' dir='ltr'><strong>culices</strong></span> <span class='ocrx_word' id='word_1_146' title='bbox 1855 2029 2014 2070; x_wconf 82' lang='lat' dir='ltr'><strong>voca-</strong></span> 
     </span>
    </p>
   </div>
   <div class='ocr_carea' id='block_1_22' title="bbox 355 2103 2012 2183">
    <p class='ocr_par' dir='ltr' id='par_1_22' title="bbox 355 2103 2012 2183">
     <span class='ocr_line' id='line_1_22' title="bbox 355 2103 2012 2183; baseline -0.011 -9"><span class='ocrx_word' id='word_1_147' title='bbox 355 2132 520 2174; x_wconf 89' lang='lat' dir='ltr'><strong>mus:</strong></span> <span class='ocrx_word' id='word_1_148' title='bbox 555 2114 653 2171; x_wconf 91' lang='lat' dir='ltr'><strong>alii</strong></span> <span class='ocrx_word' id='word_1_149' title='bbox 686 2116 890 2169; x_wconf 87' lang='lat' dir='ltr'><strong>dicunt</strong></span> <span class='ocrx_word' id='word_1_150' title='bbox 923 2106 1154 2183; x_wconf 71' lang='grc' dir='ltr'>ἐμπίδας</span> <span class='ocrx_word' id='word_1_151' title='bbox 1186 2126 1315 2165; x_wconf 82' lang='lat' dir='ltr'><strong>esse</strong></span> <span class='ocrx_word' id='word_1_152' title='bbox 1345 2125 1533 2180; x_wconf 90' lang='lat' dir='ltr'><strong>genus</strong></span> <span class='ocrx_word' id='word_1_153' title='bbox 1564 2103 2012 2176; x_wconf 90' lang='lat' dir='ltr'><strong>culicum,quod</strong></span> 
     </span>
    </p>
   </div>
   <div class='ocr_carea' id='block_1_23' title="bbox 359 2191 2014 2277">
    <p class='ocr_par' dir='ltr' id='par_1_23' title="bbox 359 2191 2014 2277">
     <span class='ocr_line' id='line_1_23' title="bbox 359 2191 2014 2277; baseline -0.011 -14"><span class='ocrx_word' id='word_1_154' title='bbox 359 2207 526 2277; x_wconf 83' lang='lat' dir='ltr'><strong>iuxta</strong></span> <span class='ocrx_word' id='word_1_155' title='bbox 555 2204 803 2260; x_wconf 78' lang='lat' dir='ltr'><strong>flumina</strong></span> <span class='ocrx_word' id='word_1_156' title='bbox 837 2202 984 2257; x_wconf 88' lang='lat' dir='ltr'><strong>solet</strong></span> <span class='ocrx_word' id='word_1_157' title='bbox 1013 2201 1203 2255; x_wconf 87' lang='lat' dir='ltr'><strong>vivere</strong></span> <span class='ocrx_word' id='word_1_158' title='bbox 1224 2216 1237 2255; x_wconf 89' lang='lat'><strong>:</strong></span> <span class='ocrx_word' id='word_1_159' title='bbox 1256 2222 1283 2248; x_wconf 82' lang='lat'>»</span> <span class='ocrx_word' id='word_1_160' title='bbox 1308 2203 1365 2254; x_wconf 88' lang='lat' dir='ltr'><strong>et</strong></span> <span class='ocrx_word' id='word_1_161' title='bbox 1395 2199 1451 2253; x_wconf 87' lang='lat' dir='ltr'><strong>in</strong></span> <span class='ocrx_word' id='word_1_162' title='bbox 1484 2191 2014 2268; x_wconf 63' lang='lat' dir='ltr'><strong>Lysislralam,‘Ep-</strong></span> 
     </span>
    </p>
   </div>
   <div class='ocr_carea' id='block_1_24' title="bbox 355 2281 2013 2366">
    <p class='ocr_par' dir='ltr' id='par_1_24' title="bbox 355 2281 2013 2366">
     <span class='ocr_line' id='line_1_24' title="bbox 355 2281 2013 2366; baseline -0.01 -17"><span class='ocrx_word' id='word_1_163' title='bbox 355 2293 447 2358; x_wconf 81' lang='grc' dir='ltr'>πὶς</span> <span class='ocrx_word' id='word_1_164' title='bbox 474 2294 698 2366; x_wconf 77' lang='grc' dir='ltr'>κώνωψ,</span> <span class='ocrx_word' id='word_1_165' title='bbox 727 2293 761 2361; x_wconf 74' lang='grc' dir='ltr'><strong>ἢ</strong></span> <span class='ocrx_word' id='word_1_166' title='bbox 805 2287 943 2352; x_wconf 75' lang='grc' dir='ltr'>εἶδος</span> <span class='ocrx_word' id='word_1_167' title='bbox 981 2289 1124 2358; x_wconf 83' lang='grc' dir='ltr'>ζώου</span> <span class='ocrx_word' id='word_1_168' title='bbox 1154 2287 1301 2363; x_wconf 86' lang='grc' dir='ltr'><strong>παρὰ</strong></span> <span class='ocrx_word' id='word_1_169' title='bbox 1342 2291 1461 2348; x_wconf 77' lang='grc' dir='ltr'>τοῖς</span> <span class='ocrx_word' id='word_1_170' title='bbox 1513 2283 1667 2339; x_wconf 80' lang='grc' dir='ltr'>ὕδασι</span> <span class='ocrx_word' id='word_1_171' title='bbox 1719 2281 2013 2358; x_wconf 75' lang='grc' dir='ltr'>γενόμενον</span> 
     </span>
    </p>
   </div>
   <div class='ocr_carea' id='block_1_25' title="bbox 357 2371 2015 2458">
    <p class='ocr_par' dir='ltr' id='par_1_25' title="bbox 357 2371 2015 2458">
     <span class='ocr_line' id='line_1_25' title="bbox 357 2371 2015 2458; baseline -0.008 -18"><span class='ocrx_word' id='word_1_172' title='bbox 357 2384 551 2458; x_wconf 76' lang='grc' dir='ltr'>ὅμοιον</span> <span class='ocrx_word' id='word_1_173' title='bbox 593 2380 841 2448; x_wconf 79' lang='grc' dir='ltr'>κώνωπι,</span> <span class='ocrx_word' id='word_1_174' title='bbox 881 2384 1066 2453; x_wconf 82' lang='grc' dir='ltr'>μεῖζον</span> <span class='ocrx_word' id='word_1_175' title='bbox 1101 2375 1176 2433; x_wconf 76' lang='grc' dir='ltr'><strong>δέ·</strong></span> <span class='ocrx_word' id='word_1_176' title='bbox 1212 2402 1239 2429; x_wconf 88' lang='grc'><strong>(‹</strong></span> <span class='ocrx_word' id='word_1_177' title='bbox 1290 2378 1489 2434; x_wconf 88' lang='lat' dir='ltr'><strong>Genus</strong></span> <span class='ocrx_word' id='word_1_178' title='bbox 1539 2373 1808 2431; x_wconf 83' lang='lat' dir='ltr'><strong>animalis</strong></span> <span class='ocrx_word' id='word_1_179' title='bbox 1858 2371 2015 2444; x_wconf 89' lang='lat' dir='ltr'><strong>quod</strong></span> 
     </span>
    </p>
   </div>
   <div class='ocr_carea' id='block_1_26' title="bbox 348 2463 2011 2550">
    <p class='ocr_par' dir='ltr' id='par_1_26' title="bbox 348 2463 2011 2550">
     <span class='ocr_line' id='line_1_26' title="bbox 348 2463 2011 2550; baseline -0.014 -17"><span class='ocrx_word' id='word_1_180' title='bbox 348 2479 522 2550; x_wconf 82' lang='lat' dir='ltr'><strong>juxta</strong></span> <span class='ocrx_word' id='word_1_181' title='bbox 545 2490 728 2546; x_wconf 88' lang='lat' dir='ltr'><strong>aquas</strong></span> <span class='ocrx_word' id='word_1_182' title='bbox 758 2472 1024 2528; x_wconf 88' lang='lat' dir='ltr'><strong>nascitur</strong></span> <span class='ocrx_word' id='word_1_183' title='bbox 1053 2467 1249 2525; x_wconf 87' lang='lat' dir='ltr'><strong>simile</strong></span> <span class='ocrx_word' id='word_1_184' title='bbox 1278 2467 1474 2532; x_wconf 89' lang='lat' dir='ltr'><strong>culici,</strong></span> <span class='ocrx_word' id='word_1_185' title='bbox 1507 2467 1607 2522; x_wconf 83' lang='lat' dir='ltr'><strong>sed</strong></span> <span class='ocrx_word' id='word_1_186' title='bbox 1647 2463 1950 2536; x_wconf 85' lang='lat' dir='ltr'><strong>grandius.</strong></span> <span class='ocrx_word' id='word_1_187' title='bbox 1991 2484 2011 2510; x_wconf 67' lang='grc' dir='ltr'>υ</span> 
     </span>
    </p>
   </div>
   <div class='ocr_carea' id='block_1_27' title="bbox 360 2553 2014 2635">
    <p class='ocr_par' dir='ltr' id='par_1_27' title="bbox 360 2553 2014 2635">
     <span class='ocr_line' id='line_1_27' title="bbox 360 2553 2014 2635; baseline -0.009 -14"><span class='ocrx_word' id='word_1_188' title='bbox 360 2563 772 2635; x_wconf 88' lang='lat' dir='ltr'><strong>Dalecampius</strong></span> <span class='ocrx_word' id='word_1_189' title='bbox 804 2567 998 2617; x_wconf 89' lang='lat' dir='ltr'><strong>tamen</strong></span> <span class='ocrx_word' id='word_1_190' title='bbox 1033 2563 1277 2616; x_wconf 86' lang='lat' dir='ltr'><strong>annotat</strong></span> <span class='ocrx_word' id='word_1_191' title='bbox 1305 2558 1363 2612; x_wconf 91' lang='lat' dir='ltr'><strong>in</strong></span> <span class='ocrx_word' id='word_1_192' title='bbox 1395 2556 1564 2612; x_wconf 89' lang='lat' dir='ltr'><strong>illum</strong></span> <span class='ocrx_word' id='word_1_193' title='bbox 1598 2554 1766 2611; x_wconf 82' lang='lat' dir='ltr'><strong>l‘linii</strong></span> <span class='ocrx_word' id='word_1_194' title='bbox 1797 2553 2014 2618; x_wconf 90' lang='lat' dir='ltr'><strong>locum,</strong></span> 
     </span>
    </p>
   </div>
   <div class='ocr_carea' id='block_1_28' title="bbox 360 2641 2016 2726">
    <p class='ocr_par' dir='ltr' id='par_1_28' title="bbox 360 2641 2016 2726">
     <span class='ocr_line' id='line_1_28' title="bbox 360 2641 2016 2726; baseline -0.007 -18"><span class='ocrx_word' id='word_1_195' title='bbox 360 2649 594 2726; x_wconf 79' lang='grc' dir='ltr'><strong>ἐμπίδας</strong></span> <span class='ocrx_word' id='word_1_196' title='bbox 623 2649 919 2707; x_wconf 84' lang='lat' dir='ltr'><strong>Aristoteli</strong></span> <span class='ocrx_word' id='word_1_197' title='bbox 967 2665 1099 2704; x_wconf 89' lang='lat' dir='ltr'><strong>esse</strong></span> <span class='ocrx_word' id='word_1_198' title='bbox 1147 2645 1461 2713; x_wconf 89' lang='lat' dir='ltr'><strong>muliones,</strong></span> <span class='ocrx_word' id='word_1_199' title='bbox 1511 2644 1613 2716; x_wconf 93' lang='lat' dir='ltr'><strong>qui</strong></span> <span class='ocrx_word' id='word_1_200' title='bbox 1662 2647 1905 2699; x_wconf 91' lang='lat' dir='ltr'><strong>onustos</strong></span> <span class='ocrx_word' id='word_1_201' title='bbox 1957 2641 2016 2696; x_wconf 90' lang='lat' dir='ltr'><strong>in</strong></span> 
     </span>
    </p>
   </div>
   <div class='ocr_carea' id='block_1_29' title="bbox 361 2730 2015 2809">
    <p class='ocr_par' dir='ltr' id='par_1_29' title="bbox 361 2730 2015 2809">
     <span class='ocr_line' id='line_1_29' title="bbox 361 2730 2015 2809; baseline -0.01 -8"><span class='ocrx_word' id='word_1_202' title='bbox 361 2745 455 2802; x_wconf 89' lang='lat' dir='ltr'><strong>via</strong></span> <span class='ocrx_word' id='word_1_203' title='bbox 486 2741 680 2798; x_wconf 90' lang='lat' dir='ltr'><strong>mulos</strong></span> <span class='ocrx_word' id='word_1_204' title='bbox 703 2740 925 2796; x_wconf 68' lang='lat' dir='ltr'><strong>aestatis</strong></span> <span class='ocrx_word' id='word_1_205' title='bbox 955 2743 1218 2809; x_wconf 88' lang='lat' dir='ltr'><strong>tempore</strong></span> <span class='ocrx_word' id='word_1_206' title='bbox 1246 2736 1535 2791; x_wconf 86' lang='lat' dir='ltr'><strong>divexant.</strong></span> <span class='ocrx_word' id='word_1_207' title='bbox 1566 2735 1752 2789; x_wconf 90' lang='lat' dir='ltr'><strong>Locus</strong></span> <span class='ocrx_word' id='word_1_208' title='bbox 1795 2737 1884 2786; x_wconf 91' lang='lat' dir='ltr'><strong>est</strong></span> <span class='ocrx_word' id='word_1_209' title='bbox 1915 2730 2015 2786; x_wconf 92' lang='lat' dir='ltr'><strong>lib.</strong></span> 
     </span>
    </p>
   </div>
   <div class='ocr_carea' id='block_1_30' title="bbox 360 2816 2017 2898">
    <p class='ocr_par' dir='ltr' id='par_1_30' title="bbox 360 2816 2017 2898">
     <span class='ocr_line' id='line_1_30' title="bbox 360 2816 2017 2898; baseline -0.011 -9"><span class='ocrx_word' id='word_1_210' title='bbox 360 2852 397 2889; x_wconf 91' lang='lat' dir='ltr'><strong>v</strong></span> <span class='ocrx_word' id='word_1_211' title='bbox 429 2833 689 2890; x_wconf 63' lang='lat' dir='ltr'><strong>Historiw</strong></span> <span class='ocrx_word' id='word_1_212' title='bbox 730 2830 1082 2893; x_wconf 81' lang='lat' dir='ltr'><strong>animalium,</strong></span> <span class='ocrx_word' id='word_1_213' title='bbox 1133 2844 1260 2898; x_wconf 91' lang='lat' dir='ltr'><strong>cap.</strong></span> <span class='ocrx_word' id='word_1_214' title='bbox 1309 2825 1374 2880; x_wconf 87' lang='grc'>19</span> <span class='ocrx_word' id='word_1_215' title='bbox 1411 2842 1422 2880; x_wconf 92' lang='lat'><strong>:</strong></span> <span class='ocrx_word' id='word_1_216' title='bbox 1455 2823 1524 2879; x_wconf 77' lang='lat' dir='ltr'><strong>At</strong></span> <span class='ocrx_word' id='word_1_217' title='bbox 1571 2819 1617 2876; x_wconf 84' lang='grc' dir='ltr'>δ’</span> <span class='ocrx_word' id='word_1_218' title='bbox 1664 2816 1888 2893; x_wconf 78' lang='grc' dir='ltr'>ἐμπίδες</span> <span class='ocrx_word' id='word_1_219' title='bbox 1936 2817 2017 2894; x_wconf 80' lang='grc' dir='ltr'><strong>γί-</strong></span> 
     </span>
    </p>
   </div>
   <div class='ocr_carea' id='block_1_31' title="bbox 363 2912 2020 2991">
    <p class='ocr_par' dir='ltr' id='par_1_31' title="bbox 363 2912 2020 2991">
     <span class='ocr_line' id='line_1_31' title="bbox 363 2912 2020 2991; baseline -0.008 -15"><span class='ocrx_word' id='word_1_220' title='bbox 363 2942 542 2976; x_wconf 84' lang='grc' dir='ltr'>νονται</span> <span class='ocrx_word' id='word_1_221' title='bbox 593 2918 651 2974; x_wconf 79' lang='grc' dir='ltr'>ἐκ</span> <span class='ocrx_word' id='word_1_222' title='bbox 706 2921 816 2972; x_wconf 82' lang='grc' dir='ltr'><strong>τῶν</strong></span> <span class='ocrx_word' id='word_1_223' title='bbox 864 2912 1170 2991; x_wconf 67' lang='lat' dir='ltr'><strong>demptva</strong></span> <span class='ocrx_word' id='word_1_224' title='bbox 1202 2933 1215 2972; x_wconf 89' lang='lat'><strong>:</strong></span> <span class='ocrx_word' id='word_1_225' title='bbox 1251 2931 1414 2986; x_wconf 87' lang='lat' dir='ltr'><strong>quem</strong></span> <span class='ocrx_word' id='word_1_226' title='bbox 1462 2915 1546 2968; x_wconf 89' lang='lat' dir='ltr'><strong>ita</strong></span> <span class='ocrx_word' id='word_1_227' title='bbox 1594 2913 2020 2983; x_wconf 87' lang='lat' dir='ltr'><strong>interpretatur</strong></span> 
     </span>
    </p>
   </div>
   <div class='ocr_carea' id='block_1_32' title="bbox 366 2998 2018 3069">
    <p class='ocr_par' dir='ltr' id='par_1_32' title="bbox 366 2998 2018 3069">
     <span class='ocr_line' id='line_1_32' title="bbox 366 2998 2018 3069; baseline -0.009 0"><span class='ocrx_word' id='word_1_228' title='bbox 366 3011 746 3069; x_wconf 90' lang='lat' dir='ltr'><strong>doctissimus</strong></span> <span class='ocrx_word' id='word_1_229' title='bbox 789 3007 1132 3063; x_wconf 90' lang='lat' dir='ltr'><strong>Theodorus</strong></span> <span class='ocrx_word' id='word_1_230' title='bbox 1161 3009 1354 3060; x_wconf 89' lang='lat' dir='ltr'><strong>Gaza:</strong></span> <span class='ocrx_word' id='word_1_231' title='bbox 1389 3026 1410 3052; x_wconf 75' lang='grc' dir='ltr'><strong>ι</strong></span> <span class='ocrx_word' id='word_1_232' title='bbox 1450 3001 1678 3059; x_wconf 80' lang='lat' dir='ltr'><strong>Culices</strong></span> <span class='ocrx_word' id='word_1_233' title='bbox 1728 2998 2018 3055; x_wconf 91' lang='lat' dir='ltr'><strong>muliones</strong></span> 
     </span>
    </p>
   </div>
   <div class='ocr_carea' id='block_1_33' title="bbox 366 3094 1751 3168">
    <p class='ocr_par' dir='ltr' id='par_1_33' title="bbox 366 3094 1751 3168">
     <span class='ocr_line' id='line_1_33' title="bbox 366 3094 1751 3168; baseline -0.014 -9"><span class='ocrx_word' id='word_1_234' title='bbox 366 3120 436 3160; x_wconf 84' lang='lat' dir='ltr'><strong>ex</strong></span> <span class='ocrx_word' id='word_1_235' title='bbox 465 3100 774 3168; x_wconf 87' lang='lat' dir='ltr'><strong>ascaridis,</strong></span> <span class='ocrx_word' id='word_1_236' title='bbox 808 3098 918 3153; x_wconf 91' lang='lat' dir='ltr'><strong>hoc</strong></span> <span class='ocrx_word' id='word_1_237' title='bbox 948 3101 1037 3153; x_wconf 90' lang='lat' dir='ltr'><strong>est</strong></span> <span class='ocrx_word' id='word_1_238' title='bbox 1067 3094 1273 3166; x_wconf 89' lang='lat' dir='ltr'><strong>tipulis</strong></span> <span class='ocrx_word' id='word_1_239' title='bbox 1305 3097 1684 3164; x_wconf 86' lang='lat' dir='ltr'><strong>generantur.</strong></span> <span class='ocrx_word' id='word_1_240' title='bbox 1726 3112 1751 3139; x_wconf 74' lang='grc' dir='ltr'><strong><em>υ</em></strong></span> 
     </span>
    </p>
   </div>
   <div class='ocr_carea' id='block_1_34' title="bbox 438 3196 2019 3266">
    <p class='ocr_par' dir='ltr' id='par_1_34' title="bbox 438 3196 2019 3266">
     <span class='ocr_line' id='line_1_34' title="bbox 438 3196 2019 3266; baseline -0.01 0"><span class='ocrx_word' id='word_1_241' title='bbox 438 3209 586 3266; x_wconf 89' lang='lat' dir='ltr'><strong>Ibid.</strong></span> <span class='ocrx_word' id='word_1_242' title='bbox 621 3208 661 3263; x_wconf 77' lang='grc' dir='ltr'>Ο</span> <span class='ocrx_word' id='word_1_243' title='bbox 692 3207 779 3262; x_wconf 80' lang='grc'><strong>12.</strong></span> <span class='ocrx_word' id='word_1_244' title='bbox 824 3207 941 3260; x_wconf 78' lang='lat' dir='ltr'><strong>Etsi</strong></span> <span class='ocrx_word' id='word_1_245' title='bbox 985 3211 1189 3258; x_wconf 80' lang='lat' dir='ltr'><strong>autem.</strong></span> <span class='ocrx_word' id='word_1_246' title='bbox 1223 3202 1354 3256; x_wconf 69' lang='lat' dir='ltr'><strong>Haec</strong></span> <span class='ocrx_word' id='word_1_247' title='bbox 1404 3198 1729 3256; x_wconf 79' lang='lat' dir='ltr'><strong>substitute</strong></span> <span class='ocrx_word' id='word_1_248' title='bbox 1773 3200 1914 3252; x_wconf 90' lang='lat' dir='ltr'><strong>sunt</strong></span> <span class='ocrx_word' id='word_1_249' title='bbox 1959 3196 2019 3250; x_wconf 94' lang='lat' dir='ltr'><strong>in</strong></span> 
     </span>
    </p>
   </div>
   <div class='ocr_carea' id='block_1_35' title="bbox 2116 564 3786 638">
    <p class='ocr_par' dir='ltr' id='par_1_35' title="bbox 2116 564 3786 638">
     <span class='ocr_line' id='line_1_35' title="bbox 2116 564 3786 638; baseline 0.002 -18"><span class='ocrx_word' id='word_1_250' title='bbox 2116 566 2288 621; x_wconf 90' lang='lat' dir='ltr'><strong>turis.</strong></span> <span class='ocrx_word' id='word_1_251' title='bbox 2327 588 2348 615; x_wconf 72' lang='grc' dir='ltr'><strong>ι</strong></span> <span class='ocrx_word' id='word_1_252' title='bbox 2376 565 2721 622; x_wconf 86' lang='lat' dir='ltr'><strong>Eustathius</strong></span> <span class='ocrx_word' id='word_1_253' title='bbox 2763 581 3000 638; x_wconf 85' lang='lat' dir='ltr'><strong>quoque</strong></span> <span class='ocrx_word' id='word_1_254' title='bbox 3044 565 3260 622; x_wconf 91' lang='lat' dir='ltr'><strong>melius</strong></span> <span class='ocrx_word' id='word_1_255' title='bbox 3291 564 3506 622; x_wconf 85' lang='lat' dir='ltr'><strong>extulit</strong></span> <span class='ocrx_word' id='word_1_256' title='bbox 3539 583 3552 622; x_wconf 92' lang='lat'><strong>:</strong></span> <span class='ocrx_word' id='word_1_257' title='bbox 3590 588 3618 616; x_wconf 89' lang='grc'><strong>‹‹</strong></span> <span class='ocrx_word' id='word_1_258' title='bbox 3651 567 3786 624; x_wconf 91' lang='lat' dir='ltr'><strong>Sive</strong></span> 
     </span>
    </p>
   </div>
   <div class='ocr_carea' id='block_1_36' title="bbox 2117 655 3785 728">
    <p class='ocr_par' dir='ltr' id='par_1_36' title="bbox 2117 655 3785 728">
     <span class='ocr_line' id='line_1_36' title="bbox 2117 655 3785 728; baseline 0.002 -18"><span class='ocrx_word' id='word_1_259' title='bbox 2117 655 2325 711; x_wconf 87' lang='lat' dir='ltr'><strong>oviﬁca</strong></span> <span class='ocrx_word' id='word_1_260' title='bbox 2354 655 2770 726; x_wconf 81' lang='lat' dir='ltr'><strong>neminaveri,</strong></span> <span class='ocrx_word' id='word_1_261' title='bbox 2786 655 2986 727; x_wconf 88' lang='lat' dir='ltr'><strong>qualia</strong></span> <span class='ocrx_word' id='word_1_262' title='bbox 3008 659 3148 710; x_wconf 90' lang='lat' dir='ltr'><strong>sunt</strong></span> <span class='ocrx_word' id='word_1_263' title='bbox 3165 655 3364 711; x_wconf 87' lang='lat' dir='ltr'><strong>omnia</strong></span> <span class='ocrx_word' id='word_1_264' title='bbox 3397 672 3544 728; x_wconf 88' lang='lat' dir='ltr'><strong>pene</strong></span> <span class='ocrx_word' id='word_1_265' title='bbox 3567 672 3785 728; x_wconf 89' lang='lat' dir='ltr'><strong>genera</strong></span> 
     </span>
    </p>
   </div>
   <div class='ocr_carea' id='block_1_37' title="bbox 2117 744 3783 818">
    <p class='ocr_par' dir='ltr' id='par_1_37' title="bbox 2117 744 3783 818">
     <span class='ocr_line' id='line_1_37' title="bbox 2117 744 3783 818; baseline 0.003 -20"><span class='ocrx_word' id='word_1_266' title='bbox 2117 744 2406 816; x_wconf 89' lang='lat' dir='ltr'><strong>piscium;</strong></span> <span class='ocrx_word' id='word_1_267' title='bbox 2441 751 2498 801; x_wconf 90' lang='lat' dir='ltr'><strong>et</strong></span> <span class='ocrx_word' id='word_1_268' title='bbox 2527 745 2842 801; x_wconf 88' lang='lat' dir='ltr'><strong>Cornarius</strong></span> <span class='ocrx_word' id='word_1_269' title='bbox 2875 760 2889 801; x_wconf 93' lang='lat'><strong>:</strong></span> <span class='ocrx_word' id='word_1_270' title='bbox 2923 766 2952 794; x_wconf 88' lang='lat'><strong>«</strong></span> <span class='ocrx_word' id='word_1_271' title='bbox 2986 745 3114 800; x_wconf 91' lang='lat' dir='ltr'><strong>Non</strong></span> <span class='ocrx_word' id='word_1_272' title='bbox 3146 745 3406 818; x_wconf 89' lang='lat' dir='ltr'><strong>ovipara,</strong></span> <span class='ocrx_word' id='word_1_273' title='bbox 3441 762 3568 818; x_wconf 70' lang='lat' dir='ltr'><strong>quas</strong></span> <span class='ocrx_word' id='word_1_274' title='bbox 3600 747 3783 803; x_wconf 81' lang='lat' dir='ltr'><strong>ferme</strong></span> 
     </span>
    </p>
   </div>
   <div class='ocr_carea' id='block_1_38' title="bbox 2118 835 3103 906">
    <p class='ocr_par' dir='ltr' id='par_1_38' title="bbox 2118 835 3103 906">
     <span class='ocr_line' id='line_1_38' title="bbox 2118 835 3103 906; baseline 0.002 -18"><span class='ocrx_word' id='word_1_275' title='bbox 2118 837 2258 890; x_wconf 83' lang='lat' dir='ltr'><strong>sunt</strong></span> <span class='ocrx_word' id='word_1_276' title='bbox 2287 835 2488 890; x_wconf 88' lang='lat' dir='ltr'><strong>omnia</strong></span> <span class='ocrx_word' id='word_1_277' title='bbox 2517 835 2772 906; x_wconf 89' lang='lat' dir='ltr'><strong>piscium</strong></span> <span class='ocrx_word' id='word_1_278' title='bbox 2803 849 3038 906; x_wconf 90' lang='lat' dir='ltr'><strong>genera.</strong></span> <span class='ocrx_word' id='word_1_279' title='bbox 3076 855 3103 882; x_wconf 86' lang='lat'>»</span> 
     </span>
    </p>
   </div>
   <div class='ocr_carea' id='block_1_39' title="bbox 2189 926 3785 1008">
    <p class='ocr_par' dir='ltr' id='par_1_39' title="bbox 2189 926 3785 1008">
     <span class='ocr_line' id='line_1_39' title="bbox 2189 926 3785 1008; baseline 0.001 -20"><span class='ocrx_word' id='word_1_280' title='bbox 2189 931 2309 988; x_wconf 90' lang='lat' dir='ltr'><strong>Col.</strong></span> <span class='ocrx_word' id='word_1_281' title='bbox 2343 932 2446 986; x_wconf 82' lang='grc'><strong>149</strong></span> <span class='ocrx_word' id='word_1_282' title='bbox 2475 934 2520 986; x_wconf 93' lang='grc' dir='ltr'><strong>Α</strong></span> <span class='ocrx_word' id='word_1_283' title='bbox 2560 931 2614 986; x_wconf 86' lang='grc'><strong>4.</strong></span> <span class='ocrx_word' id='word_1_284' title='bbox 2647 931 2788 987; x_wconf 84' lang='grc' dir='ltr'><strong>Ὅσα</strong></span> <span class='ocrx_word' id='word_1_285' title='bbox 2836 926 3155 1008; x_wconf 80' lang='grc' dir='ltr'>φωλιδωτά.</span> <span class='ocrx_word' id='word_1_286' title='bbox 3208 932 3665 990; x_wconf 88' lang='lat' dir='ltr'><strong>Emendandum</strong></span> <span class='ocrx_word' id='word_1_287' title='bbox 3713 950 3785 990; x_wconf 86' lang='lat' dir='ltr'><strong>ex</strong></span> 
     </span>
    </p>
   </div>
   <div class='ocr_carea' id='block_1_40' title="bbox 2119 1016 3786 1096">
    <p class='ocr_par' dir='ltr' id='par_1_40' title="bbox 2119 1016 3786 1096">
     <span class='ocr_line' id='line_1_40' title="bbox 2119 1016 3786 1096; baseline 0.003 -20"><span class='ocrx_word' id='word_1_288' title='bbox 2119 1021 2352 1077; x_wconf 90' lang='lat' dir='ltr'><strong>duobus</strong></span> <span class='ocrx_word' id='word_1_289' title='bbox 2375 1021 2570 1093; x_wconf 82' lang='lat' dir='ltr'><strong>Regiis</strong></span> <span class='ocrx_word' id='word_1_290' title='bbox 2598 1016 2906 1096; x_wconf 79' lang='grc' dir='ltr'>φολιδωτά.</span> <span class='ocrx_word' id='word_1_291' title='bbox 2947 1020 3286 1088; x_wconf 83' lang='lat' dir='ltr'><strong>Carnarius,</strong></span> <span class='ocrx_word' id='word_1_292' title='bbox 3313 1043 3342 1072; x_wconf 87' lang='lat'><strong>«</strong></span> <span class='ocrx_word' id='word_1_293' title='bbox 3374 1037 3698 1093; x_wconf 89' lang='lat' dir='ltr'><strong>squamosa</strong></span> <span class='ocrx_word' id='word_1_294' title='bbox 3726 1030 3786 1081; x_wconf 90' lang='lat' dir='ltr'><strong>et</strong></span> 
     </span>
    </p>
   </div>
   <div class='ocr_carea' id='block_1_41' title="bbox 2119 1105 3784 1186">
    <p class='ocr_par' dir='ltr' id='par_1_41' title="bbox 2119 1105 3784 1186">
     <span class='ocr_line' id='line_1_41' title="bbox 2119 1105 3784 1186; baseline 0.002 -20"><span class='ocrx_word' id='word_1_295' title='bbox 2119 1111 2424 1178; x_wconf 82' lang='lat' dir='ltr'><strong>corticosa,</strong></span> <span class='ocrx_word' id='word_1_296' title='bbox 2463 1133 2488 1160; x_wconf 89' lang='grc'><strong>››</strong></span> <span class='ocrx_word' id='word_1_297' title='bbox 2523 1111 2696 1167; x_wconf 88' lang='lat' dir='ltr'><strong>vertit</strong></span> <span class='ocrx_word' id='word_1_298' title='bbox 2724 1106 3004 1165; x_wconf 80' lang='grc' dir='ltr'>λεπιδωτοί</span> <span class='ocrx_word' id='word_1_299' title='bbox 3034 1115 3092 1165; x_wconf 91' lang='lat' dir='ltr'><strong>et</strong></span> <span class='ocrx_word' id='word_1_300' title='bbox 3118 1105 3422 1186; x_wconf 79' lang='grc' dir='ltr'>φολιδωτά,</span> <span class='ocrx_word' id='word_1_301' title='bbox 3459 1113 3616 1184; x_wconf 90' lang='lat' dir='ltr'><strong>quod</strong></span> <span class='ocrx_word' id='word_1_302' title='bbox 3675 1114 3784 1170; x_wconf 90' lang='lat' dir='ltr'><strong>La-</strong></span> 
     </span>
    </p>
   </div>
   <div class='ocr_carea' id='block_1_42' title="bbox 2119 1199 3784 1272">
    <p class='ocr_par' dir='ltr' id='par_1_42' title="bbox 2119 1199 3784 1272">
     <span class='ocr_line' id='line_1_42' title="bbox 2119 1199 3784 1272; baseline 0.004 -18"><span class='ocrx_word' id='word_1_303' title='bbox 2119 1202 2281 1256; x_wconf 90' lang='lat' dir='ltr'><strong>tinus</strong></span> <span class='ocrx_word' id='word_1_304' title='bbox 2312 1217 2506 1256; x_wconf 89' lang='lat' dir='ltr'><strong>sermo</strong></span> <span class='ocrx_word' id='word_1_305' title='bbox 2536 1199 2698 1255; x_wconf 90' lang='lat' dir='ltr'><strong>aliud</strong></span> <span class='ocrx_word' id='word_1_306' title='bbox 2729 1216 3126 1272; x_wconf 78' lang='lat' dir='ltr'><strong>synonymum</strong></span> <span class='ocrx_word' id='word_1_307' title='bbox 3158 1202 3464 1271; x_wconf 89' lang='lat' dir='ltr'><strong>squamosi</strong></span> <span class='ocrx_word' id='word_1_308' title='bbox 3520 1219 3638 1258; x_wconf 92' lang='lat' dir='ltr'><strong>non</strong></span> <span class='ocrx_word' id='word_1_309' title='bbox 3679 1202 3784 1260; x_wconf 84' lang='lat' dir='ltr'><strong>ha-</strong></span> 
     </span>
    </p>
   </div>
   <div class='ocr_carea' id='block_1_43' title="bbox 2123 1285 3784 1366">
    <p class='ocr_par' dir='ltr' id='par_1_43' title="bbox 2123 1285 3784 1366">
     <span class='ocr_line' id='line_1_43' title="bbox 2123 1285 3784 1366; baseline 0.002 -22"><span class='ocrx_word' id='word_1_310' title='bbox 2123 1290 2304 1346; x_wconf 86' lang='lat' dir='ltr'><strong>beat:</strong></span> <span class='ocrx_word' id='word_1_311' title='bbox 2341 1290 2495 1360; x_wconf 91' lang='lat' dir='ltr'><strong>quod</strong></span> <span class='ocrx_word' id='word_1_312' title='bbox 2547 1289 2704 1345; x_wconf 90' lang='lat' dir='ltr'><strong>enim</strong></span> <span class='ocrx_word' id='word_1_313' title='bbox 2763 1294 2854 1346; x_wconf 89' lang='lat' dir='ltr'><strong>est</strong></span> <span class='ocrx_word' id='word_1_314' title='bbox 2899 1289 2959 1344; x_wconf 90' lang='lat' dir='ltr'><strong>in</strong></span> <span class='ocrx_word' id='word_1_315' title='bbox 3018 1289 3329 1362; x_wconf 90' lang='lat' dir='ltr'><strong>reptilibus</strong></span> <span class='ocrx_word' id='word_1_316' title='bbox 3384 1285 3575 1366; x_wconf 80' lang='grc' dir='ltr'>φολὶς,</span> <span class='ocrx_word' id='word_1_317' title='bbox 3606 1291 3662 1348; x_wconf 88' lang='lat' dir='ltr'><strong>id</strong></span> <span class='ocrx_word' id='word_1_318' title='bbox 3725 1293 3784 1349; x_wconf 91' lang='lat' dir='ltr'><strong>in</strong></span> 
     </span>
    </p>
   </div>
   <div class='ocr_carea' id='block_1_44' title="bbox 2122 1376 3774 1451">
    <p class='ocr_par' dir='ltr' id='par_1_44' title="bbox 2122 1376 3774 1451">
     <span class='ocr_line' id='line_1_44' title="bbox 2122 1376 3774 1451; baseline 0.002 -16"><span class='ocrx_word' id='word_1_319' title='bbox 2122 1380 2441 1451; x_wconf 84' lang='lat' dir='ltr'><strong>aquatibus</strong></span> <span class='ocrx_word' id='word_1_320' title='bbox 2470 1383 2560 1436; x_wconf 89' lang='lat' dir='ltr'><strong>est</strong></span> <span class='ocrx_word' id='word_1_321' title='bbox 2611 1376 2788 1447; x_wconf 86' lang='grc' dir='ltr'>λεπὶς,</span> <span class='ocrx_word' id='word_1_322' title='bbox 2819 1379 3023 1436; x_wconf 89' lang='lat' dir='ltr'><strong>Latine</strong></span> <span class='ocrx_word' id='word_1_323' title='bbox 3055 1401 3083 1430; x_wconf 86' lang='grc'><strong>‹‹</strong></span> <span class='ocrx_word' id='word_1_324' title='bbox 3127 1396 3382 1451; x_wconf 79' lang='lat' dir='ltr'><strong>squama</strong></span> <span class='ocrx_word' id='word_1_325' title='bbox 3415 1402 3442 1430; x_wconf 84' lang='lat'><strong>»</strong></span> <span class='ocrx_word' id='word_1_326' title='bbox 3496 1381 3553 1436; x_wconf 91' lang='lat' dir='ltr'><strong>in</strong></span> <span class='ocrx_word' id='word_1_327' title='bbox 3603 1381 3774 1438; x_wconf 86' lang='lat' dir='ltr'><strong>utris-</strong></span> 
     </span>
    </p>
   </div>
   <div class='ocr_carea' id='block_1_45' title="bbox 2121 1468 3774 1542">
    <p class='ocr_par' dir='ltr' id='par_1_45' title="bbox 2121 1468 3774 1542">
     <span class='ocr_line' id='line_1_45' title="bbox 2121 1468 3774 1542; baseline 0.001 -17"><span class='ocrx_word' id='word_1_328' title='bbox 2121 1487 2256 1541; x_wconf 92' lang='lat' dir='ltr'><strong>que.</strong></span> <span class='ocrx_word' id='word_1_329' title='bbox 2289 1469 2382 1525; x_wconf 91' lang='lat' dir='ltr'><strong>Sic</strong></span> <span class='ocrx_word' id='word_1_330' title='bbox 2414 1470 2473 1524; x_wconf 91' lang='lat' dir='ltr'><strong>in</strong></span> <span class='ocrx_word' id='word_1_331' title='bbox 2504 1469 2765 1541; x_wconf 89' lang='lat' dir='ltr'><strong>Epistola</strong></span> <span class='ocrx_word' id='word_1_332' title='bbox 2794 1473 2850 1525; x_wconf 86' lang='lat' dir='ltr'><strong>S.</strong></span> <span class='ocrx_word' id='word_1_333' title='bbox 2885 1468 3098 1541; x_wconf 89' lang='lat' dir='ltr'><strong>Igualii</strong></span> <span class='ocrx_word' id='word_1_334' title='bbox 3147 1469 3216 1525; x_wconf 89' lang='lat' dir='ltr'><strong>ad</strong></span> <span class='ocrx_word' id='word_1_335' title='bbox 3268 1469 3688 1539; x_wconf 88' lang='lat' dir='ltr'><strong>Antiochenos,</strong></span> <span class='ocrx_word' id='word_1_336' title='bbox 3719 1489 3774 1542; x_wconf 88' lang='lat' dir='ltr'><strong>p.</strong></span> 
     </span>
    </p>
   </div>
   <div class='ocr_carea' id='block_1_46' title="bbox 2125 1555 3781 1636">
    <p class='ocr_par' dir='ltr' id='par_1_46' title="bbox 2125 1555 3781 1636">
     <span class='ocr_line' id='line_1_46' title="bbox 2125 1555 3781 1636; baseline -0.001 -22"><span class='ocrx_word' id='word_1_337' title='bbox 2125 1560 2248 1624; x_wconf 88' lang='grc'>196,</span> <span class='ocrx_word' id='word_1_338' title='bbox 2278 1559 2616 1631; x_wconf 88' lang='lat' dir='ltr'><strong>legendum,</strong></span> <span class='ocrx_word' id='word_1_339' title='bbox 2651 1565 2718 1615; x_wconf 90' lang='lat' dir='ltr'><strong>ut</strong></span> <span class='ocrx_word' id='word_1_340' title='bbox 2749 1575 2937 1630; x_wconf 89' lang='lat' dir='ltr'><strong>nuper</strong></span> <span class='ocrx_word' id='word_1_341' title='bbox 2967 1559 3442 1630; x_wconf 87' lang='lat' dir='ltr'><strong>emendavimus,</strong></span> <span class='ocrx_word' id='word_1_342' title='bbox 3472 1557 3602 1619; x_wconf 79' lang='grc' dir='ltr'>τοὺς</span> <span class='ocrx_word' id='word_1_343' title='bbox 3635 1555 3781 1636; x_wconf 77' lang='grc' dir='ltr'>ὄφεις</span> 
     </span>
    </p>
   </div>
   <div class='ocr_carea' id='block_1_47' title="bbox 2120 1643 3779 1722">
    <p class='ocr_par' dir='ltr' id='par_1_47' title="bbox 2120 1643 3779 1722">
     <span class='ocr_line' id='line_1_47' title="bbox 2120 1643 3779 1722; baseline 0 -21"><span class='ocrx_word' id='word_1_344' title='bbox 2120 1648 2247 1709; x_wconf 82' lang='grc' dir='ltr'>τοὺς</span> <span class='ocrx_word' id='word_1_345' title='bbox 2279 1645 2634 1722; x_wconf 70' lang='grc' dir='ltr'>συρομένους,</span> <span class='ocrx_word' id='word_1_346' title='bbox 2666 1647 2733 1704; x_wconf 78' lang='grc' dir='ltr'><strong>τὰ</strong></span> <span class='ocrx_word' id='word_1_347' title='bbox 2782 1643 3064 1722; x_wconf 79' lang='grc' dir='ltr'>φολιδωτὰ</span> <span class='ocrx_word' id='word_1_348' title='bbox 3123 1643 3437 1720; x_wconf 80' lang='grc' dir='ltr'>δρακόντια,</span> <span class='ocrx_word' id='word_1_349' title='bbox 3467 1648 3563 1711; x_wconf 72' lang='grc' dir='ltr'><strong>τὰς</strong></span> <span class='ocrx_word' id='word_1_350' title='bbox 3613 1647 3779 1703; x_wconf 85' lang='grc' dir='ltr'>ἀσπί-</span> 
     </span>
    </p>
   </div>
   <div class='ocr_carea' id='block_1_48' title="bbox 2123 1733 3778 1810">
    <p class='ocr_par' dir='ltr' id='par_1_48' title="bbox 2123 1733 3778 1810">
     <span class='ocr_line' id='line_1_48' title="bbox 2123 1733 3778 1810; baseline 0.004 -20"><span class='ocrx_word' id='word_1_351' title='bbox 2123 1733 2236 1808; x_wconf 75' lang='grc' dir='ltr'>δας,</span> <span class='ocrx_word' id='word_1_352' title='bbox 2272 1760 2300 1788; x_wconf 77' lang='grc' dir='ltr'>ι(</span> <span class='ocrx_word' id='word_1_353' title='bbox 2332 1744 2633 1809; x_wconf 88' lang='lat' dir='ltr'><strong>serpentes</strong></span> <span class='ocrx_word' id='word_1_354' title='bbox 2690 1755 2869 1810; x_wconf 89' lang='lat' dir='ltr'><strong>super</strong></span> <span class='ocrx_word' id='word_1_355' title='bbox 2917 1743 3120 1809; x_wconf 89' lang='lat' dir='ltr'><strong>pectus</strong></span> <span class='ocrx_word' id='word_1_356' title='bbox 3171 1744 3459 1810; x_wconf 88' lang='lat' dir='ltr'><strong>repentes,</strong></span> <span class='ocrx_word' id='word_1_357' title='bbox 3491 1739 3778 1796; x_wconf 89' lang='lat' dir='ltr'><strong>dracones</strong></span> 
     </span>
    </p>
   </div>
   <div class='ocr_carea' id='block_1_49' title="bbox 2124 1822 3780 1903">
    <p class='ocr_par' dir='ltr' id='par_1_49' title="bbox 2124 1822 3780 1903">
     <span class='ocr_line' id='line_1_49' title="bbox 2124 1822 3780 1903; baseline -0.001 -20"><span class='ocrx_word' id='word_1_358' title='bbox 2124 1844 2495 1900; x_wconf 86' lang='lat' dir='ltr'><strong>squamosos,</strong></span> <span class='ocrx_word' id='word_1_359' title='bbox 2514 1828 2773 1900; x_wconf 83' lang='lat' dir='ltr'><strong>aspides,</strong></span> <span class='ocrx_word' id='word_1_360' title='bbox 2791 1844 2906 1883; x_wconf 89' lang='lat' dir='ltr'><strong>non</strong></span> <span class='ocrx_word' id='word_1_361' title='bbox 2937 1822 3231 1903; x_wconf 79' lang='grc' dir='ltr'>φιλόδορα,</span> <span class='ocrx_word' id='word_1_362' title='bbox 3251 1827 3643 1883; x_wconf 90' lang='lat' dir='ltr'><strong>dracunculos</strong></span> <span class='ocrx_word' id='word_1_363' title='bbox 3665 1827 3780 1899; x_wconf 88' lang='lat' dir='ltr'><strong>pel-</strong></span> 
     </span>
    </p>
   </div>
   <div class='ocr_carea' id='block_1_50' title="bbox 2123 1911 3781 1993">
    <p class='ocr_par' dir='ltr' id='par_1_50' title="bbox 2123 1911 3781 1993">
     <span class='ocr_line' id='line_1_50' title="bbox 2123 1911 3781 1993; baseline 0.001 -22"><span class='ocrx_word' id='word_1_364' title='bbox 2123 1916 2270 1972; x_wconf 89' lang='lat' dir='ltr'><strong>lium</strong></span> <span class='ocrx_word' id='word_1_365' title='bbox 2300 1917 2520 1973; x_wconf 91' lang='lat' dir='ltr'><strong>amictu</strong></span> <span class='ocrx_word' id='word_1_366' title='bbox 2551 1918 2879 1986; x_wconf 78' lang='lat' dir='ltr'><strong>gaudentes</strong></span> <span class='ocrx_word' id='word_1_367' title='bbox 2913 1933 2925 1970; x_wconf 89' lang='lat'><strong>:</strong></span> <span class='ocrx_word' id='word_1_368' title='bbox 2962 1938 2989 1966; x_wconf 79' lang='lat' dir='ltr'><strong>n</strong></span> <span class='ocrx_word' id='word_1_369' title='bbox 3023 1911 3348 1993; x_wconf 77' lang='grc' dir='ltr'>φωλιδωτός</span> <span class='ocrx_word' id='word_1_370' title='bbox 3377 1933 3512 1973; x_wconf 90' lang='lat' dir='ltr'><strong>vero</strong></span> <span class='ocrx_word' id='word_1_371' title='bbox 3543 1917 3781 1973; x_wconf 87' lang='lat' dir='ltr'><strong>nidula-</strong></span> 
     </span>
    </p>
   </div>
   <div class='ocr_carea' id='block_1_51' title="bbox 2123 2004 3783 2078">
    <p class='ocr_par' dir='ltr' id='par_1_51' title="bbox 2123 2004 3783 2078">
     <span class='ocr_line' id='line_1_51' title="bbox 2123 2004 3783 2078; baseline -0.001 -16"><span class='ocrx_word' id='word_1_372' title='bbox 2123 2013 2236 2077; x_wconf 89' lang='lat' dir='ltr'><strong>tor,</strong></span> <span class='ocrx_word' id='word_1_373' title='bbox 2264 2006 2472 2078; x_wconf 89' lang='lat' dir='ltr'><strong>velqui</strong></span> <span class='ocrx_word' id='word_1_374' title='bbox 2505 2007 2712 2062; x_wconf 89' lang='lat' dir='ltr'><strong>nidum</strong></span> <span class='ocrx_word' id='word_1_375' title='bbox 2745 2006 2946 2073; x_wconf 88' lang='lat' dir='ltr'><strong>struit,</strong></span> <span class='ocrx_word' id='word_1_376' title='bbox 2981 2010 3082 2062; x_wconf 93' lang='lat' dir='ltr'><strong>aut</strong></span> <span class='ocrx_word' id='word_1_377' title='bbox 3111 2006 3210 2077; x_wconf 90' lang='lat' dir='ltr'><strong>qui</strong></span> <span class='ocrx_word' id='word_1_378' title='bbox 3263 2005 3484 2072; x_wconf 90' lang='lat' dir='ltr'><strong>latitat,</strong></span> <span class='ocrx_word' id='word_1_379' title='bbox 3515 2004 3663 2078; x_wconf 79' lang='grc' dir='ltr'>παρὰ</span> <span class='ocrx_word' id='word_1_380' title='bbox 3719 2005 3783 2060; x_wconf 86' lang='grc' dir='ltr'><strong>τὸ</strong></span> 
     </span>
    </p>
   </div>
   <div class='ocr_carea' id='block_1_52' title="bbox 2125 2095 3789 2172">
    <p class='ocr_par' dir='ltr' id='par_1_52' title="bbox 2125 2095 3789 2172">
     <span class='ocr_line' id='line_1_52' title="bbox 2125 2095 3789 2172; baseline 0.001 -23"><span class='ocrx_word' id='word_1_381' title='bbox 2125 2095 2352 2172; x_wconf 76' lang='grc' dir='ltr'>φωλεῖν,</span> <span class='ocrx_word' id='word_1_382' title='bbox 2384 2097 2539 2166; x_wconf 90' lang='lat' dir='ltr'><strong>quod</strong></span> <span class='ocrx_word' id='word_1_383' title='bbox 2567 2102 2656 2152; x_wconf 90' lang='lat' dir='ltr'><strong>est</strong></span> <span class='ocrx_word' id='word_1_384' title='bbox 2687 2096 2744 2151; x_wconf 90' lang='lat' dir='ltr'><strong>in</strong></span> <span class='ocrx_word' id='word_1_385' title='bbox 2790 2095 2997 2152; x_wconf 86' lang='lat' dir='ltr'><strong>lustris</strong></span> <span class='ocrx_word' id='word_1_386' title='bbox 3050 2095 3254 2152; x_wconf 90' lang='lat' dir='ltr'><strong>latere.</strong></span> <span class='ocrx_word' id='word_1_387' title='bbox 3284 2095 3587 2153; x_wconf 87' lang='lat' dir='ltr'><strong>Corticosa</strong></span> <span class='ocrx_word' id='word_1_388' title='bbox 3641 2096 3789 2152; x_wconf 81' lang='lat' dir='ltr'><strong>dixit</strong></span> 
     </span>
    </p>
   </div>
   <div class='ocr_carea' id='block_1_53' title="bbox 2125 2185 3786 2258">
    <p class='ocr_par' dir='ltr' id='par_1_53' title="bbox 2125 2185 3786 2258">
     <span class='ocr_line' id='line_1_53' title="bbox 2125 2185 3786 2258; baseline 0.001 -18"><span class='ocrx_word' id='word_1_389' title='bbox 2125 2185 2738 2257; x_wconf 86' lang='lat' dir='ltr'><strong>interpree,quoniam</strong></span> <span class='ocrx_word' id='word_1_390' title='bbox 2771 2190 2827 2242; x_wconf 89' lang='lat' dir='ltr'><strong>et</strong></span> <span class='ocrx_word' id='word_1_391' title='bbox 2859 2185 3259 2258; x_wconf 72' lang='lat' dir='ltr'><strong>Plinio,|«qua3</strong></span> <span class='ocrx_word' id='word_1_392' title='bbox 3291 2185 3504 2242; x_wconf 90' lang='lat' dir='ltr'><strong>animal</strong></span> <span class='ocrx_word' id='word_1_393' title='bbox 3524 2187 3786 2258; x_wconf 88' lang='lat' dir='ltr'><strong>pariunt,</strong></span> 
     </span>
    </p>
   </div>
   <div class='ocr_carea' id='block_1_54' title="bbox 2127 2274 3786 2347">
    <p class='ocr_par' dir='ltr' id='par_1_54' title="bbox 2127 2274 3786 2347">
     <span class='ocr_line' id='line_1_54' title="bbox 2127 2274 3786 2347; baseline 0.002 -18"><span class='ocrx_word' id='word_1_394' title='bbox 2127 2274 2278 2347; x_wconf 89' lang='lat' dir='ltr'><strong>pilos</strong></span> <span class='ocrx_word' id='word_1_395' title='bbox 2309 2275 2711 2346; x_wconf 74' lang='lat' dir='ltr'><strong>habent;quae</strong></span> <span class='ocrx_word' id='word_1_396' title='bbox 2763 2291 2890 2342; x_wconf 91' lang='lat' dir='ltr'><strong>ova,</strong></span> <span class='ocrx_word' id='word_1_397' title='bbox 2925 2290 3172 2346; x_wconf 86' lang='lat' dir='ltr'><strong>pennas,</strong></span> <span class='ocrx_word' id='word_1_398' title='bbox 3213 2279 3316 2330; x_wconf 86' lang='lat' dir='ltr'><strong>aut</strong></span> <span class='ocrx_word' id='word_1_399' title='bbox 3360 2291 3643 2347; x_wconf 89' lang='lat' dir='ltr'><strong>squamas</strong></span> <span class='ocrx_word' id='word_1_400' title='bbox 3681 2279 3786 2332; x_wconf 91' lang='lat' dir='ltr'><strong>aut</strong></span> 
     </span>
    </p>
   </div>
   <div class='ocr_carea' id='block_1_55' title="bbox 2125 2363 3781 2437">
    <p class='ocr_par' dir='ltr' id='par_1_55' title="bbox 2125 2363 3781 2437">
     <span class='ocr_line' id='line_1_55' title="bbox 2125 2363 3781 2437; baseline -0.001 -17"><span class='ocrx_word' id='word_1_401' title='bbox 2125 2364 2426 2432; x_wconf 89' lang='lat' dir='ltr'><strong>corticem,</strong></span> <span class='ocrx_word' id='word_1_402' title='bbox 2444 2369 2544 2420; x_wconf 90' lang='lat' dir='ltr'><strong>aut</strong></span> <span class='ocrx_word' id='word_1_403' title='bbox 2573 2367 2920 2433; x_wconf 84' lang='lat' dir='ltr'><strong>testam,aut</strong></span> <span class='ocrx_word' id='word_1_404' title='bbox 2951 2363 3296 2432; x_wconf 88' lang='lat' dir='ltr'><strong>testudines,</strong></span> <span class='ocrx_word' id='word_1_405' title='bbox 3324 2369 3426 2420; x_wconf 90' lang='lat' dir='ltr'><strong>aut</strong></span> <span class='ocrx_word' id='word_1_406' title='bbox 3455 2368 3649 2421; x_wconf 89' lang='lat' dir='ltr'><strong>cutem</strong></span> <span class='ocrx_word' id='word_1_407' title='bbox 3673 2381 3781 2437; x_wconf 91' lang='lat' dir='ltr'><strong>pu-</strong></span> 
     </span>
    </p>
   </div>
   <div class='ocr_carea' id='block_1_56' title="bbox 2125 2457 2774 2525">
    <p class='ocr_par' dir='ltr' id='par_1_56' title="bbox 2125 2457 2774 2525">
     <span class='ocr_line' id='line_1_56' title="bbox 2125 2457 2774 2525; baseline -0.003 -17"><span class='ocrx_word' id='word_1_408' title='bbox 2125 2470 2275 2521; x_wconf 90' lang='lat' dir='ltr'><strong>ram,</strong></span> <span class='ocrx_word' id='word_1_409' title='bbox 2300 2459 2365 2509; x_wconf 89' lang='lat' dir='ltr'><strong>ut</strong></span> <span class='ocrx_word' id='word_1_410' title='bbox 2391 2457 2713 2525; x_wconf 88' lang='lat' dir='ltr'><strong>serpentes.</strong></span> <span class='ocrx_word' id='word_1_411' title='bbox 2747 2473 2774 2506; x_wconf 72' lang='grc' dir='ltr'><strong>ι</strong></span> 
     </span>
    </p>
   </div>
   <div class='ocr_carea' id='block_1_57' title="bbox 2196 2552 3778 2624">
    <p class='ocr_par' dir='ltr' id='par_1_57' title="bbox 2196 2552 3778 2624">
     <span class='ocr_line' id='line_1_57' title="bbox 2196 2552 3778 2624; baseline -0.001 -14"><span class='ocrx_word' id='word_1_412' title='bbox 2196 2552 2316 2610; x_wconf 87' lang='lat' dir='ltr'><strong>Col.</strong></span> <span class='ocrx_word' id='word_1_413' title='bbox 2359 2555 2463 2608; x_wconf 88' lang='grc'><strong>150</strong></span> <span class='ocrx_word' id='word_1_414' title='bbox 2504 2555 2550 2608; x_wconf 88' lang='grc' dir='ltr'><strong>Α</strong></span> <span class='ocrx_word' id='word_1_415' title='bbox 2587 2554 2674 2608; x_wconf 91' lang='grc'><strong>15.</strong></span> <span class='ocrx_word' id='word_1_416' title='bbox 2707 2554 2987 2624; x_wconf 80' lang='lat' dir='ltr'><strong>Gregalia,</strong></span> <span class='ocrx_word' id='word_1_417' title='bbox 3018 2553 3285 2624; x_wconf 79' lang='lat' dir='ltr'><strong>solivaga.</strong></span> <span class='ocrx_word' id='word_1_418' title='bbox 3316 2553 3501 2608; x_wconf 85' lang='lat' dir='ltr'><strong>Antea</strong></span> <span class='ocrx_word' id='word_1_419' title='bbox 3546 2553 3778 2624; x_wconf 86' lang='lat' dir='ltr'><strong>legeba-</strong></span> 
     </span>
    </p>
   </div>
   <div class='ocr_carea' id='block_1_58' title="bbox 2125 2641 3778 2715">
    <p class='ocr_par' dir='ltr' id='par_1_58' title="bbox 2125 2641 3778 2715">
     <span class='ocr_line' id='line_1_58' title="bbox 2125 2641 3778 2715; baseline -0.001 -16"><span class='ocrx_word' id='word_1_420' title='bbox 2125 2648 2242 2714; x_wconf 88' lang='lat' dir='ltr'><strong>tur,</strong></span> <span class='ocrx_word' id='word_1_421' title='bbox 2275 2665 2304 2693; x_wconf 89' lang='lat'>«</span> <span class='ocrx_word' id='word_1_422' title='bbox 2339 2642 2618 2715; x_wconf 79' lang='lat' dir='ltr'><strong>gregalia,</strong></span> <span class='ocrx_word' id='word_1_423' title='bbox 2651 2642 2935 2709; x_wconf 87' lang='lat' dir='ltr'><strong>solitaria,</strong></span> <span class='ocrx_word' id='word_1_424' title='bbox 2969 2646 3035 2697; x_wconf 93' lang='lat' dir='ltr'><strong>ut</strong></span> <span class='ocrx_word' id='word_1_425' title='bbox 3063 2646 3223 2710; x_wconf 86' lang='lat' dir='ltr'><strong>cete;</strong></span> <span class='ocrx_word' id='word_1_426' title='bbox 3256 2662 3286 2692; x_wconf 83' lang='grc'><strong>››</strong></span> <span class='ocrx_word' id='word_1_427' title='bbox 3318 2641 3482 2714; x_wconf 88' lang='lat' dir='ltr'><strong>atqui</strong></span> <span class='ocrx_word' id='word_1_428' title='bbox 3527 2657 3642 2697; x_wconf 89' lang='lat' dir='ltr'><strong>non</strong></span> <span class='ocrx_word' id='word_1_429' title='bbox 3690 2643 3778 2697; x_wconf 83' lang='lat' dir='ltr'><strong>di-</strong></span> 
     </span>
    </p>
   </div>
   <div class='ocr_carea' id='block_1_59' title="bbox 2125 2729 3777 2804">
    <p class='ocr_par' dir='ltr' id='par_1_59' title="bbox 2125 2729 3777 2804">
     <span class='ocr_line' id='line_1_59' title="bbox 2125 2729 3777 2804; baseline 0 -17"><span class='ocrx_word' id='word_1_430' title='bbox 2125 2732 2209 2788; x_wconf 84' lang='lat' dir='ltr'><strong>xit</strong></span> <span class='ocrx_word' id='word_1_431' title='bbox 2250 2731 2508 2788; x_wconf 88' lang='lat' dir='ltr'><strong>Basilius</strong></span> <span class='ocrx_word' id='word_1_432' title='bbox 2546 2731 2808 2804; x_wconf 86' lang='lat' dir='ltr'><strong>gregalia</strong></span> <span class='ocrx_word' id='word_1_433' title='bbox 2846 2748 2975 2787; x_wconf 89' lang='lat' dir='ltr'><strong>esse</strong></span> <span class='ocrx_word' id='word_1_434' title='bbox 3007 2729 3290 2798; x_wconf 87' lang='lat' dir='ltr'><strong>solitaria,</strong></span> <span class='ocrx_word' id='word_1_435' title='bbox 3323 2747 3430 2787; x_wconf 92' lang='lat' dir='ltr'><strong>nec</strong></span> <span class='ocrx_word' id='word_1_436' title='bbox 3473 2730 3534 2786; x_wconf 90' lang='lat' dir='ltr'><strong>in</strong></span> <span class='ocrx_word' id='word_1_437' title='bbox 3583 2747 3777 2787; x_wconf 86' lang='lat' dir='ltr'><strong>exem-</strong></span> 
     </span>
    </p>
   </div>
   <div class='ocr_carea' id='block_1_60' title="bbox 2127 2819 3785 2893">
    <p class='ocr_par' dir='ltr' id='par_1_60' title="bbox 2127 2819 3785 2893">
     <span class='ocr_line' id='line_1_60' title="bbox 2127 2819 3785 2893; baseline 0.002 -17"><span class='ocrx_word' id='word_1_438' title='bbox 2127 2822 2290 2893; x_wconf 92' lang='lat' dir='ltr'><strong>plum</strong></span> <span class='ocrx_word' id='word_1_439' title='bbox 2314 2820 2714 2878; x_wconf 88' lang='lat' dir='ltr'><strong>solitariorum</strong></span> <span class='ocrx_word' id='word_1_440' title='bbox 2730 2826 2854 2877; x_wconf 89' lang='lat' dir='ltr'><strong>cete</strong></span> <span class='ocrx_word' id='word_1_441' title='bbox 2874 2820 3145 2890; x_wconf 84' lang='lat' dir='ltr'><strong>adduxit;</strong></span> <span class='ocrx_word' id='word_1_442' title='bbox 3161 2819 3785 2878; x_wconf 65' lang='lat' dir='ltr'><strong>imotriahazcdiversa</strong></span> 
     </span>
    </p>
   </div>
   <div class='ocr_carea' id='block_1_61' title="bbox 2127 2909 3788 2985">
    <p class='ocr_par' dir='ltr' id='par_1_61' title="bbox 2127 2909 3788 2985">
     <span class='ocr_line' id='line_1_61' title="bbox 2127 2909 3788 2985; baseline -0.001 -19"><span class='ocrx_word' id='word_1_443' title='bbox 2127 2912 2378 2984; x_wconf 90' lang='lat' dir='ltr'><strong>piscium</strong></span> <span class='ocrx_word' id='word_1_444' title='bbox 2405 2928 2620 2984; x_wconf 89' lang='lat' dir='ltr'><strong>genera</strong></span> <span class='ocrx_word' id='word_1_445' title='bbox 2633 2911 2858 2977; x_wconf 88' lang='lat' dir='ltr'><strong>statuit,</strong></span> <span class='ocrx_word' id='word_1_446' title='bbox 2878 2909 3155 2983; x_wconf 86' lang='lat' dir='ltr'><strong>gregalia,</strong></span> <span class='ocrx_word' id='word_1_447' title='bbox 3171 2910 3462 2982; x_wconf 84' lang='lat' dir='ltr'><strong>dispersa,</strong></span> <span class='ocrx_word' id='word_1_448' title='bbox 3478 2915 3622 2966; x_wconf 89' lang='lat' dir='ltr'><strong>cete.</strong></span> <span class='ocrx_word' id='word_1_449' title='bbox 3642 2910 3788 2985; x_wconf 83' lang='grc' dir='ltr'><strong>Ἀγεο</strong></span> 
     </span>
    </p>
   </div>
   <div class='ocr_carea' id='block_1_62' title="bbox 2129 2996 3789 3073">
    <p class='ocr_par' dir='ltr' id='par_1_62' title="bbox 2129 2996 3789 3073">
     <span class='ocr_line' id='line_1_62' title="bbox 2129 2996 3789 3073; baseline 0 -18"><span class='ocrx_word' id='word_1_450' title='bbox 2129 2997 2255 3055; x_wconf 86' lang='grc' dir='ltr'><strong>λαῖα</strong></span> <span class='ocrx_word' id='word_1_451' title='bbox 2303 2998 2394 3054; x_wconf 67' lang='grc' dir='ltr'>καὶ</span> <span class='ocrx_word' id='word_1_452' title='bbox 2444 2996 2747 3073; x_wconf 82' lang='grc' dir='ltr'>σποραδικὰ</span> <span class='ocrx_word' id='word_1_453' title='bbox 2797 2999 2994 3055; x_wconf 83' lang='lat' dir='ltr'><strong>Cicero</strong></span> <span class='ocrx_word' id='word_1_454' title='bbox 3042 2999 3218 3055; x_wconf 82' lang='lat' dir='ltr'><strong>vertit</strong></span> <span class='ocrx_word' id='word_1_455' title='bbox 3259 3021 3288 3050; x_wconf 75' lang='grc' dir='ltr'><strong>ιι</strong></span> <span class='ocrx_word' id='word_1_456' title='bbox 3337 3005 3692 3072; x_wconf 89' lang='lat' dir='ltr'><strong>congregata</strong></span> <span class='ocrx_word' id='word_1_457' title='bbox 3733 3006 3789 3056; x_wconf 90' lang='lat' dir='ltr'><strong>et</strong></span> 
     </span>
    </p>
   </div>
   <div class='ocr_carea' id='block_1_63' title="bbox 2129 3088 3787 3162">
    <p class='ocr_par' dir='ltr' id='par_1_63' title="bbox 2129 3088 3787 3162">
     <span class='ocr_line' id='line_1_63' title="bbox 2129 3088 3787 3162; baseline -0.001 -16"><span class='ocrx_word' id='word_1_458' title='bbox 2129 3090 2406 3162; x_wconf 85' lang='lat' dir='ltr'><strong>solivaga,</strong></span> <span class='ocrx_word' id='word_1_459' title='bbox 2441 3112 2469 3140; x_wconf 88' lang='grc'><strong>››</strong></span> <span class='ocrx_word' id='word_1_460' title='bbox 2503 3088 2800 3146; x_wconf 76' lang='grc' dir='ltr'>Τιιδοιιιαη.</span> <span class='ocrx_word' id='word_1_461' title='bbox 2831 3106 2888 3144; x_wconf 91' lang='lat' dir='ltr'><strong>v.</strong></span> <span class='ocrx_word' id='word_1_462' title='bbox 2919 3089 3262 3144; x_wconf 89' lang='lat' dir='ltr'><strong>Theodorus</strong></span> <span class='ocrx_word' id='word_1_463' title='bbox 3296 3091 3470 3156; x_wconf 82' lang='lat' dir='ltr'><strong>Gaza,</strong></span> <span class='ocrx_word' id='word_1_464' title='bbox 3507 3111 3535 3138; x_wconf 88' lang='grc'><em>‹‹</em></span> <span class='ocrx_word' id='word_1_465' title='bbox 3585 3106 3787 3162; x_wconf 88' lang='lat' dir='ltr'><strong>grega-</strong></span> 
     </span>
    </p>
   </div>
   <div class='ocr_carea' id='block_1_64' title="bbox 2126 3177 3793 3246">
    <p class='ocr_par' dir='ltr' id='par_1_64' title="bbox 2126 3177 3793 3246">
     <span class='ocr_line' id='line_1_64' title="bbox 2126 3177 3793 3246; baseline -0.001 -12"><span class='ocrx_word' id='word_1_466' title='bbox 2126 3180 2208 3236; x_wconf 89' lang='lat' dir='ltr'><strong>lia</strong></span> <span class='ocrx_word' id='word_1_467' title='bbox 2228 3185 2286 3235; x_wconf 89' lang='lat' dir='ltr'><strong>et</strong></span> <span class='ocrx_word' id='word_1_468' title='bbox 2314 3179 2572 3235; x_wconf 87' lang='lat' dir='ltr'><strong>incivilia</strong></span> <span class='ocrx_word' id='word_1_469' title='bbox 2605 3195 2674 3236; x_wconf 75' lang='grc' dir='ltr'><strong>ε»</strong></span> <span class='ocrx_word' id='word_1_470' title='bbox 2711 3195 2848 3234; x_wconf 90' lang='lat' dir='ltr'><strong>nam</strong></span> <span class='ocrx_word' id='word_1_471' title='bbox 2883 3181 2940 3234; x_wconf 89' lang='lat' dir='ltr'><strong>et</strong></span> <span class='ocrx_word' id='word_1_472' title='bbox 2964 3177 3308 3234; x_wconf 81' lang='lat' dir='ltr'><strong>Aristoteles</strong></span> <span class='ocrx_word' id='word_1_473' title='bbox 3355 3178 3545 3246; x_wconf 90' lang='lat' dir='ltr'><strong>docet,</strong></span> <span class='ocrx_word' id='word_1_474' title='bbox 3589 3196 3607 3234; x_wconf 83' lang='lat'><strong>1</strong></span> <span class='ocrx_word' id='word_1_475' title='bbox 3653 3181 3793 3235; x_wconf 74' lang='lat' dir='ltr'><strong>Hist.</strong></span> 
     </span>
    </p>
   </div>
   <div class='ocr_carea' id='block_1_65' title="bbox 364 3243 2017 3361">
    <p class='ocr_par' dir='ltr' id='par_1_65' title="bbox 364 3243 2017 3361">
     <span class='ocr_line' id='line_1_65' title="bbox 439 3243 2017 3266; baseline -0.01 -1"><span class='ocrx_word' id='word_1_476' title='bbox 439 3243 586 3266; x_wconf 75' lang='grc' dir='ltr'>,ιυιυο</span> <span class='ocrx_word' id='word_1_477' title='bbox 621 3243 661 3263; x_wconf 75' lang='grc' dir='ltr'>υ</span> <span class='ocrx_word' id='word_1_478' title='bbox 695 3243 779 3262; x_wconf 73' lang='grc' dir='ltr'><strong>ιυι</strong></span> <span class='ocrx_word' id='word_1_479' title='bbox 824 3243 936 3260; x_wconf 68' lang='lat' dir='ltr'><strong>HW.</strong></span> <span class='ocrx_word' id='word_1_480' title='bbox 985 3243 1189 3258; x_wconf 67' lang='grc' dir='ltr'><strong>νικννιισο</strong></span> <span class='ocrx_word' id='word_1_481' title='bbox 1223 3243 1353 3256; x_wconf 68' lang='grc' dir='ltr'><strong>ιιι-νυ</strong></span> <span class='ocrx_word' id='word_1_482' title='bbox 1405 3243 1729 3256; x_wconf 65' lang='grc' dir='ltr'><strong>νυιυυι-υυ-νν-</strong></span> <span class='ocrx_word' id='word_1_483' title='bbox 1773 3243 1914 3252; x_wconf 74' lang='grc' dir='ltr'><strong>..ν-.---</strong></span> <span class='ocrx_word' id='word_1_484' title='bbox 1959 3243 2017 3250; x_wconf 78' lang='grc'><strong>-.-</strong></span> 
     </span>
     <span class='ocr_line' id='line_1_66' title="bbox 364 3285 2017 3361; baseline -0.008 -5"><span class='ocrx_word' id='word_1_485' title='bbox 364 3299 557 3356; x_wconf 90' lang='lat' dir='ltr'><strong>locum</strong></span> <span class='ocrx_word' id='word_1_486' title='bbox 584 3299 830 3353; x_wconf 89' lang='lat' dir='ltr'><strong>istorum</strong></span> <span class='ocrx_word' id='word_1_487' title='bbox 858 3293 1166 3349; x_wconf 82' lang='lat' dir='ltr'><strong>verborum</strong></span> <span class='ocrx_word' id='word_1_488' title='bbox 1192 3308 1260 3346; x_wconf 87' lang='lat' dir='ltr'><strong>ex</strong></span> <span class='ocrx_word' id='word_1_489' title='bbox 1283 3285 2017 3361; x_wconf 85' lang='lat' dir='ltr'><strong>recognitioneTilmanni:</strong></span> 
     </span>
    </p>
   </div>
   <div class='ocr_carea' id='block_1_66' title="bbox 2135 3243 3795 3361">
    <p class='ocr_par' dir='ltr' id='par_1_66' title="bbox 2135 3243 3795 3361">
     <span class='ocr_line' id='line_1_67' title="bbox 2135 3243 3795 3361; baseline -0.001 -36"><span class='ocrx_word' id='word_1_490' title='bbox 2135 3271 2391 3361; x_wconf 49' lang='lat' dir='ltr'><strong>animat,</strong></span> <span class='ocrx_word' id='word_1_491' title='bbox 2424 3285 2551 3341; x_wconf 91' lang='lat' dir='ltr'><strong>cap.</strong></span> <span class='ocrx_word' id='word_1_492' title='bbox 2587 3270 2718 3338; x_wconf 79' lang='lat' dir='ltr'><strong>l,ex</strong></span> <span class='ocrx_word' id='word_1_493' title='bbox 2749 3267 3088 3361; x_wconf 69' lang='lat' dir='ltr'><strong>gregalibus</strong></span> <span class='ocrx_word' id='word_1_494' title='bbox 3118 3243 3621 3339; x_wconf 84' lang='lat' dir='ltr'><strong>quemadmodum</strong></span> <span class='ocrx_word' id='word_1_495' title='bbox 3646 3274 3705 3323; x_wconf 90' lang='lat' dir='ltr'><strong>et</strong></span> <span class='ocrx_word' id='word_1_496' title='bbox 3726 3285 3795 3323; x_wconf 83' lang='lat' dir='ltr'><strong>ex</strong></span> 
     </span>
    </p>
   </div>
   <div class='ocr_carea' id='block_1_67' title="bbox 367 3377 2025 3458">
    <p class='ocr_par' dir='ltr' id='par_1_67' title="bbox 367 3377 2025 3458">
     <span class='ocr_line' id='line_1_68' title="bbox 367 3377 2025 3458; baseline -0.007 -18"><span class='ocrx_word' id='word_1_497' title='bbox 367 3411 397 3440; x_wconf 83' lang='lat'>«</span> <span class='ocrx_word' id='word_1_498' title='bbox 428 3390 498 3444; x_wconf 89' lang='lat' dir='ltr'><strong>Et</strong></span> <span class='ocrx_word' id='word_1_499' title='bbox 528 3387 577 3444; x_wconf 89' lang='lat' dir='ltr'><strong>si</strong></span> <span class='ocrx_word' id='word_1_500' title='bbox 603 3402 722 3458; x_wconf 91' lang='lat' dir='ltr'><strong>qua</strong></span> <span class='ocrx_word' id='word_1_501' title='bbox 753 3382 1101 3456; x_wconf 86' lang='lat' dir='ltr'><strong>aquatilium</strong></span> <span class='ocrx_word' id='word_1_502' title='bbox 1150 3381 1366 3453; x_wconf 89' lang='lat' dir='ltr'><strong>pedum</strong></span> <span class='ocrx_word' id='word_1_503' title='bbox 1395 3377 1629 3434; x_wconf 84' lang='lat' dir='ltr'><strong>fulturis</strong></span> <span class='ocrx_word' id='word_1_504' title='bbox 1662 3377 1939 3432; x_wconf 88' lang='lat' dir='ltr'><strong>nituntur</strong></span> <span class='ocrx_word' id='word_1_505' title='bbox 1968 3380 2025 3430; x_wconf 90' lang='lat' dir='ltr'><strong>et</strong></span> 
     </span>
    </p>
   </div>
   <div class='ocr_carea' id='block_1_68' title="bbox 366 3464 2025 3543">
    <p class='ocr_par' dir='ltr' id='par_1_68' title="bbox 366 3464 2025 3543">
     <span class='ocr_line' id='line_1_69' title="bbox 366 3464 2025 3543; baseline -0.009 -9"><span class='ocrx_word' id='word_1_506' title='bbox 366 3477 668 3534; x_wconf 90' lang='lat' dir='ltr'><strong>incedunt.</strong></span> <span class='ocrx_word' id='word_1_507' title='bbox 685 3475 902 3530; x_wconf 90' lang='lat' dir='ltr'><strong>Horum</strong></span> <span class='ocrx_word' id='word_1_508' title='bbox 931 3473 1086 3526; x_wconf 90' lang='lat' dir='ltr'><strong>enim</strong></span> <span class='ocrx_word' id='word_1_509' title='bbox 1122 3470 1398 3543; x_wconf 88' lang='lat' dir='ltr'><strong>pleraque</strong></span> <span class='ocrx_word' id='word_1_510' title='bbox 1419 3472 1558 3524; x_wconf 89' lang='lat' dir='ltr'><strong>sunt</strong></span> <span class='ocrx_word' id='word_1_511' title='bbox 1579 3464 1882 3538; x_wconf 89' lang='lat' dir='ltr'><strong>amphibia</strong></span> <span class='ocrx_word' id='word_1_512' title='bbox 1904 3481 2025 3520; x_wconf 88' lang='lat' dir='ltr'><strong>ma-</strong></span> 
     </span>
    </p>
   </div>
   <div class='ocr_carea' id='block_1_69' title="bbox 363 3554 2022 3634">
    <p class='ocr_par' dir='ltr' id='par_1_69' title="bbox 363 3554 2022 3634">
     <span class='ocr_line' id='line_1_70' title="bbox 363 3554 2022 3634; baseline -0.008 -11"><span class='ocrx_word' id='word_1_513' title='bbox 363 3569 542 3634; x_wconf 84' lang='lat' dir='ltr'><strong>xime,</strong></span> <span class='ocrx_word' id='word_1_514' title='bbox 577 3582 678 3621; x_wconf 92' lang='lat' dir='ltr'><strong>ceu</strong></span> <span class='ocrx_word' id='word_1_515' title='bbox 712 3568 852 3619; x_wconf 89' lang='lat' dir='ltr'><strong>sunt</strong></span> <span class='ocrx_word' id='word_1_516' title='bbox 889 3561 1111 3632; x_wconf 56' lang='lat' dir='ltr'><strong>phocae,</strong></span> <span class='ocrx_word' id='word_1_517' title='bbox 1144 3558 1443 3628; x_wconf 88' lang='lat' dir='ltr'><strong>crocodili,</strong></span> <span class='ocrx_word' id='word_1_518' title='bbox 1477 3554 1905 3629; x_wconf 88' lang='lat' dir='ltr'><strong>hippopotami,</strong></span> <span class='ocrx_word' id='word_1_519' title='bbox 1927 3571 2022 3609; x_wconf 87' lang='lat' dir='ltr'><strong>ra-</strong></span> 
     </span>
    </p>
   </div>
   <div class='ocr_carea' id='block_1_70' title="bbox 366 3642 2020 3728">
    <p class='ocr_par' dir='ltr' id='par_1_70' title="bbox 366 3642 2020 3728">
     <span class='ocr_line' id='line_1_71' title="bbox 366 3642 2020 3728; baseline -0.011 -14"><span class='ocrx_word' id='word_1_520' title='bbox 366 3674 475 3728; x_wconf 63' lang='lat' dir='ltr'><strong>nas,</strong></span> <span class='ocrx_word' id='word_1_521' title='bbox 501 3660 558 3712; x_wconf 89' lang='lat' dir='ltr'><strong>et</strong></span> <span class='ocrx_word' id='word_1_522' title='bbox 585 3653 803 3710; x_wconf 89' lang='lat' dir='ltr'><strong>cancri.</strong></span> <span class='ocrx_word' id='word_1_523' title='bbox 838 3655 900 3708; x_wconf 92' lang='lat' dir='ltr'><strong>In</strong></span> <span class='ocrx_word' id='word_1_524' title='bbox 932 3651 1024 3706; x_wconf 91' lang='lat' dir='ltr'><strong>his</strong></span> <span class='ocrx_word' id='word_1_525' title='bbox 1056 3648 1440 3722; x_wconf 65' lang='lat' dir='ltr'><strong>prmrogativa</strong></span> <span class='ocrx_word' id='word_1_526' title='bbox 1470 3645 1730 3702; x_wconf 88' lang='lat' dir='ltr'><strong>nominis</strong></span> <span class='ocrx_word' id='word_1_527' title='bbox 1781 3642 2020 3715; x_wconf 86' lang='lat' dir='ltr'><strong>gaudet,</strong></span> 
     </span>
    </p>
   </div>
   <div class='ocr_carea' id='block_1_71' title="bbox 365 3734 2020 3819">
    <p class='ocr_par' dir='ltr' id='par_1_71' title="bbox 365 3734 2020 3819">
     <span class='ocr_line' id='line_1_72' title="bbox 365 3734 2020 3819; baseline -0.011 -17"><span class='ocrx_word' id='word_1_528' title='bbox 365 3746 518 3819; x_wconf 92' lang='lat' dir='ltr'><strong>quod</strong></span> <span class='ocrx_word' id='word_1_529' title='bbox 553 3747 762 3815; x_wconf 86' lang='lat' dir='ltr'><strong>suapte</strong></span> <span class='ocrx_word' id='word_1_530' title='bbox 795 3745 1009 3796; x_wconf 89' lang='lat' dir='ltr'><strong>natura</strong></span> <span class='ocrx_word' id='word_1_531' title='bbox 1026 3737 1274 3794; x_wconf 87' lang='lat' dir='ltr'><strong>natatile</strong></span> <span class='ocrx_word' id='word_1_532' title='bbox 1295 3742 1403 3806; x_wconf 84' lang='lat' dir='ltr'><strong>est,</strong></span> <span class='ocrx_word' id='word_1_533' title='bbox 1425 3735 1574 3791; x_wconf 91' lang='lat' dir='ltr'><strong>obid</strong></span> <span class='ocrx_word' id='word_1_534' title='bbox 1607 3734 1831 3789; x_wconf 90' lang='lat' dir='ltr'><strong>dictum</strong></span> <span class='ocrx_word' id='word_1_535' title='bbox 1860 3737 1968 3786; x_wconf 89' lang='lat' dir='ltr'><strong>est.</strong></span> <span class='ocrx_word' id='word_1_536' title='bbox 1993 3753 2020 3781; x_wconf 83' lang='lat'><strong>»</strong></span> 
     </span>
    </p>
   </div>
   <div class='ocr_carea' id='block_1_72' title="bbox 364 3821 2021 3909">
    <p class='ocr_par' dir='ltr' id='par_1_72' title="bbox 364 3821 2021 3909">
     <span class='ocr_line' id='line_1_73' title="bbox 364 3821 2021 3909; baseline -0.01 -17"><span class='ocrx_word' id='word_1_537' title='bbox 364 3833 760 3909; x_wconf 85' lang='lat' dir='ltr'><strong>Argyropylus</strong></span> <span class='ocrx_word' id='word_1_538' title='bbox 791 3831 1085 3887; x_wconf 88' lang='lat' dir='ltr'><strong>ediderat:</strong></span> <span class='ocrx_word' id='word_1_539' title='bbox 1112 3850 1139 3878; x_wconf 89' lang='grc'><strong>‹‹</strong></span> <span class='ocrx_word' id='word_1_540' title='bbox 1173 3827 1468 3897; x_wconf 67' lang='lat' dir='ltr'><strong>Praecipue</strong></span> <span class='ocrx_word' id='word_1_541' title='bbox 1499 3830 1694 3880; x_wconf 91' lang='lat' dir='ltr'><strong>tamen</strong></span> <span class='ocrx_word' id='word_1_542' title='bbox 1717 3822 1811 3878; x_wconf 91' lang='lat' dir='ltr'><strong>his</strong></span> <span class='ocrx_word' id='word_1_543' title='bbox 1843 3821 2021 3876; x_wconf 89' lang='lat' dir='ltr'><strong>nandi</strong></span> 
     </span>
    </p>
   </div>
   <div class='ocr_carea' id='block_1_73' title="bbox 366 3910 2023 3981">
    <p class='ocr_par' dir='ltr' id='par_1_73' title="bbox 366 3910 2023 3981">
     <span class='ocr_line' id='line_1_74' title="bbox 366 3910 2023 3981; baseline -0.01 0"><span class='ocrx_word' id='word_1_544' title='bbox 366 3925 616 3981; x_wconf 81' lang='lat' dir='ltr'><strong>facultas</strong></span> <span class='ocrx_word' id='word_1_545' title='bbox 646 3919 1148 3978; x_wconf 86' lang='lat' dir='ltr'><strong>accommodatur.</strong></span> <span class='ocrx_word' id='word_1_546' title='bbox 1185 3941 1208 3969; x_wconf 80' lang='grc' dir='ltr'><strong>ι</strong></span> <span class='ocrx_word' id='word_1_547' title='bbox 1246 3917 1362 3972; x_wconf 84' lang='grc' dir='ltr'>Ηοο</span> <span class='ocrx_word' id='word_1_548' title='bbox 1396 3914 1679 3970; x_wconf 88' lang='lat' dir='ltr'><strong>nimirum</strong></span> <span class='ocrx_word' id='word_1_549' title='bbox 1709 3911 1833 3968; x_wconf 89' lang='lat' dir='ltr'><strong>vult</strong></span> <span class='ocrx_word' id='word_1_550' title='bbox 1863 3910 2023 3966; x_wconf 85' lang='lat' dir='ltr'><strong>Basi-</strong></span> 
     </span>
    </p>
   </div>
   <div class='ocr_carea' id='block_1_74' title="bbox 363 3999 2020 4084">
    <p class='ocr_par' dir='ltr' id='par_1_74' title="bbox 363 3999 2020 4084">
     <span class='ocr_line' id='line_1_75' title="bbox 363 3999 2020 4084; baseline -0.009 -14"><span class='ocrx_word' id='word_1_551' title='bbox 363 4014 502 4082; x_wconf 92' lang='lat' dir='ltr'><strong>lius,</strong></span> <span class='ocrx_word' id='word_1_552' title='bbox 528 4011 757 4084; x_wconf 86' lang='lat' dir='ltr'><strong>rcptilia</strong></span> <span class='ocrx_word' id='word_1_553' title='bbox 789 4009 902 4065; x_wconf 90' lang='lat' dir='ltr'><strong>dici</strong></span> <span class='ocrx_word' id='word_1_554' title='bbox 936 4023 1301 4080; x_wconf 67' lang='lat' dir='ltr'><strong>quaecunque</strong></span> <span class='ocrx_word' id='word_1_555' title='bbox 1332 4005 1390 4060; x_wconf 91' lang='lat' dir='ltr'><strong>in</strong></span> <span class='ocrx_word' id='word_1_556' title='bbox 1425 4003 1594 4075; x_wconf 89' lang='lat' dir='ltr'><strong>aquis</strong></span> <span class='ocrx_word' id='word_1_557' title='bbox 1624 4005 1863 4073; x_wconf 88' lang='lat' dir='ltr'><strong>degunt,</strong></span> <span class='ocrx_word' id='word_1_558' title='bbox 1885 3999 2020 4055; x_wconf 89' lang='lat' dir='ltr'><strong>licet</strong></span> 
     </span>
    </p>
   </div>
   <div class='ocr_carea' id='block_1_75' title="bbox 364 4094 2018 4174">
    <p class='ocr_par' dir='ltr' id='par_1_75' title="bbox 364 4094 2018 4174">
     <span class='ocr_line' id='line_1_76' title="bbox 364 4094 2018 4174; baseline -0.01 -13"><span class='ocrx_word' id='word_1_559' title='bbox 364 4121 434 4161; x_wconf 86' lang='lat' dir='ltr'><strong>ex</strong></span> <span class='ocrx_word' id='word_1_560' title='bbox 463 4103 535 4159; x_wconf 89' lang='lat' dir='ltr'><strong>iis</strong></span> <span class='ocrx_word' id='word_1_561' title='bbox 568 4101 835 4174; x_wconf 65' lang='lat' dir='ltr'><strong>quaedam</strong></span> <span class='ocrx_word' id='word_1_562' title='bbox 869 4098 1043 4170; x_wconf 91' lang='lat' dir='ltr'><strong>pedes</strong></span> <span class='ocrx_word' id='word_1_563' title='bbox 1073 4097 1351 4162; x_wconf 87' lang='lat' dir='ltr'><strong>habeant,</strong></span> <span class='ocrx_word' id='word_1_564' title='bbox 1384 4094 1521 4166; x_wconf 84' lang='lat' dir='ltr'><strong>quia</strong></span> <span class='ocrx_word' id='word_1_565' title='bbox 1549 4110 1679 4165; x_wconf 68' lang='lat' dir='ltr'><strong>quae</strong></span> <span class='ocrx_word' id='word_1_566' title='bbox 1718 4097 1857 4147; x_wconf 89' lang='lat' dir='ltr'><strong>sunt</strong></span> <span class='ocrx_word' id='word_1_567' title='bbox 1894 4107 2018 4145; x_wconf 90' lang='lat' dir='ltr'><strong>am-</strong></span> 
     </span>
    </p>
   </div>
   <div class='ocr_carea' id='block_1_76' title="bbox 363 4181 2021 4266">
    <p class='ocr_par' dir='ltr' id='par_1_76' title="bbox 363 4181 2021 4266">
     <span class='ocr_line' id='line_1_77' title="bbox 363 4181 2021 4266; baseline -0.008 -17"><span class='ocrx_word' id='word_1_568' title='bbox 363 4193 588 4266; x_wconf 89' lang='lat' dir='ltr'><strong>phibia,</strong></span> <span class='ocrx_word' id='word_1_569' title='bbox 623 4191 847 4246; x_wconf 90' lang='lat' dir='ltr'><strong>diutius</strong></span> <span class='ocrx_word' id='word_1_570' title='bbox 876 4193 933 4244; x_wconf 90' lang='lat' dir='ltr'><strong>et</strong></span> <span class='ocrx_word' id='word_1_571' title='bbox 962 4187 1177 4258; x_wconf 63' lang='lat' dir='ltr'><strong>saepius</strong></span> <span class='ocrx_word' id='word_1_572' title='bbox 1228 4185 1286 4240; x_wconf 90' lang='lat' dir='ltr'><strong>in</strong></span> <span class='ocrx_word' id='word_1_573' title='bbox 1319 4184 1514 4255; x_wconf 89' lang='lat' dir='ltr'><strong>aquis,</strong></span> <span class='ocrx_word' id='word_1_574' title='bbox 1547 4199 1722 4254; x_wconf 91' lang='lat' dir='ltr'><strong>quam</strong></span> <span class='ocrx_word' id='word_1_575' title='bbox 1756 4181 1815 4235; x_wconf 92' lang='lat' dir='ltr'><strong>in</strong></span> <span class='ocrx_word' id='word_1_576' title='bbox 1865 4186 2021 4236; x_wconf 89' lang='lat' dir='ltr'><strong>terra</strong></span> 
     </span>
    </p>
   </div>
   <div class='ocr_carea' id='block_1_77' title="bbox 362 4270 2018 4344">
    <p class='ocr_par' dir='ltr' id='par_1_77' title="bbox 362 4270 2018 4344">
     <span class='ocr_line' id='line_1_78' title="bbox 362 4270 2018 4344; baseline -0.009 -5"><span class='ocrx_word' id='word_1_577' title='bbox 362 4288 694 4339; x_wconf 89' lang='lat' dir='ltr'><strong>versantur.</strong></span> <span class='ocrx_word' id='word_1_578' title='bbox 721 4278 1070 4334; x_wconf 81' lang='lat' dir='ltr'><strong>Ambrosius</strong></span> <span class='ocrx_word' id='word_1_579' title='bbox 1099 4275 1200 4331; x_wconf 91' lang='lat' dir='ltr'><strong>lib.</strong></span> <span class='ocrx_word' id='word_1_580' title='bbox 1233 4292 1289 4343; x_wconf 88' lang='grc' dir='ltr'>ν,</span> <span class='ocrx_word' id='word_1_581' title='bbox 1322 4289 1450 4344; x_wconf 91' lang='lat' dir='ltr'><strong>cap.</strong></span> <span class='ocrx_word' id='word_1_582' title='bbox 1485 4273 1508 4328; x_wconf 81' lang='grc'><strong>4</strong></span> <span class='ocrx_word' id='word_1_583' title='bbox 1550 4289 1562 4327; x_wconf 92' lang='lat'><strong>:</strong></span> <span class='ocrx_word' id='word_1_584' title='bbox 1601 4293 1629 4321; x_wconf 91' lang='grc'><strong>‹‹</strong></span> <span class='ocrx_word' id='word_1_585' title='bbox 1659 4271 1810 4334; x_wconf 85' lang='lat' dir='ltr'><strong>Quin</strong></span> <span class='ocrx_word' id='word_1_586' title='bbox 1842 4270 2018 4325; x_wconf 89' lang='lat' dir='ltr'><strong>etiam</strong></span> 
     </span>
    </p>
   </div>
   <div class='ocr_carea' id='block_1_78' title="bbox 364 4361 2018 4444">
    <p class='ocr_par' dir='ltr' id='par_1_78' title="bbox 364 4361 2018 4444">
     <span class='ocr_line' id='line_1_79' title="bbox 364 4361 2018 4444; baseline -0.01 -15"><span class='ocrx_word' id='word_1_587' title='bbox 364 4390 496 4429; x_wconf 91' lang='lat' dir='ltr'><strong>cum</strong></span> <span class='ocrx_word' id='word_1_588' title='bbox 531 4373 812 4444; x_wconf 89' lang='lat' dir='ltr'><strong>pleraque</strong></span> <span class='ocrx_word' id='word_1_589' title='bbox 844 4367 1022 4440; x_wconf 89' lang='lat' dir='ltr'><strong>pedes</strong></span> <span class='ocrx_word' id='word_1_590' title='bbox 1054 4366 1330 4433; x_wconf 88' lang='lat' dir='ltr'><strong>habeant,</strong></span> <span class='ocrx_word' id='word_1_591' title='bbox 1355 4369 1412 4418; x_wconf 90' lang='lat' dir='ltr'><strong>et</strong></span> <span class='ocrx_word' id='word_1_592' title='bbox 1442 4361 1784 4418; x_wconf 89' lang='lat' dir='ltr'><strong>ambulandi</strong></span> <span class='ocrx_word' id='word_1_593' title='bbox 1820 4377 2018 4428; x_wconf 90' lang='lat' dir='ltr'><strong>usum,</strong></span> 
     </span>
    </p>
   </div>
   <div class='ocr_carea' id='block_1_79' title="bbox 365 4447 2018 4532">
    <p class='ocr_par' dir='ltr' id='par_1_79' title="bbox 365 4447 2018 4532">
     <span class='ocr_line' id='line_1_80' title="bbox 365 4447 2018 4532; baseline -0.01 -14"><span class='ocrx_word' id='word_1_594' title='bbox 365 4479 430 4518; x_wconf 91' lang='lat' dir='ltr'><strong>co</strong></span> <span class='ocrx_word' id='word_1_595' title='bbox 471 4461 626 4532; x_wconf 91' lang='lat' dir='ltr'><strong>quod</strong></span> <span class='ocrx_word' id='word_1_596' title='bbox 654 4459 773 4514; x_wconf 91' lang='lat' dir='ltr'><strong>sint</strong></span> <span class='ocrx_word' id='word_1_597' title='bbox 803 4455 1126 4528; x_wconf 88' lang='lat' dir='ltr'><strong>amphibia,</strong></span> <span class='ocrx_word' id='word_1_598' title='bbox 1160 4471 1290 4525; x_wconf 70' lang='lat' dir='ltr'><strong>quas</strong></span> <span class='ocrx_word' id='word_1_599' title='bbox 1338 4452 1422 4507; x_wconf 91' lang='lat' dir='ltr'><strong>vel</strong></span> <span class='ocrx_word' id='word_1_600' title='bbox 1476 4451 1533 4506; x_wconf 90' lang='lat' dir='ltr'><strong>in</strong></span> <span class='ocrx_word' id='word_1_601' title='bbox 1595 4451 1764 4521; x_wconf 88' lang='lat' dir='ltr'><strong>aquis</strong></span> <span class='ocrx_word' id='word_1_602' title='bbox 1812 4447 1900 4503; x_wconf 90' lang='lat' dir='ltr'><strong>vel</strong></span> <span class='ocrx_word' id='word_1_603' title='bbox 1961 4449 2018 4501; x_wconf 87' lang='lat' dir='ltr'><strong>in</strong></span> 
     </span>
    </p>
   </div>
   <div class='ocr_carea' id='block_1_80' title="bbox 362 4543 2017 4613">
    <p class='ocr_par' dir='ltr' id='par_1_80' title="bbox 362 4543 2017 4613">
     <span class='ocr_line' id='line_1_81' title="bbox 362 4543 2017 4613; baseline -0.01 -6"><span class='ocrx_word' id='word_1_604' title='bbox 362 4552 538 4609; x_wconf 89' lang='lat' dir='ltr'><strong>terris</strong></span> <span class='ocrx_word' id='word_1_605' title='bbox 561 4550 794 4604; x_wconf 89' lang='lat' dir='ltr'><strong>vivant:</strong></span> <span class='ocrx_word' id='word_1_606' title='bbox 829 4553 1026 4601; x_wconf 85' lang='lat' dir='ltr'><strong>tamen</strong></span> <span class='ocrx_word' id='word_1_607' title='bbox 1059 4560 1193 4600; x_wconf 89' lang='lat' dir='ltr'><strong>cum</strong></span> <span class='ocrx_word' id='word_1_608' title='bbox 1247 4545 1304 4599; x_wconf 91' lang='lat' dir='ltr'><strong>in</strong></span> <span class='ocrx_word' id='word_1_609' title='bbox 1357 4543 1477 4598; x_wconf 91' lang='lat' dir='ltr'><strong>alto</strong></span> <span class='ocrx_word' id='word_1_610' title='bbox 1517 4556 1805 4613; x_wconf 90' lang='lat' dir='ltr'><strong>aquarum</strong></span> <span class='ocrx_word' id='word_1_611' title='bbox 1855 4544 2017 4607; x_wconf 89' lang='lat' dir='ltr'><strong>sunt,</strong></span> 
     </span>
    </p>
   </div>
   <div class='ocr_carea' id='block_1_81' title="bbox 2133 3354 3788 3430">
    <p class='ocr_par' dir='ltr' id='par_1_81' title="bbox 2133 3354 3788 3430">
     <span class='ocr_line' id='line_1_82' title="bbox 2133 3354 3788 3430; baseline -0.002 -14"><span class='ocrx_word' id='word_1_612' title='bbox 2133 3357 2417 3416; x_wconf 87' lang='lat' dir='ltr'><strong>solitariis</strong></span> <span class='ocrx_word' id='word_1_613' title='bbox 2448 3359 2716 3430; x_wconf 67' lang='lat' dir='ltr'><strong>quaedam</strong></span> <span class='ocrx_word' id='word_1_614' title='bbox 2737 3374 2867 3414; x_wconf 89' lang='lat' dir='ltr'><strong>esse</strong></span> <span class='ocrx_word' id='word_1_615' title='bbox 2887 3354 3211 3423; x_wconf 83' lang='grc' dir='ltr'>πολιτικά,‹‹</span> <span class='ocrx_word' id='word_1_616' title='bbox 3238 3356 3494 3422; x_wconf 71' lang='grc' dir='ltr'><strong>οἱνὶΙία,ι</strong></span> <span class='ocrx_word' id='word_1_617' title='bbox 3522 3357 3788 3428; x_wconf 82' lang='lat' dir='ltr'><strong>quaedam</strong></span> 
     </span>
    </p>
   </div>
   <div class='ocr_carea' id='block_1_82' title="bbox 2134 3443 3788 3524">
    <p class='ocr_par' dir='ltr' id='par_1_82' title="bbox 2134 3443 3788 3524">
     <span class='ocr_line' id='line_1_83' title="bbox 2134 3443 3788 3524; baseline -0.006 -22"><span class='ocrx_word' id='word_1_618' title='bbox 2134 3444 2456 3524; x_wconf 82' lang='grc' dir='ltr'>σποραδικά.</span> <span class='ocrx_word' id='word_1_619' title='bbox 2495 3449 2675 3504; x_wconf 80' lang='lat' dir='ltr'><strong>Paulo</strong></span> <span class='ocrx_word' id='word_1_620' title='bbox 2707 3452 2842 3519; x_wconf 87' lang='lat' dir='ltr'><strong>post</strong></span> <span class='ocrx_word' id='word_1_621' title='bbox 2872 3445 3224 3502; x_wconf 89' lang='lat' dir='ltr'><strong>sustulimus</strong></span> <span class='ocrx_word' id='word_1_622' title='bbox 3257 3443 3426 3510; x_wconf 90' lang='lat' dir='ltr'><strong>illud,</strong></span> <span class='ocrx_word' id='word_1_623' title='bbox 3461 3467 3488 3496; x_wconf 87' lang='lat'><strong>«</strong></span> <span class='ocrx_word' id='word_1_624' title='bbox 3531 3461 3720 3513; x_wconf 89' lang='lat' dir='ltr'><strong>porro,</strong></span> <span class='ocrx_word' id='word_1_625' title='bbox 3758 3466 3788 3492; x_wconf 85' lang='grc'><strong>››</strong></span> 
     </span>
    </p>
   </div>
   <div class='ocr_carea' id='block_1_83' title="bbox 2133 3533 3786 3606">
    <p class='ocr_par' dir='ltr' id='par_1_83' title="bbox 2133 3533 3786 3606">
     <span class='ocr_line' id='line_1_84' title="bbox 2133 3533 3786 3606; baseline -0.005 -11"><span class='ocrx_word' id='word_1_626' title='bbox 2133 3545 2268 3595; x_wconf 89' lang='lat' dir='ltr'><strong>ante</strong></span> <span class='ocrx_word' id='word_1_627' title='bbox 2296 3539 2403 3595; x_wconf 87' lang='lat' dir='ltr'><strong>has</strong></span> <span class='ocrx_word' id='word_1_628' title='bbox 2434 3554 2627 3606; x_wconf 88' lang='lat' dir='ltr'><strong>voces,</strong></span> <span class='ocrx_word' id='word_1_629' title='bbox 2664 3558 2692 3588; x_wconf 80' lang='lat'><strong>«</strong></span> <span class='ocrx_word' id='word_1_630' title='bbox 2726 3553 2946 3602; x_wconf 90' lang='lat' dir='ltr'><strong>rarum,</strong></span> <span class='ocrx_word' id='word_1_631' title='bbox 2981 3533 3414 3604; x_wconf 90' lang='lat' dir='ltr'><strong>meatibusque,</strong></span> <span class='ocrx_word' id='word_1_632' title='bbox 3448 3553 3476 3582; x_wconf 85' lang='lat'><strong>»</strong></span> <span class='ocrx_word' id='word_1_633' title='bbox 3531 3549 3602 3588; x_wconf 92' lang='lat' dir='ltr'><strong>ne</strong></span> <span class='ocrx_word' id='word_1_634' title='bbox 3654 3533 3786 3587; x_wconf 68' lang='lat' dir='ltr'><strong>dum</strong></span> 
     </span>
    </p>
   </div>
   <div class='ocr_carea' id='block_1_84' title="bbox 2131 3622 3786 3695">
    <p class='ocr_par' dir='ltr' id='par_1_84' title="bbox 2131 3622 3786 3695">
     <span class='ocr_line' id='line_1_85' title="bbox 2131 3622 3786 3695; baseline -0.006 -11"><span class='ocrx_word' id='word_1_635' title='bbox 2131 3646 2224 3686; x_wconf 86' lang='lat' dir='ltr'><strong>res</strong></span> <span class='ocrx_word' id='word_1_636' title='bbox 2253 3629 2496 3685; x_wconf 66' lang='lat' dir='ltr'><strong>diversa:</strong></span> <span class='ocrx_word' id='word_1_637' title='bbox 2526 3644 2652 3683; x_wconf 86' lang='lat' dir='ltr'><strong>esse</strong></span> <span class='ocrx_word' id='word_1_638' title='bbox 2682 3627 3016 3695; x_wconf 88' lang='lat' dir='ltr'><strong>videantur,</strong></span> <span class='ocrx_word' id='word_1_639' title='bbox 3040 3622 3237 3695; x_wconf 89' lang='lat' dir='ltr'><strong>pulmo</strong></span> <span class='ocrx_word' id='word_1_640' title='bbox 3259 3627 3316 3678; x_wconf 90' lang='lat' dir='ltr'><strong>et</strong></span> <span class='ocrx_word' id='word_1_641' title='bbox 3345 3622 3544 3678; x_wconf 90' lang='lat' dir='ltr'><strong>viscus</strong></span> <span class='ocrx_word' id='word_1_642' title='bbox 3564 3638 3786 3677; x_wconf 90' lang='lat' dir='ltr'><strong>rarum.</strong></span> 
     </span>
    </p>
   </div>
   <div class='ocr_carea' id='block_1_85' title="bbox 2133 3701 3823 3785">
    <p class='ocr_par' dir='ltr' id='par_1_85' title="bbox 2133 3701 3823 3785">
     <span class='ocr_line' id='line_1_86' title="bbox 2133 3701 3823 3785; baseline -0.005 -10"><span class='ocrx_word' id='word_1_643' title='bbox 2133 3719 2227 3775; x_wconf 91' lang='lat' dir='ltr'><strong>Sic</strong></span> <span class='ocrx_word' id='word_1_644' title='bbox 2257 3716 2606 3773; x_wconf 84' lang='lat' dir='ltr'><strong>Ambrosius</strong></span> <span class='ocrx_word' id='word_1_645' title='bbox 2635 3715 2738 3771; x_wconf 91' lang='lat' dir='ltr'><strong>lib.</strong></span> <span class='ocrx_word' id='word_1_646' title='bbox 2771 3732 2826 3785; x_wconf 90' lang='lat' dir='ltr'><strong>v,</strong></span> <span class='ocrx_word' id='word_1_647' title='bbox 2859 3731 2910 3768; x_wconf 94' lang='lat' dir='ltr'><strong>c.</strong></span> <span class='ocrx_word' id='word_1_648' title='bbox 2936 3714 2968 3768; x_wconf 86' lang='grc'>4</span> <span class='ocrx_word' id='word_1_649' title='bbox 3003 3729 3017 3769; x_wconf 87' lang='lat'><strong>:</strong></span> <span class='ocrx_word' id='word_1_650' title='bbox 3052 3712 3286 3768; x_wconf 81' lang='lat' dir='ltr'><strong>«Nobis</strong></span> <span class='ocrx_word' id='word_1_651' title='bbox 3311 3711 3512 3782; x_wconf 88' lang='lat' dir='ltr'><strong>pulmo</strong></span> <span class='ocrx_word' id='word_1_652' title='bbox 3541 3727 3641 3782; x_wconf 90' lang='lat' dir='ltr'><strong>per</strong></span> <span class='ocrx_word' id='word_1_653' title='bbox 3661 3701 3823 3767; x_wconf 41' lang='lat' dir='ltr'><strong>the?</strong></span> 
     </span>
    </p>
   </div>
   <div class='ocr_carea' id='block_1_86' title="bbox 2133 3801 3798 3878">
    <p class='ocr_par' dir='ltr' id='par_1_86' title="bbox 2133 3801 3798 3878">
     <span class='ocr_line' id='line_1_87' title="bbox 2133 3801 3798 3878; baseline -0.004 -14"><span class='ocrx_word' id='word_1_654' title='bbox 2133 3809 2284 3864; x_wconf 89' lang='lat' dir='ltr'><strong>racis</strong></span> <span class='ocrx_word' id='word_1_655' title='bbox 2315 3807 2535 3863; x_wconf 81' lang='lat' dir='ltr'><strong>laxiora</strong></span> <span class='ocrx_word' id='word_1_656' title='bbox 2566 3803 2893 3878; x_wconf 79' lang='lat' dir='ltr'><strong>penetralia</strong></span> <span class='ocrx_word' id='word_1_657' title='bbox 2916 3802 3124 3876; x_wconf 86' lang='lat' dir='ltr'><strong>recipit</strong></span> <span class='ocrx_word' id='word_1_658' title='bbox 3150 3801 3452 3874; x_wconf 87' lang='lat' dir='ltr'><strong>spiritum,</strong></span> <span class='ocrx_word' id='word_1_659' title='bbox 3472 3805 3683 3856; x_wconf 89' lang='lat' dir='ltr'><strong>etcum</strong></span> <span class='ocrx_word' id='word_1_660' title='bbox 3717 3801 3798 3857; x_wconf 86' lang='lat' dir='ltr'><strong>sit</strong></span> 
     </span>
    </p>
   </div>
   <div class='ocr_carea' id='block_1_87' title="bbox 2131 3889 3789 3970">
    <p class='ocr_par' dir='ltr' id='par_1_87' title="bbox 2131 3889 3789 3970">
     <span class='ocr_line' id='line_1_88' title="bbox 2131 3889 3789 3970; baseline -0.004 -17"><span class='ocrx_word' id='word_1_661' title='bbox 2131 3900 2258 3970; x_wconf 90' lang='lat' dir='ltr'><strong>ipse</strong></span> <span class='ocrx_word' id='word_1_662' title='bbox 2289 3897 2447 3969; x_wconf 91' lang='lat' dir='ltr'><strong>poris</strong></span> <span class='ocrx_word' id='word_1_663' title='bbox 2482 3895 2780 3967; x_wconf 89' lang='lat' dir='ltr'><strong>plerisque</strong></span> <span class='ocrx_word' id='word_1_664' title='bbox 2810 3892 3214 3966; x_wconf 88' lang='lat' dir='ltr'><strong>penetrabilis,</strong></span> <span class='ocrx_word' id='word_1_665' title='bbox 3248 3890 3590 3947; x_wconf 90' lang='lat' dir='ltr'><strong>interiorem</strong></span> <span class='ocrx_word' id='word_1_666' title='bbox 3634 3889 3789 3946; x_wconf 82' lang='lat' dir='ltr'><strong>calo-</strong></span> 
     </span>
    </p>
   </div>
   <div class='ocr_carea' id='block_1_88' title="bbox 2131 3986 2664 4058">
    <p class='ocr_par' dir='ltr' id='par_1_88' title="bbox 2131 3986 2664 4058">
     <span class='ocr_line' id='line_1_89' title="bbox 2131 3986 2664 4058; baseline -0.009 -15"><span class='ocrx_word' id='word_1_667' title='bbox 2131 4004 2254 4043; x_wconf 89' lang='lat' dir='ltr'><strong>rem</strong></span> <span class='ocrx_word' id='word_1_668' title='bbox 2288 3986 2610 4058; x_wconf 84' lang='lat' dir='ltr'><strong>refrigerat.</strong></span> <span class='ocrx_word' id='word_1_669' title='bbox 2637 4007 2664 4032; x_wconf 86' lang='lat'><em>»</em></span> 
     </span>
    </p>
   </div>
   <div class='ocr_carea' id='block_1_89' title="bbox 2203 4065 3794 4136">
    <p class='ocr_par' dir='ltr' id='par_1_89' title="bbox 2203 4065 3794 4136">
     <span class='ocr_line' id='line_1_90' title="bbox 2203 4065 3794 4136; baseline -0.009 -4"><span class='ocrx_word' id='word_1_670' title='bbox 2203 4077 2352 4132; x_wconf 88' lang='lat' dir='ltr'><strong>Ibid.</strong></span> <span class='ocrx_word' id='word_1_671' title='bbox 2385 4075 2426 4130; x_wconf 80' lang='grc' dir='ltr'>Ο</span> <span class='ocrx_word' id='word_1_672' title='bbox 2458 4075 2546 4129; x_wconf 92' lang='grc'>11.</span> <span class='ocrx_word' id='word_1_673' title='bbox 2588 4075 2756 4130; x_wconf 72' lang='lat' dir='ltr'><strong>Testis</strong></span> <span class='ocrx_word' id='word_1_674' title='bbox 2780 4072 3058 4129; x_wconf 73' lang='lat' dir='ltr'><strong>conclusa.</strong></span> <span class='ocrx_word' id='word_1_675' title='bbox 3091 4068 3288 4124; x_wconf 85' lang='lat' dir='ltr'><strong>Latine</strong></span> <span class='ocrx_word' id='word_1_676' title='bbox 3331 4067 3418 4123; x_wconf 88' lang='lat' dir='ltr'><strong>sic</strong></span> <span class='ocrx_word' id='word_1_677' title='bbox 3454 4065 3794 4136; x_wconf 83' lang='lat' dir='ltr'><strong>exprimere</strong></span> 
     </span>
    </p>
   </div>
   <div class='ocr_carea' id='block_1_90' title="bbox 2131 4155 3789 4235">
    <p class='ocr_par' dir='ltr' id='par_1_90' title="bbox 2131 4155 3789 4235">
     <span class='ocr_line' id='line_1_91' title="bbox 2131 4155 3789 4235; baseline -0.008 -14"><span class='ocrx_word' id='word_1_678' title='bbox 2131 4165 2475 4232; x_wconf 88' lang='lat' dir='ltr'><strong>maluimus,</strong></span> <span class='ocrx_word' id='word_1_679' title='bbox 2509 4180 2682 4235; x_wconf 87' lang='lat' dir='ltr'><strong>qaam</strong></span> <span class='ocrx_word' id='word_1_680' title='bbox 2714 4178 2850 4218; x_wconf 91' lang='lat' dir='ltr'><strong>cum</strong></span> <span class='ocrx_word' id='word_1_681' title='bbox 2885 4161 3200 4231; x_wconf 88' lang='lat' dir='ltr'><strong>interprete</strong></span> <span class='ocrx_word' id='word_1_682' title='bbox 3231 4181 3259 4208; x_wconf 86' lang='grc'><strong>‹‹</strong></span> <span class='ocrx_word' id='word_1_683' title='bbox 3293 4155 3730 4212; x_wconf 84' lang='lat' dir='ltr'><strong>ostracoderma</strong></span> <span class='ocrx_word' id='word_1_684' title='bbox 3760 4175 3789 4203; x_wconf 87' lang='grc'><strong>››</strong></span> 
     </span>
    </p>
   </div>
   <div class='ocr_carea' id='block_1_91' title="bbox 2131 4245 3793 4321">
    <p class='ocr_par' dir='ltr' id='par_1_91' title="bbox 2131 4245 3793 4321">
     <span class='ocr_line' id='line_1_92' title="bbox 2131 4245 3793 4321; baseline -0.008 -11"><span class='ocrx_word' id='word_1_685' title='bbox 2131 4255 2350 4321; x_wconf 89' lang='lat' dir='ltr'><strong>dicere;</strong></span> <span class='ocrx_word' id='word_1_686' title='bbox 2375 4253 2694 4309; x_wconf 86' lang='lat' dir='ltr'><strong>Cornarius</strong></span> <span class='ocrx_word' id='word_1_687' title='bbox 2725 4274 2753 4302; x_wconf 87' lang='lat'><strong>«</strong></span> <span class='ocrx_word' id='word_1_688' title='bbox 2789 4252 3008 4307; x_wconf 88' lang='lat' dir='ltr'><strong>intecta</strong></span> <span class='ocrx_word' id='word_1_689' title='bbox 3039 4253 3227 4315; x_wconf 84' lang='lat' dir='ltr'><strong>testa;</strong></span> <span class='ocrx_word' id='word_1_690' title='bbox 3265 4268 3292 4296; x_wconf 82' lang='lat'>»</span> <span class='ocrx_word' id='word_1_691' title='bbox 3325 4245 3396 4302; x_wconf 89' lang='lat' dir='ltr'><strong>ad</strong></span> <span class='ocrx_word' id='word_1_692' title='bbox 3424 4245 3670 4300; x_wconf 86' lang='lat' dir='ltr'><strong>verbum</strong></span> <span class='ocrx_word' id='word_1_693' title='bbox 3693 4259 3793 4298; x_wconf 87' lang='lat' dir='ltr'><strong>es-</strong></span> 
     </span>
    </p>
   </div>
   <div class='ocr_carea' id='block_1_92' title="bbox 2132 4332 3795 4414">
    <p class='ocr_par' dir='ltr' id='par_1_92' title="bbox 2132 4332 3795 4414">
     <span class='ocr_line' id='line_1_93' title="bbox 2132 4332 3795 4414; baseline -0.007 -14"><span class='ocrx_word' id='word_1_694' title='bbox 2132 4349 2221 4400; x_wconf 90' lang='lat' dir='ltr'><strong>set</strong></span> <span class='ocrx_word' id='word_1_695' title='bbox 2243 4367 2270 4394; x_wconf 86' lang='grc'><em>‹‹</em></span> <span class='ocrx_word' id='word_1_696' title='bbox 2297 4361 2364 4400; x_wconf 88' lang='lat' dir='ltr'><strong>ea</strong></span> <span class='ocrx_word' id='word_1_697' title='bbox 2386 4342 2604 4414; x_wconf 87' lang='lat' dir='ltr'><strong>quibus</strong></span> <span class='ocrx_word' id='word_1_698' title='bbox 2628 4346 2781 4398; x_wconf 90' lang='lat' dir='ltr'><strong>testa</strong></span> <span class='ocrx_word' id='word_1_699' title='bbox 2802 4339 2956 4396; x_wconf 88' lang='lat' dir='ltr'><strong>cutis</strong></span> <span class='ocrx_word' id='word_1_700' title='bbox 2989 4337 3113 4394; x_wconf 85' lang='lat' dir='ltr'><strong>loco</strong></span> <span class='ocrx_word' id='word_1_701' title='bbox 3144 4341 3252 4392; x_wconf 88' lang='lat' dir='ltr'><strong>est.</strong></span> <span class='ocrx_word' id='word_1_702' title='bbox 3279 4358 3307 4386; x_wconf 85' lang='grc'>››</span> <span class='ocrx_word' id='word_1_703' title='bbox 3347 4333 3576 4389; x_wconf 89' lang='lat' dir='ltr'><strong>Plinius</strong></span> <span class='ocrx_word' id='word_1_704' title='bbox 3609 4332 3709 4388; x_wconf 89' lang='lat' dir='ltr'><strong>lib.</strong></span> <span class='ocrx_word' id='word_1_705' title='bbox 3737 4349 3795 4388; x_wconf 90' lang='lat' dir='ltr'><strong>1v</strong></span> 
     </span>
    </p>
   </div>
   <div class='ocr_carea' id='block_1_93' title="bbox 2134 4415 3797 4505">
    <p class='ocr_par' dir='ltr' id='par_1_93' title="bbox 2134 4415 3797 4505">
     <span class='ocr_line' id='line_1_94' title="bbox 2134 4415 3797 4505; baseline -0.008 -13"><span class='ocrx_word' id='word_1_706' title='bbox 2134 4439 2270 4492; x_wconf 78' lang='lat' dir='ltr'><strong>Hist.</strong></span> <span class='ocrx_word' id='word_1_707' title='bbox 2301 4444 2442 4504; x_wconf 81' lang='lat' dir='ltr'><strong>nat.,</strong></span> <span class='ocrx_word' id='word_1_708' title='bbox 2476 4453 2606 4505; x_wconf 88' lang='lat' dir='ltr'><strong>cap.</strong></span> <span class='ocrx_word' id='word_1_709' title='bbox 2639 4436 2730 4500; x_wconf 88' lang='lat'><strong>28,</strong></span> <span class='ocrx_word' id='word_1_710' title='bbox 2768 4455 2795 4482; x_wconf 85' lang='lat'>«</span> <span class='ocrx_word' id='word_1_711' title='bbox 2824 4431 2996 4488; x_wconf 87' lang='lat' dir='ltr'><strong>testis</strong></span> <span class='ocrx_word' id='word_1_712' title='bbox 3027 4415 3308 4486; x_wconf 82' lang='lat' dir='ltr'><strong>conclusa</strong></span> <span class='ocrx_word' id='word_1_713' title='bbox 3337 4425 3502 4482; x_wconf 90' lang='lat' dir='ltr'><strong>duris</strong></span> <span class='ocrx_word' id='word_1_714' title='bbox 3533 4447 3564 4477; x_wconf 72' lang='grc' dir='ltr'>ι)</span> <span class='ocrx_word' id='word_1_715' title='bbox 3597 4424 3797 4496; x_wconf 86' lang='lat' dir='ltr'><strong>appel-</strong></span> 
     </span>
    </p>
   </div>
   <div class='ocr_carea' id='block_1_94' title="bbox 2131 4517 3798 4597">
    <p class='ocr_par' dir='ltr' id='par_1_94' title="bbox 2131 4517 3798 4597">
     <span class='ocr_line' id='line_1_95' title="bbox 2131 4517 3798 4597; baseline -0.006 -17"><span class='ocrx_word' id='word_1_716' title='bbox 2131 4525 2253 4593; x_wconf 85' lang='lat' dir='ltr'><strong>lat;</strong></span> <span class='ocrx_word' id='word_1_717' title='bbox 2290 4543 2417 4597; x_wconf 72' lang='lat' dir='ltr'><strong>quae</strong></span> <span class='ocrx_word' id='word_1_718' title='bbox 2466 4540 2602 4579; x_wconf 89' lang='lat' dir='ltr'><strong>vero</strong></span> <span class='ocrx_word' id='word_1_719' title='bbox 2653 4522 2909 4578; x_wconf 78' lang='lat' dir='ltr'><strong>Basilius</strong></span> <span class='ocrx_word' id='word_1_720' title='bbox 2965 4517 3410 4592; x_wconf 77' lang='grc' dir='ltr'><strong>μαλακὸστρακα,</strong></span> <span class='ocrx_word' id='word_1_721' title='bbox 3455 4538 3483 4565; x_wconf 83' lang='grc'><strong>‹‹</strong></span> <span class='ocrx_word' id='word_1_722' title='bbox 3527 4519 3798 4570; x_wconf 89' lang='lat' dir='ltr'><strong>contecta</strong></span> 
     </span>
    </p>
   </div>
   <div class='ocr_carea' id='block_1_95' title="bbox 367 4605 3796 4702">
    <p class='ocr_par' dir='ltr' id='par_1_95' title="bbox 367 4605 3796 4702">
     <span class='ocr_line' id='line_1_96' title="bbox 367 4605 3796 4702; baseline -0.012 -5"><span class='ocrx_word' id='word_1_723' title='bbox 367 4605 484 4697; x_wconf 70' lang='lat' dir='ltr'><strong>non</strong></span> <span class='ocrx_word' id='word_1_724' title='bbox 543 4637 870 4702; x_wconf 87' lang='lat' dir='ltr'><strong>ambulant,</strong></span> <span class='ocrx_word' id='word_1_725' title='bbox 921 4636 1021 4690; x_wconf 88' lang='lat' dir='ltr'><strong>sed</strong></span> <span class='ocrx_word' id='word_1_726' title='bbox 1079 4637 1306 4690; x_wconf 87' lang='lat' dir='ltr'><strong>natant.</strong></span> <span class='ocrx_word' id='word_1_727' title='bbox 1346 4654 1372 4682; x_wconf 88' lang='grc'><strong>››</strong></span> <span class='ocrx_word' id='word_1_728' title='bbox 1426 4605 1771 4687; x_wconf 76' lang='lat' dir='ltr'><strong>Eustathius</strong></span> <span class='ocrx_word' id='word_1_729' title='bbox 1825 4605 2022 4698; x_wconf 85' lang='lat' dir='ltr'><strong>aptius</strong></span> <span class='ocrx_word' id='word_1_730' title='bbox 2056 4616 2098 4680; x_wconf 90' lang='lat' dir='ltr'><strong>D</strong></span> <span class='ocrx_word' id='word_1_731' title='bbox 2131 4615 2351 4670; x_wconf 68' lang='lat' dir='ltr'><strong>crustis</strong></span> <span class='ocrx_word' id='word_1_732' title='bbox 2380 4613 2681 4702; x_wconf 74' lang='lat' dir='ltr'><strong>tenuibus,</strong></span> <span class='ocrx_word' id='word_1_733' title='bbox 2716 4633 2762 4702; x_wconf 55' lang='grc' dir='ltr'><strong>ξ)⁸</strong></span> <span class='ocrx_word' id='word_1_734' title='bbox 2778 4616 2836 4702; x_wconf 82' lang='lat' dir='ltr'><strong>et</strong></span> <span class='ocrx_word' id='word_1_735' title='bbox 2865 4611 2969 4702; x_wconf 70' lang='lat' dir='ltr'><strong>lib.</strong></span> <span class='ocrx_word' id='word_1_736' title='bbox 2999 4625 3083 4702; x_wconf 71' lang='lat' dir='ltr'><strong>x1,</strong></span> <span class='ocrx_word' id='word_1_737' title='bbox 3105 4623 3236 4702; x_wconf 60' lang='lat' dir='ltr'><strong>cap.</strong></span> <span class='ocrx_word' id='word_1_738' title='bbox 3269 4607 3366 4702; x_wconf 73' lang='lat'><strong>37,</strong></span> <span class='ocrx_word' id='word_1_739' title='bbox 3395 4627 3422 4654; x_wconf 75' lang='grc' dir='ltr'>κ</span> <span class='ocrx_word' id='word_1_740' title='bbox 3446 4609 3648 4660; x_wconf 89' lang='lat' dir='ltr'><strong>crusta</strong></span> <span class='ocrx_word' id='word_1_741' title='bbox 3679 4605 3796 4702; x_wconf 71' lang='lat' dir='ltr'><strong>{ra-</strong></span> 
     </span>
    </p>
   </div>
   <div class='ocr_carea' id='block_1_96' title="bbox 367 4715 2025 4798">
    <p class='ocr_par' dir='ltr' id='par_1_96' title="bbox 367 4715 2025 4798">
     <span class='ocr_line' id='line_1_97' title="bbox 367 4715 2025 4798; baseline -0.011 -11"><span class='ocrx_word' id='word_1_742' title='bbox 367 4735 626 4787; x_wconf 90' lang='lat' dir='ltr'><strong>mentem</strong></span> <span class='ocrx_word' id='word_1_743' title='bbox 697 4725 970 4798; x_wconf 85' lang='lat' dir='ltr'><strong>exprimit</strong></span> <span class='ocrx_word' id='word_1_744' title='bbox 1018 4723 1321 4779; x_wconf 86' lang='lat' dir='ltr'><strong>auctoris:</strong></span> <span class='ocrx_word' id='word_1_745' title='bbox 1374 4743 1400 4770; x_wconf 87' lang='lat'><strong>«</strong></span> <span class='ocrx_word' id='word_1_746' title='bbox 1451 4719 1598 4784; x_wconf 89' lang='lat' dir='ltr'><strong>Quia</strong></span> <span class='ocrx_word' id='word_1_747' title='bbox 1653 4718 1788 4772; x_wconf 89' lang='lat' dir='ltr'><strong>licet</strong></span> <span class='ocrx_word' id='word_1_748' title='bbox 1837 4715 2025 4771; x_wconf 88' lang='lat' dir='ltr'><strong>multa</strong></span> 
     </span>
    </p>
   </div>
   <div class='ocr_carea' id='block_1_97' title="bbox 365 4806 2024 4884">
    <p class='ocr_par' dir='ltr' id='par_1_97' title="bbox 365 4806 2024 4884">
     <span class='ocr_line' id='line_1_98' title="bbox 365 4806 2024 4884; baseline -0.008 -10"><span class='ocrx_word' id='word_1_749' title='bbox 365 4822 437 4876; x_wconf 87' lang='lat' dir='ltr'><strong>de</strong></span> <span class='ocrx_word' id='word_1_750' title='bbox 493 4818 614 4874; x_wconf 90' lang='lat' dir='ltr'><strong>illis</strong></span> <span class='ocrx_word' id='word_1_751' title='bbox 662 4817 989 4872; x_wconf 85' lang='lat' dir='ltr'><strong>habeantur</strong></span> <span class='ocrx_word' id='word_1_752' title='bbox 1045 4811 1356 4884; x_wconf 88' lang='lat' dir='ltr'><strong>ambigua;</strong></span> <span class='ocrx_word' id='word_1_753' title='bbox 1419 4815 1614 4865; x_wconf 89' lang='lat' dir='ltr'><strong>tamen</strong></span> <span class='ocrx_word' id='word_1_754' title='bbox 1674 4807 1759 4862; x_wconf 89' lang='lat' dir='ltr'><strong>eis</strong></span> <span class='ocrx_word' id='word_1_755' title='bbox 1818 4806 2024 4878; x_wconf 62' lang='lat' dir='ltr'><strong>praeci-</strong></span> 
     </span>
    </p>
   </div>
   <div class='ocr_carea' id='block_1_98' title="bbox 364 4896 2023 4981">
    <p class='ocr_par' dir='ltr' id='par_1_98' title="bbox 364 4896 2023 4981">
     <span class='ocr_line' id='line_1_99' title="bbox 364 4896 2023 4981; baseline -0.009 -16"><span class='ocrx_word' id='word_1_756' title='bbox 364 4926 518 4981; x_wconf 86' lang='lat' dir='ltr'><strong>puus</strong></span> <span class='ocrx_word' id='word_1_757' title='bbox 553 4914 642 4963; x_wconf 88' lang='lat' dir='ltr'><strong>est</strong></span> <span class='ocrx_word' id='word_1_758' title='bbox 666 4909 923 4962; x_wconf 88' lang='lat' dir='ltr'><strong>natatus.</strong></span> <span class='ocrx_word' id='word_1_759' title='bbox 961 4925 989 4953; x_wconf 84' lang='lat'>»</span> <span class='ocrx_word' id='word_1_760' title='bbox 1025 4903 1335 4974; x_wconf 90' lang='lat' dir='ltr'><strong>Propterea</strong></span> <span class='ocrx_word' id='word_1_761' title='bbox 1365 4900 1518 4954; x_wconf 90' lang='lat' dir='ltr'><strong>inter</strong></span> <span class='ocrx_word' id='word_1_762' title='bbox 1551 4896 1786 4970; x_wconf 87' lang='lat' dir='ltr'><strong>reptilia</strong></span> <span class='ocrx_word' id='word_1_763' title='bbox 1813 4911 2023 4951; x_wconf 81' lang='lat' dir='ltr'><strong>nume-</strong></span> 
     </span>
    </p>
   </div>
   <div class='ocr_carea' id='block_1_99' title="bbox 365 5001 592 5052">
    <p class='ocr_par' dir='ltr' id='par_1_99' title="bbox 365 5001 592 5052">
     <span class='ocr_line' id='line_1_100' title="bbox 365 5001 592 5052; baseline -0.009 -1"><span class='ocrx_word' id='word_1_764' title='bbox 365 5001 592 5052; x_wconf 90' lang='lat' dir='ltr'><strong>rantur.</strong></span> 
     </span>
    </p>
   </div>
   <div class='ocr_carea' id='block_1_100' title="bbox 437 5076 2028 5151">
    <p class='ocr_par' dir='ltr' id='par_1_100' title="bbox 437 5076 2028 5151">
     <span class='ocr_line' id='line_1_101' title="bbox 437 5076 2028 5151; baseline -0.008 -8"><span class='ocrx_word' id='word_1_765' title='bbox 437 5087 586 5142; x_wconf 87' lang='lat' dir='ltr'><strong>Ibid.</strong></span> <span class='ocrx_word' id='word_1_766' title='bbox 622 5091 664 5140; x_wconf 93' lang='lat' dir='ltr'>D</span> <span class='ocrx_word' id='word_1_767' title='bbox 693 5086 746 5138; x_wconf 83' lang='lat'><strong>5.</strong></span> <span class='ocrx_word' id='word_1_768' title='bbox 784 5083 989 5151; x_wconf 79' lang='lat' dir='ltr'><strong>Quibus</strong></span> <span class='ocrx_word' id='word_1_769' title='bbox 1037 5079 1494 5136; x_wconf 77' lang='lat' dir='ltr'><strong>nomenclaturis.</strong></span> <span class='ocrx_word' id='word_1_770' title='bbox 1529 5081 1702 5133; x_wconf 81' lang='lat' dir='ltr'><strong>Recte</strong></span> <span class='ocrx_word' id='word_1_771' title='bbox 1749 5076 2028 5132; x_wconf 84' lang='lat' dir='ltr'><strong>admonet</strong></span> 
     </span>
    </p>
   </div>
   <div class='ocr_carea' id='block_1_101' title="bbox 368 5166 2025 5239">
    <p class='ocr_par' dir='ltr' id='par_1_101' title="bbox 368 5166 2025 5239">
     <span class='ocr_line' id='line_1_102' title="bbox 368 5166 2025 5239; baseline -0.008 -6"><span class='ocrx_word' id='word_1_772' title='bbox 368 5177 754 5233; x_wconf 87' lang='lat' dir='ltr'><strong>doctissimus</strong></span> <span class='ocrx_word' id='word_1_773' title='bbox 777 5172 1178 5229; x_wconf 84' lang='lat' dir='ltr'><strong>Muntacutius</strong></span> <span class='ocrx_word' id='word_1_774' title='bbox 1212 5168 1397 5224; x_wconf 85' lang='lat' dir='ltr'><strong>multo</strong></span> <span class='ocrx_word' id='word_1_775' title='bbox 1431 5168 1628 5239; x_wconf 85' lang='lat' dir='ltr'><strong>aptius</strong></span> <span class='ocrx_word' id='word_1_776' title='bbox 1660 5166 2025 5222; x_wconf 82' lang='lat' dir='ltr'><strong>vcrtisseAr-</strong></span> 
     </span>
    </p>
   </div>
   <div class='ocr_carea' id='block_1_102' title="bbox 369 5255 2028 5340">
    <p class='ocr_par' dir='ltr' id='par_1_102' title="bbox 369 5255 2028 5340">
     <span class='ocr_line' id='line_1_103' title="bbox 369 5255 2028 5340; baseline -0.008 -18"><span class='ocrx_word' id='word_1_777' title='bbox 369 5267 714 5340; x_wconf 80' lang='lat' dir='ltr'><strong>gerpylum</strong></span> <span class='ocrx_word' id='word_1_778' title='bbox 766 5265 823 5318; x_wconf 90' lang='lat' dir='ltr'><strong>in</strong></span> <span class='ocrx_word' id='word_1_779' title='bbox 893 5261 1188 5334; x_wconf 79' lang='lat' dir='ltr'><strong>prioribus</strong></span> <span class='ocrx_word' id='word_1_780' title='bbox 1245 5259 1629 5323; x_wconf 88' lang='lat' dir='ltr'><strong>editionibus,</strong></span> <span class='ocrx_word' id='word_1_781' title='bbox 1681 5274 1808 5327; x_wconf 65' lang='lat' dir='ltr'><strong>quae</strong></span> <span class='ocrx_word' id='word_1_782' title='bbox 1859 5255 2028 5311; x_wconf 89' lang='lat' dir='ltr'><strong>nobis</strong></span> 
     </span>
    </p>
   </div>
   <div class='ocr_carea' id='block_1_103' title="bbox 367 5347 2028 5417">
    <p class='ocr_par' dir='ltr' id='par_1_103' title="bbox 367 5347 2028 5417">
     <span class='ocr_line' id='line_1_104' title="bbox 367 5347 2028 5417; baseline -0.007 -5"><span class='ocrx_word' id='word_1_783' title='bbox 367 5373 526 5413; x_wconf 88' lang='lat' dir='ltr'><strong>nunc</strong></span> <span class='ocrx_word' id='word_1_784' title='bbox 558 5357 630 5411; x_wconf 87' lang='lat' dir='ltr'><strong>ad</strong></span> <span class='ocrx_word' id='word_1_785' title='bbox 663 5369 906 5410; x_wconf 91' lang='lat' dir='ltr'><strong>manum</strong></span> <span class='ocrx_word' id='word_1_786' title='bbox 942 5350 1185 5406; x_wconf 92' lang='lat' dir='ltr'><strong>minime</strong></span> <span class='ocrx_word' id='word_1_787' title='bbox 1217 5354 1355 5404; x_wconf 89' lang='lat' dir='ltr'><strong>sunt</strong></span> <span class='ocrx_word' id='word_1_788' title='bbox 1390 5365 1402 5403; x_wconf 91' lang='lat'><strong>:</strong></span> <span class='ocrx_word' id='word_1_789' title='bbox 1449 5369 1478 5397; x_wconf 78' lang='grc' dir='ltr'>α</span> <span class='ocrx_word' id='word_1_790' title='bbox 1511 5347 1638 5401; x_wconf 91' lang='lat' dir='ltr'><strong>Non</strong></span> <span class='ocrx_word' id='word_1_791' title='bbox 1670 5363 1736 5401; x_wconf 86' lang='lat' dir='ltr'><strong>ca</strong></span> <span class='ocrx_word' id='word_1_792' title='bbox 1767 5363 1892 5417; x_wconf 75' lang='lat' dir='ltr'><strong>quae</strong></span> <span class='ocrx_word' id='word_1_793' title='bbox 1923 5362 2028 5400; x_wconf 89' lang='lat' dir='ltr'><strong>ova</strong></span> 
     </span>
    </p>
   </div>
   <div class='ocr_carea' id='block_1_104' title="bbox 369 5440 2024 5520">
    <p class='ocr_par' dir='ltr' id='par_1_104' title="bbox 369 5440 2024 5520">
     <span class='ocr_line' id='line_1_105' title="bbox 369 5440 2024 5520; baseline -0.011 -18"><span class='ocrx_word' id='word_1_794' title='bbox 369 5447 627 5520; x_wconf 84' lang='lat' dir='ltr'><strong>pariunt,</strong></span> <span class='ocrx_word' id='word_1_795' title='bbox 661 5463 787 5516; x_wconf 79' lang='lat' dir='ltr'><strong>qum</strong></span> <span class='ocrx_word' id='word_1_796' title='bbox 817 5448 956 5500; x_wconf 90' lang='lat' dir='ltr'><strong>sunt</strong></span> <span class='ocrx_word' id='word_1_797' title='bbox 986 5441 1185 5497; x_wconf 89' lang='lat' dir='ltr'><strong>omnia</strong></span> <span class='ocrx_word' id='word_1_798' title='bbox 1230 5441 1347 5495; x_wconf 77' lang='lat' dir='ltr'><strong>fere</strong></span> <span class='ocrx_word' id='word_1_799' title='bbox 1398 5440 1650 5512; x_wconf 88' lang='lat' dir='ltr'><strong>piscium</strong></span> <span class='ocrx_word' id='word_1_800' title='bbox 1701 5453 1914 5508; x_wconf 86' lang='lat' dir='ltr'><strong>genera</strong></span> <span class='ocrx_word' id='word_1_801' title='bbox 1950 5455 1960 5490; x_wconf 96' lang='lat'><strong>:</strong></span> <span class='ocrx_word' id='word_1_802' title='bbox 1996 5457 2024 5484; x_wconf 74' lang='grc' dir='ltr'><strong>η</strong></span> 
     </span>
    </p>
   </div>
   <div class='ocr_carea' id='block_1_105' title="bbox 368 5526 2028 5602">
    <p class='ocr_par' dir='ltr' id='par_1_105' title="bbox 368 5526 2028 5602">
     <span class='ocr_line' id='line_1_106' title="bbox 368 5526 2028 5602; baseline -0.008 -10"><span class='ocrx_word' id='word_1_803' title='bbox 368 5554 504 5593; x_wconf 90' lang='lat' dir='ltr'><strong>nam</strong></span> <span class='ocrx_word' id='word_1_804' title='bbox 537 5535 789 5590; x_wconf 88' lang='lat' dir='ltr'><strong>Basilius</strong></span> <span class='ocrx_word' id='word_1_805' title='bbox 837 5534 908 5589; x_wconf 90' lang='lat' dir='ltr'><strong>de</strong></span> <span class='ocrx_word' id='word_1_806' title='bbox 957 5531 1097 5587; x_wconf 89' lang='lat' dir='ltr'><strong>solis</strong></span> <span class='ocrx_word' id='word_1_807' title='bbox 1140 5528 1394 5602; x_wconf 86' lang='lat' dir='ltr'><strong>oviparis</strong></span> <span class='ocrx_word' id='word_1_808' title='bbox 1429 5528 1714 5600; x_wconf 88' lang='lat' dir='ltr'><strong>loquitur,</strong></span> <span class='ocrx_word' id='word_1_809' title='bbox 1750 5543 1880 5582; x_wconf 90' lang='lat' dir='ltr'><strong>cum</strong></span> <span class='ocrx_word' id='word_1_810' title='bbox 1925 5526 2028 5596; x_wconf 89' lang='lat' dir='ltr'><strong>ait,</strong></span> 
     </span>
    </p>
   </div>
   <div class='ocr_carea' id='block_1_106' title="bbox 369 5613 2029 5701">
    <p class='ocr_par' dir='ltr' id='par_1_106' title="bbox 369 5613 2029 5701">
     <span class='ocr_line' id='line_1_107' title="bbox 369 5613 2029 5701; baseline -0.008 -20"><span class='ocrx_word' id='word_1_811' title='bbox 369 5628 527 5701; x_wconf 80' lang='grc' dir='ltr'>ἅπερ·</span> <span class='ocrx_word' id='word_1_812' title='bbox 564 5621 675 5678; x_wconf 80' lang='grc' dir='ltr'><strong>ἐστῖ</strong></span> <span class='ocrx_word' id='word_1_813' title='bbox 735 5621 906 5676; x_wconf 83' lang='grc' dir='ltr'>πάντα</span> <span class='ocrx_word' id='word_1_814' title='bbox 956 5617 1173 5696; x_wconf 75' lang='grc' dir='ltr'>σχεδόν,</span> <span class='ocrx_word' id='word_1_815' title='bbox 1237 5635 1352 5674; x_wconf 90' lang='lat' dir='ltr'><strong>non</strong></span> <span class='ocrx_word' id='word_1_816' title='bbox 1410 5624 1605 5674; x_wconf 89' lang='lat' dir='ltr'><strong>autem</strong></span> <span class='ocrx_word' id='word_1_817' title='bbox 1681 5618 1753 5672; x_wconf 93' lang='lat' dir='ltr'><strong>de</strong></span> <span class='ocrx_word' id='word_1_818' title='bbox 1833 5613 2029 5684; x_wconf 85' lang='grc' dir='ltr'>ζωοτό-</span> 
     </span>
    </p>
   </div>
   <div class='ocr_carea' id='block_1_107' title="bbox 371 5707 2027 5786">
    <p class='ocr_par' dir='ltr' id='par_1_107' title="bbox 371 5707 2027 5786">
     <span class='ocr_line' id='line_1_108' title="bbox 371 5707 2027 5786; baseline -0.006 -16"><span class='ocrx_word' id='word_1_819' title='bbox 371 5737 510 5786; x_wconf 79' lang='grc' dir='ltr'>κοις,</span> <span class='ocrx_word' id='word_1_820' title='bbox 543 5715 840 5786; x_wconf 89' lang='lat' dir='ltr'><strong>viviparis,</strong></span> <span class='ocrx_word' id='word_1_821' title='bbox 874 5715 931 5766; x_wconf 92' lang='lat' dir='ltr'><strong>et</strong></span> <span class='ocrx_word' id='word_1_822' title='bbox 959 5710 1216 5784; x_wconf 82' lang='lat' dir='ltr'><strong>oviparis</strong></span> <span class='ocrx_word' id='word_1_823' title='bbox 1265 5708 1466 5778; x_wconf 89' lang='lat' dir='ltr'><strong>simul,</strong></span> <span class='ocrx_word' id='word_1_824' title='bbox 1511 5714 1575 5763; x_wconf 84' lang='lat' dir='ltr'><strong>ut</strong></span> <span class='ocrx_word' id='word_1_825' title='bbox 1625 5708 1898 5764; x_wconf 85' lang='lat' dir='ltr'><strong>videntur</strong></span> <span class='ocrx_word' id='word_1_826' title='bbox 1950 5707 2027 5762; x_wconf 87' lang='lat' dir='ltr'><strong>si-</strong></span> 
     </span>
    </p>
   </div>
   <div class='ocr_carea' id='block_1_108' title="bbox 2133 4689 3802 4777">
    <p class='ocr_par' dir='ltr' id='par_1_108' title="bbox 2133 4689 3802 4777">
     <span class='ocr_line' id='line_1_109' title="bbox 2133 4689 3802 4777; baseline -0.009 -18"><span class='ocrx_word' id='word_1_827' title='bbox 2133 4705 2236 4777; x_wconf 78' lang='lat' dir='ltr'><strong>gili</strong></span> <span class='ocrx_word' id='word_1_828' title='bbox 2286 4703 2535 4759; x_wconf 87' lang='lat' dir='ltr'><strong>inclusa.</strong></span> <span class='ocrx_word' id='word_1_829' title='bbox 2571 4723 2598 4751; x_wconf 84' lang='lat'>»</span> <span class='ocrx_word' id='word_1_830' title='bbox 2634 4699 2829 4756; x_wconf 88' lang='lat' dir='ltr'><strong>Mollia</strong></span> <span class='ocrx_word' id='word_1_831' title='bbox 2877 4698 3136 4767; x_wconf 88' lang='lat' dir='ltr'><strong>denique</strong></span> <span class='ocrx_word' id='word_1_832' title='bbox 3188 4693 3405 4750; x_wconf 61' lang='lat' dir='ltr'><strong>Graecis</strong></span> <span class='ocrx_word' id='word_1_833' title='bbox 3432 4698 3574 4749; x_wconf 90' lang='lat' dir='ltr'><strong>sunt</strong></span> <span class='ocrx_word' id='word_1_834' title='bbox 3629 4689 3802 4762; x_wconf 80' lang='grc' dir='ltr'><strong>μαλάο</strong></span> 
     </span>
    </p>
   </div>
   <div class='ocr_carea' id='block_1_109' title="bbox 2135 4786 3800 4857">
    <p class='ocr_par' dir='ltr' id='par_1_109' title="bbox 2135 4786 3800 4857">
     <span class='ocr_line' id='line_1_110' title="bbox 2135 4786 3800 4857; baseline -0.005 -10"><span class='ocrx_word' id='word_1_835' title='bbox 2135 4813 2244 4847; x_wconf 86' lang='grc' dir='ltr'>κια.</span> <span class='ocrx_word' id='word_1_836' title='bbox 2279 4792 2464 4849; x_wconf 90' lang='lat' dir='ltr'><strong>Plinio</strong></span> <span class='ocrx_word' id='word_1_837' title='bbox 2494 4790 2698 4846; x_wconf 91' lang='lat' dir='ltr'><strong>itidem</strong></span> <span class='ocrx_word' id='word_1_838' title='bbox 2730 4811 2757 4839; x_wconf 86' lang='grc'><strong>‹‹</strong></span> <span class='ocrx_word' id='word_1_839' title='bbox 2786 4786 3008 4854; x_wconf 88' lang='lat' dir='ltr'><strong>mollia,</strong></span> <span class='ocrx_word' id='word_1_840' title='bbox 3046 4807 3075 4835; x_wconf 87' lang='lat'><strong>»</strong></span> <span class='ocrx_word' id='word_1_841' title='bbox 3108 4802 3235 4857; x_wconf 65' lang='lat' dir='ltr'><strong>qua:</strong></span> <span class='ocrx_word' id='word_1_842' title='bbox 3285 4799 3477 4855; x_wconf 89' lang='lat' dir='ltr'><strong>neque</strong></span> <span class='ocrx_word' id='word_1_843' title='bbox 3513 4798 3800 4854; x_wconf 90' lang='lat' dir='ltr'><strong>squamas</strong></span> 
     </span>
    </p>
   </div>
   <div class='ocr_carea' id='block_1_110' title="bbox 2137 4871 3798 4955">
    <p class='ocr_par' dir='ltr' id='par_1_110' title="bbox 2137 4871 3798 4955">
     <span class='ocr_line' id='line_1_111' title="bbox 2137 4871 3798 4955; baseline -0.007 -15"><span class='ocrx_word' id='word_1_844' title='bbox 2137 4883 2357 4940; x_wconf 90' lang='lat' dir='ltr'><strong>habent</strong></span> <span class='ocrx_word' id='word_1_845' title='bbox 2385 4898 2576 4955; x_wconf 89' lang='lat' dir='ltr'><strong>neque</strong></span> <span class='ocrx_word' id='word_1_846' title='bbox 2606 4882 2813 4947; x_wconf 88' lang='lat' dir='ltr'><strong>testas,</strong></span> <span class='ocrx_word' id='word_1_847' title='bbox 2833 4877 2935 4933; x_wconf 89' lang='lat' dir='ltr'><strong>sed</strong></span> <span class='ocrx_word' id='word_1_848' title='bbox 2968 4875 3182 4948; x_wconf 84' lang='lat' dir='ltr'><strong>pellem</strong></span> <span class='ocrx_word' id='word_1_849' title='bbox 3214 4874 3490 4931; x_wconf 64' lang='lat' dir='ltr'><strong>humana</strong></span> <span class='ocrx_word' id='word_1_850' title='bbox 3515 4871 3798 4940; x_wconf 85' lang='lat' dir='ltr'><strong>similem,</strong></span> 
     </span>
    </p>
   </div>
   <div class='ocr_carea' id='block_1_111' title="bbox 2138 4965 3354 5029">
    <p class='ocr_par' dir='ltr' id='par_1_111' title="bbox 2138 4965 3354 5029">
     <span class='ocr_line' id='line_1_112' title="bbox 2138 4965 3354 5029; baseline -0.008 0"><span class='ocrx_word' id='word_1_851' title='bbox 2138 4977 2203 5029; x_wconf 87' lang='lat' dir='ltr'><strong>ut</strong></span> <span class='ocrx_word' id='word_1_852' title='bbox 2231 4973 2400 5028; x_wconf 90' lang='lat' dir='ltr'><strong>docet</strong></span> <span class='ocrx_word' id='word_1_853' title='bbox 2429 4971 2687 5026; x_wconf 91' lang='lat' dir='ltr'><strong>Galenus</strong></span> <span class='ocrx_word' id='word_1_854' title='bbox 2709 4967 2814 5023; x_wconf 93' lang='lat' dir='ltr'><strong>lib.</strong></span> <span class='ocrx_word' id='word_1_855' title='bbox 2839 4983 2904 5022; x_wconf 86' lang='grc' dir='ltr'><strong>ιιι</strong></span> <span class='ocrx_word' id='word_1_856' title='bbox 2937 4969 3016 5022; x_wconf 83' lang='lat' dir='ltr'><strong>De</strong></span> <span class='ocrx_word' id='word_1_857' title='bbox 3047 4965 3354 5021; x_wconf 74' lang='lat' dir='ltr'><strong>alimentis.</strong></span> 
     </span>
    </p>
   </div>
   <div class='ocr_carea' id='block_1_112' title="bbox 2207 5069 3800 5143">
    <p class='ocr_par' dir='ltr' id='par_1_112' title="bbox 2207 5069 3800 5143">
     <span class='ocr_line' id='line_1_113' title="bbox 2207 5069 3800 5143; baseline -0.008 -7"><span class='ocrx_word' id='word_1_858' title='bbox 2207 5079 2329 5136; x_wconf 87' lang='lat' dir='ltr'><strong>Col.</strong></span> <span class='ocrx_word' id='word_1_859' title='bbox 2365 5079 2467 5133; x_wconf 86' lang='grc'><strong>153</strong></span> <span class='ocrx_word' id='word_1_860' title='bbox 2499 5080 2535 5133; x_wconf 82' lang='grc' dir='ltr'><strong>Α</strong></span> <span class='ocrx_word' id='word_1_861' title='bbox 2564 5079 2621 5132; x_wconf 82' lang='grc'><strong>2.</strong></span> <span class='ocrx_word' id='word_1_862' title='bbox 2657 5073 2732 5128; x_wconf 83' lang='grc' dir='ltr'><strong>Σὺ</strong></span> <span class='ocrx_word' id='word_1_863' title='bbox 2787 5077 2971 5128; x_wconf 81' lang='grc' dir='ltr'>τοῦτο.</span> <span class='ocrx_word' id='word_1_864' title='bbox 3009 5073 3173 5143; x_wconf 82' lang='lat' dir='ltr'><strong>Regii</strong></span> <span class='ocrx_word' id='word_1_865' title='bbox 3236 5073 3352 5126; x_wconf 90' lang='lat' dir='ltr'><strong>duo</strong></span> <span class='ocrx_word' id='word_1_866' title='bbox 3410 5069 3546 5126; x_wconf 93' lang='lat' dir='ltr'><strong>libri</strong></span> <span class='ocrx_word' id='word_1_867' title='bbox 3591 5083 3800 5125; x_wconf 87' lang='lat' dir='ltr'><strong>emen-</strong></span> 
     </span>
    </p>
   </div>
   <div class='ocr_carea' id='block_1_113' title="bbox 2139 5158 3800 5234">
    <p class='ocr_par' dir='ltr' id='par_1_113' title="bbox 2139 5158 3800 5234">
     <span class='ocr_line' id='line_1_114' title="bbox 2139 5158 3800 5234; baseline -0.007 -10"><span class='ocrx_word' id='word_1_868' title='bbox 2139 5171 2302 5234; x_wconf 89' lang='lat' dir='ltr'><strong>dant,</strong></span> <span class='ocrx_word' id='word_1_869' title='bbox 2339 5166 2401 5219; x_wconf 73' lang='grc' dir='ltr'>σὺ</span> <span class='ocrx_word' id='word_1_870' title='bbox 2433 5171 2620 5219; x_wconf 78' lang='grc' dir='ltr'>τοῦτον</span> <span class='ocrx_word' id='word_1_871' title='bbox 2655 5158 2865 5232; x_wconf 80' lang='grc' dir='ltr'>λαϐών,</span> <span class='ocrx_word' id='word_1_872' title='bbox 2901 5178 3109 5234; x_wconf 86' lang='lat' dir='ltr'><strong>nempe</strong></span> <span class='ocrx_word' id='word_1_873' title='bbox 3139 5176 3273 5215; x_wconf 89' lang='lat' dir='ltr'><strong>eum</strong></span> <span class='ocrx_word' id='word_1_874' title='bbox 3321 5159 3421 5230; x_wconf 92' lang='lat' dir='ltr'><strong>qui</strong></span> <span class='ocrx_word' id='word_1_875' title='bbox 3481 5175 3800 5230; x_wconf 78' lang='lat' dir='ltr'><strong>pauperem</strong></span> 
     </span>
    </p>
   </div>
   <div class='ocr_carea' id='block_1_114' title="bbox 2139 5258 2506 5330">
    <p class='ocr_par' dir='ltr' id='par_1_114' title="bbox 2139 5258 2506 5330">
     <span class='ocr_line' id='line_1_115' title="bbox 2139 5258 2506 5330; baseline -0.014 -16"><span class='ocrx_word' id='word_1_876' title='bbox 2139 5258 2506 5330; x_wconf 85' lang='lat' dir='ltr'><strong>spoliaverat.</strong></span> 
     </span>
    </p>
   </div>
   <div class='ocr_carea' id='block_1_115' title="bbox 2212 5337 3806 5416">
    <p class='ocr_par' dir='ltr' id='par_1_115' title="bbox 2212 5337 3806 5416">
     <span class='ocr_line' id='line_1_116' title="bbox 2212 5337 3806 5416; baseline -0.006 -15"><span class='ocrx_word' id='word_1_877' title='bbox 2212 5348 2360 5402; x_wconf 90' lang='lat' dir='ltr'><strong>Ibid.</strong></span> <span class='ocrx_word' id='word_1_878' title='bbox 2422 5347 2513 5401; x_wconf 92' lang='grc'><strong>10.</strong></span> <span class='ocrx_word' id='word_1_879' title='bbox 2576 5346 2816 5416; x_wconf 80' lang='lat' dir='ltr'><strong>Eﬂ&#39;ugito</strong></span> <span class='ocrx_word' id='word_1_880' title='bbox 2891 5342 3326 5396; x_wconf 82' lang='lat' dir='ltr'><strong>damnatorum.</strong></span> <span class='ocrx_word' id='word_1_881' title='bbox 3385 5337 3806 5410; x_wconf 81' lang='lat' dir='ltr'><strong>Argyropylus,</strong></span> 
     </span>
    </p>
   </div>
   <div class='ocr_carea' id='block_1_116' title="bbox 2141 5425 3806 5506">
    <p class='ocr_par' dir='ltr' id='par_1_116' title="bbox 2141 5425 3806 5506">
     <span class='ocr_line' id='line_1_117' title="bbox 2141 5425 3806 5506; baseline -0.008 -15"><span class='ocrx_word' id='word_1_882' title='bbox 2141 5458 2167 5486; x_wconf 81' lang='grc' dir='ltr'>α</span> <span class='ocrx_word' id='word_1_883' title='bbox 2201 5435 2715 5506; x_wconf 89' lang='lat' dir='ltr'><strong>despiciendorum</strong></span> <span class='ocrx_word' id='word_1_884' title='bbox 2746 5449 2758 5498; x_wconf 91' lang='lat'><strong>;</strong></span> <span class='ocrx_word' id='word_1_885' title='bbox 2793 5427 3130 5497; x_wconf 80' lang='lat' dir='ltr'><strong>Carnarius,</strong></span> <span class='ocrx_word' id='word_1_886' title='bbox 3178 5445 3204 5477; x_wconf 82' lang='grc' dir='ltr'><strong>ιι</strong></span> <span class='ocrx_word' id='word_1_887' title='bbox 3241 5427 3398 5496; x_wconf 85' lang='lat' dir='ltr'><strong>Fuge</strong></span> <span class='ocrx_word' id='word_1_888' title='bbox 3443 5425 3806 5479; x_wconf 86' lang='lat' dir='ltr'><strong>imitationes</strong></span> 
     </span>
    </p>
   </div>
   <div class='ocr_carea' id='block_1_117' title="bbox 2140 5515 3803 5590">
    <p class='ocr_par' dir='ltr' id='par_1_117' title="bbox 2140 5515 3803 5590">
     <span class='ocr_line' id='line_1_118' title="bbox 2140 5515 3803 5590; baseline -0.008 -10"><span class='ocrx_word' id='word_1_889' title='bbox 2140 5527 2691 5580; x_wconf 89' lang='lat' dir='ltr'><strong>condemnatorum.</strong></span> <span class='ocrx_word' id='word_1_890' title='bbox 2724 5544 2752 5570; x_wconf 84' lang='lat'>»</span> <span class='ocrx_word' id='word_1_891' title='bbox 2786 5517 3214 5590; x_wconf 82' lang='lat' dir='ltr'><strong>Scripsimus,«</strong></span> <span class='ocrx_word' id='word_1_892' title='bbox 3251 5517 3667 5569; x_wconf 87' lang='lat' dir='ltr'><strong>damnatorum</strong></span> <span class='ocrx_word' id='word_1_893' title='bbox 3696 5515 3803 5568; x_wconf 87' lang='lat' dir='ltr'><strong>ho-</strong></span> 
     </span>
    </p>
   </div>
   <div class='ocr_carea' id='block_1_118' title="bbox 2140 5603 3804 5684">
    <p class='ocr_par' dir='ltr' id='par_1_118' title="bbox 2140 5603 3804 5684">
     <span class='ocr_line' id='line_1_119' title="bbox 2140 5603 3804 5684; baseline -0.01 -12"><span class='ocrx_word' id='word_1_894' title='bbox 2140 5616 2390 5684; x_wconf 88' lang='lat' dir='ltr'><strong>minum,</strong></span> <span class='ocrx_word' id='word_1_895' title='bbox 2428 5636 2455 5663; x_wconf 82' lang='lat'><em>»</em></span> <span class='ocrx_word' id='word_1_896' title='bbox 2481 5617 2545 5670; x_wconf 90' lang='lat' dir='ltr'><strong>ut</strong></span> <span class='ocrx_word' id='word_1_897' title='bbox 2574 5612 2646 5668; x_wconf 93' lang='lat' dir='ltr'><strong>ad</strong></span> <span class='ocrx_word' id='word_1_898' title='bbox 2680 5609 2869 5666; x_wconf 87' lang='lat' dir='ltr'><strong>Galat.</strong></span> <span class='ocrx_word' id='word_1_899' title='bbox 2907 5625 2968 5677; x_wconf 84' lang='grc' dir='ltr'><strong>ιι,</strong></span> <span class='ocrx_word' id='word_1_900' title='bbox 3004 5608 3090 5676; x_wconf 89' lang='grc'>11,</span> <span class='ocrx_word' id='word_1_901' title='bbox 3126 5606 3276 5662; x_wconf 83' lang='lat' dir='ltr'><strong>dixit</strong></span> <span class='ocrx_word' id='word_1_902' title='bbox 3305 5603 3804 5677; x_wconf 74' lang='grc' dir='ltr'>Αροεῐοιιιεε⁸⁹Οτι</span> 
     </span>
    </p>
   </div>
   <div class='ocr_carea' id='block_1_119' title="bbox 2141 5693 3808 5778">
    <p class='ocr_par' dir='ltr' id='par_1_119' title="bbox 2141 5693 3808 5778">
     <span class='ocr_line' id='line_1_120' title="bbox 2141 5693 3808 5778; baseline -0.007 -19"><span class='ocrx_word' id='word_1_903' title='bbox 2141 5703 2578 5778; x_wconf 78' lang='grc' dir='ltr'>κατεγνωσμένος</span> <span class='ocrx_word' id='word_1_904' title='bbox 2631 5702 2719 5770; x_wconf 80' lang='grc' dir='ltr'><strong>ἦν·</strong></span> <span class='ocrx_word' id='word_1_905' title='bbox 2759 5702 2902 5770; x_wconf 85' lang='lat' dir='ltr'><strong>Quia</strong></span> <span class='ocrx_word' id='word_1_906' title='bbox 2959 5696 3413 5771; x_wconf 74' lang='lat' dir='ltr'><strong>reprehensibilis</strong></span> <span class='ocrx_word' id='word_1_907' title='bbox 3460 5699 3598 5764; x_wconf 83' lang='lat' dir='ltr'><strong>erat,</strong></span> <span class='ocrx_word' id='word_1_908' title='bbox 3631 5693 3808 5750; x_wconf 87' lang='lat' dir='ltr'><strong>vertit</strong></span> 
     </span>
    </p>
   </div>
  </div>
