4156 6356
310 387 425 450 99⁵7

1390 373 1496 432 AD
1535 365 1915 454 .HOMllJAS
1959 365 2037 424 lN
2085 357 2651 422 HEXAEMERUN.

3603 358 3723 419 998

313 521 514 575 auctor
548 512 832 586 Vulgata,
858 509 954 567 Sic
987 507 1141 580 apud
1163 505 1502 561 Ciceronem
1534 504 1680 567 orat,
1712 500 1772 556 in
1801 498 1954 552 Piso-
1987 499 2042 566 Α
2072 496 2322 565 utroque
2353 489 2532 586 Regio
2565 505 2678 544 ms.
2711 490 2768 586 et
2791 487 2857 586 in
2886 486 3146 558 Anglicis
3194 488 3549 544 offendimus
3590 490 3722 560 κυή-

312 624 459 664 nem:
493 603 670 672 «Quis
695 608 751 657 te
774 597 1072 655 miserior?
1096 595 1229 668 quis
1254 600 1309 650 te
1327 590 1662 648 damnatior
1684 588 1735 644 ἒ»
1761 588 1960 642 Eusta-

315 699 477 755 thius
495 694 747 765 denique
765 689 928 755 dixit,
968 710 995 739 «
1026 686 1226 743 desine
1252 685 1610 756 vituperatos
1628 677 1959 744 aemulari,»

316 792 598 843 Caeterum
629 797 764 838 cum
788 778 980 852 polipo
1025 777 1328 846 comparat
1363 770 1754 838 frudulentos,
1804 767 1964 837 ejus-

318 895 429 951 que
453 876 719 932 fraudem
753 871 1050 942 eleganter
1072 865 1433 937 exprimitex
1463 861 1676 918 Basilio
1713 857 1963 916 Ambro—

318 968 444 1023 sius
475 965 578 1020 lib.
611 981 664 1026 ν,
698 977 825 1031 cap.
859 959 930 1014 8:
967 977 994 1007 ‹‹
1027 956 1132 1020 Qui
1170 955 1385 1010 vadoso
1423 953 1481 1006 in
1517 951 1711 1005 littore
1744 955 1965 1020 petram

319 1060 547 1112 nactus.
581 1049 846 1122 at'figitur
875 1047 1134 1116 ei,atque
1159 1045 1286 1115 ejus
1303 1041 1588 1097 nebuloso
1610 1037 1849 1110 ingenio
1872 1052 1965 1091 co-

317 1148 498 1202 lorem
514 1143 758 1211 subit,et
778 1137 957 1195 simili
981 1136 1174 1209 specie
1191 1141 1348 1205 terga
1366 1134 1660 1189 obductus
1682 1127 1969 1202 plurimos

321 1235 570 1308 piscium
602 1231 728 1287 sine
760 1227 878 1284 ulla
904 1225 1241 1298 suspicione
1274 1223 1497 1279 fraudis
1529 1220 1806 1292 allapsos,
1827 1218 1969 1272 dum

325 1306 524 1380 notam
549 1337 665 1376 non
684 1319 1096 1391 praecavent,et
1121 1329 1328 1370 saxum
1362 1306 1972 1384 cpinantur,cassibus

321 1412 544 1469 furtivae
572 1411 718 1467 artis
737 1407 1044 1477 includit,»
1071 1403 1368 1476 Accipitur
1398 1406 1454 1458 et
1474 1400 1722 1473 polypus
1744 1415 1846 1470 pro
1869 1397 1972 1452 ho-

323 1505 501 1561 mime
522 1499 900 1574 rapaci,quod
924 1496 1109 1553 soleat
1130 1489 1690 1567 polypus,quidquid
1714 1487 1977 1545 brachio-

326 1610 456 1650 rum
518 1589 766 1662 ﬂagellis
803 1591 1013 1642 nactus
1072 1584 1265 1650 fuerit,
1320 1581 1650 1637 arctissime
1701 1579 1975 1634 retinere.

328 1682 571 1738 Plautus
600 1677 920 1743 Aulularia,
953 1679 1066 1731 act.
1103 1673 1171 1744 ll,
1204 1689 1380 1728 scena
1403 1687 1463 1738 ιι,
1495 1671 1559 1724 21
1587 1685 1600 1725 :

326 1840 432 1908 Ego
458 1834 592 1890 istos
611 1832 740 1888 novi
762 1829 1020 1902 polypos,
1042 1827 1139 1898 qui
1167 1824 1264 1880 ubi
1283 1822 1415 1896 quid
1447 1822 1745 1890 tetigerint,
1769 1821 1974 1874 tenent.

327 1992 762 2054 Nonnunquam
781 1983 979 2035 etcum
1012 1974 1245 2031 homine
1270 1970 1633 2028 inconstanti
1660 1969 1977 2032 confertur,

329 2073 559 2147 utapud
574 2053 1006 2126 Nazianzenum
1023 2053 1790 2147 orat.27,pag.470:"A)t)tors
1808 2053 1978 2116 ἄλλος

328 2143 610 2238 γινόμενος
637 2157 728 2212 καὶ
758 2152 972 2238 πολμλᾷς
1011 2144 1444 2238 μεταλαμβάνων
1461 2145 1654 2238 κχρόας
1706 2143 1983 2238 ὥσπερ.τὰ

326 2225 675 2315 τῶν-πετρῶν
706 2236 757 2290 οἱ
787 2229 1123 2298 πολύποδες,
1155 2232 1240 2291 αἷς
1267 2228 1326 2282 ’ὰν
1358 2226 1727 2301 ὁμιλήσωσιν.
1764 2248 1792 2276 ‹‹
1829 2225 1983 2280 Alias

333 2335 478 2391 alios
501 2346 693 2387 mores
715 2327 1066 2390 induens,ac
1093 2339 1273 2378 novos
1296 2319 1549 2375 subinde
1572 2317 1794 2374 colores
1817 2333 1982 2371 assu-

335 2436 646 2486 mens,non
669 2432 842 2473 secus
864 2430 930 2469 ac
973 2411 1169 2485 polypi
1197 2415 1497 2482 petrarum
1517 2408 1588 2462 ad
1612 2423 1759 2478 quas
1791 2421 1987 2460 acces-

334 2510 540 2577 serint,
564 2506 789 2563 colores
821 2503 1143 2558 referunt.»
1180 2497 1518 2553 Aristoteles
1550 2495 1655 2550 lib.
1689 2512 1746 2548 1x
1770 2496 1984 2549 Histor.

335 2599 692 2662 animalium,
744 2609 872 2664 cap.
906 2591 996 2658 37,
1059 2589 1116 2642 in
1151 2587 1422 2642 timorem
1457 2585 1682 2640 confert
1747 2599 1986 2638 causam

338 2704 452 2742 non
468 2685 659 2741 solum
675 2680 887 2736 mutati
907 2675 1248 2744 coloris,sed
1273 2674 1446 2729 etiam
1461 2671 1628 2728 effusi
1653 2671 1988 2738 atramenti,

408 2775 525 2833 Col.
560 2775 664 2830 155
693 2777 730 2824 Β
761 2773 814 2826 6.
879 2769 1156 2825 Terminos
1211 2774 1463 2822 aeternos.
1516 2763 1705 2818 Locus
1735 2767 1825 2817 est
1854 2766 1986 2817 Pro-

339 2865 499 2922 verb.
531 2862 813 2928 xx1l,28:
866 2857 960 2924 Μὴ
1021 2856 1241 2929 μέταιρε
1299 2851 1421 2926 ὅρια
1477 2849 1671 2904 αἰώνια
1719 2847 1752 2902 ἃ
1809 2844 1988 2913 ἔθεντο

340 2955 391 3009 οἱ
422 2951 646 3026 πατέρες
702 2965 819 3002 σου⁸
853 2948 928 3003 Ne
974 2946 1220 3016 transfer
1277 2943 1541 2999 terminos
1569 2945 1806 2998 aeternos
1861 2955 1991 3011 quos

334 3051 637 3116 posuerunt
659 3043 846 3111 patres
877 3037 976 3091 tui.
1006 3037 1316 3104 Propterea
1347 3029 1793 3090 immutavimus
1816 3029 1993 3082 verba

343 3129 741 3202 interpretis,«
769 3123 1056 3181 terminos
1075 3137 1224 3192 quos
1247 3119 1566 3192 posueruni
1590 3121 1782 3189 patres
1808 3117 1992 3171 nostri

267 3216 271 3220 ’
342 3236 560 3292 eosque
590 3217 958 3272 continenter
989 3210 1307 3267 servandos
1334 3207 1772 3263 transierimus.
1813 3228 1832 3256 η
1864 3206 1991 3261 Non

347 3311 532 3368 utitur
558 3308 872 3380 Scriptura
903 3300 1291 3365 locutione,ut
1311 3314 1502 3369 neque
1525 3296 1869 3352 Eustathius
1891 3297 1998 3351 hoc

349 3401 554 3456 eodem
588 3398 746 3453 loco:
781 3418 810 3446 «
841 3393 1011 3459 Nam,
1061 3394 1120 3446 et
1162 3390 1455 3459 majorum
1490 3391 1823 3442 nostrorum
1855 3385 2002 3441 ﬁnes

351 3490 630 3545 audacter
657 3483 1016 3551 excedimus,
1049 3483 1107 3535 et
1136 3477 1324 3533 saltus
1353 3475 1794 3547 trangredimur
1840 3475 2004 3530 vitio-

352 3591 506 3632 rum.
541 3595 570 3625 »
597 3572 770 3629 Aliud
795 3575 886 3627 est
914 3567 1207 3632 excedere,
1239 3563 1325 3619 vel
1357 3564 1610 3618 transire
1641 3562 1809 3628 ﬁnes,
1841 3561 2003 3618 aliud

346 3665 630 3722 terminos
661 3666 718 3716 et
745 3660 969 3715 limites
991 3672 1129 3729 agro
1164 3654 1387 3726 positos
1411 3654 1750 3719 transferre,
1776 3655 1832 3707 et
1861 3650 2006 3706 ulte-

345 3753 468 3808 rius
499 3750 805 3806 collocare.
839 3748 934 3803 Sic
968 3749 1278 3800 Deuteron.
1311 3759 1428 3809 xxx,
1482 3741 1584 3797 44:
1647 3739 1719 3792 Οὺ
1779 3759 2002 3812 μετακι-

342 3844 526 3912 νήσεις
583 3839 708 3916 ’ὀρια
763 3839 872 3892 τῶν
931 3835 1168 3905 πλησίον
1237 3853 1354 3901 σου,
1416 3829 1448 3885 ἃ
1504 3829 1731 3900 ἔστησαν
1793 3831 1846 3884 οἱ
1904 3850 2005 3884 πα-

344 3933 496 4007 τὲρες
527 3950 643 3986 σου.
676 3931 792 3985 Non
819 3927 1170 3983 commovebis
1218 3925 1502 3991 terminos,
1558 3921 1828 3993 Vulgata,
1886 3923 2004 3976 Non

343 4023 660 4092 transferes,
691 4017 853 4084 Quod
887 4032 1022 4072 vero
1053 4013 1343 4086 sequitur,
1393 4008 1848 4083 παρατεμνόμεθα
1900 4015 1998 4083 γῆν

341 4112 550 4168 vitiose
579 4109 880 4182 legebatur
894 4105 954 4159 in
969 4103 1224 4158 editione
1240 4100 1551 4156 Basiliensi
1578 4099 1882 4171 posteriori
1896 4118 2002 4152 πα-

345 4199 698 4274 ραπείνομεν,
725 4195 880 4269 quod
899 4191 1569 4257 emendansCornarius,
1603 4195 1660 4245 et
1689 4189 2003 4244 restituen-

344 4291 483 4344 dum
518 4291 736 4360 putans
764 4281 1177 4356 παρατείνομεν,
1210 4279 1405 4346 vertit,
1440 4301 1468 4328 «
1504 4278 1860 4349 empliamus
1887 4283 2004 4333 ter-

345 4393 509 4442 ram;
549 4400 569 4426 ιο
607 4375 745 4432 atin
772 4373 951 4445 priori
984 4369 1286 4427 Basiliensi
1333 4368 1616 4437 scriptum
1643 4367 1859 4438 reperit
1890 4371 2003 4422 Vo-

347 4468 706 4533 laterranus,
739 4458 1197 4537 παρατεμνόμεθα
1224 4462 1348 4530 γῆν,
1386 4455 1542 4528 quod
1577 4455 1660 4510 ita
1691 4456 2000 4527 expressit,

350 4580 376 4607 «
411 4562 630 4612 terram
663 4569 988 4616 secamua,»
1016 4565 1132 4604 non
1157 4552 1222 4602 ut
1244 4546 1397 4617 apud
1421 4543 1843 4617 Argyropylum
1873 4555 2006 4615 post

2074 601 2231 650 σεως,
2265 585 2322 636 et
2354 580 2505 652 apud
2537 578 2934 645 Eustathium,
2960 598 2988 627 «
3020 579 3167 633 Nam
3191 593 3325 633 cum
3358 579 3576 634 fctandi
3607 596 3720 636 coe-

2074 673 2224 746 perit
2252 675 2484 742 tempus
2511 668 2722 740 vigere,
2753 668 2852 722 alii
2883 684 2951 723 ex
2981 668 3096 724 alio
3120 667 3251 722 sinu
3278 687 3291 736 ;
3318 691 3345 718 «
3380 668 3552 740 plane
3582 670 3722 725 reti-

2075 761 2330 817 nendam
2345 757 2683 813 censuimus
2707 757 2858 812 hanc
2874 757 3302 817 lectionem.cui
3322 757 3726 830 suffragantur

2076 857 2132 907 et
2159 849 2260 906 illa
2290 846 2581 903 Ambrosii
2606 863 2733 917 cap.
2768 847 2834 902 10
2860 863 2872 899 :
2898 869 2926 896 ‹‹
2959 847 3105 902 Sunt
3149 850 3344 902 tamen
3397 846 3596 918 aliqua
3634 864 3727 919 ge-

2077 956 2217 996 nera
2248 935 2630 1010 piscium,qui
2649 952 2762 990 non
2786 935 3006 1006 ingenii
3031 934 3310 991 facilitate
3333 935 3458 991 loca
3473 941 3722 1007 mutent,

2078 1033 2177 1088 sed
2205 1027 2433 1086 fovendi
2455 1031 2658 1098 partus
2683 1025 3180 1096 necessitate,qusz
3199 1030 3525 1097 Opportuna
3549 1032 3725 1098 atque

2078 1120 2337 1193 legitimo
2393 1121 2777 1191 procurantes
2832 1119 3114 1187 tempore;
3177 1138 3204 1166 »
3263 1117 3632 1189 Suﬁ'ragatur
3670 1122 3726 1173 et

2080 1208 2382 1282 Oppianus
2412 1206 2515 1260 lib.
2550 1222 2569 1259 1
2598 1199 2855 1274 Ἀλιευτ.,
2889 1220 3039 1259 vers.
3069 1204 3176 1259 598
3202 1221 3214 1260 :

2153 1320 2362 1394 Πολλοὶ
2397 1318 2442 1375 δ’
2473 1318 2763 1394 ἀγρόμενοι
2794 1317 2953 1394 ξυνιήν
2981 1314 3109 1394 ᾂδὸν
3139 1318 3513 1394 ὀρμαίνονται,

2155 1391 2404 1464 Εὔξεινον
2442 1387 2577 1465 μετα
2606 1387 2831 1459 Πόντον,
2860 1387 2933 1445 ’ἶν’
2958 1389 3142 1445 αὐτόθι
3170 1387 3330 1446 τὶκνα
3357 1387 3582 1449 τέκοίεν·

2155 1485 2313 1540 Multi
2339 1499 2465 1539 vero
2495 1483 2810 1552 congregati
2830 1497 3168 1555 communem
3189 1485 3344 1538 viam
3361 1485 3728 1555 meditantur,

2157 1559 2437 1612 Euxinum
2465 1555 2536 1610 ad
2565 1557 2824 1620 Pontum,
2878 1561 2938 1609 ut
2968 1554 3045 1609 ibi
3077 1554 3278 1610 liberos
3312 1558 3561 1627 pariant.

2089 1675 2154 1730 Et
2182 1672 2528 1730 Aristoteles
2560 1672 2664 1741 lib,
2695 1689 2795 1727 VllI
2828 1673 2961 1727 Hist.
2990 1673 3259 1740 animal,
3295 1689 3422 1746 cap.
3465 1674 3532 1728 13
3561 1689 3574 1728 :
3636 1674 3734 1728 Διὰ

2088 1759 2146 1816 δὲ
2197 1763 2295 1829 τήν
2343 1758 2921 1838 τροφήνζιεῖσπλὲουσιν
2984 1758 3059 1823 εἷς
3090 1759 3316 1826 Πόντον,
3367 1759 3454 1814 καὶ
3515 1759 3602 1815 διὰ
3643 1762 3733 1817 τὸν

2012 1878 2059 1942 Β
2086 1853 2268 1907 τόκον.
2302 1851 2469 1906 Τόποι
2498 1850 2598 1927 γάρ
2631 1850 2762 1906 εἰσιν
2795 1846 3099 1920 ἐπιτήδειοι
3149 1849 3224 1911 εἰς
3264 1850 3326 1904 τὸ
3372 1851 3596 1923 τίκτειν,
3647 1853 3736 1907 καὶ

2086 1943 2150 1996 τὸ
2205 1941 2441 2014 πότιμον
2488 1940 2577 1994 καὶ
2633 1941 2693 1995 τὸ
2778 1938 3109 2014 γλυκύτερον
3170 1936 3315 2016 ὕδωρ
3375 1939 3615 2016 ἐκτρέφει
3673 1942 3741 1996 τὰ

2089 2032 2361 2102 κυήματα·
2393 2054 2420 2082 ‹‹
2454 2032 2606 2086 Tum
2642 2031 2840 2102 itaque
2872 2030 3082 2096 victus,
3132 2034 3259 2085 tum
3310 2031 3485 2086 etiam
3536 2037 3741 2103 partus

2091 2123 2281 2195 gratia
2332 2127 2578 2178 Pontum
2631 2122 2906 2177 subeunt.
2961 2122 3112 2176 Sunt
3160 2121 3318 2176 enim
3366 2121 3446 2176 ibi
3495 2121 3619 2177 loca
3668 2123 3740 2177 ad

2093 2211 2419 2283 partionem
2452 2212 2702 2282 aptiora,
2731 2216 2789 2265 et
2819 2226 2971 2282 aqua
3002 2209 3229 2265 dulcior
3272 2227 3339 2265 ac
3386 2211 3746 2281 potulentior

2094 2301 2277 2356 fetum
2311 2299 2523 2355 melius
2553 2299 2787 2355 educat.
2824 2319 2853 2348 »

2169 2388 2369 2444 lbid.D
2403 2389 2552 2445 1.Uti
2580 2388 3019 2442 torrentem.Hoc
3042 2387 3567 2460 maluimus,quam
3592 2391 3746 2460 quod

2097 2482 2402 2550 interpres,
2439 2501 2468 2529 «
2504 2479 2588 2533 uti
2621 2477 2838 2533 ﬂumen
2871 2483 2927 2532 et
2946 2495 3046 2548 per
3069 2479 3480 2550 Propontidem
3503 2484 3558 2534 et
3578 2480 3747 2535 Euxi-

2099 2585 2239 2622 num
2271 2571 2538 2621 Pontum.
2560 2589 2588 2616 »
2609 2566 2911 2639 Signiﬁcat
2935 2563 3106 2638 ῥεῦμα
3136 2567 3326 2621 undas
3357 2583 3491 2622 cum
3525 2567 3747 2640 impetu

2099 2661 2343 2712 ﬂuentes
2371 2674 2383 2711 :
2420 2672 2597 2727 quam
2630 2656 2702 2710 ob
2735 2671 2974 2710 causam
3007 2655 3353 2710 Ambrosius
3371 2673 3568 2713 vocem
3592 2659 3752 2714 Grae-

2101 2762 2228 2801 cam
2263 2745 2539 2800 retinuit:
2577 2767 2603 2794 «
2638 2744 2884 2810 Dicas,si
2917 2744 3230 2798 ascendere
3259 2743 3478 2812 videas,
3505 2746 3753 2803 rheuma

2103 2833 2400 2904 quoddam
2434 2849 2583 2900 esse,
2619 2831 2698 2886 ita
2729 2830 3754 2902 proruunt,ﬂnctusqueintersecant

2106 2939 2207 2994 per
2239 2922 2645 2992 Propontidem
2677 2922 2737 2976 in
2761 2921 3048 2976 Euxinum
3085 2925 3328 2976 Pontum
3355 2922 3612 2979 violento
3638 2925 3753 2979 im-

2105 3014 2237 3079 petu
2273 3009 2641 3079 proﬂuentes.
2680 3031 2706 3058 »
2735 3009 2954 3063 idcirco
2983 3007 3159 3063 etiam
3191 3010 3556 3065 correximus
3587 3033 3616 3062 ‹‹
3650 3027 3754 3077 per

2104 3098 2513 3168 Propontidem
2536 3098 2593 3151 in
2612 3097 2898 3152 Euxinum
2914 3098 3222 3164 Pontum,»
3239 3115 3408 3168 quem
3427 3098 3601 3170 paulo
3625 3105 3757 3172 post

2108 3184 2377 3241 absolute
2403 3187 2647 3241 Pontum
2671 3185 2946 3258 appellat,
2971 3191 3028 3240 et
3048 3186 3425 3256 Aquiloniam
3450 3204 3632 3255 mare,
3663 3187 3756 3261 βό-

2111 3293 2252 3347 ρειον
2312 3271 2568 3348 πέλαγος,
2601 3274 2738 3345 quia
2780 3275 3113 3346 Propontidi
3145 3280 3236 3330 est
3267 3276 3337 3329 ad
3387 3275 3758 3346 Aquilonem,

2112 3381 2212 3419 seu
2230 3380 2390 3418 mare
2417 3363 2668 3418 boreale.
2689 3362 3112 3434 Oppianuslib.
3129 3380 3147 3417 1
3168 3358 3405 3432 Ἀλιευτ,
3439 3381 3589 3419 vers.
3612 3365 3719 3419 626
3743 3381 3757 3420 :

2310 3476 2433 3531 τότε
2466 3476 2796 3554 μυρςόφολοι
2822 3475 2952 3538 ἁλὸς
2982 3474 3243 3554 {invocet
3275 3472 3503 3554 κέλευθα

2183 3547 2432 3620 Εὔξεινον
2468 3546 2604 3622 μετὰ
2631 3546 2800 3622 iuuat,
2832 3546 3163 3622 περιπλῆθει
3194 3546 3251 3604 δὶ
3283 3548 3376 3612 ea)
3391 3570 3544 3604 ασσα.

2183 3643 2263 3697 Ita
2294 3645 2412 3695 tum
2443 3641 2660 3710 inﬁniti
2687 3641 2866 3695 maris
2893 3649 3079 3694 secant
3121 3640 3242 3694 vias

2183 3715 2477 3768 Euxinum
2507 3712 2577 3767 ad
2606 3714 2854 3782 ﬂuctum,
2878 3713 3104 3783 plenum
3133 3720 3211 3768 est
3243 3720 3428 3767 autem
3457 3730 3632 3770 mare.

2111 3827 2285 3881 Addit
2299 3825 2678 3881 doctissimus
2693 3823 3565 3881 Montacutiusemendationem
3585 3828 3764 3883 lsaaci

2111 3914 2466 3982 Casauboni,
2496 3931 2672 3985 quam
2726 3919 2970 3968 tuentur
3010 3915 3126 3968 duo
3159 3913 3320 3985 Regii
3354 3915 3582 3971 codices
3632 3933 3764 3989 pag.

2109 4006 2201 4074 67,
2251 4021 2377 4076 cap.
2435 4005 2488 4072 4,
2544 3998 2691 4055 ἀλλὰ
2739 4000 2829 4054 καὶ
2879 3999 3068 4075 ψυχρᾶ
3126 4006 3405 4074 χειμῶνος
3466 4001 3602 4078 ὥρᾳ,
3649 4022 3766 4062 non

2111 4095 2320 4167 ψυχρᾷ,
2355 4097 2421 4148 ut
2448 4092 2634 4147 voiuit
2661 4091 2837 4147 etiam
2871 4097 3198 4147 correctum
3236 4093 3546 4164 interpres,
3582 4117 3609 4144 «
3642 4095 3765 4150 hie-

2113 4182 2228 4238 mis
2258 4189 2522 4252 tempore
2555 4180 2915 4251 pergelidum
2949 4185 3074 4234 est:
3109 4201 3136 4230 »
3172 4185 3227 4234 ct
3258 4181 3766 4247 Eustathius,«sed

2112 4275 2170 4325 et
2200 4269 2478 4340 frigidum
2512 4267 2693 4323 nimis
2726 4273 2815 4323 est
2842 4266 3079 4322 hiemali
3108 4271 3395 4339 tempore.
3433 4291 3460 4318 ››

2184 4358 2304 4415 Col.
2335 4358 2437 4412 158
2467 4357 2512 4411 D
2543 4358 2598 4410 7.
2635 4357 2775 4424 Quid
2804 4359 2922 4427 ipse
2949 4356 3114 4410 dices.
3163 4359 3290 4413 [hoc
3336 4358 3407 4413 ab
3453 4358 3772 4432 interprete

2114 4448 2266 4504 male
2296 4451 2535 4517 accepta
2565 4452 2750 4514 erant,
2785 4445 2884 4515 qui
2918 4459 3224 4517 perperam
3249 4446 3718 4519 interpungendo
3740 4468 3773 4504 ει

2113 4536 2578 4610 praecedentibus
2591 4551 2657 4589 ea
2672 4535 3248 4605 sejungebat,etcum
3267 4537 3769 4608 subsequentibus

349 4645 648 4701 Tilmanni
684 4640 1146 4715 recognitionem
1180 4641 1358 4702 erat,«
1394 4640 1612 4690 terram
1645 4634 1886 4689 limitari
1918 4651 2003 4690 se-
2031 4619 2077 4684 D
2111 4627 2540 4698 conjungebat;
2567 4625 2676 4679 hoc
2701 4626 2871 4679 modo
2902 4639 2915 4680 :
2950 4646 2978 4674 «
3000 4625 3171 4678 Aliud
3197 4627 3766 4698 consequatur.Quid

351 4736 546 4792 ctione
576 4734 936 4790 diducimus.
973 4752 1001 4781 »
1025 4727 1371 4786 Ambrosius
1403 4743 1435 4781 a
1467 4725 1634 4780 nobis
1666 4730 1802 4792 stat,
1838 4723 2004 4796 lib.v,

351 4825 608 4896 cap.10.-
643 4845 664 4871 ε
701 4827 926 4878 Rursus
959 4836 1060 4892 pro
1088 4816 1458 4889 singulorum
1493 4813 1739 4869 libidine
1795 4813 2005 4868 in'cidi-

351 4917 666 4969 turterra:
703 4934 731 4962 »
763 4911 1018 4982 denique
1051 4908 1320 4964 eamdem
1354 4904 1665 4961 lectionem
1699 4903 1816 4958 duo
1842 4902 2006 4974 Regii

360 5019 504 5058 mss.
539 5001 908 5058 confirmant.
1795 5021 1812 5032 -

416 5091 567 5147 Ibid.
627 5101 664 5150 C
716 5091 804 5144 10.
867 5089 1005 5143 Nam
1063 5103 1188 5141 cum
1243 5084 1552 5139 destinatus
1611 5082 1777 5152 Apud
1814 5083 2007 5152 Argy-

345 5181 621 5253 rOpylum
655 5179 943 5250 scriptum
979 5178 1141 5246 fuit,«
1169 5176 1239 5230 ab
1267 5179 1478 5229 natura
1508 5171 1790 5228 articulus
1814 5188 2008 5227 acces-

353 5272 495 5325 serit
523 5269 814 5338 κινήσεως,
863 5266 960 5322 alii
1009 5266 1082 5320 ab
1132 5263 1286 5329 aliis,
1323 5283 1352 5312 »
1391 5268 1524 5333 etc.,
1559 5277 1737 5332 quam
1771 5261 1843 5315 ob
1877 5277 2009 5315 cau-

353 5375 475 5414 sam
511 5359 940 5413 substitueram
971 5356 1030 5410 in
1071 5354 1282 5409 ultima
1339 5351 1597 5407 editione
1652 5350 1859 5406 Latina
1909 5355 2009 5405 Pa-

354 5446 586 5504 risiensi
620 5461 686 5500 ex
717 5447 862 5500 lano
891 5443 1200 5499 Cornario:
1239 5463 1266 5491 «
1294 5442 1438 5496 Cum
1468 5440 1624 5494 enim
1648 5439 2009 5493 destinatum

356 5543 594 5609 tempus
627 5538 822 5590 motus
874 5531 1194 5596 institerit;
1253 5553 1282 5580 »
1322 5545 1500 5602 quam
1535 5527 1840 5582 lectionem
1876 5543 2013 5583 sua-

361 5628 498 5683 dere
527 5625 759 5681 videtur
785 5627 851 5678 ut
878 5621 1292 5685 admittamus,
1343 5618 1498 5690 quod
1553 5615 1840 5686 sequitur,
1869 5615 1953 5669 τίς
1984 5615 2013 5668 ὁ

363 5719 529 5769 κινῶν
551 5734 564 5783 ;
598 5737 624 5765 ‹‹
655 5713 786 5785 quis
814 5716 924 5779 est,
948 5711 1050 5781 qui
1074 5708 1311 5764 movet?
1343 5729 1371 5758 »
1395 5710 1709 5777 Postquam
1733 5707 1930 5759 autem
1956 5704 2012 5760 in

2115 4717 2242 4788 ipse
2274 4715 2511 4780 dixeris,
2546 4730 2764 4786 quaeso,
2799 4713 2898 4784 qui
2935 4713 3111 4769 vitam
3153 4713 3212 4768 in
3245 4713 3362 4770 otio
3392 4715 3580 4786 degis,
3616 4718 3769 4786 quod

2115 4806 2353 4877 quidem
2387 4805 2660 4860 maleﬁcii
2692 4803 3046 4875 principium
3080 4818 3208 4858 esse
3250 4819 3422 4858 nemo
3451 4805 3549 4874 qui
3601 4806 3768 4876 igno-

2118 4897 2366 4953 rantiam
2401 4903 2712 4967 praetexere
2746 4894 2978 4966 possit?
3031 4916 3058 4944 »
3093 4894 3319 4949 Similis
3359 4895 3653 4951 sententia
3684 4905 3774 4952 est

2120 4985 2508 5041 Ecclesiastici
2569 5000 2770 5052 χχχιιι,
2824 4983 2935 5038 29:
3000 4978 3222 5051 Πολλὴν
3280 4981 3383 5056 γὰρ
3436 4980 3625 5036 κακίαν
3657 4980 3772 5037 ἐδί-

2119 5072 2268 5143 δαξεν
2302 5077 2336 5142 ἡ
2369 5073 2550 5147 ἀργία·
2610 5075 2844 5130 Multam
2875 5076 3029 5128 enim
3057 5075 3338 5128 malitiam
3367 5073 3550 5129 docuit
3579 5077 3772 5130 otiosi-

2120 5162 2680 5220 tas.lmmutavimus
2702 5162 3107 5233 ctillud,quod
3134 5165 3526 5233 sequebatur:
3554 5167 3770 5220 «Haud

2122 5254 2399 5325 exiguum
2433 5253 2594 5307 subit
2624 5253 2735 5308 sub
2755 5253 2882 5323 ipso
2906 5257 3186 5323 tanquam
3223 5253 3480 5307 anchora
3509 5254 3773 5325 seipsum

2125 5341 2870 5399 stabiliens.»Eustathius:
2906 5363 2933 5389 «
2968 5343 3091 5405 Quo
3125 5340 3280 5396 velut
3310 5340 3576 5396 anchorae
3606 5343 3778 5397 dente

2125 5435 2434 5500 subnixus,
2468 5433 2906 5504 quassationem
2940 5433 3312 5502 tempestatis
3342 5433 3535 5487 evitet.
3574 5455 3602 5482 »

2195 5525 2312 5580 Col.
2341 5524 2442 5578 159
2473 5527 2514 5576 Β
2563 5523 2649 5576 14.
2705 5522 2848 5589 Quid
2893 5522 3003 5575 sibi
3035 5521 3148 5575 uult
3180 5521 3288 5575 hic.
3350 5522 3764 5593 Argyropylus,

2124 5638 2150 5665 ‹‹
2182 5614 2330 5677 Quid
2365 5613 2486 5666 haec
2520 5627 2648 5665 mea
2680 5610 2828 5665 ratio
2849 5609 3020 5664 vult?
3050 5609 3186 5678 quid
3225 5609 3566 5680 portendit?
3596 5633 3625 5660 »
3661 5611 3776 5667 Me-

2124 5704 2241 5759 lius
2264 5700 2665 5769 hustathius,«
2697 5699 2843 5763 Quid
2870 5699 3049 5771 igitur
3069 5698 3177 5754 iste
3202 5715 3394 5755 sermo
3419 5700 3772 5756 desiderat?»
