4156 6368
368 360 490 424 999

1566 347 1803 410 ΝΟΤΕ
1845 342 2287 408 FRONTONIS
2333 339 2595 406 DUCEI

3635 341 3798 406 1000

368 496 598 569 Optime
625 489 974 549 Ambrosius
1003 488 1105 544 lib.
1133 503 1186 555 ν,
1215 502 1344 558 cap.
1368 486 1425 553 7,
1459 498 1634 556 quem
1683 478 1872 538 secuti
1921 494 2018 535 su-

2139 475 2362 531 tmimal.
2389 490 2405 530 :
2435 471 2504 529 Αἱ
2533 468 2592 526 δὶ
2636 471 2821 527 πίνναι
2843 470 3002 569 ὀρραὶ
3037 470 3264 550 φύονται
3321 469 3384 528 ἐκ
3423 475 3523 528 τοῦ
3586 471 3795 548 βύσσου

371 601 537 641 mus:
573 606 600 635 ιι
631 582 781 648 Quid
803 579 918 638 sibi
939 579 1064 634 vult
1095 593 1287 632 sermo
1319 571 1666 645 hujusmodi
1693 570 1806 626 nisi
1840 569 2024 625 feren-

369 676 472 730 dos
501 689 630 730 esse
661 687 852 727 mores
902 665 1269 738 conjugum?
1313 687 1342 716 »
1399 667 1680 718 Caeterum
1722 659 1878 732 quod
1911 657 2022 714 hoc

368 763 494 820 loco
535 763 605 818 de
635 762 845 833 vipera;
878 774 1012 813 cum
1045 771 1303 811 muraena
1349 753 1502 808 coitu
1540 749 1762 822 profert
1793 751 2013 814 auctor,

369 848 1059 909 conﬁrmaturvariorum
1091 845 1447 914 scriptorum
1474 839 1906 904 testimonio,ut
1926 835 2020 891 Li-

369 943 508 998 cinii
531 939 705 994 Macri
727 937 878 1009 apud
905 935 1160 989 Plinium
1187 932 1290 988 lib.
1313 948 1487 998 xxxii,
1522 945 1649 1000 cap.
1683 931 1737 993 2,
1763 925 1864 997 qui
1899 941 2022 979 mu-

371 1046 556 1086 raenas
588 1023 767 1082 tradit
797 1022 1063 1080 feminini
1097 1025 1329 1076 tantum
1364 1033 1538 1074 sexus
1569 1016 1924 1083 esse,,atque
1953 1028 2022 1066 ex

369 1116 738 1189 serpentibus
765 1111 1105 1182 concipere;
1140 1105 1515 1181 Oppiani,qui
1546 1104 1648 1160 lib.
1683 1120 1700 1158 1
1733 1107 1810 1158 De
1834 1101 2020 1174 pisca-

365 1201 514 1264 tione
542 1207 664 1262 haec
695 1205 767 1259 de
798 1205 1102 1273 serpente:

441 1329 581 1390 Στᾶς
613 1325 659 1382 δ’
690 1328 753 1398 ἄρ
785 1324 873 1380 ἐπὶ
907 1321 1178 1398 ῥηγμῖνος
1212 1319 1499 1398 saevae?»
1540 1313 1847 1398 ἐῤῥοίζῃσε,

441 1385 764 1476 Κικλήσκιᾴν
796 1385 1086 1476 φιλὸτὴῖξαις
1121 1395 1259 1454 θοῶς
1294 1389 1340 1476 8:
1370 1385 1627 1476 ἐσάκομσε
1655 1385 1882 1473 ξελαινή

440 1461 620 1549 ’Ῑυγήθ
658 1461 909 1546 μύραὶνα,
939 1461 1028 1523 κάξ
1061 1465 1247 1523 ἔσσυτο
1280 1469 1474 1528 θᾶσσον
1517 1461 1722 1515 ὀϊστοῦ,

439 1583 644 1637 Littore
670 1581 970 1633 consistens
997 1571 1330 1630 horrendum
1359 1569 1550 1625 sibilat
1570 1582 1686 1634 ore,

441 1633 873 1720 auriculitusque
901 1649 1058 1720 petit,
1088 1646 1556 1720 subitomufgena
1583 1633 1857 1720 profundo

443 1726 638 1781 Excita
674 1711 798 1778 voce
814 1711 1026 1793 furens,
1044 1711 1171 1774 'ruit
1199 1716 1350 1772 ocior
1379 1714 1488 1768 illa
1519 1711 1740 1780 sagitta.

371 1851 634 1909 [Elianus
663 1847 768 1903 lib.
818 1863 858 1912 ι,
909 1861 1036 1916 cap.
1085 1842 1179 1908 50,
1219 1842 1293 1896 De
1321 1837 1686 1927 animalibus,
1717 1839 1777 1927 et
1805 1831 1916 1927 libL
2052 1862 2098 1927 Β

373 1958 501 2013 cap.
542 1940 656 1994 66:
688 1933 922 1992 Μέλλων
954 1934 981 1987 ὁ
1029 1928 1148 2006 ἔχις
1196 1927 1412 2001 ὁμιλεῖν
1467 1923 1725 1999 μυραίνῃ,
1753 1919 1847 1975 ἵνα
1881 1916 2019 2013 de?“

373 2033 542 2102 πρᾶος
573 2026 664 2082 καὶ
695 2026 915 2098 πρέπων
962 2019 1201 2098 νυμφίῳ,
1241 2018 1333 2072 τὸν
1391 2016 1474 2071 ὶὸν
1529 2014 1748 2085 ἀπεμεῖ,
1808 2009 1898 2065 καὶ
1930 2007 2023 2063 ἐκ·

373 2114 602 2188 ϐάλλει,
647 2113 739 2168 καὶ
799 2113 972 2175 οὕτως
1034 2107 1362 2180 ὑποσυρίσας
1421 2105 1520 2173 τήν
1573 2103 1791 2179 νύμφην
1846 2117 2023 2174 παρα-

369 2205 547 2263 καλεῖ·
611 2203 775 2259 οἱονεὶ
834 2198 1142 2278 προγάμιόν
1197 2216 1318 2251 τινα
1362 2196 1614 2267 ὑμεναῖον
1678 2187 2016 2262 ἀναμέλψας’

375 2322 397 2349 ι
432 2301 578 2356 Cum
611 2295 943 2368 proximum
983 2295 1093 2354 est,
1127 2294 1192 2344 ut
1215 2288 1414 2358 vipera
1447 2282 1750 2355 complexu
1781 2295 2023 2336 venereo

371 2405 505 2445 cum
538 2367 800 2442 murzena
823 2384 1132 2455 jungatur,
1182 2392 1476 2434 venenum
1519 2372 1836 2429 vomitione
1866 2367 2027 2440 ejicit

372 2484 547 2548 atque
559 2473 870 2546 expellitut
891 2469 1144 2526 blandus
1162 2468 1526 2536 decorusque
1539 2477 1797 2534 sponsus
1833 2459 2020 2514 videa-

374 2547 490 2622 tur.
525 2569 728 2620 Postea
757 2559 910 2616 edito
937 2558 1420 2627 sibilo,tanquam
1450 2553 1748 2625 hymenaeo
1770 2547 2024 2620 quodam

374 2661 509 2712 ante
540 2653 777 2724 nuptias
812 2651 1298 2718 misso,8ponsam
1331 2640 1644 2715 appellat,»
1679 2637 2024 2710 Hippolytus

373 2750 569 2801 tamen
601 2741 931 2808 Salvianus,
964 2735 1307 2809 Aquatilium
1351 2731 1687 2786 animalium
1717 2728 2022 2792 historiam,

376 2833 710 2906 opinionem
744 2834 1050 2884 auctorum
1105 2825 1354 2879 istorum
1383 2838 1500 2876 non
1534 2817 2024 2890 probat,primum

378 2903 530 2997 quod
568 2937 755 2992 neque
785 2916 1024 2974 omnino
1054 2930 1192 2970 vera
1237 2911 1511 2967 credatur
1553 2925 1586 2963 a
1633 2905 1921 2962 Nicandro
1964 2903 2025 2958 in

377 3012 680 3077 Theriacis,
714 3024 844 3064 vers
873 3007 980 3061 826
1004 3022 1016 3060 :

445 3127 507 3184 Ei
541 3122 584 3179 δ’
614 3120 811 3196 ἔτυμον
844 3118 1024 3196 κείνην
1054 3137 1114 3196 γε
1145 3115 1236 3170 σὺν
1271 3109 1520 3196 ἰοβρλοις
1544 3109 1755 3196 ἐχίεσσι

447 3183 741 3272 Θόρνυσθοίι
822 3183 1199 3269 προλιποῧσαν
1286 3187 1418 3248 ἁλὸς
1498 3183 1666 3256 νόμον
1765 3184 2020 3272 ἤπειροι-

1872 3255 1977 3326 [σιν
2003 3271 2016 3321 ;

370 3391 540 3444 Fama
569 3389 669 3450 est,
698 3383 753 3438 si
777 3379 938 3436 modo
969 3393 1117 3444 vera,
1152 3374 1665 3444 muraenam,maris
1695 3387 1895 3438 pascuo
1924 3370 2018 3426 de-

365 3475 644 3541 relicto,in
674 3468 980 3527 continenti
1009 3482 1132 3521 cum
1167 3480 1437 3520 venenum
1460 3460 1842 3532 jaculautibus
1866 3461 2017 3529 vipe-

361 3568 440 3621 ris
473 3565 619 3619 coire
650 3579 664 3626 ;
699 3558 958 3614 secundo
991 3555 1146 3626 quod
1181 3553 1302 3608 haec
1333 3551 1529 3624 opinio
1562 3549 1820 3622 vulgaris
1879 3565 2019 3604 cen-

365 3657 565 3710 seatur
595 3668 628 3705 a
651 3647 838 3704 Plinio
872 3646 1102 3702 dicente
1131 3642 1231 3697 lib.
1267 3659 1344 3709 ιχ,
1397 3657 1524 3711 cap.
1559 3640 1666 3693 23:
1705 3660 1732 3688 ‹‹
1771 3643 1832 3692 In
1867 3637 2024 3692 sicca

363 3744 562 3799 littora
583 3739 749 3810 lapsa
765 3736 977 3807 vulgus
998 3733 1157 3789 coitu
1179 3735 1511 3803 serpentem
1537 3727 1767 3799 impleri
1793 3731 1954 3798 putat
1971 3745 2016 3794 ;n

367 3833 539 3890 tertia
558 3829 713 3903 quod
737 3843 803 3883 ea
834 3825 1031 3898 opinio
1060 3823 1206 3879 falsa
1229 3822 1497 3877 videatur
1521 3819 1762 3874 Andreae
1786 3818 2022 3873 cuidam

365 3922 521 3996 apud
561 3919 906 3974 Athenaeum
942 3915 1042 3969 lib.
1080 3929 1178 3977 vn,
1213 3927 1345 3996 pag.
1380 3911 1519 3964 312:
1553 3909 1623 3963 Ev
1650 3907 1729 3977 τῷ
1760 3905 1883 3981 περὶ
1912 3910 2019 3959 τῶν

362 3993 609 4085 ψευδῶςς
641 4003 1083 4075 πεπιστευμένων
1117 3993 1314 4073 ψεῦδός
1349 4017 1511 4074 φησιν
1548 3998 1681 4050 εἴναι
1710 3996 1773 4049 τὸ
1827 3994 2023 4069 μύραι-

363 4120 457 4154 ναν
492 4093 612 4172 ἔχει
647 4093 937 4168 μίγνυσθαι
997 4090 1417 4164 προερχομένην
1471 4084 1558 4139 ἐπὶ
1605 4085 1668 4139 τὸ
1697 4081 2018 4159 τεναγῶδες

365 4186 489 4244 οὐδὲ
523 4170 642 4260 γὰρ
694 4183 781 4238 ἐπὶ
833 4181 1088 4254 τενάγους
1139 4176 1288 4252 ἔχεις
1319 4175 1596 4249 νέμεσθαι,
1653 4170 2024 4250 φιληδοῦντας

365 4273 666 4350 λιμώδεσιν
714 4270 992 4348 ἰρημὶαις·
1044 4293 1062 4319 ι
1105 4270 1164 4323 In
1197 4268 1348 4322 libro
1381 4267 1452 4321 de
1485 4265 1702 4336 iisquae
1729 4264 1873 4319 falso
1906 4281 2029 4319 cre-

373 4370 594 4424 duntur
619 4381 716 4420 eos
748 4359 982 4417 mentiri
1015 4357 1240 4424 scribit,
1279 4355 1378 4428 qui
1413 4355 1581 4409 aiuut
1613 4370 1936 4408 muramam
1971 4352 2028 4406 in

373 4453 726 4511 lutulentam
761 4449 942 4505 maris
974 4463 1133 4504 oram
1169 4444 1636 4518 progredientem
1671 4459 1804 4498 cum
1835 4442 2034 4514 vipera

385 4543 616 4601 misceri
645 4559 657 4597 :
693 4557 817 4611 qua:
850 4539 906 4593 in
940 4537 1192 4593 coenosis
1232 4535 1377 4590 locis
1412 4550 1526 4589 uon
1559 4531 1737 4603 degit,
1773 4530 1873 4586 sed
1908 4529 2035 4583 loca

2130 565 2182 620 ἐν
2215 568 2330 625 τοῖς
2361 562 2651 635 ἀμμώδεσι
2675 561 2767 616 καὶ
2812 556 3208 638 βορϐορώδεσι·
3272 586 3301 614 ‹‹
3348 563 3548 621 Pinnae
3580 569 3788 622 erecte

2131 654 2275 711 locis
2297 653 2562 710 arenosis
2589 653 2956 725 caanosisque
2985 670 3052 709 ex
3081 654 3277 725 bysso,
3301 654 3359 709 id
3382 659 3474 710 est
3496 653 3634 712 villo
3669 655 3794 713 sive

2130 744 2262 800 lana
2290 742 2389 799 illa
2415 742 2663 814 pinnali,
2695 743 3104 815 proveniunt.»
3138 744 3269 815 Ipse
3301 742 3556 799 Basilius
3591 748 3796 801 noster

2131 833 2375 890 homilia
2403 835 2466 889 In
2495 832 2688 888 divites
2717 849 2915 888 avaros
2945 833 3016 888 de
3052 833 3161 888 hac
3203 833 3521 905 pinnarum
3547 831 3685 888 lana
3705 833 3795 890 lo-

2131 927 2306 979 cutus
2339 926 2448 991 est,
2485 921 2720 978 tametsi
2749 923 2910 978 locus
2930 938 3044 977 non
3068 922 3215 978 satis
3241 922 3491 978 ﬁdeliter
3507 922 3580 976 ab
3609 922 3796 978 inter-

2133 1017 2295 1084 prete
2349 1028 2664 1084 expressus
2723 1012 2992 1068 Videtur;
3034 1011 3118 1067 Τὰ
3167 1007 3224 1064 δὲ
3254 1009 3313 1064 ἐκ
3343 1007 3620 1080 θαλάττης
3648 1011 3814 1080 ἄνθη

2132 1102 2166 1168 ἡ
2195 1097 2424 1175 κόχλος,
2467 1101 2501 1168 ἡ
2553 1098 2733 1170 πίννα,
2785 1099 2914 1175 ὑπὲρ
2965 1100 3028 1154 τὸ
3061 1098 3122 1154 ἐκ
3149 1103 3255 1153 τῶν
3290 1093 3579 1174 προϐάτων
3615 1096 3789 1175 ἔριονο

2134 1213 2161 1241 ι(
2196 1191 2394 1246 Flores
2424 1206 2554 1245 vero
2603 1207 2671 1246 ex
2717 1189 2888 1259 mari,
2930 1189 3324 1262 conchylium,
3360 1189 3542 1262 pinna
3587 1188 3787 1246 lanam

2131 1297 2200 1336 ex
2229 1280 2436 1336 ovibus
2482 1279 2787 1335 excedunt.
2821 1300 2850 1330 »
2885 1279 3003 1335 Hoc
3034 1285 3142 1351 est,
3175 1283 3341 1336 tanta
3371 1279 3540 1351 copia
3567 1279 3787 1350 pretio-

2132 1384 2328 1423 sorum
2353 1367 2599 1423 istorum
2623 1366 2886 1422 colorum
2920 1367 3268 1438 exquiritur,
3294 1371 3360 1424 ut
3380 1371 3783 1427 communium

2131 1474 2200 1512 ex
2221 1456 2429 1512 ovibus
2454 1455 2724 1512 lanarum
2741 1455 3182 1513 multitudinem
3205 1460 3658 1528 superet.Quam
3683 1464 3787 1516 Ba-

2133 1545 2300 1602 silius
2332 1546 2527 1602 lanam
2563 1562 2802 1602 auream
2834 1545 3198 1614 Aristoteles,
3225 1547 3453 1602 ratione
3477 1547 3608 1604 ﬂavi
3633 1550 3792 1606 colo-

2133 1637 2236 1702 ris,
2259 1635 2503 1708 byssum
2544 1635 2822 1708 appellat,
2858 1639 2922 1691 ut
2951 1639 3117 1692 notat
3145 1634 3232 1690 vir
3280 1635 3489 1693 doctus
3519 1637 3579 1693 in
3611 1638 3794 1696 Athe-

2134 1725 2242 1780 naei
2271 1724 2489 1780 librum
2511 1741 2564 1779 v.

2204 1815 2353 1870 Ibid.
2388 1815 2428 1870 C
2454 1815 2512 1872 2.
2547 1815 2701 1871 UL...
2737 1813 3102 1870 immobilem.
3162 1813 3308 1870 Cum
3363 1832 3398 1872 a
3457 1815 3626 1873 nobis
3656 1833 3794 1874 cor-

2133 1908 2329 1960 rectus
2360 1903 2439 1959 sit
2469 1907 2664 1960 textus
2693 1906 2946 1970 Graecus,
2980 1903 3319 1975 interpretis
3351 1921 3591 1979 quoque
3618 1908 3800 1964 verba

2133 2009 2373 2049 necesse
2405 1995 2516 2048 fuit
2561 1993 2891 2049 immutari.
2925 1993 3020 2049 Sic
3051 1993 3233 2066 igitur
3260 1993 3471 2051 habuit
3499 1998 3797 2068 posterior

2132 2083 2310 2140 editio
2352 2082 2691 2140 Basiliensis
2714 2101 2727 2140 :
2753 2079 3056 2137 Φυλάσσειν
3085 2080 3264 2157 ὥσπερ
3297 2082 3700 2160 καταῤῥιζωθὶν
3734 2084 3791 2140 ἐν

2131 2172 2282 2244 αὐτῷ
2309 2175 2389 2241 τῷ
2419 2169 2670 2246 πελάγει.
2699 2173 3082 2228 Henricianus
3105 2173 3322 2246 Regius
3354 2173 3535 2230 liber:
3571 2171 3792 2229 Φυλάσ-

2133 2281 2240 2316 σειν
2299 2261 2397 2330 τὴν
2439 2265 2586 2329 ναῦν,
2638 2259 2819 2335 ὥσπερ
2873 2259 3298 2337 καταρῥιζωθέν,
3368 2265 3538 2336 quasi
3599 2265 3669 2320 ad
3724 2264 3790 2320 τὸ

2136 2347 2383 2426 ἰχθύδιον
2433 2354 2751 2420 ret’eratur;
2815 2357 2875 2408 at
2932 2353 3240 2408 Medicmus
3293 2351 3786 2429 κατκῤῥιζωθεῖσαν

2135 2441 2542 2514 habuit,quem
2574 2441 2758 2497 secuti
2789 2457 3022 2511 sumus,
3048 2458 3281 2513 unaque
3300 2443 3676 2499 Eustathium
3694 2462 3792 2501 ve-

2131 2537 2315 2587 terem
2350 2531 2747 2604 interpretem,
2784 2552 2812 2581 ‹‹
2846 2548 3021 2587 naves
3066 2530 3330 2602 ingentes
3377 2532 3457 2588 ita
3507 2535 3792 2606 retardat,

2135 2639 2200 2676 ac
2232 2620 2462 2685 retinet,
2505 2627 2567 2675 ut
2597 2619 2822 2676 diutius
2853 2619 3186 2675 efficiantur
3233 2621 3590 2691 immobiles,
3638 2623 3799 2680 velut

2136 2710 2490 2783 quibusdam
2518 2710 2771 2764 fundatae
2801 2708 3099 2764 radicibus
3131 2709 3187 2764 in
3222 2710 3552 2782 profundo;
3589 2734 3616 2760 »
3652 2711 3790 2767 item

2134 2799 2502 2866 Ambrosius,
2538 2799 2637 2854 lib.
2671 2816 2727 2867 v,
2761 2815 2886 2870 cap.
2912 2799 3011 2853 10:
3059 2819 3085 2850 ιι
3111 2798 3277 2855 Sicut
3309 2800 3502 2856 brevis
3536 2799 3795 2873 piscicu-

2135 2891 2228 2946 lus
2255 2888 2524 2944 echeneis
2557 2892 2723 2944 tanta
2755 2887 3035 2944 facilitate
3069 2894 3432 2944 memoratur
3462 2907 3667 2945 navem
3704 2891 3790 2946 in-

2136 2983 2369 3051 gentem
2403 2982 2681 3049 statuere,
2712 2981 2778 3034 ut
2817 2978 2986 3049 quasi
3038 2977 3360 3034 radicatam
3397 2979 3540 3033 mari
3577 2978 3786 3034 haerere

2133 3068 2355 3134 videas,
2387 3085 2492 3124 nec
2521 3067 2758 3123 moveri.
2787 3090 2816 3117 »
2857 3066 3160 3140 Oppianus
3211 3065 3311 3123 lib.
3347 3083 3364 3122 ι
3397 3067 3470 3124 De
3484 3069 3789 3140 piscatione

2135 3175 2286 3214 vers.
2318 3157 2424 3211 225
2446 3173 2459 3212 :

2601 3261 2818 3336 ..εΚατᾶ
2858 3257 2904 3315 δ’
2935 3257 3179 3336 ἔμπεδον
3204 3259 3537 3336 ἐστῇριδιται,

2340 3333 2542 3390 Ἠΰτ’ἒν
2576 3331 2926 3388 ἀκλύστοισιν
2961 3331 3254 3410 ἐεργομένη
3290 3331 3591 3408 λίμὲνεσσι.

2130 3464 2502 3534 Firmiterque
2529 3461 2713 3532 deﬁxa
2745 3471 2826 3517 est
2854 3462 3034 3532 navis,
3077 3464 3340 3532 tanquam
3365 3461 3426 3514 in
3455 3461 3792 3531 tranquillis

2134 3553 2356 3607 inclusa
2384 3552 2674 3622 portubus.
2726 3551 2789 3605 In
2839 3567 3016 3621 quem
3061 3548 3252 3606 locum
3293 3548 3555 3604 scribens
3607 3547 3782 3602 scho-

2133 3641 2334 3697 liastes
2354 3657 2424 3695 ex
2446 3638 2780 3696 Rondeletio
2802 3641 2980 3695 tradit
3005 3639 3328 3707 triremem,
3369 3637 3429 3692 in
3453 3653 3572 3708 qua
3593 3637 3788 3691 cardi-

2134 3731 2282 3786 nalis
2303 3728 2638 3785 Turnonius
2661 3729 2981 3784 vehebatur
3020 3734 3222 3784 nostra
3247 3732 3415 3783 aetate
3436 3727 3698 3792 Romam,
3726 3727 3786 3780 in

2136 3820 2327 3874 medio
2357 3835 2534 3874 cursu
2579 3818 2857 3874 omnibus
2889 3818 3327 3874 admirantibus
3361 3816 3543 3872 fuisse
3569 3813 3789 3870 inbibi-

2132 3914 2276 3975 tam,
2313 3914 2377 3962 ut
2418 3907 2616 3962 minus
2653 3906 2955 3972 miremur,
3014 3908 3167 3975 quod
3209 3912 3301 3962 est
3330 3906 3484 3975 apud
3535 3903 3790 3958 Plinium

2135 3999 2237 4068 lib,
2271 4015 2444 4067 xxxu,
2479 4013 2605 4068 cap.
2642 3998 2706 4051 1:
2740 4019 2768 4046 ‹‹
2823 3997 3018 4051 Ruant
3066 3996 3217 4051 venti
3270 3995 3424 4062 licet,
3457 3998 3516 4048 et
3548 3993 3797 4048 saeviant

2137 4085 2427 4158 procellis,
2463 4087 2714 4156 imperat
2757 4085 2961 4154 furori,
3007 4088 3066 4138 et
3114 4083 3271 4154 cogit
3319 4086 3475 4136 stare
3533 4080 3792 4152 navigia.

2143 4179 2344 4232 Fertur
2413 4176 2642 4230 Actiaco
2711 4178 2891 4228 Marte
2939 4171 3203 4227 tenuisse
3261 4170 3455 4226 navim
3517 4169 3795 4224 Antonii:

2138 4266 2330 4321 tenuit
2359 4269 2418 4318 et
2445 4263 2563 4318 Caii
2617 4262 2900 4334 principis
2931 4261 3148 4328 navim,
3173 4265 3228 4314 et
3255 4259 3795 4331 quadragentorum

2142 4353 2431 4425 remigum
2463 4351 2745 4424 obsequio
2778 4348 3128 4415 intercessit,
3173 4348 3275 4420 qui
3305 4350 3796 4419 quinqueremem

2141 4443 2476 4511 trahebant,
2502 4457 2635 4496 cum
2661 4437 3058 4513 gubernaculo
3087 4439 3457 4493 adhaereret.»
3481 4436 3641 4491 Idem
3666 4435 3796 4490 Plu-

2143 4532 2403 4599 tarchus,
2437 4531 2537 4586 lib.
2577 4547 2618 4584 ιι
2646 4530 3006 4602 Symposiac.,
3040 4534 3246 4598 quaest.
3298 4528 3354 4594 7,
3384 4527 3454 4580 de
3483 4524 3799 4579 Chaeremo-

374 4635 499 4691 sola
529 4629 814 4696 amat,ubi
849 4627 994 4682 nihil
1017 4641 1219 4681 eorum
1244 4620 1822 4692 inveniatur,quibus
1847 4619 2025 4674 fames

2140 4625 2338 4686 niano,
2370 4639 2502 4678 cum
2536 4621 2596 4676 in
2628 4620 2820 4675 Siculo
2849 4619 2996 4674 mari
3047 4618 3372 4689 navigaret,
3404 4614 3493 4668 καὶ
3525 4614 3796 4684 Θαυμάσαι

373 4725 650 4788 sedatur;
685 4741 714 4770 »
741 4722 947 4791 quarto
973 4713 1392 4784 demum,quod
1419 4728 1551 4767 cum
1577 4712 1635 4765 in
1666 4707 2031 4782 quampluri-

379 4814 491 4869 mis
507 4811 686 4868 maris
705 4807 1003 4865 littoribus
1021 4801 1509 4874 frequentissimae
1535 4801 1752 4873 degant
1767 4814 2034 4854 muraenae

378 4921 484 4960 nec
516 4903 899 4975 piscatorum,
933 4912 1038 4951 nec
1070 4910 1296 4961 eorum,
1335 4891 1436 4963 qui
1469 4890 1624 4946 circa
1671 4890 1870 4945 littora
1910 4904 2034 4942 ver-

373 4997 582 5050 santur
611 4989 869 5061 aliquem
922 4982 1217 5040 invenerit
1269 4979 1584 5036 Salvianus
1633 4978 1781 5050 ipse,
1814 4975 1914 5048 qui
1946 4992 2035 5032 se-

378 5082 493 5138 mel
525 5098 625 5137 eas
651 5096 784 5135 cum
824 5076 1038 5148 viperis
1065 5071 1272 5128 viderit
1303 5069 1785 5126 concumbentes.

449 5171 562 5226 Col.
620 5170 718 5224 162
765 5174 810 5220 A
875 5168 959 5220 11.
1017 5169 1232 5217 Lunam
1276 5175 1528 5214 auream.
1581 5161 1665 5212 Ita
1716 5155 2036 5211 maluimus

380 5262 451 5316 ad
488 5261 725 5315 verbum
747 5273 877 5312 cum
900 5257 1044 5310 Jano
1067 5250 1364 5316 Cornario,
1403 5265 1580 5319 quam
1619 5263 1753 5302 cum
1782 5253 2035 5318 Argyro-

381 5349 570 5422 pylo,«
597 5347 786 5404 vellus
816 5360 1121 5411 aureum,»
1156 5358 1227 5396 ne
1257 5337 1391 5410 quis
1418 5339 1488 5394 ad
1527 5337 1864 5392 Colchidum
1889 5336 2036 5391 illud

377 5437 634 5510 spolium
669 5434 851 5491 alludi
886 5430 1281 5505 putaret,licet
1309 5427 1657 5482 Ambrosius
1691 5443 1921 5498 quoque
1953 5427 2038 5481 sic

380 5526 671 5596 extulerit,
709 5524 808 5579 lib.
846 5542 898 5590 v,
954 5539 1080 5594 cap.
1123 5521 1180 5575 11
1219 5535 1230 5574 ;
1284 5540 1306 5568 ιι
1353 5520 1612 5572 Aureum
1647 5517 1823 5579 etiam
1856 5515 2039 5571 vellus

380 5633 536 5690 aqua
565 5615 836 5680 nutrit,et
866 5611 1066 5668 lanam
1100 5610 1160 5664 in
1195 5606 1502 5664 memorati
1536 5606 1793 5677 speciem
1816 5604 2037 5660 metalli

380 5709 635 5782 gignunt
668 5703 884 5759 littora.
917 5724 943 5752 »
981 5697 1323 5756 Aristoteles
1355 5697 1454 5753 lib.
1490 5713 1544 5766 v,
1583 5698 2029 5768 cap.15,uist0r.

2141 4712 2239 4780 τήν
2296 4709 2546 4782 δύναμιν,
2607 4707 2706 4763 οὐκ
2767 4705 2960 4780 ὀλίγην
3025 4701 3338 4780 βραδύτητα
3386 4703 3476 4757 καὶ
3513 4697 3800 4773 διατριϐὴν

2141 4801 2286 4874 παρὰ
2308 4800 2400 4854 τὸν
2432 4795 2604 4853 πλοῦν
2639 4793 3096 4869 ἀπεργασαμένης
3143 4799 3244 4862 τῆς
3292 4788 3603 4866 ὲχενηΐδος,
3643 4814 3669 4845 ε
3698 4791 3800 4846 ad-

2145 4893 2422 4947 miratum
2473 4892 2603 4960 ejus
2653 4887 2837 4942 fuisse
2891 4885 3031 4954 vim,
3067 4900 3202 4939 cum
3239 4882 3598 4956 navigationi
3646 4881 3804 4936 haud

2144 4981 2415 5053 exiguam
2447 4979 2783 5034 tarditatem
2819 4990 3166 5044 moramque
3198 4972 3521 5044 injecisset,
3557 4992 3585 5020 »

2217 5068 2336 5126 Col.
2374 5069 2478 5124 463
2506 5071 2544 5122 G
2573 5068 2626 5120 9.
2662 5063 2872 5122 Deinde
2901 5066 3066 5119 ratio.
3099 5059 3529 5134 Argyropylum
3561 5058 3808 5115 vertisse

2147 5162 2425 5215 admonet
2447 5156 2897 5221 Montacutius,»
2929 5151 3148 5208 Deinde
3173 5151 3319 5205 ratio
3344 5148 3806 5204 Manichaeorum

2150 5250 2206 5303 in
2274 5245 2632 5302 contrarium
2709 5248 3019 5299 evertetur.
3085 5262 3111 5287 »
3171 5238 3382 5310 Aptius
3441 5237 3806 5292 Cornarius:

2149 5360 2175 5387 «
2214 5338 2429 5392 Deinde
2459 5334 2916 5390 Manichaeorum
2948 5346 3141 5385 sermo
3170 5328 3230 5382 in
3263 5331 3624 5382 contrarium
3660 5324 3813 5395 ipsis

2149 5429 2520 5483 convertatur
2553 5442 2566 5490 ;
2603 5444 2630 5471 ››
2663 5427 2718 5476 et
2753 5419 3139 5476 Eustathius:
3173 5439 3200 5466 «
3241 5416 3453 5472 Deinde
3483 5416 3540 5470 in
3577 5421 3811 5470 eontra-

2151 5517 2302 5572 rium
2361 5511 2698 5570 Manichaais
2749 5525 2942 5566 sermo
2992 5506 3308 5562 vertendus
3343 5510 3452 5560 est.
3488 5528 3512 5552 υ
3546 5508 3664 5560 Hoc
3697 5508 3809 5570 est,

2151 5608 2418 5678 ipsorum
2449 5600 2720 5657 doctrina
2750 5599 2821 5654 de
2842 5596 3346 5667 anima,quaajam
3372 5599 3536 5649 terrae
3569 5593 3814 5660 inesset,

2151 5695 2416 5768 ipsorum
2449 5689 2826 5763 dogmatibus
2858 5684 3286 5745 adversabitur.
