4156 6352
330 379 478 440 1001

1409 382 1516 443 AD
1565 384 1938 446 HOMILIAS
1983 384 2073 453 ΙΝ,
2109 385 2673 447 HEXAEMEBON.

3595 390 3751 453 1002

404 511 522 568 Col.
557 513 660 570 164
689 513 731 570 C
783 513 872 568 13.
926 508 1061 567 Οὔτε
1115 510 1240 587 γάρ.
1288 517 1371 570 Ita
1430 515 1738 574 Medicams
1784 518 1985 584 codex,
2013 519 2068 588 Α
2169 516 2317 574 Ibid.
2350 519 2408 574 C.
2440 518 2678 575 Pulchra
2707 518 3023 592 decoraque.
3048 520 3235 577 Locus
3265 525 3353 578 est
3381 523 3745 582 Proverbior.

334 607 396 659 at
426 603 645 676 Regius
685 603 853 675 alter,
883 600 1010 658 οὔτε
1036 603 1138 678 γὰρ
1180 602 1270 659 ὅτε
1299 601 1519 675 ἤκουσε,
1557 605 1916 682 βλαστησάτω
1947 609 1981 677 ἡ

329 698 398 766 γῆ
435 687 688 767 βότανην.

401 800 517 856 Col.
545 802 644 856 171
697 801 737 857 C
787 801 872 856 12.
905 801 1012 858 Nec
1038 803 1226 872 facile.
1259 808 1385 859 Non
1419 803 1529 860 hoc
1559 805 1682 861 vult
1714 805 1980 875 Basilius,

327 889 580 962 gallinae
612 890 783 946 domo
815 907 930 946 non
961 891 1368 957 excedere,sed
1391 896 1448 948 et
1468 893 1630 966 ipsas
1661 900 1725 950 ut
1754 895 1982 951 colum-

326 979 434 1035 bas
484 995 610 1035 esse
659 978 929 1035 lascivas.
986 979 1148 1035 Unde
1196 981 1561 1050 Eustathius,
1596 1005 1624 1033 «
1667 982 1984 1040 libidinosa

329 1067 622 1138 columba,
666 1069 1110 1138 domesticaque
1157 1069 1397 1142 gallina.
1430 1091 1457 1124 ι
1494 1072 1754 1128 Cornarii
1785 1073 1980 1144 potius

330 1157 674 1230 usurpanda
701 1163 792 1214 est
822 1157 1251 1230 interpretatio,
1271 1182 1299 1210 «
1325 1160 1570 1216 Lasciva:
1593 1167 1732 1217 sunt
1761 1161 1982 1218 colum-

332 1247 417 1302 ba:
475 1250 532 1302 et
589 1247 926 1303 domesticae
978 1247 1231 1321 gallinae,
1277 1250 1438 1304 omni
1487 1255 1749 1322 tempore
1792 1251 1980 1308 coitus

326 1336 816 1392 consuetudinem
850 1336 1152 1393 habentes.
1188 1359 1217 1387 ››
1247 1339 1411 1406 Quod
1444 1340 1717 1412 sequitur
1745 1341 1816 1396 de
1847 1358 1978 1412 per-

323 1423 470 1492 dice,
523 1424 834 1480 obscurius
882 1427 1169 1498 expressit
1216 1427 1542 1499 interpres,
1591 1428 1793 1484 dicens
1843 1446 1978 1485 eum

325 1513 617 1569 malitiose
641 1514 698 1569 in
721 1515 918 1586 praeda
939 1530 1130 1586 agere;
1150 1514 1490 1570 Eustathius
1513 1515 1704 1587 potius
1731 1517 1976 1572 audien-

323 1603 436 1658 dus
468 1614 490 1658 τ’
518 1625 545 1652 ‹‹
580 1602 829 1659 Dolosus
859 1607 917 1658 et
962 1602 1267 1676 zelotypus
1306 1604 1530 1676 perdix,
1562 1605 1977 1678 interdumque

317 1691 1021 1748 venantibushominibus
1040 1694 1110 1748 ad
1133 1693 1382 1749 aliorum
1405 1699 1642 1766 captum
1685 1695 1977 1752 malitiose

321 1781 718 1837 consentiens.
759 1800 785 1832 ι
832 1783 1149 1838 Carnarius
1186 1782 1324 1838 item
1352 1801 1365 1851 ;
1393 1805 1420 1833 «
1449 1783 1701 1840 Dolosus
1733 1789 1789 1840 et
1818 1785 1974 1841 zelo-

316 1874 491 1941 typus
522 1877 611 1926 est
642 1869 867 1942 perdix,
917 1871 1189 1942 nequiter
1237 1873 1527 1942 adjuvans
1565 1880 1870 1930 venatores
1897 1875 1968 1930 ad

317 1960 598 2030 praedam.
633 1981 662 2009 »
692 1960 960 2015 Meminit
991 1965 1047 2016 et
1085 1961 1426 2018 Aristoteles
1476 1965 1773 2035 perdicum
1822 1982 1968 2036 quo-

313 2049 606 2116 rumdam,
642 2064 790 2121 quos
825 2046 1110 2123 θηρευτὰς,
1160 2055 1443 2107 tenuiore:
1492 2052 1748 2124 appellat
1779 2053 1879 2108 lib.
1911 2072 1968 2110 1x

312 2139 541 2204 Histor.,
575 2138 835 2207 animal.,
868 2155 996 2210 cap.
1030 2140 1064 2193 8
1095 2155 1110 2194 :
1143 2136 1269 2193 Ἐπὶ
1303 2135 1361 2192 δὲ
1406 2139 1496 2193 τὸν
1537 2142 1803 2213 θηρευτὴν
1833 2143 1968 2216 πέρ-

318 2221 443 2278 δικα
500 2223 721 2279 ὠθεῖται
768 2229 876 2280 τῶν
935 2224 1137 2300 ἀγρίων
1197 2226 1224 2280 6
1281 2227 1503 2302 ἡγεμὼν
1581 2228 1833 2292 ἀντιάσας
1890 2230 1964 2293 ὡς

319 2315 688 2390 μαχούμενος·
723 2314 920 2370 τούτου
947 2311 993 2369 δ’
1025 2315 1250 2377 ἁλόντος
1272 2316 1323 2371 ἐν
1353 2322 1472 2379 ταῖς
1503 2325 1760 2388 πηκταῖς,
1797 2319 1962 2376 πάλιν

311 2401 674 2479 προσέρχεται
705 2400 877 2466 ἄλλος
917 2404 1167 2468 ἀντιάσας
1195 2405 1285 2460 τὸν
1317 2406 1479 2462 αὐτὸν
1507 2407 1732 2482 τρόπον.
1760 2432 1787 2460 ‹‹
1835 2411 1964 2467 Per-

309 2494 497 2550 dicem
530 2498 867 2550 venatorem
915 2495 1030 2551 dux
1063 2495 1427 2553 silvestrium
1459 2498 1684 2569 primus
1717 2501 1960 2570 invadit,

306 2599 687 2656 pugnamque
715 2583 947 2640 obviam
977 2586 1234 2640 conserit
1267 2603 1281 2642 :
1312 2603 1428 2658 quo
1459 2593 1628 2659 capto
1659 2591 1959 2662 compede,

303 2671 449 2728 alter
477 2672 752 2741 occurrit,
784 2676 911 2728 tum
935 2672 1110 2744 alius,
1135 2679 1308 2746 atque
1331 2677 1412 2731 ita
1436 2676 1690 2750 singulis
1717 2679 1959 2736 dimica-

301 2764 418 2816 tur.
447 2783 474 2811 »
502 2760 731 2818 Plinius
765 2762 866 2818 lib.
896 2779 953 2832 x,
986 2779 1111 2834 cap.
1145 2763 1236 2830 33,
1261 2765 1401 2820 dum
1426 2766 1753 2823 Aristotelis
1775 2767 1961 2824 inter-

301 2854 524 2921 pretem
581 2850 722 2923 agit,
778 2851 1046 2924 θηρευτήν
1120 2851 1378 2924 appellat
1435 2855 1678 2911 indicem
1748 2856 1839 2913 vel
1894 2862 1960 2914 ut

301 2939 542 3011 corrigit
593 2939 926 3008 Turnebus,
978 2940 1186 2996 illicem
1222 2957 1235 2996 :
1279 2965 1307 2992 ‹‹
1353 2944 1681 3014 Capiuntur
1724 2963 1959 3018 quoque

299 3027 678 3100 pugnacitate
695 3028 745 3099 oj
755 3028 959 3084 usdem
976 3027 1242 3085 libidinis
1259 3034 1460 3086 contra
1478 3033 1727 3105 aucupis
1740 3033 1956 3091 illicem

301 3120 550 3172 exeunte
580 3115 641 3171 in
686 3115 953 3187 praelium
1005 3117 1152 3173 duce
1200 3118 1382 3174 totius
1429 3122 1646 3192 gregis.
1679 3125 1855 3194 Capto
1887 3139 1954 3179 eo

298 3205 565 3277 procedit
604 3203 769 3272 alter,
816 3220 882 3260 ac
913 3204 1166 3260 subinde
1216 3207 1457 3279 singuli.
1493 3230 1521 3259 »
1553 3209 1815 3266 [Elianus
1845 3211 1948 3267 lib.

2092 623 2146 662 Vl
2174 609 2330 678 apud
2370 607 2532 678 LXX,
2579 608 2677 663 ubi
2727 613 2860 681 post
2906 625 3142 666 versum
3171 612 3226 679 6,
3264 612 3400 668 Vade
3428 614 3500 668 ad
3541 615 3748 685 formi-

2093 710 2234 765 cam,
2257 711 2286 752 o
2312 697 2496 768 piger,
2528 697 2764 752 additur
2809 697 2868 752 in
2919 698 3115 754 Graeco
3164 703 3348 770 textu,
3380 700 3416 769 ἢ
3447 701 3742 773 πορεύθητι

2093 783 2229 858 πρὸς
2300 785 2398 853 τήν
2475 782 2754 855 μέλισσαν,
2813 784 2902 839 καὶ
2982 788 3117 859 μάθε
3193 788 3265 850 ὡς
3318 787 3533 866 ἐργάτις
3605 789 3739 863 ἐστὶ,

2093 874 2190 942 τήν
2231 893 2290 926 τε
2338 871 2589 947 ἐργασίαν
2642 874 2716 935 ὡς
2774 876 2974 947 σεμνὴν
3035 882 3295 948 ποιεῖται,
3346 881 3412 947 ἧς
3462 878 3589 942 τοὺς
3639 880 3741 936 πό-

2089 983 2213 1024 νους
2284 961 2528 1037 βασιλεῖς
2582 983 2641 1017 τε
2689 962 2777 1017 καὶ
2850 963 3062 1020 ἰδιῶται
3121 967 3256 1042 πρὸς
3317 968 3516 1043 ὑγίειαν
3565 990 3742 1046 προσ-

2091 1051 2363 1130 φέρονται.
2414 1056 2548 1120 ρυεε
2598 1053 2657 1109 S.
2707 1054 3054 1111 Ambrosius
3107 1055 3209 1114 lib.
3264 1076 3319 1126 ν,
3371 1076 3500 1132 cap.
3545 1062 3636 1128 21,
3678 1063 3739 1117 in

2090 1142 2642 1211 Hexaemer.,Basilii
2678 1141 2870 1199 locum
2898 1145 3094 1201 Latino
3125 1148 3459 1219 exprimens
3481 1149 3734 1223 eloquio,

2089 1233 2174 1288 sic
2201 1232 2394 1300 vertit,
2431 1233 2578 1288 Vade
2606 1232 2676 1288 ad
2703 1249 2885 1305 apem,
2915 1238 2968 1290 et
3014 1236 3135 1291 vide
3175 1239 3439 1308 quomodo
3481 1243 3740 1312 operaria

2087 1330 2188 1378 εει·
2220 1323 2592 1393 operationem
2612 1338 2826 1394 quoque
2852 1339 3018 1395 quam
3055 1327 3420 1384 venerabilem
3452 1335 3734 1402 aperatur,

2086 1411 2245 1482 cujus
2277 1412 2516 1467 laborem
2544 1428 2697 1483 reges
2727 1418 2782 1468 et
2804 1413 3101 1470 mediocres
3127 1415 3198 1470 ad
3226 1417 3458 1474 salutem
3485 1425 3733 1478 sumunt.

2087 1499 2145 1554 S.
2180 1499 2568 1572 Hieronymus
2600 1501 2659 1556 in
2691 1517 2815 1572 cap.
2846 1518 2908 1556 m
2940 1502 3256 1560 Ezechielis
3290 1522 3303 1560 :
3345 1529 3364 1554 α
3396 1507 3468 1562 Et
3491 1509 3550 1563 in
3591 1513 3736 1566 Pro-

2083 1589 2299 1644 verbiis
2329 1590 2400 1645 de
2428 1606 2533 1661 ape
2563 1590 2799 1660 dicitur,
2834 1607 3173 1663 quanquam
3213 1594 3321 1650 hoc
3348 1595 3586 1653 Hebrma
3619 1616 3732 1655 non

2084 1678 2343 1734 habeant
2399 1679 2755 1751 exemplaria
2810 1697 2822 1736 :
2887 1682 3024 1736 Vade
3078 1682 3148 1737 ad
3220 1699 3405 1756 apem,
3461 1690 3515 1741 et
3565 1687 3732 1755 disce,

2084 1769 2348 1838 quomodo
2395 1772 2680 1840 operatricc
2707 1771 2796 1825 sit.
2829 1791 2856 1821 »
2893 1771 3023 1826 Haec
3055 1773 3273 1828 absunt
3297 1790 3331 1829 a
3352 1778 3508 1830 textu
3537 1778 3732 1834 Graeco

2083 1857 2402 1914 Bibliorum
2435 1857 2967 1926 Plantinianorum,
3000 1865 3064 1916 ut
3115 1866 3172 1917 et
3214 1863 3329 1920 alia
3363 1864 3480 1922 fere
3511 1867 3731 1937 omnia,

2080 1964 2208 2019 quae
2238 1946 2298 2002 in
2333 1948 2566 2003 Hebraeo
2595 1951 2755 2004 textu
2791 1965 2906 2004 non
2936 1950 3247 2007 habentur.

2150 2038 2295 2092 Ibid.
2347 2041 2386 2092 Ο
2430 2038 2516 2093 -l2.
2550 2039 2753 2093 Deinde
2796 2039 2929 2096 aliae
2968 2057 3150 2112 super.
3203 2043 3444 2118 ’Όροφος
3487 2046 3726 2116 quidem

2077 2143 2392 2197 cameram,
2416 2126 2505 2183 vel
2538 2131 2779 2199 tectum,
2806 2134 2864 2184 at
2885 2127 3062 2206 ὀροφή
3089 2132 3582 2205 contignationem
3607 2137 3726 2194 sive

2075 2214 2406 2271 tabulatum
2441 2222 2614 2272 sonat
2641 2235 2654 2272 :
2683 2234 2856 2288 quam
2889 2219 2961 2273 ob
2993 2235 3233 2276 causam
3261 2221 3370 2278 has
3402 2240 3579 2295 apum
3613 2225 3728 2281 cel-

2076 2303 2228 2360 lulas
2282 2305 2623 2361 describens
2673 2307 2755 2362 ait
2810 2323 2879 2362 ex
2933 2307 3412 2380 interpretatione
3467 2316 3726 2370 Cornarii

2075 2393 2401 2450 Basilius:«
2437 2395 2653 2450 Deinde
2679 2395 2890 2452 ﬁstulas
2913 2396 2998 2451 hae
3023 2398 3114 2454 bis
3145 2416 3210 2454 ac
3242 2405 3330 2456 ter
3357 2417 3727 2460 concamera-

2071 2487 2165 2552 ιω,
2224 2489 2397 2554 atque
2454 2484 2642 2539 instar
2674 2484 3184 2557 contignationum
3215 2489 3428 2546 aedium
3479 2491 3631 2548 inter
3662 2510 3725 2550 se

2072 2573 2548 2645 superaediﬁcata
2609 2578 2783 2644 sunt;
2826 2579 2884 2631 et
2940 2577 3280 2634 Eustathius
3318 2595 3331 2633 :
3371 2600 3399 2629 «
3448 2581 3724 2638 Subtilis-

2072 2661 2224 2717 sima
2274 2661 2598 2718 forulorum
2649 2663 3067 2737 interseptione
3098 2667 3472 2739 discluditur,
3501 2671 3600 2742 qui
3634 2671 3721 2728 bi-

2071 2752 2166 2807 nis
2198 2755 2299 2807 aut
2327 2752 2508 2807 ternis
2539 2769 2718 2825 super
2748 2769 2809 2809 se
2839 2758 2979 2810 sunt
3008 2755 3266 2813 ordinati
3300 2758 3719 2830 tegminibus.»

2141 2840 2258 2896 Col.
2294 2842 2396 2896 178
2427 2841 2467 2897 C
2499 2843 2585 2896 12.
2621 2843 2764 2911 Quin
2811 2845 2960 2899 hunc
3006 2861 3234 2917 quoque.
3270 2851 3574 2920 Perperam
3612 2851 3718 2907 hoc

2068 2930 2354 3002 expressit
2402 2931 2711 3002 interpres,
2759 2935 2932 3004 quasi
2984 2935 3265 2991 nimirum
3314 2937 3452 2993 velit
3513 2943 3719 2996 auctor

2066 3018 2326 3089 aquilam
2356 3018 2605 3075 alterum
2633 3019 3065 3094 pullum,quem
3099 3023 3211 3081 sibi
3245 3027 3547 3098 proprium
3567 3029 3715 3084 asci-

2063 3107 2166 3175 vit,
2200 3107 2436 3163 tandem
2470 3109 2541 3164 ob
2575 3109 2986 3167 nutricationis
3007 3113 3416 3170 difﬁcultatem
3441 3116 3713 3188 abjicere,

2067 3195 2219 3266 quod
2251 3195 2322 3250 de
2353 3196 2543 3267 primo
2584 3201 2816 3253 tantum
2865 3198 3320 3272 intelligendum
3352 3208 3462 3272 est,
3494 3210 3550 3261 et
3579 3222 3712 3261 cum

294 3262 370 3364 iv,
403 3310 453 3348 c.
488 3294 574 3359 16,
607 3262 824 3365 quibus
869 3293 1022 3349 dolis
1054 3295 1207 3350 feros
1249 3262 1452 3352 illiciat
1481 3262 1949 3369 perdius—avena;
1981 3262 2024 3329 δ
2062 3282 2210 3338 Jano
2241 3284 2515 3340 Cornario
2545 3288 2912 3354 vertendum,
2947 3311 2975 3339 «
3008 3289 3360 3347 familiarem
3409 3292 3522 3350 sibi
3555 3295 3711 3364 facit,

295 3386 387 3438 tor
417 3382 658 3453 exponit
691 3397 703 3436 :
739 3381 1070 3456 Προσάγεται
1118 3378 1176 3436 δὲ
1223 3379 1325 3459 ἄρα
1356 3384 1384 3438 6
1415 3381 1600 3458 πέρδιξ
1631 3387 1722 3440 καὶ
1762 3395 1946 3464 σειρῆ-

290 3491 382 3533 νας
415 3468 490 3530 εἷς
518 3473 581 3524 τὸ
613 3467 868 3547 ἐφολκόν·
919 3465 1140 3541 ἕστηκεν
1191 3468 1334 3542 ᾄδων
1365 3473 1393 3527 6
1437 3478 1653 3549 πρῶτος
1683 3476 1746 3531 τὸ
1779 3475 1946 3550 μέλος

290 3556 666 3632 προκλητικὸν
700 3558 775 3621 εἷς
812 3557 999 3634 μάχην
1033 3559 1308 3635 ὑποθῆγον
1338 3561 1427 3616 τὸν
1461 3559 1664 3638 ἄγριον·
1699 3587 1727 3617 (ι
1757 3567 1950 3624 Utitur

293 3649 495 3721 perdix
522 3653 768 3704 venator
787 3648 1078 3705 illecebris
1106 3650 1469 3721 quibusdam
1501 3654 1572 3709 ad
1618 3653 1947 3712 illiciendos

296 3738 486 3792 feros:
521 3740 658 3791 ante
688 3735 835 3790 retia
864 3736 1020 3792 enim
1056 3738 1287 3809 positus
1317 3745 1558 3798 cantum
1585 3743 1704 3799 edit
1731 3759 1831 3801 eos
1861 3744 1946 3802 la-

295 3827 619 3880 cessentem
651 3823 723 3880 ad
755 3838 1034 3896 pugnam.
1070 3847 1099 3875 »

368 3929 490 3986 Col.
537 3931 638 3985 174
691 3930 754 3986 Β.
814 3931 1106 4002 Nunquam
1152 3935 1330 3988 utitur
1376 3936 1494 3992 illo.
1543 3937 1658 3992 Hoc
1705 3937 1944 4009 quidem

296 4018 566 4076 nonnulli
597 4021 668 4075 de
692 4035 872 4092 apum
893 4036 1028 4093 rege
1058 4021 1554 4093 scripserunt,sed
1585 4025 1642 4079 id
1666 4044 1780 4082 non
1805 4027 1948 4082 dicit

295 4107 567 4176 Basilius,
593 4124 796 4164 verum
828 4108 1030 4165 aculeo
1060 4126 1128 4166 eo
1155 4127 1268 4166 non
1305 4112 1389 4167 uti
1414 4113 1486 4168 ad
1520 4113 1946 4172 ultionem.lta-

295 4213 409 4269 que
439 4195 850 4277 amplectenda
902 4197 1097 4270 potius
1147 4200 1378 4257 videtur
1422 4204 1685 4258 Cornarii
1734 4205 1943 4273 versio,

294 4303 426 4358 quae
454 4287 539 4342 sic
567 4286 742 4341 habet
773 4303 786 4342 :
822 4309 850 4337 «
880 4288 952 4343 Et
1001 4293 1092 4344 est
1121 4290 1360 4362 quidem
1395 4291 1632 4348 aculeus
1664 4295 1807 4367 regi,
1841 4296 1944 4351 sed

293 4392 412 4431 non
443 4375 629 4430 utitur
659 4391 726 4430 eo
749 4376 820 4430 ad
846 4375 1152 4432 ultionem.
1183 4400 1211 4427 »
1235 4381 1579 4438 Eustathius
1602 4397 1616 4436 :
1639 4406 1660 4432 ι
1686 4387 1754 4438 Et
1775 4383 1949 4440 habet

292 4462 521 4536 spicula
550 4464 841 4535 quaedam,
876 4465 978 4519 sed
1010 4465 1104 4520 his
1132 4467 1205 4522 ad
1255 4469 1552 4525 laasionem
1601 4488 1716 4527 non
1762 4472 1948 4528 utitur

295 4558 659 4609 ceterorum.
687 4573 716 4602 »
745 4551 1008 4609 Elianus
1041 4553 1140 4609 lib.
1177 4572 1218 4620 1,
1246 4572 1374 4629 cap.
1405 4559 1476 4612 60
1508 4576 1521 4614 :
1552 4558 1706 4633 Λέγει
1742 4560 1834 4632 μὲν
1863 4581 1947 4622 τις

2057 3376 2295 3443 propter
2316 3373 2580 3430 alimenti
2605 3375 3013 3434 difﬁcultatem
3034 3379 3519 3453 abdicans,quem
3544 3401 3714 3457 gene-

2059 3464 2224 3517 ravit.
2280 3483 2307 3510 ››
2355 3462 2699 3519 Eustathius
2744 3467 3004 3537 pariter:
3042 3468 3190 3524 «Ita
3237 3475 3474 3543 propter
3518 3473 3710 3530 victus

2055 3549 2313 3621 inopiam
2345 3553 2575 3624 cogitur
2596 3569 2829 3626 negare,
2858 3571 3033 3627 quem
3057 3558 3277 3629 genuit.
3311 3582 3338 3609 ››
3359 3561 3708 3619 Ambrosius

2055 3641 2254 3694 tamen
2305 3640 2521 3697 Basilio
2573 3659 2686 3697 non
2740 3645 3063 3700 assentitur
3109 3663 3296 3719 neque
3341 3651 3704 3723 auctoribus,

2055 3744 2204 3800 quos
2235 3727 2331 3784 ille
2361 3735 2598 3786 secutus
2630 3737 2740 3788 est.
2780 3733 2874 3788 Ait
2919 3734 3076 3790 enim
3110 3753 3122 3791 :
3165 3757 3191 3789 α
3221 3738 3426 3809 Aquila
3473 3756 3705 3814 quoque

2054 3815 2309 3887 plurimo
2359 3833 2632 3874 sermone
2682 3825 3024 3892 usurpatur,
3071 3825 3224 3894 quod
3275 3842 3414 3882 suos
3472 3828 3705 3885 abdicet

2054 3905 2228 3974 fetus,
2263 3907 2364 3962 sed
2399 3925 2515 3962 non
2547 3911 2885 3981 utrumque,
2912 3927 3113 3968 verum
3144 3931 3328 3971 unum
3359 3933 3427 3971 ex
3447 3917 3698 3974 duobus:

2055 3995 2210 4066 quod
2231 3993 2412 4066 aliqui
2437 3996 2559 4052 ﬁeri
2583 4001 2934 4070 putaverunt
2954 4003 3448 4073 geminandorum
3465 4007 3713 4064 alimen-

2053 4086 2248 4138 torum
2284 4084 2516 4140 fastidio
2551 4103 2564 4141 :
2601 4089 2701 4142 sed
2743 4087 2800 4143 id
2842 4106 2955 4144 non
2999 4091 3252 4147 arbitror
3276 4093 3445 4150 facile
3467 4098 3709 4154 creden-

2056 4170 2220 4240 dum,
2244 4188 2378 4226 cum
2413 4173 2644 4246 Moyses
2677 4180 2908 4232 tantum
2942 4179 3349 4237 testimonium
3383 4183 3616 4255 pietatis
3647 4186 3707 4241 in

2055 4259 2250 4332 pullos
2300 4278 2440 4318 suos
2489 4262 2629 4318 huic
2681 4265 2905 4320 dederit
2949 4267 3059 4336 avi,
3108 4274 3172 4323 ut
3227 4270 3446 4327 diceret
3497 4291 3509 4329 :
3558 4273 3711 4331 Sicut

2055 4349 2246 4418 aquila
2290 4352 2527 4422 protegit
2568 4353 2764 4408 nidum
2828 4371 3011 4422 suum,
3051 4361 3101 4411 et
3147 4373 3310 4429 super
3351 4361 3534 4432 pullos
3587 4380 3710 4420 suos

2053 4440 2364 4510 concupivit
2397 4441 2573 4512 (Deut.
2602 4459 2777 4513 xxxu,
2805 4443 2911 4515 14).
2939 4466 2965 4492 ››
2989 4449 3137 4500 Tum
3169 4449 3332 4503 addit
3362 4450 3711 4509 existiman-

2056 4528 2196 4582 dum
2231 4544 2359 4584 esse
2384 4528 2602 4585 idcirco
2626 4548 3051 4604 nonnunquam
3087 4536 3250 4607 rejici
3272 4538 3527 4611 pullum,
3553 4544 3708 4614 quod

297 4637 464 4713 λόγος
487 4639 776 4714 ἀκέντρους
814 4641 952 4693 εἶναι
979 4639 1108 4702 τοὺς
1155 4616 1364 4699 τούταξν
1401 4616 1679 4719 βασιλέας,
1712 4616 1861 4724 λιὲγει
1895 4616 1952 4704 δέ

2075 4616 2241 4672 έεᾰίἱε
2273 4617 2413 4674 solis
2467 4619 2734 4690 objectus
2780 4621 3134 4695 intrepidam
3185 4627 3490 4685 oculorum
3524 4633 3707 4687 aciem

301 4727 392 4781 καὶ
422 4724 603 4802 ἕτερος
655 4727 745 4782 καὶ
804 4729 945 4782 πάνυ
993 4727 1274 4806 ἐῤῥωμένα
1316 4733 1385 4788 τὰ
1433 4732 1627 4810 κέντρα
1668 4757 1952 4816 συμπεφυ-

303 4815 454 4870 κὲναι
503 4815 714 4886 αὐτοῖς,
771 4816 861 4871 καὶ
915 4819 1227 4894 τεθηγμὲνα
1282 4820 1652 4897 ἀνδρειότατα·
1715 4815 1954 4883 οὕτείδὲ

302 4901 383 4959 ἐπ’
414 4902 567 4980 ἀνδρί
599 4925 731 4961 ποτε
762 4907 1002 4981 χρῆσθαι
1052 4908 1262 4978 αὐτοῖς,
1311 4909 1434 4967 οὔτε
1480 4911 1569 4968 ἐπὶ
1612 4920 1731 4979 ταῖς
1762 4915 1949 4989 μελίτ-

294 5013 434 5055 ταις·
472 5018 500 5045 ‹‹
532 4995 740 5067 Opinio
785 5013 902 5051 una
938 5002 1029 5054 est
1076 5016 1255 5072 apum
1306 5018 1473 5075 reges
1504 5006 1802 5062 aculeatos
1834 5025 1950 5064 non

294 5100 462 5140 esse:
495 5089 588 5141 est
617 5101 824 5141 rursus
855 5085 1058 5158 altera,
1091 5103 1189 5145 eos
1219 5091 1423 5147 robore
1447 5094 1785 5151 aculeorurn
1821 5112 1950 5169 pcr-

294 5177 604 5228 acutorum
635 5177 896 5232 armatos
926 5191 1086 5232 esse:
1112 5194 1416 5250 nunquam
1452 5185 1646 5238 tamen
1680 5199 1747 5240 eo
1764 5202 1952 5257 neque

295 5266 500 5318 contra
529 5261 851 5335 hominem,
884 5280 1077 5337 neque
1107 5271 1310 5323 contra
1342 5285 1482 5341 apes
1513 5272 1619 5327 uti.
1655 5296 1677 5326 r
1723 5273 1951 5331 Plinius

297 5349 402 5404 lib.
433 5367 511 5416 XI,
545 5367 672 5422 cap.
706 5351 775 5406 47
811 5369 824 5408 :
857 5375 884 5402 ι(
917 5353 1043 5409 Non
1076 5359 1306 5412 constat
1336 5358 1488 5415 inter
1526 5366 1816 5430 auctores,
1853 5380 1952 5420 rex

299 5437 614 5496 nullumne
635 5439 798 5495 solus
821 5442 1037 5499 habeat
1059 5444 1353 5519 aculeum,
1387 5449 1690 5519 majestate
1719 5455 1950 5509 tantum

299 5533 567 5585 armatus
589 5546 608 5584 :
640 5545 713 5584 an
737 5530 962 5586 dederit
983 5548 1117 5588 eum
1145 5535 1381 5607 quidem
1414 5540 1753 5607 natura,sed
1777 5558 1951 5599 usum

291 5618 423 5688 ejus
453 5616 541 5672 illi
567 5621 795 5673 tantum
820 5621 1137 5691 negaverit.
1164 5623 1313 5682 Illud
1346 5631 1596 5699 constat,
1627 5628 1948 5701 imperato-

299 5721 424 5762 rem
450 5705 653 5764 aculeo
681 5724 796 5763 non
829 5707 931 5763 uti.

572 5835 842 5898 ΡΑτιιοι..
891 5837 1003 5898 Gn.
1043 5838 1233 5901 XXX.

2063 4723 2176 4761 non
2232 4711 2444 4776 servet,
2505 4724 2571 4763 ac
2615 4709 2856 4780 proinde
2892 4713 3056 4783 quasi
3118 4716 3465 4787 degenerem
3515 4720 3706 4791 abjici.

2062 4799 2282 4851 Tuetur
2310 4801 2501 4852 tamen
2551 4798 2835 4856 Basilium
2867 4802 3013 4858 ﬁdes
3054 4808 3111 4858 et
3139 4807 3458 4863 auctoritas
3487 4811 3709 4866 Aristo-

2060 4883 2215 4954 telis,
2250 4901 2318 4941 ex
2349 4903 2464 4958 quo
2488 4887 2603 4944 ista
2633 4890 2999 4963 decerpsisse
3031 4893 3280 4962 videtur,
3303 4895 3706 4969 lib.v1Histor.,

2062 4975 2415 5046 animalium,
2446 4994 2572 5049 cap.
2606 4979 2662 5048 6,
2685 4979 3014 5051 quiveteris
3038 4988 3217 5054 poetae
3244 4985 3442 5042 Musaei
3475 5005 3707 5046 versum

2060 5061 2202 5117 citat
2225 5063 2296 5119 de
2329 5064 2528 5135 aquila
2559 5082 2573 5120 :

2059 5149 2156 5211 Ὃς
2184 5149 2307 5222 τρία
2342 5171 2447 5240 νμεν
2497 5153 2689 5240 τίκτει,
2741 5153 2836 5210 δύο
2887 5154 2932 5211 δ’
2982 5155 3218 5229 ἐκλέπει,
3260 5159 3316 5216 ἓν
3351 5159 3396 5215 δ’
3443 5160 3707 5240 ἀλεγίζει.

2130 5239 2219 5300 Ὦς
2300 5239 2393 5313 μὲν
2471 5239 2568 5296 οὖν
2626 5245 2693 5297 τὰ
2765 5244 2951 5301 πολλὰ
3007 5245 3149 5302 οὕτω
3206 5245 3488 5322 συμϐαίνει
3523 5296 3537 5323 ,
3598 5253 3705 5327 ἤδη

2063 5324 2121 5382 δὲ
2172 5329 2262 5382 καὶ
2310 5334 2456 5404 τρεῖς
2502 5334 2708 5386 νεοττοὶ
2789 5335 3033 5408 ὠμμένοι
3092 5336 3242 5394 εἰσίν.
3312 5324 3628 5398 Ἐκϐάλλειν
3664 5324 3711 5399 δά

2061 5416 2436 5490 αὐξανομένων
2483 5419 2574 5474 τὸν
2614 5417 2795 5496 ἕτερον
2849 5429 2957 5478 τῶν
3005 5431 3231 5481 νεοττῶν
3282 5430 3591 5504 ἀχθόμενος
3639 5438 3707 5509 τῇ

2061 5503 2256 5582 ἐδωδῇ.
2290 5507 2392 5562 Τὸν
2419 5505 2476 5562 δὲ
2505 5504 2833 5580 ἐκϐληθέντα
2851 5509 3065 5588 δέχεται
3092 5517 3180 5569 καὶ
3204 5503 3445 5598 ἐκτρέφει
3476 5522 3510 5591 ἡ
3540 5503 3707 5599 φήνῃ..

2241 5616 2503 5672 Excludit
2535 5618 2706 5686 binos,
2739 5619 2854 5675 edit
2893 5624 3071 5692 terna,
3105 5624 3308 5682 educat
3337 5644 3530 5684 unum.

2135 5743 2164 5772 «
2179 5723 2288 5779 Sed
2304 5722 2570 5795 quamvis
2584 5740 2800 5798 magna
2812 5743 2880 5783 ex
2900 5732 3063 5801 parte
3085 5729 3168 5787 sic
3180 5732 3504 5804 fiat,tamen
3522 5739 3579 5792 et
3594 5739 3713 5794 tres

3354 5869 3431 5926 32
