4156 6384
358 403 517 468 1003

1548 391 1786 455 NOTAE
1829 387 2274 450 FRONTONIS
2319 384 2584 449 ΠΙΙΟΔΞΙ

3619 383 3776 447 1004

355 537 464 595 visi
509 533 822 606 aliquando
876 535 1018 588 sunt
1075 528 1243 602 pulli.
1275 526 1540 582 Alterum
1600 525 1660 580 in
1705 520 2011 580 educando
2042 528 2098 594 Α
2127 515 2388 574 occultos
2419 515 2615 606 aditus
2653 514 2903 606 latenter
2944 515 3169 586 ingredi
3216 515 3548 572 molientes.
3587 537 3615 566 »
3647 516 3796 572 Nam

356 625 594 700 expellit
621 625 790 680 taedio
825 619 1147 678 nutriendi.
1177 618 1287 674 Sed
1321 615 1551 690 pullum
1581 615 1837 686 ejectum
1870 610 2018 667 ossi-

361 719 527 789 fraga
582 713 798 786 excipit
855 714 1032 781 atque
1090 708 1321 764 educat.
1359 729 1379 754 ι
1436 703 1880 760 Observandum
1935 703 2024 756 est

366 813 562 864 autem
594 802 746 875 apud
781 800 1047 857 eumdem
1082 793 1452 852 Aristotelem
1486 793 1657 865 plura
1686 790 2020 862 aquilarum

369 894 561 953 etl'erri
603 907 837 965 genera,
869 887 970 943 lib.
1024 903 1077 942 ιι
1110 887 1184 941 De
1236 884 1474 940 historia
1505 882 1860 949 animalium,
1893 895 2020 949 cap.

371 988 461 1056 32,
494 1000 560 1040 ac
609 983 679 1037 de
730 977 901 1035 tertio
945 991 1152 1032 earum
1203 989 1414 1046 genere
1463 970 1656 1028 colore
1699 969 2024 1041 nigricante

371 1053 540 1130 illum
586 1068 899 1140 subjicere,
953 1062 1197 1140 ἐκτρέφει
1248 1057 1305 1114 δὲ
1353 1061 1516 1133 μόνος
1565 1055 1721 1119 οὗτος
1752 1053 2022 1124 τὰτέκνα,

371 1160 458 1218 κάὶ
485 1157 680 1234 ἐξάγει,
710 1179 740 1209 ‹‹
772 1174 889 1212 una
914 1155 1035 1210 haec
1066 1154 1220 1210 fetus
1251 1168 1390 1208 suos
1418 1150 1542 1219 alit,
1566 1154 1741 1220 atque
1769 1144 2024 1201 educitz»

369 1258 496 1309 tum
529 1245 813 1320 expositis
841 1244 1027 1301 variis
1059 1241 1398 1314 aquilarum
1430 1238 1744 1311 generibus
1773 1235 1832 1290 in
1863 1250 2025 1290 com-

373 1357 550 1398 mune
580 1317 650 1394 de
689 1335 806 1392 illis
849 1333 1151 1407 praedicat,
1204 1330 1460 1406 τρέφουσι
1507 1322 1562 1381 δέ
1612 1321 1884 1392 νεοττοὺς,
1924 1317 2026 1382 ἕως

371 1429 431 1484 ἂν
463 1424 681 1483 δυνατοὶ
740 1422 996 1498 γένωνται
1055 1419 1328 1474 πέτεσθαιο
1389 1415 1514 1471 τότε
1572 1412 1628 1470 δὲ
1675 1412 1735 1467 ἐκ
1783 1411 2027 1472 νεοττίας

374 1515 568 1580 αὐτοὺς
624 1508 1011 1570 ἐκϐάλλουσιν.
1046 1534 1074 1561 ‹‹
1133 1508 1316 1566 Alunt
1374 1523 1511 1563 suos
1569 1504 1783 1578 pullos,
1845 1503 2029 1557 donec

376 1611 638 1683 potestas
683 1602 914 1659 volandi
966 1601 1112 1655 fiat:
1148 1604 1271 1653 tum
1317 1595 1454 1650 nido
1499 1611 1597 1651 eos
1647 1591 1964 1665 expellunt.
1998 1612 2028 1641 »

376 1679 704 1766 btrumque
740 1692 933 1748 locum
964 1687 1253 1762 expressit
1283 1685 1509 1741 Plinius
1538 1683 1640 1740 lib.
1672 1700 1729 1752 x,
1771 1698 1820 1737 c.
1849 1682 1901 1736 3.
1936 1679 2030 1736 Sic

378 1787 535 1844 enim
567 1785 637 1840 de
667 1781 865 1855 aquila
911 1795 1091 1852 quam
1143 1775 1525 1832 melaanaeton
1566 1771 1746 1830 Graeci
1777 1770 1982 1827 dicunt
2013 1783 2026 1823 :

378 1900 406 1927 «
441 1874 688 1931 Minima
735 1867 1168 1943 magnitudine,
1215 1864 1444 1921 viribus
1489 1861 1804 1935 praecipua,
1838 1858 2032 1916 colore

378 1963 678 2038 nigricans
702 1977 716 2030 ;
744 1959 866 2016 sola
897 1957 1233 2031 aquilarum
1268 1954 1422 2012 fetus
1452 1969 1594 2009 suos
1624 1951 1764 2018 alit;
1790 1952 2031 2016 cetera),

381 2037 760 2121 utidicemus,
808 2049 1035 2121 fugant.
1065 2067 1092 2097 n
1127 2045 1282 2100 Tum
1323 2044 1394 2099 de
1443 2040 1660 2114 aquilis
1711 2039 1934 2095 caeteris
1974 2037 2034 2092 in

378 2157 691 2199 commune
721 2137 889 2195 addit
922 2153 936 2192 :
972 2159 999 2186 «
1035 2133 1278 2190 Pariunt
1319 2149 1427 2188 ova
1473 2135 1684 2198 terna;
1716 2127 2038 2184 excludunt

381 2230 572 2306 pullos
598 2229 768 2285 binos
795 2245 808 2297 ;
841 2227 946 2281 visi
981 2230 1122 2280 sunt
1145 2227 1203 2278 et
1230 2226 1351 2278 tres
1383 2218 1704 2292 aliquando
1737 2233 1749 2271 :
1787 2214 2036 2272 alterum

385 2303 684 2393 expellunt
712 2315 882 2371 taedio
914 2312 1233 2369 nutriendi.
1256 2333 1284 2361 »
1316 2310 1476 2376 Quod
1512 2308 1693 2380 igitur
1722 2307 1794 2362 de
1825 2303 2039 2377 aquilis

389 2411 450 2465 in
482 2404 927 2465 Deuteronomio
959 2402 1244 2475 scriptum
1284 2405 1375 2456 est
1415 2397 1608 2472 pullos
1641 2393 2040 2452 nutrientibus

391 2516 456 2555 ac
511 2495 870 2565 foventibus,
921 2493 991 2548 ad
1057 2490 1441 2548 malzenaeton
1501 2485 1870 2543 referendum
1929 2487 2038 2554 est,

387 2586 710 2662 praesertim
755 2599 888 2639 cum
935 2581 1154 2637 scribat
1205 2578 1470 2634 Elianus
1522 2576 1622 2630 lib.
1667 2591 1727 2644 ιι,
1761 2590 1889 2662 cap.
1923 2573 2038 2628 4οι

387 2661 854 2746 Ζηλοτυπώτατον
923 2672 1061 2724 εἶναι
1121 2672 1258 2737 ζῶον
1319 2665 1472 2720 ἀετὸν
1522 2663 1647 2739 περὶ
1700 2661 1767 2716 τὰ
1805 2661 2042 2715 νιόττια’

387 2763 478 2819 ἐὰν
522 2766 652 2840 γοῦν
701 2758 957 2830 Θιάσηταί
1005 2779 1126 2812 τινα
1167 2754 1486 2833 προσιόντα,
1538 2750 1784 2816 ἐπελθεῖν
1833 2748 2041 2822 ἀτιμώ-

389 2839 554 2928 ρητον
609 2850 709 2906 οὐκ
766 2848 1061 2925 ἐπιτρέπει·
1126 2869 1154 2898 ‹‹
1214 2851 1292 2902 Ex
1349 2844 1627 2901 omnibus
1686 2839 2044 2897 animalibus

390 2943 647 2999 maximo
696 2941 891 2998 studio
939 2939 999 2994 in
1033 2939 1186 2993 fetus
1231 2952 1371 2992 suos
1419 2933 1700 2989 exsistere
1741 2929 2044 3002 aquilam:

394 3049 576 3104 quare
607 3030 818 3086 acriter
839 3045 972 3084 eum
998 3025 1370 3100 persequitur
1383 3039 1556 3096 quem
1578 3021 1634 3075 in
1656 3020 1861 3076 nidum
1888 3019 2046 3073 inva-

397 3124 548 3180 sisse
577 3117 967 3192 conspexerit.
1005 3139 1032 3166 »
1065 3118 1205 3182 Quae
1232 3130 1366 3169 vero
1398 3113 1470 3168 de
1510 3111 1732 3166 saevitia
1761 3125 2047 3180 quarum-

401 3212 536 3268 dam
568 3208 900 3282 aquilarum
924 3207 983 3261 in
1007 3203 1201 3276 pullos
1222 3219 1362 3258 suos
1383 3200 1478 3256 alii
1504 3202 1768 3264 narrant,
1795 3197 1855 3252 in
1887 3196 2047 3252 aliud

399 3299 726 3372 aquilarum
758 3311 944 3369 genus
973 3294 1335 3365 competunt.

468 3453 588 3511 Col.
623 3442 724 3508 180
753 3453 814 3508 C.
860 3447 1126 3523 Οὐρανοῦ,
1171 3445 1312 3501 caeli.
1365 3443 1587 3499 Desunt
1638 3439 1733 3494 hic
1777 3436 2045 3510 quaedam

395 3543 552 3616 apud
598 3538 1046 3613 Argyropylum,
1097 3549 1289 3606 neque
1337 3532 1496 3587 enim
1541 3528 1879 3601 exprimunt
1925 3525 2048 3616 illa,

391 3612 490 3685 τοῦ
534 3612 700 3704 ἀέρος
734 3625 1196 3701 προσιιρημένου.
1247 3622 1418 3677 Recte
1467 3617 1804 3684 Cornarius,
1850 3636 1870 3663 α
1905 3612 2049 3668 cmlo

396 3721 487 3777 hic
517 3735 702 3775 urano
745 3717 960 3772 Graecis
1007 3715 1138 3786 ipso
1189 3726 1318 3767 aere
1356 3707 1669 3780 appellato.
1706 3726 1734 3755 »
1769 3704 1869 3758 Hic
1914 3718 2050 3773 ergo

393 3808 772 3865 scribendum
809 3824 821 3861 :
859 3826 884 3857 ι
915 3804 1094 3859 Juxta
1125 3801 1567 3854 firmamentum
1602 3799 1799 3849 autem
1835 3790 2050 3847 ccelum

398 3897 749 3970 appellatur,
785 3895 892 3949 hoc
923 3897 1012 3948 est
1062 3885 1313 3963 οὐρανός,
1348 3904 1380 3941 a
1410 3886 1586 3941 verbo
1621 3882 1863 3956 ὁρᾶσθαι,
1897 3879 2054 3970 quod

397 3969 488 4043 est
511 3987 709 4042 videri.
746 4005 767 4033 ιι
800 3983 917 4038 Nec
953 3981 1078 4053 ipse
1122 3976 1470 4032 Eustathius
1508 3976 1766 4028 mentem
1797 3969 2054 4025 auctoris

396 4073 686 4147 expressit
719 4090 732 4129 :
764 4095 784 4121 ι
821 4069 1043 4128 Ccelum
1078 4073 1274 4124 autem
1307 4065 1403 4120 hic
1434 4061 1760 4134 intelligere
1782 4059 2053 4115 debemus

399 4184 432 4220 a
461 4163 751 4220 cernendo
794 4161 1017 4215 dictum
1053 4175 1065 4213 :
1100 4157 1295 4212 Graece
1335 4152 1493 4209 enim
1541 4147 1770 4224 οὐρανός
1816 4151 2057 4203 vocatur

397 4253 502 4309 ἆπὸ
534 4258 630 4309 τοῦ
663 4253 910 4325 ὁρᾶσθαι.
947 4272 974 4300 ››
1005 4246 1374 4313 Ambrosius,
1407 4245 1512 4299 lib.
1543 4260 1599 4309 ν,
1625 4259 1750 4313 cap.
1770 4243 1917 4296 22:«
1949 4235 2054 4294 Οὐ-

399 4343 555 4420 ρανός
587 4349 782 4400 autem
841 4339 946 4394 ἀπὸ
992 4341 1087 4392 τοῦ
1139 4335 1386 4409 ὁρᾶσθαι,
1421 4333 1479 4388 id
1527 4337 1616 4388 est
1667 4347 1699 4386 a
1754 4329 2050 4385 videndo:

396 4416 526 4490 ideo
559 4434 704 4506 quod
730 4447 830 4487 aer
847 4428 1194 4502 perspicuus
1218 4425 1382 4493 sit,et
1397 4423 1466 4477 ad
1492 4421 1813 4476 videndum
1832 4416 2053 4506 purior,

395 4525 454 4580 in
488 4505 618 4580 aere
666 4519 971 4577 volitantia
1014 4531 1228 4589 genera
1279 4513 1428 4568 dixit
1475 4508 1930 4566 animantium.»
1968 4505 2054 4560 Ab

398 4614 745 4684 Hippocrate
766 4623 1001 4680 quoque
1018 4620 1180 4661 more
1199 4602 1359 4674 vulgi
1378 4601 1598 4656 dicitur
1619 4597 1842 4668 aer,qui
1876 4611 2059 4666 supra

398 4721 506 4760 nos
536 4705 644 4766 est,
681 4714 868 4770 usque
911 4697 983 4752 ad
1033 4693 1281 4751 nubium
1316 4691 1635 4763 regionem,
1691 4691 1759 4742 ut
1811 4689 2056 4742 annotat

393 4798 664 4848 Gorraeus
693 4805 763 4844 ex
792 4785 1031 4842 Galeno.
1067 4781 1168 4838 Alii
1226 4780 1495 4836 derivant
1525 4779 1596 4832 ab
1647 4773 1796 4848 ὅρος.
1826 4775 2051 4829 Aristo-

393 4881 538 4937 teles
591 4881 665 4936 De
712 4875 939 4942 mundo,
990 4889 1120 4943 cap.
1161 4873 1243 4925 6:
1294 4864 1539 4940 Οὐρανὸν
1587 4861 1802 4935 ἰτύμως
1859 4859 2057 4916 καλοῦ-

400 4989 494 5040 μεν
522 4967 628 5021 ἀπὸ
656 4969 754 5020 τοῦ
785 4962 910 5036 ὅρον
963 4961 1097 5014 εἶναι
1146 4961 1256 5012 τῶν
1309 4956 1438 5010 ἅνω·
1472 4978 1499 5004 ‹‹
1535 4953 1771 5010 Uranon
1824 4953 1897 5008 ab
1938 4952 2057 5007 ori-

396 5059 531 5130 gine
594 5055 755 5112 vocis
830 5052 1100 5116 dicimus,
1161 5047 1332 5120 quasi
1391 5044 1714 5100 terminum
1773 5040 2057 5096 extimum

397 5161 808 5219 supremorum
857 5154 1192 5213 corporum.
1220 5157 1247 5190 ιι
1294 5135 1457 5191 Philo
1513 5133 1764 5219 Judaaus
1807 5132 1952 5219 libro
1987 5131 2058 5186 De

393 5217 743 5307 ριάηὲαιίοηϐ
790 5233 899 5288 Noe
951 5227 1101 5285 εΤὸν
1154 5222 1212 5279 δὲ
1257 5223 1496 5296 αἰθέριον
1551 5219 1602 5275 έν
1647 5217 1837 5290 κύκλῳ
1887 5218 2052 5307 τοπον

398 5306 707 5398 ὠχυροῦτο,
752 5325 857 5374 τῶν
912 5318 1059 5378 ἰντὸς
1110 5314 1237 5389 ὅρον
1276 5333 1334 5366 τε
1361 5310 1452 5366 καὶ
1484 5307 1856 5388 φυλακτήριον
1892 5306 2052 5362 αὐτὸν

393 5413 622 5476 τιθείς·‹‹
658 5413 788 5467 Haec
809 5417 1005 5465 autem
1029 5407 1494 5476 circumquaque
1517 5400 1768 5456 munivit
1799 5413 2054 5463 aere,ex-

393 5504 607 5559 timum
628 5503 785 5557 hunc
808 5497 1128 5555 terminum
1154 5511 1258 5566 pro
1279 5491 1648 5549 munimento
1671 5487 2057 5558 custodiaque

393 5589 844 5658 statuens,unde
867 5586 1079 5643 omium
1101 5582 1318 5640 Graecis
1341 5581 1713 5636 nominatum
1737 5577 1989 5632 videtur.
2025 5596 2053 5625 ››

469 5740 590 5798 Col.
640 5740 742 5794 182
788 5738 829 5793 C
879 5738 933 5791 6.
982 5737 1090 5790 Per
1133 5733 1388 5790 occultos.
1445 5729 1810 5786 Eustathius.
1869 5747 1896 5780 ε
1949 5743 2051 5798 per

2134 607 2330 662 Livius
2361 605 2624 677 quidem,
2657 604 2761 660 lib.
2797 621 2851 674 ν,
2885 621 3014 677 cap.
3062 607 3150 674 47,
3199 605 3405 662 scribit
3446 605 3643 662 Gallos
3677 608 3801 662 ani-

2135 699 2443 754 madverso
2501 698 2573 753 ad
2631 697 2959 753 Carmentis
3013 714 3220 753 saxum
3277 713 3525 753 ascensu
3581 715 3749 769 aequo
3783 740 3799 770 ,

2133 786 2512 843 sublevantes
2544 787 2801 855 invicem,
2835 787 2894 842 in
2927 803 3233 842 summum
3265 788 3540 857 evasisse,
3572 793 3632 843 et
3657 788 3801 844 Plu-

2132 876 2374 932 tarchus
2441 877 2499 930 in
2559 875 2834 943 Camillo,
2877 875 3001 950 περὶ
3054 876 3218 948 μέσας
3265 874 3458 938 νύκτας
3511 870 3799 940 ἐπιϐάντες

2134 965 2247 1037 ἅμα
2275 961 2485 1019 πολλοὶ
2529 970 2628 1033 τῆς
2680 962 2878 1039 πέτρας
2931 963 3180 1040 έχώρουν
3229 962 3340 1020 ἄνω
3391 964 3525 1037 μετὰ
3555 973 3794 1035 σιωπῆς·

2135 1055 2392 1112 «Noctis
2437 1054 2754 1110 conticinio
2798 1054 2965 1110 multi
3014 1055 3193 1111 simul
3250 1061 3551 1128 cmperunt
3598 1055 3799 1112 silenti

2135 1144 2370 1214 agmine
2400 1150 2627 1215 petram
2681 1145 2983 1200 scandere.
3018 1166 3047 1194 ››
3079 1144 3369 1202 Diodorus
3417 1145 3658 1201 Siculus
3692 1146 3795 1201 lib.

2135 1249 2232 1286 XIV
2267 1249 2278 1288 :
2307 1235 2422 1285 Τῶν
2457 1227 2515 1285 δὲ
2565 1229 2780 1286 Κελτῶν
2832 1251 2973 1293 τινες
3025 1232 3161 1286 κατά
3205 1238 3307 1302 τῆς
3339 1232 3537 1308 πέτρας
3571 1227 3794 1303 ἔϐησαν·

2137 1344 2166 1372 ‹‹
2199 1322 2450 1388 Quidam
2482 1327 2677 1377 autem
2709 1338 2778 1377 ex
2809 1321 2990 1377 Gallis
3021 1323 3078 1377 in
3113 1339 3418 1378 summum
3453 1321 3620 1394 rupis
3662 1339 3796 1379 eva-

2138 1428 2285 1467 sere.
2323 1433 2351 1461 »
2381 1413 2654 1466 Attamen
2684 1411 2920 1467 Servius
2943 1412 3338 1484 quorumdam
3371 1412 3659 1478 meminit,
3691 1412 3790 1483 qui

2137 1500 2352 1556 Basilio
2371 1501 2852 1570 sullragantur,et
2869 1516 2971 1572 per
2984 1500 3243 1556 occultos
3263 1500 3571 1556 cuniculos
3595 1517 3795 1557 ascen-

2138 1590 2296 1646 disse
2319 1589 2518 1646 Gallos
2541 1589 3040 1657 volunt,scribeus
3059 1590 3118 1645 in
3132 1589 3530 1646 vquneid.et
3546 1591 3606 1646 in
3629 1590 3799 1661 illud,

2248 1713 2395 1770 Galli
2422 1731 2522 1786 per
2549 1713 2741 1771 dumo:
2772 1715 3024 1780 aderant,
3057 1730 3352 1787 arcemque
3380 1716 3642 1772 tenebant
3679 1732 3691 1771 :

2213 1863 2241 1892 «
2275 1839 2473 1896 Gallos
2504 1838 2600 1895 alii
2633 1856 2734 1912 per
2765 1841 3026 1909 dumeta,
3062 1845 3118 1896 et
3149 1856 3290 1896 saxa
3320 1839 3666 1913 aspera,alii
3699 1858 3807 1914 per

2065 1906 2112 1970 Β
2141 1928 2448 1986 cuniculos
2480 1929 2687 1984 dicunt
2715 1933 2957 1986 conatos
2988 1946 3116 1985 esse
3149 1906 3485 1986 ascendere.
3520 1906 3549 1979 ll

2214 2046 2334 2102 Col.
2369 2046 2472 2100 182
2501 2045 2545 2100 D
2570 2046 2623 2102 4.
2657 2043 2986 2119 ’Δνθρώπων
3017 2064 3243 2100 κατασιι.
3273 2045 3399 2101 Duo
3447 2044 3611 2117 Regii
3655 2061 3804 2101 mss.

2145 2134 2649 2208 παρασκευάσαντος
2660 2174 2673 2189 .

2219 2251 2370 2306 lbid.
2413 2249 2456 2304 D
2486 2250 2542 2305 5.
2580 2251 2647 2306 Ut
2673 2249 2906 2305 seleuci:
2930 2250 3078 2305 avis.
3117 2250 3244 2304 llaec
3275 2249 3446 2304 aliter
3492 2249 3809 2321 interpun-

2151 2340 2336 2412 genda
2369 2343 2529 2406 sunt,
2565 2344 2740 2410 atque
2773 2344 2844 2393 ab
2866 2339 3184 2410 interprete
3211 2337 3442 2409 digesta
3468 2345 3809 2407 occurrunt;

2150 2429 2400 2484 iteratur
2458 2427 2614 2483 enim
2675 2427 3060 2499 interrogatio
3110 2428 3169 2482 in
3230 2432 3390 2482 textu
3451 2430 3652 2484 Grmco
3703 2429 3817 2484 hac

2151 2518 2376 2573 ratione
2409 2533 2474 2573 ια
2504 2519 2693 2588 Atque
2725 2514 3117 2572 mandatum?
3145 2532 3403 2586 quonam
3429 2522 3598 2589 pacto
3629 2516 3819 2573 seleu-

2152 2608 2235 2662 cis
2266 2607 2392 2662 avis
2423 2622 2552 2662 eam
2584 2606 2939 2677 insequitur,
2973 2606 3302 2660 remedium
3335 2605 3544 2671 cladis,
3577 2606 3820 2662 insatia-

2154 2695 2330 2751 bilem
2354 2712 2387 2750 a
2414 2701 2673 2750 creatore
2705 2701 2980 2750 naturam
3014 2695 3239 2760 sortita,
3275 2711 3391 2766 quo
3422 2699 3589 2750 tanta
3615 2695 3817 2750 divino

2154 2784 2344 2840 benef.
2382 2783 2600 2855 pernic.
2635 2799 2665 2838 e
2691 2783 2846 2838 med.
2881 2782 3006 2837 tolli
3043 2783 3272 2854 possit?
3300 2803 3327 2836 ιι
3359 2783 3625 2840 Illustrat
3655 2784 3815 2841 hunc

2154 2871 2348 2928 locum
2391 2871 2874 2942 interpretatione
2917 2887 3026 2926 sua
3056 2875 3113 2927 et
3140 2873 3409 2943 exemplo
3439 2873 3808 2941 Ambrosius,

2156 2961 2259 3017 lib.
2287 2978 2342 3029 ν,
2375 2976 2425 3016 c.
2474 2961 2580 3015 23:
2617 2982 2643 3009 ‹‹
2679 2961 2951 3029 Locusta,
3004 2961 3160 3015 sicut
3199 2961 3257 3014 in
3291 2961 3488 3017 Exodo
3534 2961 3800 3034 legimus,

2157 3048 2410 3105 caelestis
2457 3049 2740 3104 ultionem
2788 3047 3129 3104 oll‘ensionis
3178 3051 3542 3120 exsequitur,
3570 3051 3675 3122 piae
3701 3051 3802 3105 mi-

2160 3139 2349 3194 nistra
2374 3138 2643 3194 vindicta
2677 3153 2692 3191 :
2735 3137 2886 3192 hanc
2933 3153 3171 3210 quoque
3219 3139 3341 3194 avis
3373 3141 3615 3196 devorat
3640 3141 3815 3196 seleu-

2080 3269 2122 3335 α
2162 3227 2267 3295 cis,
2291 3226 2375 3282 sic
2405 3225 2559 3282 enim
2592 3226 2789 3282 Graeco
2835 3225 2958 3281 avis
2991 3227 3110 3282 haec
3143 3233 3525 3299 nuncupatur
3556 3229 3820 3292 nomine,

2174 3317 2287 3335 1-1-
2334 3315 2394 3335 -Δ
2423 3313 2740 3335 _-_._-.I:____
2776 3314 3062 3335 _.__l-._-____
3119 3332 3233 3335 __--_
3265 3314 3478 3335 1____14
3522 3332 3608 3335 ,γη
3635 3334 3668 3335 ,,
3713 3320 3814 3335 ,,,'l

2162 3317 2298 3371 data
2327 3315 2399 3370 ad
2422 3313 2747 3370 remedium
2776 3314 3091 3381 malorum,
3112 3332 3238 3386 qua
3265 3314 3492 3371 locusta
3513 3320 3825 3373 consuevit

2158 3404 2388 3460 inferre.
2424 3425 2452 3454 »
2485 3403 2829 3458 Eustathius
2850 3403 3052 3459 Latina
3081 3405 3332 3458 dictione
3363 3405 3548 3459 utitur
3572 3422 3587 3459 :
3609 3427 3638 3454 «
3661 3407 3825 3469 Quo-

2161 3495 2334 3549 modo
2366 3491 2545 3548 etiam
2573 3508 2814 3564 mergus
2862 3490 3258 3548 insatiabilem
3289 3491 3564 3546 vescendi
3594 3492 3824 3562 patitur

2159 3583 2512 3653 orexim,per
2537 3597 2716 3653 quam
2755 3581 3100 3637 vulneribus
3131 3581 3257 3634 suis
3309 3581 3532 3635 ventris
3561 3581 3831 3635 remedia

2162 3672 2434 3729 sanitatis
2462 3669 2752 3741 acquirit?
2781 3694 2800 3720 ι
2831 3667 3221 3736 Galenus,lib.
3245 3685 3298 3724 v1
3327 3669 3396 3724 De
3428 3669 3563 3724 locis
3591 3668 3830 3741 affectis,

2164 3779 2288 3833 cap.
2324 3762 2359 3816 3
2410 3778 2423 3816 :
2470 3759 2560 3821 Ὠς
2614 3763 2732 3819 τοῖς
2793 3753 3094 3834 ὀρνιφύοις,
3147 3755 3180 3810 ἃ
3234 3755 3494 3812 καλοῦσιν
3556 3755 3607 3810 ἐν
3667 3755 3832 3828 Ἀσίᾳ

2162 3849 2298 3923 παρδ
2345 3849 2485 3920 ἡμῖν
2542 3843 2902 3900 σελευκίδας·
2963 3839 3298 3908 ἀττελάϐους
3352 3844 3453 3920 γὰρ
3510 3848 3679 3899 ταῦτα
3755 3841 3829 3898 δι’

2164 3936 2304 4007 ὅλης
2362 3934 2571 4008 ἡμέρας
2625 3932 2922 4005 ἀπλήστως
2977 3933 3225 3998 ἒσθίοντα
3279 3930 3586 4009 διαταχέως
3629 3932 3868 3996 αὐτοὺς,

2165 4025 2416 4100 ἐκκρίνει·
2475 4049 2504 4076 ς‹
2556 4025 2628 4081 Ut
2678 4024 2940 4088 avicula,
3003 4013 3166 4095 quas.
3213 4029 3502 4080 nostrates
3563 4025 3623 4078 in
3684 4025 3829 4079 Asia

2166 4115 2492 4173 seleucidas
2521 4120 2750 4182 vocant,
2767 4113 2993 4186 jugiter
3012 4113 3170 4168 enim
3199 4129 3266 4168 ac
3297 4117 3418 4168 toto
3449 4113 3544 4168 die
3566 4112 3831 4169 locustas

2165 4207 2368 4268 edunt,
2400 4208 2461 4260 at
2491 4203 2756 4258 celeriter
2787 4218 2887 4258 eas
2937 4206 3276 4257 excernunt.
3307 4221 3335 4251 »
3367 4200 3684 4270 Gesnerus,
3721 4202 3831 4258 lib.

2167 4311 2231 4350 ιιι
2263 4296 2336 4350 De
2356 4293 2568 4362 avibus,
2597 4291 2762 4347 addit
2790 4307 2859 4346 ex
2894 4294 3029 4346 Ant.
3065 4288 3256 4345 Galat.
3290 4289 3372 4345 De
3395 4290 3656 4362 Japygiae
3687 4291 3833 4347 situ:

2175 4407 2194 4434 ιι
2231 4389 2309 4439 De
2338 4382 2548 4436 harum
2598 4381 2796 4435 avium
2844 4394 3056 4451 genere
3096 4378 3281 4434 videri
3313 4394 3476 4434 avem
3511 4379 3831 4446 marinam,

2168 4489 2298 4545 quas
2328 4471 2386 4526 in
2421 4468 2634 4541 Apulia
2663 4469 2839 4540 gaina
2868 4469 3108 4536 dicitur,
3141 4484 3269 4540 quis
3304 4466 3560 4522 bruchos
3579 4467 3652 4523 iis
3685 4466 3833 4523 locis

2172 4561 2421 4616 nimium
2474 4559 2846 4614 abundantes
2895 4559 3154 4626 devorat,
3189 4563 3247 4611 et
3294 4558 3418 4610 ovis
3463 4572 3666 4612 eorum
3703 4557 3826 4611 feti-

2088 4645 2136 4707 D
2168 4653 2398 4722 busque
2427 4649 2723 4704 vescitur:
2760 4669 2789 4697 »
2815 4647 2972 4718 quod
3025 4650 3308 4700 annotare
3347 4662 3538 4717 operas
3570 4645 3824 4717 pretium

2169 4740 2391 4808 censui,
2415 4739 2696 4810 quoniam
2740 4736 2977 4808 Ulysses
3029 4734 3436 4789 Aldrovandus
3466 4734 3570 4790 lib.
3603 4753 3664 4803 x,
3696 4752 3826 4808 cap.

2167 4832 2202 4885 5
2235 4829 2651 4896 Omithologiae,
2696 4840 2888 4880 meras
2939 4837 3069 4877 esse
3108 4820 3339 4877 fabulas
3371 4828 3563 4894 putat,
3597 4840 3726 4894 quas
3759 4825 3833 4878 de

2170 4918 2462 4976 seleucide
2519 4922 2744 4972 veteres
2794 4911 3228 4984 prodiderunt.
3288 4912 3559 4967 Zosimus
3619 4913 3830 4968 Comes

2169 5007 2530 5065 seleuciades
2576 5002 2836 5077 appellat
2884 5017 3019 5057 aves
3062 5000 3210 5056 istas
3240 5000 3342 5056 lib.
3380 5001 3656 5070 Iniciam,
3693 5019 3832 5074 pag.

2166 5100 2272 5155 659
2302 5096 2442 5152 edit.
2469 5092 2753 5149 Wecbel.:
2787 5091 2992 5146 ’Ἅπασι
3037 5092 3157 5149 τοῖς
3212 5085 3316 5141 ὐπὸ
3350 5086 3538 5159 λύμης
3589 5085 3836 5164 ἀκρίδων

2169 5183 2597 5260 ἐνοχλουμένοις
2657 5175 3008 5240 σελευκιάδας
3062 5173 3420 5250 παραδιδοὺς,
3480 5177 3536 5230 αἳ
3591 5175 3658 5246 δὴ
3708 5184 3836 5240 ταῖς

2167 5273 2348 5347 ἀκρίσι
2403 5270 2934 5346 συμπεριιπτάμεναι
2969 5313 2984 5338 ,
3035 5265 3125 5318 καὶ
3171 5269 3290 5326 τοῖς
3350 5265 3580 5338 πόμασι
3633 5265 3836 5329 ταύτας

2169 5363 2484 5440 δεχόμεναι,
2543 5364 2893 5434 παραχρῆμα
2945 5352 3161 5422 πλῆθος
3217 5354 3440 5428 ἄπειρον
3497 5351 3831 5432 διέφθειρον.

2168 5479 2194 5506 ‹‹
2232 5453 2394 5521 Quod
2422 5449 2699 5506 omnibus
2731 5466 2764 5502 a
2793 5447 3160 5501 locustarum
3181 5443 3277 5499 lue
3297 5445 3517 5500 vexatis
3547 5445 3836 5502 seleucia-

2168 5546 2270 5601 des
2302 5545 2440 5598 dare
2472 5539 2683 5595 solitus
2712 5536 2908 5603 fuerit,
2935 5549 3061 5605 quae
3102 5532 3322 5588 circum
3347 5532 3606 5590 locustas
3634 5535 3838 5591 volan-

2166 5639 2277 5704 tes,
2310 5637 2367 5689 et
2397 5628 2605 5686 rostris
2635 5643 2732 5682 sas
2764 5624 3086 5696 capientes,
3108 5620 3403 5678 inlinitam
3435 5639 3640 5679 earum
3673 5624 3832 5679 mul-

2166 5721 2478 5780 titudinem
2512 5718 2712 5774 statim
2745 5713 3159 5772 absumebant.
3185 5733 3214 5762 »
3239 5710 3504 5769 Meminit
3533 5728 3734 5768 earum
3770 5719 3832 5771 et
