4156 6352
413 378 566 438 1005

1479 377 1584 437 ΑΙ)
1628 377 2005 438 HOMILIAS
2050 378 2129 438 IN
2171 379 2752 442 HEXAEMERON.

3663 376 3822 441 1006

401 511 628 568 Plinius
659 511 759 568 lib.
790 528 848 581 ιι,
872 527 999 584 cap.
1036 511 1128 580 27,
1162 515 1220 568 et
1258 510 1384 583 ipse
1419 509 1674 567 Basilius
1730 510 1890 567 hom.
1922 512 1958 564 7
1993 513 2055 568 in
2084 512 2139 580 Α
2172 532 2202 562 ‹‹
2229 511 2425 582 Neque
2454 512 2615 568 enim
2639 512 2898 569 Eliseum
2929 511 3126 578 amici,
3153 512 3322 584 quasi
3356 511 3578 568 malum
3623 511 3821 567 convi-

397 600 459 656 di
465 607 759 659 tescentes.

473 691 594 747 Col.
637 692 740 746 183
770 691 814 747 D
844 692 898 745 8.
927 691 1203 759 Mulieres,
1249 691 1467 747 sedetis.
1514 693 1809 763 Interpres
1858 691 2056 747 edide-

403 785 513 847 rat,
548 781 644 836 «Ο
704 780 1002 849 mulieres,
1059 781 1325 852 repetitis
1379 780 1606 837 vicibus
1668 780 1966 846 ordimini,
1998 784 2056 835 et

403 870 758 940 retorquetis
787 875 1038 924 vestram
1072 869 1471 939 operationem
1507 869 1925 938 sedentariam,
1959 869 2057 924 ﬁla

400 958 752 1023 nimirum,»
783 964 896 1012 etc.
922 957 1284 1025 Eustathius,
1312 980 1332 1007 α
1361 958 1583 1027 Itaque,
1607 974 1707 1012 vos
1751 962 2052 1022 matronae,

401 1048 638 1118 quando
689 1047 909 1102 sedetis
945 1063 1143 1102 eorum
1203 1046 1561 1103 revolventes
1619 1063 1816 1118 opera,
1849 1046 1905 1100 id
1965 1050 2055 1102 est

396 1138 681 1201 stamina,
717 1152 844 1207 quis
866 1141 1034 1190 Seres
1065 1136 1179 1190 huc
1210 1135 1494 1206 dirigunt.
1526 1154 1552 1186 ι
1583 1134 1843 1190 Cornarii
1877 1135 2054 1198 verba

394 1225 835 1295 usurpavimus,
859 1240 1049 1296 neque
1070 1225 1337 1280 obsecuti
1364 1240 1571 1280 sumus
1593 1224 1921 1279 doctissimi
1945 1223 2053 1278 viri

392 1314 766 1383 conjecturas,
793 1316 895 1385 qui
925 1313 1022 1368 hic
1053 1312 1373 1384 legendum
1406 1314 1658 1383 censuit,
1678 1310 2052 1382 ἐνατενιζόμε-

392 1421 506 1470 ναι,
539 1424 568 1452 ‹‹
602 1401 924 1468 intuentes,
950 1424 979 1452 ››
1002 1420 1106 1474 pro
1126 1401 1609 1473 ἀναπηνιζόμεναι,
1643 1403 1860 1472 quippe
1896 1401 2051 1470 quod

398 1496 457 1546 et
487 1492 605 1546 duo
639 1490 805 1562 Regii
834 1490 1134 1562 vulgatam
1166 1491 1474 1547 lectionem
1508 1494 1806 1559 tueantur,
1839 1493 1895 1544 et
1932 1489 2054 1544 Ari-

402 1580 641 1635 stoteles
672 1581 744 1635 de
797 1580 1188 1651 bombycihus
1220 1596 1400 1650 agens
1450 1579 1560 1634 hoc
1618 1578 1820 1633 eodem
1875 1579 2052 1633 verbo

391 1673 615 1736 utatur,
648 1669 726 1724 lib
782 1686 837 1732 ν,
871 1685 922 1725 c.
958 1669 1048 1734 19,
1078 1671 1286 1724 Hister.
1319 1669 1554 1724 animal.
1591 1684 1603 1722 :
1641 1667 1732 1720 Ἐκ
1771 1662 1828 1720 δὲ
1854 1664 2052 1719 τούτου

399 1757 543 1825 ζώου
573 1755 664 1810 καὶ
692 1756 761 1810 τὰ
789 1750 1067 1831 βομϐύκια
1097 1754 1387 1812 ἀναλύουσι
1435 1759 1542 1810 τῶν
1595 1757 1860 1828 γυναικῶν
1909 1773 2051 1815 τινες

395 1843 885 1916 ἀναπηνιζόμεναι,
917 1842 1147 1900 κᾶπειτα
1199 1843 1532 1921 ὑφαίνουσιν·
1571 1867 1598 1895 ‹‹
1631 1846 1713 1900 Ex
1762 1844 1870 1899 hoc
1923 1844 2048 1899 ani-

2165 616 2294 656 vam
2327 602 2581 673 agrestia
2613 608 3006 673 apponentem
3048 601 3227 669 olera,
3260 601 3612 657 refutarunt.
3645 623 3674 652 »

2238 689 2384 744 Ibid.
2417 689 2458 744 C
2507 691 2597 745 14.
2650 691 2729 744 An
2781 693 3017 762 speciem
3076 690 3269 744 habeat
3323 692 3515 746 van-ni.
3561 694 3820 746 Graecam

2165 795 2363 834 vocem
2398 781 2723 834 retinuerat
2752 780 3171 853 Argyropylus,
3209 801 3238 830 «
3293 796 3365 834 an
3398 779 3736 848 lienoeides,
3766 782 3824 833 et

2164 868 2223 922 in
2266 867 2458 935 medio
2492 885 2763 924 concava.
2793 891 2822 918 ›ι
2862 869 3180 924 Cornarius
3225 869 3390 937 dixit,
3425 891 3452 918 «
3507 884 3698 923 vanno
3757 884 3823 922 ac

2163 956 2488 1012 ventilabro
2545 957 2780 1012 similis.
2836 979 2863 1006 »
2913 958 3256 1013 Eustathius
3308 957 3543 1029 penitus
3600 957 3825 1012 omisit.

2163 1047 2256 1101 Sic
2315 1047 2468 1117 apud
2519 1045 2917 1112 Aristotelem,
2976 1046 3079 1101 lib.
3131 1064 3170 1101 11
3235 1050 3315 1101 De
3358 1047 3513 1112 caelo,
3557 1062 3682 1116 cap.
3736 1047 3824 1114 13,

2163 1137 2368 1190 eadem
2401 1141 2556 1190 terra
2591 1135 2808 1190 dicitur
2843 1151 2855 1189 :
2892 1132 3128 1188 Πλατεῖα
3157 1135 3244 1189 καὶ
3278 1135 3340 1188 τὸ
3373 1141 3568 1209 σχῆμα
3603 1155 3826 1205 τυμπα-

2162 1220 2385 1290 νοειδὲς,
2419 1246 2446 1273 ‹‹
2489 1226 2667 1295 plana
2697 1228 2754 1278 et
2786 1227 2974 1295 ﬁgura
3016 1228 3297 1296 tympano
3331 1223 3567 1290 similis,
3604 1246 3630 1273 ››
3665 1225 3821 1295 quod

2163 1330 2348 1369 unum
2387 1313 2571 1368 fuisse
2604 1329 2673 1368 ex
2702 1312 2940 1384 placitis
2976 1314 3249 1383 Leucippi
3280 1313 3616 1384 philosophi
3651 1316 3827 1369 refert

2165 1401 2520 1456 Plutarchus
2553 1401 2657 1455 lib.
2693 1419 2780 1466 ιιι,
2815 1418 2865 1456 c.
2896 1403 2984 1467 10,
3018 1403 3094 1456 De
3121 1405 3343 1472 placitis
3369 1403 3676 1474 philosoph.
3709 1402 3823 1457 De-

2164 1489 2449 1546 mocritus
2477 1507 2636 1559 vero,
2672 1486 2950 1558 δισκοειδῆ
2989 1489 3083 1561 μὲν
3138 1494 3218 1561 τῷ
3267 1488 3481 1560 πλάτει,
3514 1489 3709 1560 κοίλην
3764 1487 3821 1544 δὲ

2161 1579 2224 1632 τὸ
2258 1579 2443 1651 μέσον,
2478 1603 2504 1630 ‹‹
2540 1581 2784 1634 formsm
2817 1580 2962 1635 disci
2997 1579 3212 1635 habere
3240 1584 3460 1635 terram
3508 1579 3570 1635 in
3611 1597 3819 1652 super-

2163 1669 2311 1734 ﬁcie,
2338 1669 2399 1724 in
2432 1669 2623 1724 medio
2654 1685 2851 1723 cavam
2886 1685 3014 1724 esse
3044 1669 3295 1724 dicebat.
3330 1691 3358 1718 »

2235 1759 2354 1815 Col.
2392 1759 2482 1812 191
2519 1759 2580 1812 B.
2614 1759 2667 1812 3.
2705 1759 2769 1813 Ut
2796 1759 3088 1829 ﬁguratus.
3120 1761 3489 1830 Argyrop.:«
3518 1759 3608 1815 Uti
3634 1760 3820 1814 forma

2161 1852 2218 1902 te
2240 1852 2452 1901 natura
2474 1846 2801 1918 insignivit,
2824 1851 2881 1901 et
2911 1852 3075 1901 tuam
3100 1847 3279 1901 vitam
3307 1848 3619 1919 disponere
3651 1848 3817 1903 velis.

1204 1895 1219 1898 -
1633 1895 1713 1900 ___
1762 1895 1865 1899 η-
1927 1895 2020 1899 μη-
2166 1895 2216 1902 --
2241 1895 2801 1918 __-_-_-__-O_-.--,
2828 1895 2879 1901 η
2916 1895 3075 1901 ____
3114 1895 3279 1901 .--νη
3311 1895 3619 1919 mor"---
3665 1895 3813 1903 ψ--.

389 1935 567 1990 malis
598 1951 806 2006 genere
837 1936 1146 2007 bombycia
1176 1895 1278 1989 illa
1310 1933 1586 1989 mulieres
1620 1932 1918 1988 nonnullae
1956 1949 2044 1989 re-
2081 1895 2126 1960 Β
2160 1936 2224 1991 In
2260 1933 2564 2006 republica
2613 1934 2834 1990 cmlesti
2880 1951 3134 1991 versare.
3180 1956 3207 1988 ιι
3251 1937 3596 1993 Eustathius
3647 1937 3813 2006 dixit,

391 2024 717 2094 torquendo
732 2024 790 2078 in
806 2024 969 2078 ﬁlum
986 2024 1308 2088 deducunt,
1324 2023 1533 2078 deinde
1551 2027 1807 2078 texunt.»
1822 2021 2044 2077 Plinius

386 2111 838 2184 quoquelib,x2,
881 2129 1011 2184 cap.
1033 2113 1122 2182 23,
1155 2111 1411 2166 lanificis
1451 2112 1801 2182 bombycum
1837 2110 2045 2165 scribit

386 2203 632 2257 humore
664 2200 1156 2270 lentescere,mox
1185 2202 1243 2255 in
1279 2201 1377 2256 ﬁla
1395 2200 1626 2256 tenuari
1647 2201 1864 2270 junceo
1890 2200 2040 2254 fuso.

383 2291 619 2356 Suidas,
671 2286 1008 2359 ἀναπηνίζω,
1067 2287 1429 2363 ἆναλέγομαι,
1485 2286 1689 2357 ἐκλύω,
1741 2285 2040 2358 ἀνακυλίω,

386 2401 415 2430 ‹‹
439 2379 548 2434 hoc
579 2384 689 2447 est,
723 2379 855 2434 fuso
887 2379 1244 2435 circumacto
1275 2378 1569 2450 recolligo,
1603 2395 1668 2433 ac
1726 2378 1974 2433 revolvo.
2013 2398 2039 2425 »

388 2469 444 2523 S.
477 2468 849 2534 Ambrosius,
909 2467 1012 2523 lib.
1047 2485 1104 2537 v,
1155 2485 1282 2539 cap.
1327 2469 1398 2522 23
1433 2485 1446 2522 :
1481 2490 1509 2518 «
1550 2468 1629 2522 Ex
1690 2467 1866 2537 hujus
1923 2465 2040 2520 ﬁlis

389 2556 592 2611 mollia
615 2556 720 2611 illa
747 2556 918 2611 Seres
947 2557 1264 2627 depectunt
1305 2556 1540 2625 vellera,
1573 2573 1701 2626 quae
1762 2555 1831 2609 ad
1895 2571 2040 2610 usus

388 2645 503 2700 sibi
535 2645 801 2716 proprios
831 2645 1043 2700 divites
1089 2645 1486 2703 vindicarunt.
1530 2667 1558 2693 n
1593 2643 1807 2700 Alludit
1863 2643 2008 2698 nimi

387 2750 518 2788 rum
551 2735 623 2789 ad
647 2733 795 2788 illud
825 2734 1056 2807 Virgilii
1089 2751 1128 2789 ιι
1161 2733 1403 2804 Georgio.
1440 2751 1454 2789 :

463 2886 772 2956 Velleraque
808 2889 872 2940 ut
898 2886 1050 2956 foliis
1081 2885 1362 2957 depectant
1392 2885 1586 2941 tenuia
1613 2884 1792 2940 Seres.

379 3037 487 3092 Sed
520 3037 949 3092 observandum
984 3039 1074 3091 est
1133 3037 1416 3107 quosdam
1476 3051 1544 3089 ex
1601 3034 1895 3089 veteribus
1952 3034 2035 3089 ita

378 3124 618 3180 laniﬁcii
651 3124 832 3196 hujus
858 3129 1051 3180 ortum
1085 3140 1346 3190 narrare,
1369 3127 1434 3178 ut
1460 3121 1641 3178 velint
1662 3125 1831 3178 Seres
1855 3123 2030 3178 Indiae

378 3212 629 3285 populos
659 3230 728 3268 ex
760 3213 911 3280 ,oliis
940 3217 998 3269 et
1035 3212 1216 3269 ramis
1247 3213 1523 3269 arborum
1558 3211 1658 3266 ﬁla
1722 3213 2028 3284 depectere

377 3301 501 3357 haec
545 3301 751 3357 serica.
785 3303 872 3358 Ita
909 3301 1151 3366 Plinius,
1189 3300 1291 3357 lib.
1320 3319 1398 3372 vr,
1457 3318 1582 3374 cap.
1619 3302 1725 3355 17:
1774 3324 1794 3351 α
1858 3301 2027 3357 Seres

379 3391 638 3449 laniﬁcio
659 3390 937 3447 silvarum
971 3391 1218 3461 nobiles,
1234 3390 1531 3464 perfusam
1551 3407 1704 3462 aqua
1721 3392 2029 3462 depecten-

378 3483 467 3536 tes
523 3471 820 3536 frondium
871 3480 1145 3537 canitiem
1202 3480 1414 3536 :unde
1471 3479 1745 3552 geminus
1801 3478 2030 3535 feminis

382 3571 604 3626 nostris
621 3568 807 3640 labor,
828 3570 1196 3626 redordiendi
1223 3569 1339 3638 ﬁla,
1361 3567 1978 3640 rursumquctexendi.
2005 3591 2025 3617 ι

385 3664 581 3712 Amm.
604 3658 996 3726 Marcellinus,
1033 3658 1135 3714 lib.
1167 3675 1347 3714 xxm:
1379 3680 1399 3705 ι
1423 3658 1590 3730 Apud
1623 3657 1794 3713 Seras
1822 3656 2026 3712 sublu-

384 3745 525 3800 cidae
549 3744 793 3816 silvae,in
816 3746 1034 3816 quibus
1052 3747 1327 3802 arborum
1351 3746 1505 3802 fetus
1527 3763 1812 3816 aquarum
1832 3763 2034 3818 asper-

387 3834 627 3907 ginibus
657 3835 880 3890 crebris
910 3834 1066 3890 velut
1112 3836 1383 3906 quaedam
1427 3834 1640 3890 vellera
1685 3835 2031 3902 mollientes,

387 3939 456 3979 ex
481 3923 763 3996 lanugine
792 3929 850 3979 ct
879 3923 1104 3995 liquore
1135 3923 1374 3978 mistam
1409 3923 1796 3980 subtilitatem
1845 3927 2036 3979 tener-

388 4012 598 4068 rimam
625 4016 884 4085 pectunt.
924 4035 945 4062 ι
979 4015 1050 4068 At
1078 4011 1336 4068 Basilius
1366 4017 1424 4067 et
1453 4012 1798 4067 Ambrosius
1839 4013 1909 4068 ab
1943 4012 2038 4066 his

390 4101 623 4174 populis
654 4101 829 4157 Indiae
861 4100 1013 4157 mitti
1044 4100 1294 4157 sericum
1317 4117 1384 4157 ex
1410 4101 1759 4169 bombycum
1783 4100 2037 4156 laniﬁcio

389 4190 768 4262 desumptum
801 4190 1038 4259 volunt;
1072 4207 1187 4262 quo
1237 4195 1406 4262 pacto
1463 4190 1641 4251 etiam
1689 4191 1946 4260 Servius,
1977 4189 2039 4246 in

387 4278 556 4334 illum
596 4277 826 4352 Virgilii
855 4279 1050 4336 locum
1083 4279 1366 4347 scribens,
1395 4295 1623 4335 vermes
1649 4279 1781 4336 illos
1797 4281 2040 4352 bomby-

392 4383 488 4424 ces
547 4367 608 4423 in
661 4369 972 4425 arboribus
1033 4369 1346 4425 collocatos
1399 4368 1584 4424 fuisse
1631 4373 1818 4441 putat,
1852 4384 2042 4440 neque

392 4455 588 4514 lanam
619 4457 924 4514 arboream
956 4457 1234 4525 admittit,
1266 4457 1404 4513 licet
1433 4457 1534 4512 alii
1587 4457 1758 4513 multi
1811 4457 2039 4514 dissen-

389 4545 538 4601 tiant
567 4545 855 4602 historici.

463 4633 584 4691 Col.
640 4636 744 4690 185
794 4641 838 4691 Β
884 4639 938 4692 7.
973 4635 1398 4707 Ἐπιθυμητικᾶ.
1434 4638 1556 4693 Duo
1614 4636 1773 4708 Regii
1830 4636 2042 4693 melius

2157 4643 2279 4706 est;
2337 4662 2355 4686 ι

395 4721 724 4795 ἐπιθυμητὰ,
751 4729 815 4781 ut
845 4729 901 4781 et
931 4726 1144 4798 psalm.
1167 4742 1331 4792 xvm,
1366 4726 1450 4781 11.

465 4813 581 4869 Col.
612 4815 719 4870 187
750 4820 793 4868 A
827 4815 912 4870 11.
945 4816 1230 4871 Matutino.
1263 4815 1390 4871 Non
1433 4818 1498 4870 ut
1551 4815 1840 4888 interpres
1893 4815 2045 4872 scri-

395 4908 613 4974 pserat,
653 4920 886 4975 «quam
941 4920 1151 4958 aurora
1201 4904 1493 4960 exoriente
1546 4904 1804 4976 primum
1864 4922 2042 4978 appa-

396 4992 538 5048 ravi.
575 5014 602 5040 »ι
636 4993 718 5047 Ad
750 4993 1016 5058 verbum,
1049 5014 1077 5042 «
1113 5008 1316 5049 mensa
1366 5010 1727 5049 sermonum.
1765 5016 1792 5043 ››
1847 4998 2048 5051 Eusta-

393 5081 538 5148 thio,
573 5104 602 5131 α
637 5081 1149 5139 sermocinationis
1171 5082 1463 5138 matutina
1485 5080 1724 5139 mensa:
1760 5106 1788 5133 »
1819 5099 1890 5138 ne
1915 5084 2047 5154 quis

394 5169 540 5225 forte
571 5175 803 5242 putaret
841 5187 1075 5226 summo
1108 5186 1280 5225 mane
1312 5171 1642 5227 concionari
1675 5172 1914 5228 solitum
1941 5179 2048 5229 Ba-

395 5258 622 5314 silium.
664 5264 841 5316 Porro
887 5260 1106 5316 factum
1160 5259 1332 5315 Elisei
1375 5266 1650 5316 narratur
1691 5263 1761 5316 IV
1789 5267 1924 5333 Reg.
1959 5281 2044 5333 ιιι,

394 5347 510 5403 39:
545 5350 645 5403 sed
695 5349 863 5420 illud,
913 5351 1272 5423 παρῃτοῦντο,
1307 5366 1422 5404 ιιοιι
1483 5351 1629 5405 satis
1681 5357 2048 5422 expresserat

399 5437 810 5511 Argerpylus,
844 5461 872 5488 «
905 5439 963 5492 in
999 5440 1331 5510 praebendis
1376 5439 1565 5510 epulis
1608 5440 1741 5496 vilis
1791 5440 2046 5497 habeba-

395 5533 512 5584 tur.
549 5549 576 5577 »
610 5528 952 5583 Eustathius
982 5527 1129 5582 dixit
1164 5545 1177 5583 :
1214 5549 1243 5578 «
1274 5528 1467 5598 Neque
1499 5529 1656 5583 enim
1694 5529 1952 5586 Eliseum
1985 5535 2051 5586 ut

398 5619 733 5692 improbum
751 5621 1042 5690 pastorem
1069 5617 1403 5674 refutabant
1424 5618 1586 5674 illius
1603 5622 1886 5692 temporis
1914 5638 2049 5678 con-

396 5711 560 5766 vivas.
577 5731 605 5759 »
623 5707 851 5765 Insistit
869 5706 1132 5779 vestigiis
1153 5707 1307 5764 beati
1338 5708 1658 5782 Ambrosii,
1679 5709 1782 5765 lib.
1801 5727 1876 5765 vr.
1898 5727 1947 5767 c.
1974 5715 2045 5768 2:

2157 2045 2185 2074 «
2220 2024 2512 2094 quomodo
2538 2027 2712 2077 natus
2731 2039 2814 2088 es,
2830 2022 2911 2076 ita
2933 2023 3228 2094 propriam
3251 2023 3533 2095 disponas
3551 2024 3731 2080 vitam
3752 2042 3764 2080 :
3783 2047 3811 2076 ››

2156 2115 2256 2168 sed
2287 2111 2603 2168 Cornarius
2623 2111 2806 2166 multo
2842 2111 3076 2166 ﬁdelius
3103 2113 3270 2166 vertit
3299 2130 3311 2168 :
3346 2135 3373 2162 ‹‹
3401 2113 3560 2168 velut
3593 2114 3808 2185 ﬁgura-

2154 2206 2250 2256 tus
2286 2217 2370 2271 es,
2393 2203 2474 2256 ita
2503 2203 2677 2256 etiam
2707 2200 2954 2272 dispone
2990 2207 3151 2256 tuam
3181 2202 3370 2273 ipsius
3399 2202 3600 2257 vitam.
3637 2224 3664 2252 ››
3688 2207 3808 2258 Ηοο

2154 2291 2436 2345 nimirum
2471 2289 2592 2344 vult
2623 2291 2776 2360 quod
2813 2290 3019 2344 iisdem
3055 2307 3202 2361 pene
3232 2306 3298 2344 ac
3320 2291 3491 2362 plane
3509 2292 3804 2360 germanis

2155 2379 2364 2434 horum
2393 2379 2587 2434 verbis
2618 2378 2932 2450 Gregorius
2949 2379 3247 2450 Nyssenus
3279 2379 3408 2449 ejus
3439 2380 3800 2451 frater,orat,

2150 2469 2184 2519 2
2213 2469 2272 2520 in
2304 2466 2472 2536 illud,
2506 2469 2800 2522 Faciamus
2832 2468 3131 2533 hominem,
3165 2462 3450 2539 ἅνθρωπος
3497 2465 3674 2521 οὐκέτι
3726 2467 3804 2531 εἷς

2149 2553 2384 2629 γαστέρα
2449 2553 2666 2629 βλέπει,
2717 2551 2844 2608 ἁλλ’
2903 2552 2978 2615 εἷς
3036 2555 3104 2608 τὰ
3159 2555 3290 2610 ἄνω.
3353 2554 3576 2632 Κεφαλή
3653 2554 3802 2629 αὐτῷ

2154 2643 2366 2716 ὑψηλὴ,
2409 2641 2502 2696 ’ἕνα
2556 2644 2655 2710 τῆν
2714 2643 2825 2697 ἄνω
2883 2642 3059 2718 βλέπῃ
3112 2647 3440 2719 συγγένειαν.
3486 2645 3800 2719 Ὀφθαλμοὶ

2149 2731 2248 2787 οὐκ
2307 2731 2381 2793 εἷς
2438 2733 2537 2801 τὴν
2597 2739 2700 2807 γῆν
2758 2733 3023 2794 νεύοντες.
3056 2734 3145 2801 Μὴ
3195 2733 3375 2787 τοίνυν
3409 2732 3552 2788 ποίει
3585 2735 3803 2789 σεαυτὸν

2146 2825 2294 2897 παρὰ
2343 2821 2522 2899 φύσιν,
2559 2823 2633 2894 μὴ
2676 2822 2742 2875 τὰ
2788 2825 2954 2894 γήινα
2999 2820 3338 2896 περισκόπει.
3372 2846 3401 2874 ‹‹
3448 2824 3631 2880 Homo
3683 2841 3800 2880 non

2144 2924 2408 2966 ventrem
2460 2910 2730 2982 despicit,
2757 2912 2858 2966 sed
2907 2912 3211 2982 superiora
3249 2915 3576 2967 contuetur.
3612 2913 3801 2984 Caput

2145 3000 2230 3054 illi
2264 2999 2520 3055 sublime
2551 3006 2662 3069 est,
2696 3006 2761 3054 ut
2790 3016 2977 3071 genus
3019 2999 3251 3055 cceleste
3295 3000 3600 3071 suspiciat.
3633 3001 3798 3056 Oculi

2142 3104 2260 3143 non
2292 3089 2542 3143 tendunt
2584 3089 2643 3142 in
2691 3093 2933 3143 terram.
2967 3089 3248 3152 Quocirca
3296 3105 3368 3144 ne
3408 3088 3524 3145 vim
3576 3090 3793 3146 inferas

2140 3182 2366 3233 naturae
2394 3182 2530 3246 tute,
2553 3182 2768 3232 terram
2799 3194 2870 3232 ne
2919 3186 3168 3247 spectes.
3197 3199 3224 3226 »
3267 3178 3484 3245 Cicero,
3516 3195 3558 3233 ιι
3591 3180 3664 3234 De
3690 3197 3793 3236 na-
3886 3201 3889 3204 ·

2058 3259 2101 3324 C
2140 3274 2265 3322 tura
2315 3266 2566 3322 deor.:«
2619 3265 2881 3321 Primum
2941 3266 3212 3321 homines
3271 3266 3451 3321 humo
3508 3267 3790 3324 excitatos

2138 3356 2326 3412 celsos
2351 3360 2407 3412 et
2426 3360 2648 3411 erectos
2671 3355 2996 3420 constituit,
3021 3360 3086 3410 ut
3119 3356 3360 3411 deorum
3391 3357 3786 3428 cognitionem

2139 3443 2350 3500 caelum
2396 3445 2691 3500 intuentes
2749 3460 2955 3516 capere
3014 3445 3265 3516 possint.
3298 3466 3326 3495 »
3357 3445 3543 3514 Ovid.,
3581 3461 3599 3501 1
3630 3446 3788 3502 Meta-

2137 3548 2278 3589 mor.
2311 3549 2331 3588 ἔ

2215 3647 2284 3702 Os
2314 3647 2532 3702 homini
2559 3647 2790 3703 sublime
2817 3647 2985 3714 dedit,
3015 3647 3314 3720 caelumque
3342 3651 3491 3704 tueri

2215 3721 2404 3784 Iussit,
2435 3724 2486 3774 et
2510 3725 2714 3775 erectos
2745 3727 2812 3774 ad
2843 3721 3027 3775 sidera
3057 3722 3251 3775 tollere
3277 3722 3480 3777 vultus.

2145 3835 2294 3890 Illud
2331 3852 2522 3906 porro,
2555 3833 2863 3907 πολίτευμα
2915 3832 3010 3910 ἔχε
3063 3832 3113 3888 ἐν
3150 3835 3422 3908 οὐρανοῖς,
3462 3860 3482 3887 α
3518 3838 3577 3893 in
3622 3855 3797 3911 repu-

2145 3925 2302 3980 blica
2332 3924 2548 3979 cmlesti
2584 3941 2837 3991 versare,
2872 3947 2899 3975 »
2951 3925 3372 3998 interpretatus
3419 3931 3509 3982 est
3550 3933 3800 4000 Argyra-

2148 4013 2340 4085 pylus,
2376 4031 2490 4068 non
2545 4014 3025 4070 animadvertens
3083 4015 3327 4072 fortasse
3383 4016 3466 4071 uti
3512 4016 3796 4072 Basilium

2147 4103 2338 4158 verbis
2367 4103 2641 4174 Apostoli,
2680 4103 3042 4176 Philippeos.
3093 4121 3181 4171 ιιι,
3211 4106 3280 4159 20
3315 4121 3327 4159 :
3360 4105 3543 4176 Ἡμῶν
3591 4104 3654 4158 τὸ
3704 4126 3800 4158 πο-

2150 4188 2383 4263 λίτευμα
2431 4189 2480 4243 ἐν
2541 4189 2793 4265 οὐρανοῖς
2848 4191 3101 4266 ὑπάρχει·
3139 4194 3293 4264 quod
3334 4194 3594 4264 Vulgata;
3643 4195 3800 4249 Lati-

2150 4299 2236 4337 nae
2260 4284 2460 4336 auctor
2479 4281 2918 4353 interpretatur,
2935 4303 2962 4330 ‹‹
2986 4281 3196 4336 Nostra
3217 4287 3412 4337 autem
3435 4285 3798 4340 conversatio

2151 4372 2209 4427 in
2243 4371 2403 4428 cmlis
2434 4376 2542 4442 est,
2579 4393 2605 4420 ››
2634 4388 2771 4440 non,
2805 4375 2872 4426 ut
2902 4370 3096 4444 inepte
3129 4376 3276 4427 Beza
3308 4390 3321 4428 :
3359 4394 3387 4422 ι(
3416 4371 3626 4428 Nostra
3664 4390 3797 4428 vero

2151 4462 2356 4518 civitas
2389 4461 2446 4516 in
2480 4460 2640 4517 ccelis
2670 4465 2758 4516 est
2791 4477 2802 4516 :
2841 4481 2865 4511 ιι
2900 4460 3112 4516 melius
3160 4461 3578 4533 Tertullianus,
3614 4465 3684 4520 De
3713 4479 3801 4519 co-

2152 4565 2288 4604 rona
2317 4548 2535 4617 militis,
2570 4565 2696 4619 cap.
2727 4549 2760 4602 3
2793 4565 2806 4603 :
2832 4571 2860 4598 «
2895 4547 3292 4622 Municipatus
3322 4554 3522 4606 noster
3551 4551 3609 4607 in
3641 4551 3802 4606 cmlis

2424 4643 2480 4692 et
2526 4645 2716 4693 contra
2771 4638 3126 4710 Marcioncm,
3183 4638 3285 4694 lib.
3347 4657 3433 4706 ιιι,
3493 4657 3617 4712 cap.
3666 4641 3736 4694 24
3787 4657 3799 4694 :

2153 4752 2180 4778 ‹‹
2217 4727 2429 4798 Utique
2459 4726 2675 4782 caelesti
2711 4727 2931 4782 civitati
2977 4744 3110 4782 eum
3153 4729 3418 4800 deputat,
3451 4734 3507 4784 et
3553 4729 3804 4784 munici-

2154 4821 2357 4889 patum
2390 4821 2656 4872 nostrum
2685 4817 2742 4871 in
2768 4816 2929 4873 cmlis
2950 4834 3077 4872 esse
3099 4818 3555 4889 pronuntians.»
3579 4817 3806 4874 Passim

2153 4916 2349 4966 tamen
2383 4910 2535 4981 apud
2571 4913 2773 4965 Patres
2810 4913 3037 4965 Graecos
3087 4928 3189 4983 pro
3222 4909 3486 4966 moribus
3517 4911 3806 4982 cujusque

2156 5001 2516 5072 privatorum
2600 4999 2857 5054 sumitur
2915 4995 3187 5065 πολιτεία,
3237 4999 3322 5054 vel
3387 5016 3488 5071 pro
3535 4999 3809 5054 Ecclesiae

2157 5086 2493 5161 disciplina,
2529 5089 2912 5161 quamobrem
2948 5087 3093 5142 illud
3145 5088 3567 5160 Chrysostomi,
3601 5087 3806 5144 homil.

2155 5179 2226 5232 75
2255 5179 2316 5232 in
2348 5179 2690 5243 Mattha‘um,
2725 5185 2874 5232 recle
2905 5177 3282 5231 immutatum
3331 5182 3422 5232 est
3467 5193 3653 5249 nuper
3695 5178 3806 5232 sub

2160 5268 2335 5322 ﬁnem
2369 5265 2625 5322 homiliaa
2661 5283 2674 5320 :
2701 5261 2859 5319 Ἀλλ’
2888 5261 3043 5317 οὐδὲν
3077 5259 3271 5341 ὄφελος
3303 5263 3538 5328 ἐντεῦθεν
3572 5267 3645 5326 εἰς
3671 5265 3806 5319 ἀπο-

2162 5355 2348 5430 λογῖαν
2379 5355 2586 5420 αὐτοῖς,
2621 5351 2801 5428 ὥσπερ
2835 5351 2925 5406 οὖν
2975 5351 3104 5407 οὐδὲ
3145 5359 3263 5417 τοῖς
3307 5351 3592 5415 πολιτείας
3634 5351 3806 5409 ἕνεκεν

2166 5448 2479 5518 μετανοοῦσι
2509 5442 2650 5497 τότε·
2677 5445 2827 5498 «Sed
2865 5443 3006 5498 nihil
3042 5445 3315 5500 utilitatis
3349 5445 3480 5500 inde
3503 5446 3809 5516 accipient,

2161 5535 2661 5606 quemadmodum
2697 5549 2884 5603 neque
2917 5533 2998 5588 illi
3033 5534 3137 5605 qui
3175 5551 3378 5590 eversa
3407 5534 3638 5589 civitate
3669 5535 3811 5588 resi-

2162 5626 2461 5697 piscuntm
2490 5623 2674 5687 Imo,«
2697 5624 3197 5693 quemadmodum
3231 5641 3336 5680 nec
3368 5624 3473 5694 illi,
3507 5639 3653 5695 quos
3683 5626 3813 5677 tum

2160 5715 2290 5770 vitae
2324 5716 2604 5770 anteactae
2634 5710 2954 5784 paenitebit.
