4156 6386
863 0 1340 15 -σ--ὲῗ-σ--Ι-Ι--ῌ-
1343 8 1406 16 ‘——
1415 10 1446 17 ...-
1473 12 1487 18 -

357 407 511 471 1007

1559 405 1795 466 NOTAE
1839 405 2283 466 FRONTONIS
2326 405 2582 468 DUC/El

3615 416 3777 478 1008

430 540 548 598 Col.
584 539 686 597 192
737 540 776 597 C
816 539 871 593 7.
923 535 1022 592 Διᾶ
1076 537 1176 605 τὴν
1232 535 1292 592 ἐκ
1348 534 1578 612 φύσεως.
1630 537 1842 595 Omisit
1896 537 2007 596 hoc
2035 537 2092 609 Α
2121 535 2357 611 σκύμνον
2388 535 2608 602 λέοντος
2640 538 2850 605 Ἰούδας
2877 539 3167 598 αἲνίττεται
3199 538 3417 613 Ἰακὼϐ,
3448 541 3628 622 λέγων
3676 548 3771 604 τὸν

357 631 666 703 interpres,
697 632 758 686 at
783 645 896 684 non
924 627 1289 696 Eustathius,
1325 628 1426 700 qui
1459 627 1632 682 vertit
1686 626 2003 701 eleganter,

359 747 386 775 ‹‹
418 723 556 779 vitio
587 722 876 795 superbia:
909 719 1197 776 naturalis
1236 719 1426 776 elatus
1486 719 1702 793 refugit
1755 719 2004 776 aliorum

357 811 878 869 consociationem.
935 831 962 858 »
1012 808 1350 876 Cornarius,
1404 830 1430 861 α
1484 815 1723 881 propter
1781 814 2006 866 natura:

356 901 716 975 superbiam.
751 922 773 951 ι
809 899 893 954 Ad
925 899 1189 967 verbum,
1230 921 1256 952 ιι
1287 903 1524 972 prepter
1548 899 1789 955 insitam
1821 917 1854 956 a
1903 917 2006 954 na.

356 999 490 1050 tura
519 991 878 1064 superbiam.
909 1014 931 1043 ι
962 988 1412 1045 Immutavimus
1443 990 1619 1045 etiam
1653 988 1798 1046 illud
1831 989 2004 1062 paulo

358 1087 493 1139 ante
523 1079 842 1156 εὐχάριστον
876 1080 904 1133 ὁ
951 1076 1118 1147 κύων,
1154 1102 1182 1129 ‹‹
1231 1078 1527 1151 gratiosus
1585 1079 1770 1150 canis,
1802 1101 1830 1130 »
1868 1095 2004 1134 nam

357 1169 678 1246 εὖχάριστος
713 1173 802 1226 est
829 1192 855 1220 υ
889 1185 1116 1224 memor
1136 1167 1424 1235 beneficii,
1445 1190 1472 1216 »
1491 1184 1676 1236 non,«
1695 1167 1795 1239 qui
1818 1168 2007 1240 gratia

353 1259 527 1317 valet.
581 1282 607 1309 »
666 1257 1034 1330 Eustathius,
1074 1256 1431 1331 «gratificus
1489 1257 1672 1314 canis.
1727 1280 1755 1307 »
1805 1256 2006 1313 Simile

355 1349 499 1406 illud
531 1349 700 1419 infra,
732 1347 795 1402 τὸ
829 1344 886 1401 δὶ
915 1345 1257 1420 μνημόσυνον
1301 1351 1400 1415 τῆς
1445 1343 1673 1421 χάριτος
1722 1349 1818 1400 τοῦ
1861 1346 2002 1415 ζώου

351 1439 473 1495 τίνα
499 1443 606 1494 τῶν
638 1436 950 1515 ἀχαρίστων
983 1437 1120 1512 πρὸς
1149 1434 1322 1512 εὐεργ.
1352 1433 1413 1490 οὐ
1457 1434 1710 1511 καταίσχ.

424 1540 541 1597 Col.
577 1540 752 1596 1943
807 1538 860 1593 8.
919 1539 962 1593 E
1015 1536 1247 1592 stabulis
1300 1535 1376 1592 ad
1432 1552 1520 1591 ex.
1580 1534 2000 1609 Argyropylus,

360 1652 381 1681 ι
417 1631 566 1688 laetis
596 1626 934 1701 aspectibus
966 1643 996 1682 e
1021 1624 1276 1682 stabulis
1329 1626 1456 1682 suis
1509 1625 1912 1696 egrediuntur,
1946 1629 2001 1681 et

352 1725 511 1778 recta
567 1719 638 1776 ad
687 1719 912 1773 viarum
961 1715 1153 1772 exitus
1212 1718 1558 1787 spectant.»
1595 1719 1667 1769 At
1716 1731 1832 1771 non
1861 1713 2004 1771 dicit

353 1815 579 1881 auctor,
612 1808 786 1864 boves
839 1804 1034 1878 egredi
1086 1820 1116 1860 e
1173 1803 1423 1861 stabulis
1473 1803 1686 1860 hiemis
1717 1807 1999 1876 tempore,

353 1900 456 1957 sed
488 1915 557 1954 ex
582 1896 656 1953 iis
690 1898 1082 1968 prospectare,
1123 1897 1300 1965 atque
1329 1892 1666 1965 egrediendi
1707 1893 2000 1966 cupidita-

349 1994 467 2046 tem
501 2005 616 2060 praa
647 2001 708 2042 se
731 1984 879 2041 ferre
905 2001 918 2039 :
951 1983 1106 2056 quod
1129 1983 1423 2055 quomodo
1449 1981 1572 2052 flat,
1596 1981 1786 2038 fusius
1815 1999 1996 2056 expo-

344 2078 432 2133 nit
479 2077 538 2133 S.
590 2073 956 2141 Ambrosius,
1008 2071 1110 2128 lib.
1162 2088 1241 2139 vx,
1289 2089 1417 2144 cap.
1452 2073 1483 2126 4
1530 2089 1605 2128 :«
1653 2071 1836 2129 Iidem
1893 2073 1992 2130 ubi

2115 626 2370 702 Χριστὸν,
2403 627 2494 681 καὶ
2523 627 2650 691 τοὺς
2697 627 2748 683 ἐν
2796 633 2865 704 τῇ
2899 629 3269 706 ’Λποκαλύψει
3321 634 3596 690 Ἰωάννου·
3631 634 3773 694 Ἰδοὺ

2115 713 2359 785 ἐνίκησεν
2411 716 2440 770 ὁ
2493 715 2631 771 λέων
2660 718 2688 771 ὁ
2740 715 2800 772 ἐκ
2848 717 3027 794 φυλῆς
3087 719 3281 777 Ἰούδα·
3315 720 3503 798 λεαίνῃ
3553 723 3611 780 δὲ
3661 723 3773 782 δευ·

2115 803 2247 878 τέρα
2303 802 2368 858 οὒ
2413 809 2618 880 γίνεται
2667 806 2886 878 κύησιςο
2916 807 3018 884 ἄρα
3067 811 3250 866 οὐκέτι
3299 813 3492 883 κύησιν
3545 812 3688 871 οἶδεν
3734 819 3769 887 ἡ

2116 891 2318 970 Μαρία,
2369 894 2550 949 οὐκέτι
2601 899 2885 974 συνάφειαν
2931 900 3200 972 σωμάτων
3233 903 3269 971 ἡ
3312 900 3436 976 ἁγία
3487 904 3770 980 παρθένοςο

2120 1005 2148 1034 (ι
2179 983 2237 1040 Si
2271 985 2423 1040 enim
2456 986 2719 1042 catulum
2743 987 2932 1044 leonis
2951 989 3106 1046 Juda
3125 990 3372 1047 obscure
3395 993 3544 1049 dixit
3565 994 3774 1060 Jacob,

2115 1073 2414 1129 Christum
2464 1075 2687 1141 dicen,
2719 1080 2777 1132 et
2823 1078 2883 1132 in
2929 1078 3273 1152 Apocalypsi
3325 1081 3597 1150 habetur,
3641 1085 3776 1141 Ecce

2115 1163 2247 1218 vicit
2276 1164 2358 1218 leo
2387 1163 2461 1219 de
2491 1165 2642 1220 tribu
2663 1165 2826 1234 Iuda,
2860 1166 3053 1223 laenae
3104 1173 3303 1225 autem
3355 1187 3470 1226 non
3520 1173 3772 1246 contigit

2116 1252 2412 1308 secundus
2445 1257 2652 1325 partus
2686 1271 2698 1310 :
2731 1271 2868 1326 ergo
2900 1273 3012 1312 non
3046 1257 3308 1330 amplius
3338 1264 3573 1332 partum
3611 1263 3774 1320 novit

2114 1341 2316 1409 Maria,
2335 1359 2449 1398 non
2474 1343 2732 1416 amplius
2746 1361 2851 1401 con
2853 1346 3221 1416 junctionem
3236 1365 3546 1421 corporum
3563 1357 3766 1409 sancta

2111 1430 2294 1504 virgo.
2332 1455 2359 1481 »
2392 1432 2685 1489 Avieenna
2715 1451 2954 1491 cauam
2997 1437 3211 1505 reddit,
3245 1437 3459 1495 citatus
3508 1457 3544 1496 a
3591 1440 3760 1498 Caelio

2113 1520 2390 1593 Rhodig.,
2424 1520 2526 1577 lib.
2557 1539 2759 1590 xxvm,
2790 1540 2918 1596 cap.
2957 1525 3012 1594 9,
3046 1542 3151 1581 cur
3199 1527 3384 1584 semel
3433 1529 3662 1601 pariat;
3693 1532 3764 1587 ob

2112 1609 2322 1666 caloris
2349 1610 3153 1672 nimietatem.Adversantur
3173 1621 3370 1673 tamen
3403 1617 3591 1674 eidem
3633 1636 3761 1676 sen-

2109 1699 2326 1768 tentiis,
2361 1705 2419 1756 et
2466 1700 2726 1758 historias
2768 1702 2890 1778 περὶ
2948 1704 3292 1776 μονοτοκίας,
3329 1707 3586 1779 primum
3638 1708 3768 1781 ipsa

2109 1787 2410 1860 Scriptura
2462 1805 2646 1860 sacra,
2699 1807 2826 1862 quae
2885 1791 3142 1864 plurium
3193 1794 3524 1852 catulorum
3573 1796 3766 1854 leaena:

2113 1877 2404 1943 meminit,
2425 1895 2540 1934 non
2561 1879 2845 1952 singulari
2880 1898 3126 1938 numero
3159 1883 3338 1939 catuli
3367 1887 3622 1957 tantum,
3652 1887 3764 1944 Job

2110 1983 2345 2037 xxxvm,
2377 1966 2450 2022 39
2481 1984 2494 2022 :
2527 1991 2557 2018 «
2590 1969 2866 2041 Nunquid
2903 1972 3099 2044 capies
3143 1971 3335 2028 leaenas
3393 1976 3676 2046 praedam,
3709 1982 3768 2032 et

2105 2055 2364 2112 animam
2398 2058 2727 2114 catulorum
2785 2061 2915 2130 ejus
2953 2060 3278 2133 implebis?
3312 2083 3340 2112 »
3367 2063 3762 2138 Hieronymus

341 2164 596 2225 naturali
628 2181 806 2221 sensu
838 2161 1230 2219 mutationem
1263 2160 1392 2218 cceli
1437 2160 1798 2235 collegerint,
1833 2163 1975 2220 fora:

2101 2145 2161 2200 in
2182 2162 2262 2201 vn
2285 2146 2536 2203 Danielis
2563 2163 2576 2204 :
2600 2170 2629 2199 α
2656 2147 2866 2204 Dicunt
2886 2149 2988 2220 qui
3011 2151 3078 2206 de
3113 2151 3436 2207 bestiarum
3461 2154 3751 2226 scripsere

338 2259 625 2332 spectant,
641 2258 698 2311 et
718 2253 874 2309 ultra
897 2252 1180 2326 praesepia
1200 2250 1456 2307 cervices
1477 2251 1803 2307 extendunt
1823 2269 1982 2324 suas,
2100 2236 2355 2332 “luris:
2375 2235 2591 2332 1393383
2621 2253 2751 2294 383°
2782 2237 3394 2332 {QFPCiOPBBgPQXime
3433 2241 3483 2299 εί
3522 2243 3752 2300 catulos

335 2325 454 2403 una
483 2325 688 2402 omnes
718 2325 933 2415 specie,
967 2345 1032 2396 ut
1060 2340 1294 2412 prodire
1320 2356 1382 2397 se
1427 2338 1574 2396 velle
1617 2343 1925 2396 testentur.
1956 2364 1975 2391 ›;

2098 2325 2382 2380 nutriant.
2420 2347 2446 2372 »
2480 2325 2790 2392 Homerus,
2821 2327 2922 2382 lib.
2953 2343 3072 2383 xvn
3099 2328 3299 2385 Iliados
3329 2347 3348 2383 .-

331 2433 672 2492 Eustathius
709 2431 963 2504 denique
993 2430 1078 2487 sic
1107 2430 1280 2485 vertit
1313 2446 1325 2485 :
1363 2453 1390 2480 «
1422 2429 1502 2486 De
1550 2429 1783 2487 stabulo
1842 2430 1975 2488 foris

2163 2431 2406 2509 ξῑεξστήκιιι
2441 2430 2514 2509 ὥς
2543 2430 2633 2509 τίς
2657 2453 2715 2486 τε
2741 2431 2882 2509 λέῳν
2909 2433 3032 2509 περὶ
3065 2433 3169 2488 οἶσι
3199 2435 3464 2494 τέκεσσιν.

329 2523 507 2582 simul
537 2537 742 2580 omnes
774 2519 1068 2593 aspiciunt
1087 2521 1386 2575 mutantes
1416 2517 1666 2575 vultum.
1705 2538 1729 2570 υ
2167 2506 2336 2577 thue
2364 2506 2444 2560 leo
2473 2507 2534 2560 in
2562 2507 2707 2562 silva
2734 2508 2936 2574 stabat,
2967 2506 3068 2564 sua
3087 2510 3329 2580 pignora
3356 2511 3585 2566 circum.

399 2631 521 2688 Col.
555 2631 656 2686 198
687 2630 728 2687 C
755 2630 811 2684 7.
847 2632 930 2684 Ea:
959 2627 1044 2683 his
1092 2627 1292 2698 liquet.
1335 2625 1429 2682 Sic
1468 2625 1833 2697 interpretati
1881 2644 1975 2684 su-

2091 2611 2315 2684 Horat.,
2346 2611 2450 2668 lib.
2483 2629 2544 2669 ιιι
2575 2612 2782 2682 Carm,
2815 2615 2924 2670 ode
2952 2614 3023 2670 20
3057 2631 3071 2670 :

328 2739 464 2780 mus
487 2723 610 2778 loco
631 2718 892 2784 illorum,
914 2733 1040 2790 qua:
1062 2714 1460 2788 Argyropylus
1481 2716 1771 2772 ediderat:
1796 2740 1823 2766 ‹‹
1849 2716 1979 2774 Haec
2266 2721 2385 2796 Ilion
2417 2720 2581 2796 uides,
2613 2730 2812 2796 quanto
2839 2738 3056 2796 moveas
3080 2723 3311 2796 periclo,

326 2812 592 2868 indicant
621 2810 956 2865 animantes
987 2809 1228 2862 cunctas
1263 2803 1602 2861 istiusmodi
1643 2809 1857 2861 natura
1884 2806 1978 2862 in-
2265 2793 2502 2865 Pyrrhe,
2526 2792 2756 2851 Gwlula?
2789 2795 3000 2850 catulos
3031 2792 3241 2852 leaenas.

325 2901 544 2957 dociles
573 2915 703 2954 esse
721 2913 787 2953 ac
807 2895 1084 2953 doctrinae
1107 2895 1304 2951 rudes.
1328 2915 1356 2943 »
1379 2897 1452 2948 At
1473 2894 1628 2949 enim
1661 2893 1757 2949 hic
1787 2890 1974 2948 ἀδιδά-
2161 2898 2529 2970 Plutarchus,
2563 2900 2644 2957 lib
2664 2903 2741 2958 De
2767 2917 2957 2959 amore
2983 2903 3179 2974 prolis,
3213 2903 3401 2960 citans
3431 2921 3500 2960 ex
3529 2905 3733 2962 eodem

323 3007 488 3050 κτους
519 3003 654 3043 cum
706 2985 848 3042 dicit
890 2984 1022 3038 εἶναι
1074 2983 1171 3044 τὰς
1221 2980 1426 3056 φύσεις,
1460 2983 1615 3039 idem
1659 2983 1972 3056 signiﬁcat,

2087 2987 2322 3044 Homeri
2378 2988 2526 3044 libro
2578 2989 2782 3046 Iliados
2832 3006 3092 3062 versum,
3150 2991 3380 3050 leonem
3434 2993 3536 3066 ait,
3594 2993 3732 3068 πρὸς

325 3095 393 3134 ac
423 3077 473 3134 si
502 3070 922 3135 αὖτοδιδάκτους
955 3073 1298 3146 appellaret,
1324 3069 1432 3128 hoc
1477 3076 1585 3138 est,
1619 3078 1826 3145 suapte
1863 3092 1971 3130 na-

2087 3074 2211 3140 τοὺς
2266 3075 2538 3152 κυνηγοὺς
2598 3074 2912 3142 σπένδεσθαι
2976 3077 3102 3156 περὶ
3130 3083 3240 3134 τῶν
3271 3081 3488 3136 τέκνων⁹
3536 3088 3727 3140 aCum

323 3172 456 3223 tura
488 3166 676 3221 facere
703 3164 980 3236 pleraque
1000 3161 1281 3218 animalia
1311 3178 1404 3219 res
1436 3161 1568 3218 illas
1597 3178 1825 3230 omnes,
1867 3179 1973 3220 nec
2083 3166 2460 3222 venatoribus
2510 3167 2734 3240 pacisci
2770 3169 2840 3225 de
2869 3170 3100 3227 catulis.
3136 3191 3166 3221 »
3218 3171 3463 3244 Plinius,
3495 3171 3598 3229 lib.
3629 3192 3731 3230 vm

321 3273 471 3330 opus
498 3254 903 3327 esse,utipsis
930 3253 1044 3308 ille
1068 3254 1336 3309 doctrina
1363 3254 1449 3310 vel
1483 3255 1789 3326 praeceptis
1825 3253 1970 3312 alio.
2001 3304 2043 3332 η
2081 3257 2310 3325 Histor.,
2341 3273 2470 3328 cap.
2507 3258 2592 3324 16,
2624 3257 2925 3329 vulgarem
2968 3259 3130 3316 illam
3181 3261 3518 3332 opinionem
3572 3263 3731 3318 refu-

320 3363 453 3402 rum
511 3347 900 3402 innotescant.
963 3342 1056 3398 Sic
1122 3341 1355 3399 locutus
1411 3342 1642 3399 videtur
1697 3343 1970 3400 Clemens
2001 3341 2043 3372 υ
2083 3348 2169 3400 tat
2201 3361 2214 3400 :
2251 3367 2279 3396 «
2311 3344 2500 3402 Semel
2533 3351 2728 3402 autem
2756 3346 2846 3402 edi
2881 3353 3120 3419 partum
3150 3347 3405 3406 lacerato
3435 3351 3726 3424 unguium

320 3434 772 3502 Alexandrinus,
797 3433 898 3488 lib.
931 3449 992 3486 ιιι
1035 3437 1356 3503 Ρωαααοθη
1390 3449 1516 3504 cap.
1544 3435 1578 3488 8
1611 3449 1624 3489 ε
1658 3433 1726 3489 0t
1761 3432 1856 3504 μὲν
1885 3429 1966 3487 δι-

317 3519 604 3598 δαχθέντες
638 3520 941 3591 ἐσώθησανο
976 3520 1027 3574 οἱ
1060 3517 1116 3574 δὲ
1159 3516 1581 3591 αύτοδιδάκτως,
1613 3522 1649 3591 ἢ
1684 3519 1963 3592 ἐζήλωσαν

315 3613 349 3682 ἢ
383 3611 653 3682 ἐζήτησαν
684 3609 900 3686 ἀρετήν·
925 3611 1042 3666 «Ex
1064 3610 1402 3666 hominibus
1429 3610 1527 3666 alii
1549 3611 1787 3683 quidem
1812 3613 1964 3668 docti

315 3704 530 3760 servati
552 3701 814 3768 eunt,alii
831 3717 962 3758 vero
976 3706 1302 3774 suasponte
1313 3703 1588 3758 virtutem
1607 3702 1693 3759 vel
1714 3704 1965 3777 amplexi

316 3798 454 3850 sunt
476 3793 561 3849 vel
581 3792 960 3865 quaesierunt.
983 3812 1010 3840 ››
1025 3790 1281 3846 Basilius
1300 3791 1428 3862 ipse
1449 3791 1507 3846 in
1530 3791 1964 3850 Commentario

315 3886 376 3939 in
407 3885 601 3939 Isaiam
633 3901 651 3936 :
683 3878 762 3937 Τὰ
791 3879 1102 3954 γεννώμενα
1133 3877 1237 3932 ὑπὸ
1283 3882 1391 3932 τῶν
1430 3878 1778 3955 κερασφόρων
1811 3882 1964 3950 ζώων

311 3973 411 4041 τήν
465 3970 641 4041 θηλὴν
703 3966 1005 4029 ἀδιδάκτως
1056 3966 1321 4038 ἐπιζητεῖ·
1354 3992 1381 4020 ‹‹
1413 3973 1805 4027 Cornutorum
1835 3973 1960 4028 ani.

312 4061 557 4119 malium
591 4059 735 4132 pulli
794 4060 978 4115 ubera
1025 4057 1187 4114 nullo
1235 4059 1478 4114 docente
1527 4061 1894 4132 perquirunt.
1931 4084 1959 4112 ››

307 4150 659 4208 Eustathius
704 4148 814 4204 hoc
861 4148 986 4203 loco
1012 4147 1188 4203 vertit
1219 4193 1233 4218 ,
1263 4170 1290 4198 «
1324 4147 1469 4211 Quia
1501 4150 1787 4206 naturalis
1817 4167 1957 4222 pru-

313 4239 512 4296 dentia
543 4237 819 4294 doctrinm
851 4236 1166 4292 traditione
1197 4252 1311 4291 non
1344 4237 1547 4292 utitur.
1571 4259 1600 4286 »
1618 4237 1796 4295 Paulo
1828 4246 1960 4311 post

302 4331 368 4386 D.
403 4329 457 4399 3,
486 4330 654 4382 ταῦτα
712 4322 981 4380 δείκνυται
1031 4323 1178 4398 παρὰ
1231 4330 1332 4392 τῆς
1390 4323 1600 4402 φύσεως
1634 4325 1661 4379 ὁ
1693 4325 1839 4381 κύων
1866 4349 1957 4382 πε-

300 4415 683 4491 παιδευμὲνος,
707 4417 862 4472 idem
885 4415 1232 4472 Eustathius
1263 4416 1482 4472 clarius
1513 4415 1953 4488 interpretatur,

301 4531 330 4559 «
363 4525 432 4565 ea
463 4523 589 4578 quis
619 4523 722 4579 per
751 4506 937 4562 otium
969 4505 1104 4560 vitae
1130 4504 1374 4576 longum
1409 4506 1652 4576 quidam
1681 4507 1954 4562 sedentes

297 4599 392 4654 vix
435 4596 695 4652 invenire
742 4598 1082 4667 potuerunt,
1127 4593 1412 4650 beneﬁcio
1483 4594 1736 4650 naturali
1787 4595 1949 4652 canis

299 4691 654 4744 consecutus
680 4684 984 4740 asseritur.
1018 4703 1045 4735 ι

365 4776 482 4834 Col.
517 4774 619 4830 199
647 4779 692 4829 Α
727 4775 812 4828 14.
867 4774 1058 4829 Leonis
1114 4774 1302 4829 unius.
1339 4773 1690 4829 Addidimus
1749 4790 1947 4831 vocem

297 4891 324 4918 «
343 4867 557 4924 unius»
577 4865 770 4921 verbis
789 4863 1148 4935 interpretis,
1173 4880 1349 4935 quam
1374 4867 1431 4918 et
1448 4863 1793 4920 Eustathius
1811 4866 1952 4921 omi-

292 4957 394 5013 sit:
413 4957 513 5014 sed
533 4959 860 5028 agnoscunt
878 4953 1045 5025 Regii
1068 4954 1182 5009 duo
1207 4949 1432 5013 λέοντος
1466 4949 1946 5026 tvdc.Suﬂ'ragan-

288 5051 386 5102 tur
398 5047 536 5102 huic
554 5044 855 5102 sententias
877 5044 948 5099 de
982 5043 1174 5099 lamnae
1200 5047 1372 5114 partu
1397 5041 1570 5096 unico
1592 5042 1946 5113 Herodotus,

293 5135 502 5203 Thalia,
539 5152 594 5208 p.
627 5135 769 5189 232:
799 5134 861 5189 Ἠ
893 5130 1080 5187 λέαινα
1129 5129 1215 5185 ἐὰν
1269 5129 1628 5205 ἰσχυρότατον
1673 5130 1762 5185 καὶ
1812 5143 1942 5209 θρατ

284 5221 530 5291 σύτατον,
565 5222 702 5293 ἅπαξ
762 5219 814 5275 ἰν
872 5225 952 5293 τῷ
1009 5221 1118 5296 βίῳ
1173 5219 1340 5274 τίκτει
1384 5215 1479 5273 ἓν·
1533 5219 1784 5276 τίκτουσα
1839 5223 1941 5299 γὰρ

287 5306 640 5366 συνεκϐάλλει
670 5315 750 5383 τῷ
787 5309 960 5382 τέκνῳ
1000 5309 1094 5374 τὰς
1133 5311 1361 5384 μήτρας·
1383 5333 1409 5359 ‹‹
1451 5309 1678 5381 Leaena,
1709 5313 1942 5370 validis-

285 5403 502 5457 simum
532 5403 1081 5474 ferocissimumque
1099 5399 1600 5468 animal,semeliu
1617 5402 1730 5458 vita
1755 5421 1938 5460 unum
2052 5422 2186 5477 guo,
2222 5403 2321 5475 qui
2353 5402 2544 5458 lemne
2577 5401 2788 5458 catulis
2820 5400 3084 5472 quinque
3109 5399 3279 5454 caecis
3309 5399 3502 5454 visum
3535 5400 3707 5457 resti-

286 5492 439 5564 parit
464 5509 476 5546 :
504 5507 638 5546 nam
664 5509 781 5546 una
804 5507 935 5546 cum
974 5494 1090 5546 fetu
1119 5496 1351 5546 uterum
1376 5492 1612 5546 emittit.
1639 5514 1667 5542 ››
1689 5493 1937 5566 [Εεγρῐὶἱ
2051 5495 2350 5565 tuit,quos
2379 5492 2437 5546 in
2468 5490 2750 5564 spelunca
2769 5489 3085 5546 nutriebat.
3106 5488 3262 5542 Idem
3283 5489 3591 5545 ferendum
3616 5495 3706 5547 est

287 5581 887 5654 quoque,utestapud
910 5581 1126 5636 Horum
1151 5580 1786 5650 Niliacum,mulierem
1811 5599 1938 5653 quae
2040 5583 2334 5655 judicium
2395 5580 2465 5635 de
2517 5580 2700 5634 altera
2738 5579 2947 5650 viperas
3006 5577 3271 5645 historia,
3320 5592 3420 5632 seu
3481 5578 3703 5646 fabula,

291 5668 472 5727 semel
498 5672 727 5725 tantum
765 5669 990 5740 peperit
1027 5669 1360 5741 significare
1391 5670 1674 5741 volentes,
1694 5671 1935 5726 leaenam
2048 5689 2225 5745 quam
2251 5669 2492 5741 subjicit
2513 5669 2607 5725 hic
2628 5667 2881 5724 Basilius
2903 5684 2971 5723 ex
2999 5667 3203 5722 eodem
3237 5665 3512 5721 Herodoti
3543 5667 3704 5725 fonte

291 5759 563 5828 pingunt.
621 5755 986 5828 Epiphanius
1034 5760 1272 5814 demum
1322 5760 1528 5815 haaresi
1561 5761 1631 5812 78
1665 5776 1678 5814 :
1715 5757 1783 5815 Ei
1833 5759 1932 5835 γὰρ
2048 5763 2459 5827 dcductam,et
2487 5774 2555 5815 ex
2575 5757 2928 5830 cjuslibmr,
2951 5773 3130 5830 quam
3160 5760 3218 5812 et
3249 5755 3439 5812 Horus
3470 5756 3697 5828 Apollo,

2001 3304 2043 3372 C

2079 3433 2204 3489 acie
2236 3438 2400 3490 utero
2429 3434 2486 3489 in
2521 3435 2694 3490 enixu
2725 3435 2969 3508 vulgum
3022 3438 3341 3494 credidisse
3397 3439 3562 3495 Video
3592 3442 3727 3495 Ari-

2077 3523 2318 3579 stoteles
2349 3525 2550 3595 tradit,
2583 3524 2826 3580 leaenam
2860 3527 3050 3598 primo
3085 3528 3200 3581 fetu
3233 3543 3432 3598 parcre
3462 3527 3722 3599 quinque

2076 3611 2320 3680 catulos,
2346 3629 2410 3668 ac
2441 3629 2542 3684 per
2579 3631 2767 3669 annos
2797 3614 3062 3685 singulos
3091 3631 3205 3670 uno
3245 3614 3466 3680 minus,
3498 3617 3570 3671 ab
3601 3633 3718 3671 uno

2075 3701 2460 3758 sterilescere.
2499 3724 2526 3752 ››
2557 3703 2744 3759 Verba
2778 3702 3103 3759 Aristotelis
3131 3703 3253 3759 haec
3299 3709 3460 3773 sunt,
3491 3704 3600 3761 lib.
3637 3722 3716 3772 v1,

2073 3806 2200 3862 cap.
2234 3791 2323 3859 31,
2346 3791 2420 3847 De
2448 3791 2650 3846 Histor.
2675 3788 3169 3860 animal.:Ttxut,
3197 3789 3270 3852 ὡς
3299 3788 3386 3845 ἐπὶ
3420 3789 3566 3846 πολὺ
3598 3788 3718 3865 δύο,
3802 3865 3806 3868 _

2070 3877 2137 3932 τὰ
2169 3879 2350 3950 μέντοι
2383 3875 2615 3933 πλεῖστα
2643 3878 2717 3950 ἓξ,
2747 3879 2918 3934 τίκτει
2950 3875 3008 3934 δὲ
3037 3878 3208 3935 ἐνίοτε
3236 3879 3325 3934 καὶ
3354 3875 3434 3936 ἓν.
3456 3882 3516 3937 ¹Ο
3543 3878 3601 3936 Si
3626 3878 3718 3936 λε-

2071 3967 2227 4043 χθεὶς
2260 3968 2430 4040 μῦθος
2461 3967 2584 4042 περὶ
2615 3971 2711 4022 τοῦ
2743 3961 3029 4023 ἐκϐάλλειν
3055 3967 3150 4030 τὰς
3200 3968 3421 4042 ὑστάρας
3469 3968 3721 4024 τίκτοντα

2071 4052 2333 4132 ληρώδης
2388 4056 2517 4113 εστι.
2554 4081 2583 4108 ‹‹
2637 4058 2791 4114 Parit
2840 4074 3058 4130 magna
3098 4074 3169 4114 ex
3217 4063 3379 4130 parte
3427 4061 3716 4132 geminos,

2068 4151 2168 4204 sed
2193 4165 2323 4204 cum
2353 4148 2642 4220 plurimos
2681 4164 2781 4203 sex
2803 4148 3051 4214 catulos,
3077 4164 3505 4220 nonnunquam
3538 4151 3718 4206 etiam

2067 4255 2274 4294 unum.
2309 4238 2470 4303 Quod
2504 4243 2698 4293 autem
2732 4239 2802 4293 de
2833 4237 3016 4293 leaena
3063 4237 3247 4293 fertur
3293 4237 3524 4294 vulvam
3581 4255 3716 4295 cum

2068 4332 2234 4398 partu
2269 4327 2556 4397 emittere,
2579 4327 2764 4383 delira
2784 4325 2983 4382 fabula
3012 4330 3165 4382 est.»
3195 4326 3346 4382 Tum
3379 4327 3567 4399 addit,
3599 4328 3718 4384 leo-

2065 4431 2170 4472 nes
2199 4416 2375 4488 Syriae
2407 4416 2722 4488 quinquies
2754 4415 2812 4472 in
2843 4415 2967 4472 vita
2996 4431 3218 4487 parere,
3252 4416 3509 4488 primum
3541 4418 3719 4489 quin-

2064 4523 2196 4578 que,
2232 4510 2363 4577 post
2394 4522 2511 4560 uno
2560 4505 2813 4561 subinde
2862 4505 3191 4576 pauciores,
3225 4505 3436 4560 deinde
3485 4507 3719 4563 steriles

2063 4611 2270 4667 agere;
2307 4595 2406 4650 sed
2456 4596 2564 4650 hoc
2596 4593 2913 4665 generatim
2971 4596 3043 4649 de
3101 4593 3382 4649 omnibus
3420 4593 3714 4663 leonibus,

1983 4676 2029 4741 D
2061 4684 2162 4740 lib.
2195 4701 2258 4740 ιιι
2288 4685 2360 4740 De
2414 4686 2765 4755 generatione
2819 4684 3185 4751 animalium,
3244 4698 3372 4753 cap.
3432 4684 3456 4737 1
3520 4689 3580 4740 et
3625 4687 3714 4755 10,

2066 4776 2226 4831 unde
2252 4773 2478 4830 Plinius
2500 4773 2645 4829 illud
2675 4772 2918 4845 accepit,
2953 4776 3012 4826 et
3039 4771 3324 4840 1Elianus,
3357 4770 3440 4827 lib
3469 4789 3548 4840 ιν,
3581 4791 3711 4846 cap.

2057 4867 2149 4934 34,
2182 4867 2254 4922 De
2293 4867 2655 4922 animalibus.
2688 4864 3013 4937 Oppianus,
3046 4863 3150 4918 lib.
3187 4879 3248 4918 ιιι
3278 4863 3538 4936 Cyneget,
3569 4865 3710 4921 Phi-

2056 4955 2356 5022 lostratus,
2391 4955 2450 5009 in
2486 4955 2607 5010 Vita
2638 4951 2946 5026 Apollonii,
2979 4951 3080 5008 lib.
3115 4969 3154 5022 ι,
3196 4968 3322 5024 cap.
3359 4953 3446 5022 16,
3476 4957 3566 5009 ter
3590 4953 3713 5010 leo-

2057 5061 2190 5102 nem
2222 5045 2283 5100 in
2314 5045 2432 5100 vita
2456 5059 2679 5116 parere,
2709 5043 2898 5114 prima
2917 5041 3043 5097 vice
3078 5045 3221 5107 tres,
3244 5041 3506 5097 secunda
3535 5043 3710 5114 duos,

2054 5136 2208 5207 quod
2235 5134 2284 5190 si
2305 5133 2502 5202 tertio,
2528 5133 2675 5188 forte
2715 5147 2922 5187 unum.
2942 5131 3189 5187 Severus
3217 5129 3535 5201 Sulpicius,
3559 5132 3708 5188 Dial.

2057 5224 2106 5292 1,
2140 5239 2264 5295 cap.
2297 5223 2353 5288 9,
2388 5222 2594 5277 scribit
2641 5222 2843 5278 Nitriae
2893 5218 3213 5276 monachos
3265 5220 3335 5274 ad
3387 5221 3708 5291 quemdam

2054 5315 2467 5371 anachoretam
2502 5315 2836 5384 pervenisse
2873 5312 2934 5366 in
2967 5311 3199 5365 deserto
3238 5309 3492 5381 Memphi
3526 5311 3711 5366 conti-
