4156 6390
445 365 598 428 1009
1604 371 1707 430 AD
1754 369 2103 430 HOMILIAS

2185 370 2255 432 IN
2301 369 2442 428 PSA
2457 368 2688 428 LMOS.
3700 366 3857 426 1010

443 498 881 571 hieroglyphico
925 501 1016 568 56,
1071 501 1439 572 Plutarchus,
1486 501 1589 557 lib.
1623 505 1702 558 De
1737 502 2091 570 garrulitate,
2122 505 2174 572 Α
2208 501 2407 572 pylum
2440 501 2636 571 aptius
2680 500 3127 571 interpretatum
3167 498 3226 552 in
3259 497 3550 554 veteribus
3581 498 3855 553 editioni-

446 586 685 654 Plinius,
717 587 818 644 lib.
852 607 907 658 x,
941 607 1068 661 cap.
1100 591 1191 656 62,
1221 590 1504 658 ίΕιίιιῐιυε,
1538 591 1641 647 lib.
1677 608 1714 655 ι,
1744 607 1870 662 cap.
1903 591 1992 658 25,
2020 592 2095 646 De
2203 589 2315 645 bus
2361 589 2603 644 doctiss.
2636 587 3034 644 Montacutius
3068 603 3081 642 :
3115 609 3143 638 «
3176 590 3343 643 Nunc
3385 603 3516 643 vero
3559 589 3720 656 sunt,
3755 585 3854 656 qui

442 680 797 747 animalibus,
834 681 1928 754 propagarunt.Theophrastus,lib.xv,
1962 698 2088 753 cap.
2202 677 2496 735 memoria:
2526 677 2912 748 prodiderunt
2950 676 3225 732 trecentis
3257 675 3429 732 annis
3460 679 3517 731 et
3547 675 3703 731 ultra
3731 674 3850 731 ele-

445 769 530 836 l6,
565 785 680 824 non
729 769 958 826 catulos
1008 770 1218 841 viperae
1271 771 1529 842 parentis
1561 777 1796 826 uterum
1828 771 2091 840 exedere,

2202 768 2481 838 phantem
2528 765 2734 822 vivere.
2772 788 2799 816 »
2833 765 2979 829 Τινὲς
3008 765 3306 839 ἱστοροῦσι,
3342 765 3506 834 dixit,
3540 782 3680 834 non,
3710 764 3848 825 τινὲς

440 860 540 914 sed
575 864 823 914 matrem
857 857 1006 914 uteri
1057 860 1345 930 angustiis
1390 860 1759 931 compulsam
1798 859 2090 930 disrumpi
2201 853 2398 912 ἴσασιν.
2442 855 2754 912 Cornarius
2790 873 2802 912 :
2843 875 2864 905 ι
2911 856 3078 911 Nunc
3121 859 3319 912 autem
3372 855 3618 911 tradunt
3667 853 3848 926 aliqui

439 947 639 1002 tradit.
662 948 953 1003 Nicander
983 948 1144 1016 item,
1180 949 1239 1003 in
1290 948 1590 1019 Theriacis,
1623 954 1678 1005 et
1706 949 2091 1016 Athanasius,
2198 949 2490 1003 trecentos
2537 961 2722 1000 annos
2771 949 2828 1000 et
2869 945 3068 1016 plures
3111 945 3305 1001 adhuc
3348 944 3535 1001 vivere
3571 943 3846 1016 elephan-

440 1041 646 1108 quzest.
697 1037 769 1092 56
812 1037 883 1092 ad
927 1037 1260 1094 Antiochum
1282 1082 1295 1108 ,
1341 1038 1942 1111 Epiphanius,haeresi
1996 1039 2087 1093 26.
2198 1040 2340 1092 tem.
2364 1054 2391 1087 ιι
2430 1033 2799 1104 Eustathius,
2831 1056 2857 1085 ι(
2890 1033 3075 1089 fertur
3103 1038 3302 1089 autem
3327 1032 3710 1106 elephantum
3742 1035 3850 1088 tre-

442 1124 748 1182 Refellitur
775 1124 898 1182 haec
928 1125 1177 1183 historia
1196 1129 1488 1185 contraria
1510 1127 1868 1201 experientia
1897 1131 1954 1183 et
1982 1144 2090 1183 au-
2199 1129 2420 1182 centos.
2454 1145 2483 1175 »
2520 1126 2664 1180 Item
2695 1122 2841 1178 illud
2873 1123 3027 1195 quod
3064 1123 3352 1196 sequitur,
3385 1118 3474 1176 διὰ
3510 1125 3672 1176 τοῦτο
3704 1142 3845 1195 συμ-

440 1216 712 1272 ctoritate
740 1217 1094 1285 Aristotelis,
1126 1219 1226 1276 lib.
1258 1237 1316 1290 v,
1347 1237 1475 1293 cap.
1496 1222 1844 1290 311,Hisloria2
1870 1221 2088 1276 anima-

440 1305 599 1372 lium,
633 1305 734 1377 qui
779 1307 850 1362 de
901 1308 1096 1379 vipera
1125 1308 1234 1365 hoc
1276 1309 1456 1365 tradit
1490 1328 1503 1367 :
1537 1308 1720 1366 Τίκτει
1773 1308 1941 1382 μικρᾶ
1969 1305 2087 1382 ἔχι-

439 1389 536 1447 δνα
565 1390 618 1447 ἐν
653 1392 862 1466 ὗμὲσιν,
915 1395 967 1450 οἳ
1013 1394 1470 1472 περιῤῥήγνυνται
1512 1402 1766 1473 τριταῖοιο
1816 1397 1986 1452 τίκτει
2031 1393 2090 1450 δὲ

436 1481 486 1536 ἐν
546 1487 643 1556 μιᾷ
691 1484 874 1557 ἡμέρᾳ
925 1485 1043 1549 καθ’
1082 1483 1156 1539 ἔν·
1212 1509 1239 1537 ι(
1286 1488 1441 1544 Parit
1496 1487 1718 1543 catulos
1781 1486 2088 1543 obvolutos

436 1573 818 1642 membranis,
865 1591 992 1647 qua:
1047 1576 1216 1631 tertia
1255 1580 1606 1648 rumpantur
1647 1593 1660 1631 :
1695 1576 1848 1647 parit
1889 1579 2087 1632 autem

435 1665 683 1735 singulis
709 1665 919 1723 diebus
949 1665 1232 1738 singulos.
1261 1688 1283 1717 ι
1312 1666 1722 1736 Philostratus,
1745 1667 1844 1722 iib.
1879 1684 1921 1722 II
1947 1668 2089 1725 Vitae

436 1755 736 1826 Apollonii,
781 1755 1010 1824 scribit,
1052 1755 1235 1812 visam
1287 1756 1548 1829 viperam
1579 1761 1905 1828 serpentes,
1939 1774 2088 1829 quos

437 1849 768 1916 pepererat,
819 1843 1022 1917 lingua
1064 1844 1346 1901 lambere.
1394 1845 1671 1900 Albertus
1716 1846 1982 1916 Magnus,
2027 1846 2085 1902 in

437 1934 645 1990 Histor.
695 1935 954 2005 animal.,
993 1935 1086 2005 25,
1118 1934 1417 2007 vulgarem
1450 1951 1782 1992 sermonem
1813 1936 1886 1991 de
1915 1940 2089 2008 partu

435 2022 645 2094 vipera
667 2026 725 2079 et
744 2021 940 2094 ipsum
963 2023 1218 2079 Plinium
1239 2023 1398 2079 velut
1428 2025 1798 2081 mendacium
1822 2041 2088 2082 asseren-

2198 1213 2474 1288 πεπηγός,
2500 1230 2618 1270 non
2643 1211 2885 1269 aliertur
2914 1229 2949 1268 a
2976 1211 3188 1268 Basilio
3235 1216 3518 1286 tanquam
3551 1211 3846 1269 diuturni-

2196 1304 2336 1360 tatis
2386 1303 2516 1359 vitas
2547 1320 2748 1372 causa,
2791 1306 2857 1358 ut
2902 1302 3238 1375 interpretis
3284 1303 3463 1360 verba
3508 1307 3742 1374 sonant,
3792 1307 3849 1359 et

2197 1394 2318 1450 haec
2349 1393 2636 1450 Ambrosii
2669 1411 2682 1448 :
2719 1415 2746 1445 «
2777 1393 2945 1448 Nunc
2990 1397 3184 1448 autem
3233 1397 3290 1449 et
3326 1394 3606 1449 trecentis
3635 1397 3692 1449 ct
3722 1410 3845 1448 am-

2197 1483 2352 1555 plius
2385 1483 2652 1539 feruntur
2679 1482 2852 1538 annis
2883 1481 3058 1538 vitam
3090 1483 3434 1554 producere,
3463 1483 3602 1554 quia
3647 1483 3849 1540 omnia

2199 1573 2312 1629 sibi
2344 1573 2416 1628 ad
2467 1572 2936 1645 magnitudinem
2988 1573 3254 1628 membra
3291 1571 3645 1628 conveniunt
3677 1591 3692 1642 ;
3728 1598 3750 1625 s
3789 1577 3847 1628 et

2197 1662 2320 1718 haec
2349 1662 2612 1718 (‘ornarii
2645 1680 2656 1719 :
2692 1685 2720 1713 «
2754 1662 2994 1734 Propter
3039 1661 3192 1718 hanc
3223 1665 3459 1718 artuum
3501 1678 3846 1734 compagem

2200 1751 2395 1809 nullos
2427 1751 2706 1808 articulos
2737 1752 3051 1807 habentem
3088 1767 3100 1806 :
3139 1773 3168 1802 »
3198 1752 3300 1808 sed
3351 1752 3456 1808 hoc
3487 1751 3844 1824 signiﬁcant,

2199 1858 2333 1897 cum
2367 1841 2470 1896 diu
2503 1842 2678 1910 vivat,
2707 1841 2925 1897 idcirco
2959 1839 3283 1912 compactis
3312 1845 3368 1897 et
3397 1858 3512 1897 non
3553 1841 3848 1898 distinctis

2201 1930 2485 1987 membris
2513 1947 2648 1986 eum
2697 1930 3008 2002 praeditum
3061 1946 3211 1986 esse.
3261 1930 3366 1987 Hic
3412 1946 3549 2004 ergo
3589 1931 3848 1988 scriben-

2199 2021 2363 2088 dum,
2401 2041 2429 2071 ι(
2459 2019 2554 2076 his
2602 2024 2766 2076 tanto
2815 2019 3032 2091 plures,
3085 2023 3393 2093 propterea
3438 2025 3744 2093 compacta
3792 2025 3848 2077 et

435 2115 552 2167 tem
585 2111 814 2183 irridet,
845 2129 1022 2184 quem
1055 2113 1411 2169 recentiores
1444 2112 1616 2169 multi
1647 2117 1996 2184 sequuntur,
2025 2118 2091 2170 ut
2198 2109 2379 2166 nullis
2409 2108 2677 2166 articulis
2727 2110 3008 2165 distincta
3040 2114 3181 2165 sunt
3219 2111 3349 2181 ejus
3383 2110 3670 2167 membra.
3705 2132 3734 2160 »
3766 2110 3847 2166 De

436 2200 677 2268 Pierius,
700 2200 804 2258 lib.
829 2218 920 2258 xiv
941 2203 2088 2275 Hicroglyphicorum,Brodsaus,Miscella-
2196 2199 2566 2272 longavitate
2595 2198 2893 2273 elephanti
2925 2198 3286 2268 Aristoteles,
3318 2199 3422 2255 lib.
3454 2217 3577 2271 VIII,
3602 2215 3654 2257 c.
3681 2200 3737 2269 9,
3770 2200 3846 2255 De

433 2305 583 2358 near,
608 2290 715 2348 lib.
764 2308 961 2362 xxxm,
995 2308 1121 2364 cap.
1156 2293 1243 2362 11,
1285 2291 1601 2348 cardinalis
1641 2291 1900 2363 Toletus,
1931 2292 1991 2347 in
2023 2309 2087 2348 ut

2197 2291 2389 2346 histor.
2422 2290 2681 2346 animal.:
2714 2288 2822 2345 Τὸν
2874 2284 2922 2342 δ’
2963 2286 3228 2365 ἐλέφαντα
3280 2290 3376 2362 ζῇν
3427 2309 3584 2363 φασιν
3641 2286 3692 2341 οἷ
3749 2287 3843 2360 μὲν

436 2381 597 2436 Lucis
628 2382 1034 2453 annot.22,qui
1066 2397 1265 2437 sacros
1289 2381 1558 2437 doctores
1579 2381 2087 2454 admonet,vulga-

2195 2377 2320 2453 περὶ
2382 2372 2476 2448 ἔτη
2537 2374 2823 2450 διακόσια,
2879 2377 2932 2432 οἱ
2991 2373 3048 2431 δὶ
3103 2375 3408 2448 τριακόσια’
3467 2401 3496 2429 ι(
3557 2377 3848 2450 Elephan-

434 2485 555 2525 rem
587 2475 823 2530 secutos
845 2470 1348 2542 opinionem,eam
1375 2470 1520 2526 satis
1542 2470 1655 2526 sibi
1676 2471 2086 2527 existimantes
2198 2473 2314 2526 tem
2355 2467 2454 2525 alii
2499 2485 2686 2524 annos
2717 2467 2948 2524 circiter
2993 2468 3281 2525 ducentos
3310 2467 3500 2524 vivere
3529 2466 3718 2538 aiunt,
3750 2465 3850 2522 alii

434 2558 506 2613 ad
539 2558 985 2630 similitudines,
1017 2559 1235 2631 quibus
1268 2560 1603 2626 utebantur,
1623 2559 2083 2616 concinnandas.
2196 2562 2508 2615 trecentos.
2544 2580 2573 2609 »
2598 2557 2756 2614 Idem
2785 2557 3030 2626 Plinius,
3056 2557 3158 2615 lib.
3191 2575 3294 2615 VIII
3322 2559 3552 2629 Ηίθεοι,
3595 2573 3723 2629 cap.
3760 2555 3848 2623 10,

505 2645 626 2703 Col.
662 2648 771 2703 202
798 2652 835 2702 B
865 2647 920 2703 8.
951 2650 1018 2704 Et
1056 2648 1276 2721 quidem
1321 2656 1471 2706 sunt.
1518 2650 1810 2706 Admonet
1839 2651 2084 2723 Argyro-
2195 2653 2252 2706 et
2280 2649 2568 2721 Elianus,
2591 2649 2694 2706 lib.
2729 2666 2866 2723 xvu,
2897 2666 3027 2723 cap.
3058 2652 3113 2706 7.

1308 2943 1438 3039 IN
1506 2943 2111 3039 HOMILIAS
2180 2943 2309 3039 IN
2379 2943 2978 3040 PSALMOS.

503 3281 748 3338 Col.211
784 3283 826 3338 Β
859 3282 924 3338 14
961 3284 1066 3341 Αιιι
1108 3289 1271 3343 certe.
1317 3287 1376 3344 S.
1427 3286 1789 3359 Augustinus
1832 3284 1892 3342 in
1932 3289 2075 3342 Pro-
2110 3288 2153 3356 (ξ
2190 3304 2400 3343 xxxnm
2421 3286 2769 3344 Psalterium
2793 3287 3109 3344 desursum
3130 3285 3309 3343 habet
3337 3285 3847 3358 cavamen,praadi-

431 3370 563 3442 logo
596 3372 656 3426 in
687 3373 958 3440 Psalmos,
980 3372 1070 3429 vel
1093 3374 1366 3446 quisquis
1397 3375 1492 3431 ille
1522 3375 1739 3446 est,qui
1771 3375 2081 3448 Prologum
2193 3375 2344 3432 catio
2376 3375 2629 3433 ccelestis
2657 3375 2746 3432 vel
2772 3375 3051 3432 mandata
3071 3373 3486 3447 intelliguntur
3513 3375 3574 3431 in
3598 3375 3848 3446 sanctis,

432 3459 588 3516 hunc
619 3479 649 3517 e
681 3461 878 3518 Graeco
909 3462 1104 3519 Basilii
1154 3463 1356 3521 Latine
1403 3465 1772 3534 convertit,et
1801 3467 1860 3521 S.
1897 3471 2085 3537 Augu-
2194 3481 2321 3536 quae
2371 3465 2442 3521 de
2483 3465 2758 3538 supernis
2788 3464 3031 3520 veniunt
3061 3482 3074 3522 :
3108 3464 3334 3522 cithara
3362 3464 3638 3521 deorsum
3668 3463 3847 3521 habet

429 3549 570 3606 stini
602 3549 948 3606 tractatibus
990 3553 1053 3608 in
1099 3553 1345 3609 Psalmos
1374 3554 1643 3625 praeﬁxit,
1679 3570 1852 3626 quem
1884 3558 2080 3610 tamen
2193 3570 2493 3612 cavamen.
2519 3577 2546 3606 »
2573 3554 2725 3621 Quin
2753 3554 2932 3610 etiam
2965 3553 3102 3609 hinc
3135 3553 3350 3610 allucet
3380 3553 3691 3626 explicatio
3722 3569 3844 3610 ver-

428 3637 684 3710 theologi
704 3638 1095 3696 Lovanienses
1111 3639 1171 3696 in
1191 3643 1488 3699 manuscri
1494 3643 1612 3715 ptis
1631 3642 1932 3698 codicibus
1954 3643 2083 3714 ejus

431 3742 674 3797 operum
705 3743 821 3782 non
855 3729 1387 3800 receperunt,hunc
1417 3731 1612 3787 locum
1635 3731 1719 3788 ita
1739 3732 2082 3804 interpreta-

430 3819 529 3871 tus
560 3819 685 3884 est;
719 3831 834 3870 non
869 3820 932 3871 ut
952 3817 1320 3888 Tilmannus,
1347 3841 1375 3870 ‹‹
1406 3821 1493 3878 vel
1515 3826 1670 3878 certe
1692 3839 1921 3878 morum
1955 3840 2079 3878 ma-

428 3904 668 3960 turitate
697 3905 961 3961 nondum
989 3905 1418 3964 incanuerunt:
1447 3931 1476 3959 »
1498 3916 1749 3981 possunt
1773 3910 1930 3967 enim
1953 3928 2080 3968 ma-

431 3994 671 4050 turitate
700 4011 933 4050 morum
965 3995 1142 4052 etiam
1175 4013 1292 4053 non
1326 4013 1498 4054 senes
1529 3998 2078 4072 pollere,etjuveni-

429 4082 504 4138 lis
544 4087 684 4139 tetas
732 4083 1112 4156 exprimenda
1157 4085 1288 4142 fuit.
1319 4087 1635 4144 Cornarius
1665 4088 1868 4152 edidit,
1899 4112 1926 4140 ‹‹
1963 4105 2076 4160 quo

428 4171 594 4244 pueri
618 4175 917 4239 astate,aut
945 4173 1120 4228 etiam
1143 4175 1383 4231 omnino
1414 4176 1702 4232 moribus.
1728 4198 1757 4227 »
1780 4181 1968 4249 Atque
1990 4177 2075 4233 hae

427 4259 696 4332 genuinas
726 4265 868 4316 sunt
897 4265 955 4318 et
997 4262 1272 4336 legitimae
1303 4263 1558 4321 homiliis
1588 4266 1790 4322 Basilii
1821 4266 1880 4323 in
1912 4265 2074 4324 Psal-

429 4365 578 4419 mos,
611 4365 678 4404 ex
708 4348 927 4420 quibus
971 4350 1028 4406 in
1081 4353 1299 4409 Catena
1344 4353 1554 4410 Niceta:
1597 4355 1989 4413 Heracliensis
2019 4360 2078 4413 et

425 4437 558 4494 aliis
587 4437 888 4496 similibus
931 4439 1206 4514 decerpta
1253 4443 1582 4516 fragmenta
1633 4446 1909 4516 citantur,
1957 4464 2073 4503 non

425 4529 566 4584 item
594 4527 698 4584 illa
745 4527 968 4586 scholia
1010 4532 1074 4587 in
1119 4532 1396 4602 Psalmos,
1443 4535 1590 4592 falso
1635 4536 1722 4592 illi
1766 4537 2069 4610 attributa,

425 4634 551 4727 quis
577 4617 637 4727 in
665 4617 887 4676 Latinis
916 4620 1273 4727 editio'n‘ibus
1304 4623 1376 4680 ad
1409 4623 1626 4726 caleem
1655 4625 1790 4727 libri
1821 4627 2072 4700 subjun-
2101 4661 2151 4727 Β

424 4705 734 4778 gebantur,
775 4725 1022 4782 quaeque
1053 4711 1195 4768 alibi
1238 4714 1581 4772 monuimus
1612 4731 1681 4773 ex
1721 4716 1986 4773 homiliis
2015 4719 2074 4773 in

423 4795 672 4852 Psalmos
699 4795 764 4852 B.
792 4797 965 4855 Joan.
997 4799 1399 4875 Chrysostomi
1428 4803 1490 4860 in
1530 4805 1947 4878 compendium
1978 4823 2073 4863 re-

424 4883 633 4954 dactis,
665 4887 722 4941 et
750 4889 1170 4947 commentario
1198 4890 1538 4951 Theodoreti
1569 4895 1628 4950 in
1658 4895 1893 4952 eosdem
1923 4896 2070 4951 Psal-

421 4987 539 5030 mo:
567 4989 696 5030 esse
726 4976 1148 5036 consarcinata.
1632 5027 1640 5032 .

493 5063 616 5120 Col.
644 5064 752 5120 214
780 5067 838 5122 C.
873 5067 1122 5140 Supernc
1161 5074 1449 5132 attactum.
1481 5072 1606 5130 Non
1651 5073 1760 5131 hoc
1785 5075 1911 5132 vult
1959 5077 2066 5133 Ba-

420 5152 616 5221 silius,
647 5154 708 5210 in
741 5156 1028 5228 superiori
1071 5164 1236 5232 parte
1282 5162 1443 5236 tangi
1489 5162 1753 5236 psalterii
1797 5165 2064 5235 chordas,

421 5243 521 5298 sed
555 5242 614 5297 in
648 5245 936 5316 superiori
989 5256 1152 5320 parte
1200 5267 1454 5308 concava
1496 5268 1710 5310 sonum
1748 5254 2064 5328 eﬂ‘ormari,

420 5334 486 5384 ut
513 5346 582 5385 ex
611 5331 766 5388 Beda
810 5341 1042 5394 constat
1075 5337 1134 5394 in
1166 5341 1599 5399 Commentario
1651 5345 1713 5400 in
1766 5345 2016 5404 Psalmos
2045 5365 2066 5405 :

424 5440 445 5467 ι
482 5417 832 5479 Psalterium
879 5425 1175 5484 musicum
1221 5427 1686 5488 instrumentum
1717 5433 1788 5490 ad
1821 5437 2063 5494 modum

416 5506 623 5564 litteris
651 5509 838 5582 Delta,
885 5529 1012 5584 qua:
1052 5516 1411 5590 triangulata
1437 5524 1547 5588 est,
1576 5523 1924 5595 formatum;
1958 5544 2062 5583 su-

419 5612 600 5670 perne
629 5596 855 5656 habens
880 5607 1142 5661 ventrem
1174 5623 1548 5665 concavum.»
1574 5610 1783 5670 Ilausit
1805 5614 1916 5672 hoc
1946 5617 2062 5672 for-

419 5689 577 5744 tasse
607 5686 760 5746 Beda
781 5706 850 5746 ex
870 5690 1302 5754 Commentario
1335 5697 1666 5770 Hieronymi
1700 5702 1760 5758 in
1780 5700 2063 5776 psalmum

2193 3642 2284 3698 bis
2313 3643 2481 3699 Joan.
2516 3643 2913 3717 Chrysostomi
2947 3645 3007 3699 in
3037 3645 3306 3711 Psalmos,
3338 3659 3466 3715 quas
3495 3645 3844 3716 repetuntur

2191 3731 2370 3788 etiam
2422 3732 2494 3789 ab
2542 3732 2853 3807 Euthymio
2889 3749 2900 3788 :
2936 3728 3258 3803 Ψαλτήριον
3307 3735 3415 3786 τῶν
3465 3729 3696 3786 ἐντατῶν
3743 3730 3838 3804 μὲν

2189 3820 2276 3889 ἦν,
2308 3817 2456 3890 πλὴν
2507 3816 2708 3896 ὄρθιον,
2757 3821 2846 3876 καὶ
2895 3819 3094 3876 ἄνωθεν
3143 3821 3258 3896 εἶχε
3305 3825 3414 3876 τῶν
3456 3820 3712 3898 φθόγγων
3743 3821 3840 3883 τὰς

2190 3909 2460 3988 ἀφορμάς·
2495 3935 2514 3962 ι
2545 3911 2894 3968 Psalterium
2925 3913 2997 3969 ad
3020 3912 3078 3968 id
3099 3929 3286 3985 genus
3309 3913 3841 3968 instrumentorum
3895 3969 3902 3976 ,

2188 4001 2444 4071 pertinet
2491 4019 2615 4073 quae
2659 4001 3050 4058 intenduntur
3082 4018 3095 4058 :
3129 4006 3219 4057 est
3248 4006 3446 4058 autem
3501 4006 3750 4069 arctum,
3785 4005 3842 4056 et

2188 4105 2438 4160 superne
2490 4106 2699 4147 causas
2757 4091 2954 4162 habet,
3008 4091 3163 4146 unde
3215 4107 3383 4146 voces
3430 4091 3680 4146 emittat.
3711 4112 3740 4141 »
3773 4089 3837 4146 In

2187 4179 2468 4250 prooemio
2500 4180 2656 4252 quod
2687 4180 2876 4236 eidem
2902 4180 3317 4253 Chrysostomo
3337 4178 3619 4235 tribuitur
3639 4178 3836 4235 obser-

2185 4271 2383 4323 vatum
2417 4273 2526 4340 est,
2560 4269 2715 4342 quod
2764 4269 2940 4326 etiam
2973 4285 3005 4323 a
3052 4267 3349 4340 plerisque
3386 4267 3832 4338 recentioribus,

2185 4357 2287 4428 qui
2317 4357 2781 4416 Commentarios
2807 4359 3120 4415 ediderunt
3151 4361 3215 4414 in
3243 4359 3513 4426 Psalmos,
3547 4357 3832 4430 approba—

2183 4450 2301 4517 tur,
2336 4449 2490 4520 quod
2523 4450 2679 4522 apud
2701 4453 2928 4506 Graecos
2961 4447 3403 4520 psalterium,ab
3435 4447 3692 4504 Hebrais
3723 4464 3833 4503 na-

2182 4536 2341 4593 blam
2373 4537 2486 4594 dici
2515 4537 2603 4595 vel
2621 4538 2816 4612 potius
2871 4523 2973 4601 5::
3001 4538 3189 4595 nevel:
3214 4541 3270 4594 et
3289 4554 3432 4596 sane
3454 4536 3596 4594 LXX
3616 4535 3831 4610 saepius

2183 4625 2485 4684 Hebraeum
2541 4644 2740 4684 vocem
2797 4627 2959 4684 illam
2990 4625 3052 4681 τὸ
3099 4624 3404 4702 ψαλτήριον
3460 4629 3718 4698 vertunt,
3767 4629 3832 4683 ut

2180 4715 2410 4788 psalmo
2468 4735 2579 4790 LVI,
2642 4717 2728 4784 11,
2784 4715 3125 4793 Ἐξεγὲρθητι
3159 4760 3172 4787 ,
3232 4714 3535 4792 ψαλτήριον
3594 4716 3684 4771 καὶ
3729 4736 3828 4770 -κι-

2180 4805 2335 4880 θάρα,
2378 4807 2646 4877 Exsurge,
2693 4808 3024 4878 psalterium
3070 4815 3124 4864 et
3167 4807 3382 4864 cithara
3414 4816 3510 4877 ;et
3556 4805 3704 4879 psal.
3738 4823 3823 4871 CL,

2178 4895 2213 4950 3
2245 4937 2260 4964 ,
2320 4893 2532 4950 Αἲνιῖτε
2578 4895 2740 4952 αὐτὸν
2805 4894 2858 4951 ἰν
2907 4893 3200 4970 ψαλτηρίῳ
3246 4893 3336 4950 καὶ
3383 4893 3622 4970 κιθάρᾳ,
3678 4896 3826 4951 Lau-

2175 4983 2300 5041 datc
2354 5002 2481 5042 cum
2536 4987 2598 5042 in
2647 4987 2916 5059 psalterio
2962 4989 3017 5042 et
3053 4986 3268 5042 cithara
3298 5005 3313 5056 ;
3345 4985 3406 5042 in
3438 4984 3651 5057 quibus
3680 4983 3824 5041 locis

2173 5073 2338 5146 prius
2368 5059 2470 5138 ‘72:
2487 5076 2700 5134 deinde
2727 5086 2850 5140 11::
2865 5076 3065 5133 kinnor
3118 5075 3375 5148 ponitur.
3404 5073 3627 5147 Saepius
3683 5073 3824 5142 dixi,

2177 5164 2318 5237 quia
2346 5182 2464 5221 non
2511 5183 2765 5238 semper,
2798 5167 2899 5222 sed
2929 5165 3247 5236 aliquando
3277 5162 3400 5220 vice
3424 5182 3610 5236 versa,
3643 5165 3824 5236 priori

2173 5251 2300 5311 loco
2353 5255 2510 5312 naval
2562 5252 2759 5331 κιθάρα
2790 5299 2806 5326 ,
2864 5253 3173 5328 posteriori
3247 5252 3453 5311 kimior
3515 5250 3820 5331 ψαλτήριον

2174 5345 2369 5403 Graece
2423 5347 2684 5416 effertur,
2746 5351 2812 5402 ut
2866 5344 3096 5419 psalmo
3152 5361 3326 5415 ωαχ,
3381 5347 3438 5412 2,
3499 5343 3819 5421 Ψαλτήριον

2171 5435 2401 5510 τερπνὸν
2455 5435 2588 5509 μετὰ
2637 5435 2883 5512 κιθάρας,
2932 5437 3270 5492 Psalterium
3326 5436 3640 5509 jucundum
3696 5454 3822 5493 cum

2171 5526 2393 5582 cithara
2424 5543 2436 5581 :
2472 5530 2529 5582 et
2559 5525 2803 5583 Genesis
2833 5542 2906 5596 ιν,
2932 5526 3023 5596 21,
3058 5525 3159 5582 ubi
3176 5525 3433 5598 Vulgata
3455 5543 3468 5584 :
3493 5550 3522 5579 «
3555 5529 3686 5601 Ipse
3711 5526 3822 5584 fuit

2171 5621 2339 5689 pater
2364 5616 2700 5672 canentium
2751 5616 2976 5672 cithara
3019 5621 3078 5671 et
3123 5632 3364 5689 organo.
3399 5640 3428 5669 »
3457 5618 3618 5676 LXX.
3643 5615 3817 5679 Οὗτος

2173 5703 2202 5760 ὁ
2269 5699 2582 5775 καταδείξας
2657 5701 2962 5778 ψαλτήριον
3036 5702 3126 5759 καὶ
3199 5703 3424 5781 κιθάραν
3477 5748 3494 5777 ,
3555 5709 3654 5764 Hic
3706 5709 3818 5780 fuit
