4156 6366
295 367 448 425 1011

1480 364 1714 424 NOTAE
1757 361 2133 426 FRONTON
2141 363 2211 422 IS
2257 362 2517 424 DUCjEl

3562 363 3719 422 1012

295 497 401 564 Qui
432 497 663 552 ostendit
722 497 1053 568 psalterium
1095 508 1148 551 et
1189 497 1486 553 citharam.
1535 495 1812 551 Hebraice
1859 499 1948 550 est
1975 495 2033 564 Α
2063 498 2260 566 pserat
2290 494 2447 550 enim
2483 510 2496 548 :
2536 511 2560 542 ι
2594 497 2737 548 Nam
2772 509 2890 548 una
2910 493 3099 548 virtus
3121 491 3229 546 viri
3259 496 3317 546 et
3348 491 3577 547 femine
3610 498 3722 550 est,

293 596 451 649 ΞΞῚΞῙἾ
502 594 623 646 '11::
662 585 866 640 kinnor
891 587 1229 654 veg/iougab,
1276 586 1426 655 quod
1460 586 1698 640 tertium
1735 585 1950 638 instru-

301 675 481 742 menti
517 675 724 730 musici
775 692 962 748 genus
1011 676 1328 746 aliquando
1377 672 1572 744 κιθάρα
1619 674 1857 738 dicitur,
1891 676 1955 726 ut

302 762 412 818 hoc
472 763 718 820 Genesis
762 765 907 833 loco,
959 763 1276 835 aliquando
1328 761 1656 835 ψαλτήριον,
1700 768 1765 817 ut
1814 765 1952 816 Eze-

303 853 507 908 chielis
558 871 755 918 χχχιιι,
789 855 880 919 32,
927 853 1014 914 Ὠς
1063 852 1217 928 φωνὴ
1268 850 1600 926 ψαλτηρίου,
1634 858 1690 907 et
1729 851 1952 923 psalmo

305 957 389 1011 CL,
442 944 493 1008 4,
537 943 824 1016 Ὅργανον·
862 944 1163 1013 Organum.
1212 944 1376 1006 Quod
1433 943 1613 1014 igitur
1670 941 1778 995 hoc
1829 939 1954 995 loco

308 1029 561 1085 Basilius
594 1032 665 1085 de
695 1033 883 1086 forma
915 1031 1176 1102 psalterii
1207 1037 1424 1098 narrat,
1445 1031 1528 1086 sic
1552 1029 1954 1100 accipiendum

310 1124 613 1186 censeo,ut
640 1119 692 1174 ei
723 1121 922 1191 generi
965 1120 1175 1174 musici
1217 1118 1596 1175 instrumenti
1627 1116 1956 1184 conveniat,

311 1208 466 1277 quod
497 1209 653 1278 aqud
686 1208 914 1264 Graecos
944 1210 1004 1264 in
1038 1226 1146 1264 usu
1179 1215 1323 1274 erat,
1348 1215 1404 1263 et
1432 1204 1736 1281 ψαλτήριον
1771 1207 1842 1261 ab
1873 1205 1959 1260 eis

309 1297 675 1352 vocabatur:
708 1315 781 1354 an
829 1313 963 1354 vero
1013 1298 1199 1354 nablze
1245 1299 1570 1366 conveniat,
1619 1298 1740 1352 sive
1791 1293 1961 1351 alteri

308 1385 684 1440 Hebraeorum
715 1386 1132 1456 instrumento,
1167 1403 1282 1441 non
1315 1389 1394 1442 ita
1432 1393 1656 1442 certum
1685 1389 1796 1455 est,
1824 1400 1957 1439 cum

309 1473 479 1528 nobis
509 1491 625 1530 non
677 1483 832 1530 certo
879 1480 1127 1542 constet,
1179 1493 1250 1530 an
1301 1477 1504 1532 eadem
1559 1475 1731 1530 fuerit
1773 1475 1962 1530 forma

306 1563 567 1634 psalterii
598 1569 656 1618 et
675 1564 1024 1620 nablas.cum
1057 1582 1090 1619 a
1121 1565 1344 1620 cithara
1375 1564 1719 1636 psalterium
1750 1563 1959 1618 distin-

307 1657 492 1723 guant
521 1653 864 1724 scriptores,
898 1659 955 1708 et
984 1659 1179 1709 tamen
1229 1653 1620 1726 Septuaginta
1663 1653 1822 1708 varia
1851 1653 1959 1707 He-

308 1741 599 1797 breeorum
653 1743 1048 1798 instrumenta
1098 1760 1252 1798 nunc
1298 1743 1558 1815 psalterii
1607 1742 1960 1814 exprimant,

2062 585 2298 654 quando
2350 600 2454 654 par
2501 582 2731 654 utrique
2761 582 2976 638 creatio
3021 581 3453 652 est,honorque
3481 580 3718 637 similis.

2061 673 2209 726 Audi
2242 673 2382 728 Gen.
2414 673 2557 742 Ergo
2589 672 2854 743 sequitur
2898 688 3000 742 par
3030 671 3344 726 sententia.
3380 667 3594 723 Τούτων
3627 669 3718 724 καὶ

2063 759 2092 812 ὁ
2126 758 2338 830 μισθός.
2375 782 2403 810 ››
2429 761 2739 816 Cornarius
2771 760 3010 816 ediditzct
3045 765 3190 816 Nam
3221 765 3276 814 et
3296 762 3514 815 creatio
3536 761 3719 815 utris-

2065 865 2177 920 que
2205 849 2471 921 aequalis,
2507 866 2688 920 quare
2719 850 2896 906 etiam
2921 866 3145 905 merces
3166 851 3369 905 eadem
3393 849 3717 921 utrisque.»

2064 940 2432 1010 Sequebatur
2453 940 2609 1010 apud
2641 939 3040 1010 interpretem.
3076 961 3104 988 «
3141 938 3284 1006 Fiat,
3318 940 3512 1010 inquit
3541 939 3720 1009 Deus,

2067 1026 2242 1082 homo
2269 1045 2330 1082 ε»
2370 1029 2525 1098 quod
2549 1029 3218 1098 immutavimus,neque
3242 1029 3400 1082 enim
3415 1027 3506 1084 his
3527 1028 3724 1084 verbis

2067 1121 2348 1187 concepta
2379 1117 2672 1173 sententia
2703 1117 2823 1173 hinc
2867 1117 2923 1171 in
2957 1117 3255 1188 Scriptura
3275 1117 3585 1189 reperitur,
3617 1120 3718 1173 sed

2067 1209 2243 1275 prout
2270 1205 2587 1271 edidimus,
2621 1211 2681 1261 et
2711 1205 2910 1262 Graeca
2955 1205 3149 1261 Basilii
3193 1206 3370 1261 verba
3407 1207 3721 1262 sonabant.

2069 1292 2213 1348 Gen.
2248 1311 2283 1364 ι,
2313 1294 2405 1359 26,
2436 1295 2525 1348 27.

2140 1382 2260 1438 Col.
2292 1383 2399 1436 222
2434 1385 2495 1438 Ι).
2527 1382 2637 1439 Sed
2666 1384 2905 1439 meliori.
2931 1384 3362 1439 Admonuimus
3384 1383 3526 1440 olim
3558 1384 3714 1438 πολι-

2067 1467 2210 1524 τείαν
2271 1471 2364 1526 hio
2413 1488 2528 1527 non
2575 1473 3004 1544 rempublicam
3055 1477 3158 1528 aut
3204 1473 3722 1544 civitatem,jusve

2070 1559 2325 1616 civitatis
2367 1576 2597 1628 sonare,
2641 1566 2707 1615 ut
2750 1565 2946 1616 Actor.
2986 1578 3126 1628 xxn,
3173 1563 3243 1616 28
3277 1579 3290 1618 :
3323 1561 3468 1636 Ἐγὼ
3503 1558 3722 1617 πολλοῦ

2069 1647 2365 1726 κεφαλαίου
2420 1649 2518 1716 τὴν
2592 1647 2875 1703 πολιτείαν
2932 1649 3125 1715 ταύτην
3182 1649 3498 1724 ἐκτησάμην
3533 1669 3546 1682 '
3610 1653 3722 1721 Ego

2069 1741 2249 1795 multa
2285 1756 2504 1795 summa
2549 1741 2821 1796 civitatem
2869 1741 3013 1795 hanc
3057 1751 3369 1796 consecutus
3406 1758 3571 1809 sum;
3619 1743 3722 1797 sed

311 1846 468 1884 nunc
498 1831 734 1886 citharae
775 1832 1050 1888 dictione.
1077 1833 1188 1888 Sed
1221 1838 1287 1887 ut
1317 1834 1389 1888 ad
1422 1831 1960 1903 interpretationem
1991 1868 2042 1937 Β
2071 1830 2200 1884 vitae
2231 1829 2516 1884 rationem
2567 1834 2625 1884 et
2669 1830 3197 1895 conversationem,
3231 1837 3294 1885 ut
3327 1830 3626 1902 Ephesior.
3659 1848 3724 1900 ιι,

313 1919 538 1937 ---j_,,__
656 1920 692 1937 ἡ
772 1919 848 1937 ⁸1·-
1138 1923 1147 1932 ο
1199 1921 1211 1933 ι
1314 1922 1328 1937 1
1442 1922 1490 1937 ιτ
1539 1926 1546 1937 ι
1651 1920 1706 1937 1³
1820 1936 1828 1937 ,
1877 1918 1952 1937 I3-
2084 1919 2142 1937 In
2230 1918 2241 1934 ν
2342 1916 2401 1937 ἫἿ
2659 1915 2669 1937 Ι
2871 1925 2897 1935 ~
3063 1917 3083 1937 ‘t
3189 1917 3200 1937 I
3390 1923 3416 1933 φ
3478 1920 3511 1937 9-
3645 1918 3688 1937 l‘

313 1919 624 1975 redeamus
656 1919 875 1988 Basilii,
898 1938 964 1976 ea
986 1921 1372 1993 concipienda
1401 1922 1630 1976 videtur
1651 1920 1744 1975 his
1775 1918 1966 1975 verbis

316 2008 614 2064 Cornarii:
649 2031 677 2058 «
727 2009 874 2064 Nam
925 2010 1159 2066 citharis
1203 2028 1270 2067 ac
1316 2009 1450 2084 lyra:
1483 2027 1560 2066 ess
1608 2025 1676 2065 ex
1706 2007 1967 2065 inferiori

316 2102 481 2170 parte
510 2098 583 2152 ad
617 2097 904 2170 plectrum
954 2101 1218 2155 sonitum
1248 2100 1370 2156 edit
1398 2118 1416 2156 :
1448 2101 1558 2156 hoc
1587 2115 1718 2154 vero
1749 2097 1967 2170 psalte-

315 2188 474 2242 rium
507 2194 899 2244 concentuum
947 2189 1268 2246 concordia:
1317 2207 1528 2246 causas
1576 2207 1645 2246 ex
1675 2187 1963 2262 superiori

317 2280 482 2347 parte
528 2276 723 2332 habet.
761 2299 788 2326 »
819 2282 875 2332 S.
916 2279 1293 2350 Augustinus
1344 2281 1583 2336 demum
1614 2279 1876 2334 scribens
1906 2279 1967 2333 in

312 2365 591 2436 psalmum
623 2383 734 2433 va,
763 2371 820 2422 et
850 2368 908 2422 in
961 2367 1126 2434 illud,
1158 2369 1426 2440 Exsurge,
1474 2370 1825 2440 psalterium,
1857 2368 1964 2422 dif-

315 2454 628 2510 ferentiam
659 2455 822 2510 illam
857 2455 1117 2528 psalterii
1149 2463 1206 2513 et
1235 2458 1470 2514 citharae
1503 2459 1589 2514 sic
1619 2456 1970 2529 explicat,ut

315 2543 512 2598 Basilii
533 2543 912 2617 interpretem
930 2552 1067 2618 agat
1088 2563 1100 2601 :
1127 2570 1153 2597 «
1176 2547 1530 2603 Psalterium
1549 2552 1638 2603 est
1659 2563 1966 2617 organum,

316 2634 473 2704 quod
506 2634 747 2705 quidem
781 2637 1055 2692 manibus
1080 2637 1264 2692 fertur
1288 2636 1690 2708 percutientis,
1722 2642 1780 2692 et
1807 2635 1970 2690 chor-

314 2721 422 2777 das
452 2722 738 2778 distentas
761 2723 970 2779 habet:
995 2725 1096 2780 sed
1128 2725 1299 2780 illum
1329 2725 1545 2792 locum,
1581 2725 1734 2780 unde
1754 2740 1969 2780 sonum

315 2811 618 2883 accipiunt
665 2811 918 2881 chordas,
954 2812 1098 2869 illud
1142 2831 1462 2871 concavum
1509 2814 1760 2887 lignum,
1814 2812 1968 2885 quod

317 2901 533 2972 pendet
563 2906 620 2957 et
647 2905 869 2957 tactum
901 2909 1160 2972 resonat,
1193 2905 1333 2976 quia
1377 2903 1630 2976 concipit
1661 2919 1877 2973 aerem,
1909 2903 1969 2958 in

321 2989 625 3062 superiore
654 2996 822 3063 parte
853 2992 1046 3048 habet.
1080 3012 1107 3044 ιο

394 3123 513 3180 Col.
573 3125 680 3180 215
733 3126 771 3180 Β
822 3129 878 3181 2.
942 3128 1006 3184 Ut
1061 3129 1234 3184 oculis
1281 3129 1460 3184 ultra.
1514 3125 1970 3201 Ὺπερκύπτοντες

323 3209 525 3307 πόνους
557 3213 724 3283 dixit,
759 3216 914 3307 quod
947 3216 1046 3270 alii
1089 3222 1357 3273 auctores
1410 3217 1578 3307 aliter
1599 3216 1972 3307 extulissent,
2005 3241 2048 3307 ρ

327 3299 754 3375 ὑπερκύπτοντες
801 3301 1002 3370 πόνων,
1054 3310 1120 3360 ut
1170 3307 1228 3361 in
1277 3307 1452 3362 veteri
1499 3305 1702 3375 lexico,
1737 3303 1970 3378 ὑπερκύ-

321 3409 454 3444 πτον
485 3394 582 3444 τοῖ’)
605 3387 798 3446 ὕδατος
831 3389 1067 3470 φύλλον,
1098 3417 1126 3444 ‹‹
1154 3395 1358 3450 folium
1392 3400 1553 3450 extra
1584 3411 1796 3467 aquam
1825 3394 1968 3449 emi-

318 3497 486 3536 nens.
521 3502 550 3531 »
574 3481 821 3537 Budaeus
851 3488 1046 3538 tamen
1079 3485 1137 3538 in
1181 3483 1604 3540 Commentariis
1634 3483 1774 3538 citat
1805 3482 1969 3538 simi-

315 3569 429 3624 lem
464 3569 658 3625 locum
684 3570 863 3642 hujus
887 3573 1069 3628 nostri
1094 3573 1352 3629 auctoris
1374 3573 1574 3628 homil.
1603 3577 1677 3628 De
1701 3573 1923 3628 invidia
1950 3587 1962 3626 :

311 3655 493 3720 ’Ὀλως
544 3654 601 3712 δὶ
650 3659 958 3734 ὑπερκύψας
1008 3665 1086 3733 τῷ
1135 3659 1387 3738 λογισμῷ
1427 3661 1831 3735 τᾶἀνθρώπινα,
1872 3661 1960 3715 καὶ

307 3746 444 3821 πρὸς
485 3747 546 3801 τὸ
599 3748 770 3811 ὅντως
815 3749 982 3805 καλὸν
1035 3749 1124 3804 καὶ
1179 3749 1452 3805 ἐπαινετὸν
1506 3748 1744 3804 ἀπιδών·
1793 3774 1821 3801 ι(
1855 3752 1963 3818 Qui

310 3841 504 3893 mente
537 3846 590 3894 et
631 3839 980 3911 cogitatione
1011 3857 1072 3896 se
1116 3841 1427 3898 sustulerit
1473 3857 1654 3912 supra
1683 3839 1961 3908 humana,

306 3931 362 3981 et
388 3927 459 3982 ad
478 3943 671 3983 veram
699 3927 1200 4000 pulchritudinem
1219 3930 1570 4001 laudemque
1590 3946 1651 3984 se
1670 3932 1963 3984 converte-

306 4014 401 4070 rit.
437 4036 466 4065 »
499 4015 646 4072 Male
678 4017 860 4090 igitur
887 4023 1140 4075 verterat
1187 4019 1478 4091 interpres
1523 4019 1633 4074 hoc
1661 4017 1807 4085 loco,
1841 4041 1866 4068 ‹‹
1899 4022 1963 4073 ut

301 4102 629 4173 laboribus,
663 4106 804 4162 dum
839 4106 896 4161 in
929 4107 1204 4164 manibus
1237 4113 1395 4179 sunt,
1420 4107 1736 4179 velutijam
1768 4111 1960 4163 trans-

306 4192 527 4262 missis,
561 4198 684 4250 tota
712 4201 907 4252 mente
935 4199 1004 4252 ad
1039 4198 1212 4253 bona.
1257 4221 1285 4248 »
1320 4197 1578 4254 Similem
1603 4197 1957 4252 sententiam

303 4283 549 4354 protulit
597 4285 1054 4358 Chrysostomus
1112 4288 1369 4344 homil.8
1398 4290 1471 4344 De
1516 4289 1864 4358 paenitentia.
1898 4304 1955 4359 p.

300 4373 407 4426 692
437 4373 578 4428 edit.
619 4375 776 4432 Paris
809 4391 822 4430 :
851 4377 948 4429 "Av
982 4375 1076 4449 μὲν
1104 4376 1204 4452 γὰρ
1227 4376 1322 4431 τὸν
1348 4374 1513 4430 πόνον
1544 4372 1661 4449 ἴδῃς
1687 4379 1796 4430 τῶν
1829 4395 1957 4429 κατ-

299 4461 658 4534 ορθωμάτων,
708 4461 843 4538 βαρὺ
893 4465 982 4519 καὶ
1036 4466 1314 4544 φορτικόν·
1364 4464 1423 4520 ἂν
1478 4463 1535 4520 δὲ
1581 4465 1682 4533 τὴν
1715 4461 1954 4536 ἀμοιϐὴν

297 4547 441 4624 ἴδῃς,
473 4554 676 4627 κοῦφον
706 4553 796 4607 καὶ
852 4553 1043 4630 ῥᾷστον
1089 4557 1151 4611 τὸ
1201 4556 1580 4631 προκείμενον
1620 4579 1647 4607 ‹‹
1677 4557 1769 4611 Sic
1798 4557 1953 4612 enim

295 4639 556 4695 laborem
602 4648 994 4715 prospexeris.
1052 4663 1228 4719 grave
1277 4652 1452 4718 atque
1502 4661 1856 4712 onerosum;
1904 4645 1951 4700 si

291 4743 425 4783 vero
455 4730 903 4788 retributionem
955 4735 1444 4803 consideraveris,
1491 4734 1616 4790 leve
1661 4738 1719 4789 et
1762 4732 1948 4804 facile,

293 4818 447 4888 quod
481 4822 847 4891 proponitur.
889 4844 912 4874 ι

365 4953 512 5008 Ibid.
541 4953 584 5009 B
617 4955 701 5011 13.
727 4957 907 5026 Quam
933 4958 1098 5013 nulla
1127 4960 1372 5029 attingit.
1396 4957 1577 5030 Atqui
1609 4957 1833 5013 dixerat
1860 4957 1948 5012 in-

292 5042 544 5113 terpres,
570 5065 599 5093 ι›
632 5044 796 5100 nulla
825 5061 954 5101 eam
989 5048 1226 5119 attingit
1252 5046 1362 5104 loci
1397 5045 1814 5119 permutatio.»
1851 5046 1948 5102 Ve-

293 5134 628 5188 rumtamen
662 5150 777 5190 non
812 5134 922 5190 loci
955 5142 1210 5205 tantum,
1241 5138 1341 5192 sed
1367 5153 1470 5193 nec
1493 5134 1672 5192 ullius
1704 5134 1784 5191 rei
1818 5152 1949 5192 mu-

296 5220 579 5276 tationem
613 5223 931 5296 experitur.
965 5225 1192 5282 Alludit
1221 5225 1377 5283 enim
1401 5227 1473 5283 ad
1508 5225 1650 5281 illud
1682 5225 1883 5281 Jacobi
1908 5244 1946 5294 1,

294 5311 398 5364 17:
433 5314 657 5382 «Apud
691 5331 864 5384 quem
895 5333 1010 5372 non
1043 5321 1132 5374 est
1171 5317 1612 5384 transmutatio,
1647 5333 1750 5372 nec
1779 5316 1951 5372 vicis-

292 5397 579 5454 situdinis
621 5402 1037 5468 obumbratio;
1076 5429 1102 5456 ››
1157 5405 1256 5460 οὐκ
1301 5402 1377 5461 ἔνι
1430 5403 1783 5483 παραλλαγή,
1837 5423 1949 5461 ηοη

289 5498 388 5559 est,
419 5488 615 5559 inquit
642 5494 979 5564 Apostolus,
1010 5515 1123 5554 non
1167 5503 1232 5554 ut
1265 5500 1578 5572 interpres,
1599 5521 1626 5548 ‹‹
1662 5515 1779 5553 non
1810 5514 1945 5553 con-

292 5576 598 5650 spicitur.»
622 5581 1009 5645 Quamobrem
1032 5586 1350 5644 Carnarius
1374 5589 1567 5660 potius
1587 5587 1945 5658 sequendus,

294 5667 452 5722 Circa
483 5685 648 5739 quam
676 5687 785 5727 non
813 5679 893 5729 est
943 5675 1221 5734 alteratio.
1254 5677 1434 5734 Paulo
1475 5683 1609 5752 post
1640 5701 1668 5729 ‹‹
1703 5675 1946 5750 proinde

297 5773 545 5814 merces.
578 5781 606 5810 »
640 5759 868 5820 Omissa
897 5764 1127 5822 fuerant
1171 5767 1296 5826 haec
1317 5769 1388 5824 ab
1429 5768 1766 5842 interprete,
1801 5766 1946 5825 scri-

2073 1919 2164 1985 12,
2224 1915 2763 1993 ἁπηλλωτριωμένοι
2829 1925 2929 1986 τῆς
2986 1917 3265 1980 πολιτείας
3323 1923 3420 1973 τοῦ
3478 1918 3726 1994 Ἰσραήλ,

2073 2010 2311 2064 alienati
2333 2026 2367 2062 a
2395 2011 2802 2064 conversatione
2831 2009 3040 2075 Israel;
3074 2025 3252 2081 quam
3294 2009 3434 2065 alibi
3479 2010 3731 2081 apostoli

2076 2093 2416 2170 ἀναστροφήν
2463 2098 2783 2170 appellant,
2832 2100 2854 2153 Ι
2896 2098 3046 2154 Petri
3087 2115 3174 2166 ιιι,
3221 2100 3257 2152 2
3294 2115 3308 2166 ;
3340 2098 3430 2155 vel
3475 2095 3732 2154 πολίτευ-

2080 2207 2175 2258 μα,
2209 2193 2273 2242 ut
2307 2187 2663 2259 Philippens.
2698 2205 2784 2253 ιιι,
2812 2188 3133 2244 20.1dcirco
3166 2189 3374 2243 merito
3405 2205 3440 2244 a
3469 2189 3590 2246 viro
3621 2191 3728 2246 do-

2076 2276 2340 2332 ctissimo
2362 2282 2675 2332 emendata
2704 2281 2794 2331 est
2814 2277 2973 2348 prior
2992 2278 3202 2344 versio,
3239 2298 3260 2326 ι
3296 2278 3397 2332 sed
3429 2277 3730 2350 superiore

2076 2367 2300 2421 ratione
2329 2366 2400 2420 ad
2424 2365 2846 2436 rempublicam
2869 2365 2989 2420 sive
3010 2365 3380 2422 sodalitatem
3399 2367 3728 2422 studiosam

2077 2455 2310 2526 pietatis
2338 2471 2400 2510 se
2431 2455 2648 2526 recepit
2680 2472 2693 2509 :
2733 2479 2752 2504 ι
2789 2455 3108 2524 eodemque
3141 2456 3312 2510 modo
3342 2457 3728 2526 corrigendus

2077 2543 2291 2600 similis
2340 2544 2494 2615 apud
2536 2543 3026 2616 Chrysostomum
3075 2543 3238 2600 locus
3291 2544 3500 2600 homil.
3547 2547 3620 2600 75
3665 2546 3731 2601 in

2077 2633 2396 2690 Matthwum
2430 2651 2443 2689 :
2477 2629 2632 2687 Ἀλλ’
2679 2628 2835 2686 οὐδὲν
2885 2627 3085 2708 ὄφελος
3129 2629 3365 2687 ἐντεῦθεν
3408 2632 3484 2695 εἷς
3516 2633 3728 2690 ἀπολο-

2075 2720 2191 2796 γίαν
2226 2720 2428 2782 αὐτοῖς·
2490 2718 2671 2792 ὥσπερ
2732 2719 2822 2774 οὖν
2880 2717 3008 2775 οὐδὶ
3062 2725 3180 2783 τοῖς
3229 2719 3510 2786 πολιτείας
3550 2719 3729 2779 ἕνεκεν

2083 2813 2404 2882 μετανοοῦσι
2460 2808 2601 2864 τότε·
2642 2810 2810 2866 «Sed
2853 2809 2996 2866 nihil
3057 2810 3192 2866 inde
3245 2812 3522 2870 utilitatis
3578 2817 3734 2870 acci-

2080 2899 2775 2972 pientgquemadmodum
2799 2914 2987 2970 neque
3021 2899 3105 2954 illi
3139 2900 3238 2970 qui
3268 2917 3469 2958 eversa
3500 2902 3736 2960 civitate

2080 2988 2458 3061 resipiscunt.
2484 3013 2504 3038 ι
2541 2989 2980 3060 Nonnunquam
3011 2989 3188 3045 etiam
3220 3007 3337 3046 non
3365 2995 3488 3048 tam
3521 2993 3594 3048 de
3617 2993 3732 3064 pri-

2079 3085 2213 3134 vata
2244 3079 2531 3150 cujusque
2554 3080 2693 3149 vita,
2714 3095 2889 3150 quam
2915 3080 2985 3134 de
3018 3078 3256 3151 publica
3278 3080 3546 3138 Ecclesia:
3568 3083 3734 3138 disci-

2085 3167 2330 3241 plina,et
2350 3167 2508 3224 cultu
2534 3167 2633 3224 Dei
2653 3172 3060 3240 usurpatur,ut
3084 3169 3238 3241 apud
3265 3171 3536 3228 eumdem
3558 3171 3736 3244 Chry-

2088 3263 2330 3314 sostom.
2364 3259 2427 3313 in
2463 3257 2661 3330 psalm.
2710 3274 2839 3313 χιιι
2870 3274 2884 3312 :
2918 3257 2992 3310 Τὰ
3033 3257 3156 3332 ἅγια
3195 3262 3303 3312 τῶν
3344 3257 3531 3333 ἁγίων,
3564 3261 3598 3328 ὴ
3634 3257 3736 3314 λα-

2077 3345 2232 3420 τρεία
2262 3349 2424 3416 πᾷσα,
2465 3344 2554 3400 καὶ
2593 3347 2628 3416 ἡ
2678 3344 2932 3402 πολιτεία
2970 3349 3066 3416 τῆς
3111 3345 3348 3409 παλαιᾶς
3385 3348 3731 3420 νομοθεσίας

2079 3460 2107 3488 ‹‹
2143 3438 2350 3493 Sancta
2381 3437 2946 3503 sanctorum,omnis
2977 3437 3518 3509 cultus,omnisque
3539 3440 3730 3494 forma

2077 3543 2143 3582 ac
2176 3527 2326 3582 ritus
2363 3525 2511 3598 legis
2540 3526 2791 3597 veteris;
2824 3548 2852 3577 »
2885 3531 2961 3596 et,
3001 3522 3248 3579 Μάλιστα
3286 3525 3379 3597 μὶν
3430 3523 3520 3579 καὶ
3561 3525 3723 3588 αὐτὸς

2075 3615 2103 3668 ὁ
2133 3621 2233 3684 τῆς
2291 3611 2642 3676 διδασκαλίας
2695 3615 2898 3690 τρόπος
2950 3613 3361 3689 ἐνηλλαγμὲνην
3405 3615 3724 3690 παρεισάγει

2072 3702 2375 3759 πολιτείαν’
2410 3729 2436 3756 ‹‹
2472 3707 2720 3762 Maxime
2747 3706 2983 3778 quidem
3005 3709 3062 3761 et
3081 3706 3211 3778 ipse
3241 3706 3451 3762 modus
3473 3706 3727 3762 docendi

2075 3794 2395 3850 introducit
2421 3799 2708 3851 mutatam
2743 3796 2992 3852 formam
3025 3794 3349 3866 religionis.
3385 3817 3414 3846 »
3692 3839 3705 3852 .

2141 3883 2259 3940 Col.
2301 3885 2406 3940 223
2437 3885 2477 3939 Β
2507 3885 2561 3939 3.
2593 3885 2733 3940 Dum
2777 3893 3002 3941 eterna.
3061 3881 3272 3937 Δίώνια
3327 3888 3582 3940 verterat
3630 3884 3726 3940 in-

2069 3979 2295 4045 terpres
2318 3996 2345 4023 «
2368 3973 2693 4045 saecularia,
2721 3995 2747 4022 n
2773 3990 2890 4046 qua
2917 3989 3056 4030 voce
3088 3989 3181 4029 res
3203 3973 3409 4029 mundi
3432 3973 3613 4045 hujus
3636 3990 3728 4030 ca-

2069 4064 2202 4120 duci
2238 4063 2642 4137 designantur.
2686 4063 3020 4134 Cornarius,
3054 4087 3083 4115 «
3117 4064 3218 4120 ubi
3267 4069 3483 4121 eterna
3522 4081 3725 4122 secum

2067 4153 2362 4210 volutarit.
2390 4175 2420 4204 »
2457 4153 2706 4225 Subjicit
2745 4154 2978 4222 deinde,
3029 4149 3140 4206 ἐκεῖ
3179 4147 3558 4228 δουλαγωγίαν
3593 4172 3721 4227 σαρ-

2066 4241 2181 4310 κός,
2211 4265 2238 4292 ‹‹
2273 4243 2648 4315 disciplinam
2678 4243 2894 4311 carnis,
2920 4265 2948 4292 »
2972 4241 3073 4298 ubi
3095 4242 3380 4298 substitui
3408 4259 3580 4314 posse
3604 4244 3724 4315 pri-

2067 4332 2200 4386 dem
2234 4332 2634 4400 monuimus,«
2654 4331 3101 4404 castigationem
3127 4331 3379 4387 carniszn
3399 4331 3486 4388 vel
3510 4353 3537 4382 «
3561 4349 3725 4390 man-

2067 4420 2478 4492 cipationem,«
2495 4420 2584 4477 vel
2601 4445 2626 4470 α
2654 4421 3169 4478 macerationem.»
3189 4421 3286 4478 Sic
3306 4422 3463 4478 enim
3485 4439 3723 4495 expres-

2066 4511 2142 4566 sit
2164 4511 2383 4567 Latinze
2403 4510 2664 4584 Vulgata:
2686 4515 2890 4568 auctor
2916 4510 3060 4567 illud
3078 4509 3341 4583 Apostoli
3363 4514 3385 4567 Ι
3414 4512 3720 4582 Cor.u,27:

1937 4595 2032 4678 ξι)
2063 4600 2374 4668 Ὑποπιάζω
2438 4619 2542 4670 μου
2597 4599 2659 4653 τὸ
2713 4603 2895 4673 σῶμα,
2925 4597 3014 4653 καὶ
3077 4595 3433 4674 δουλαγωγῶ.
3497 4600 3721 4675 Castigo

2061 4707 2251 4762 corpus
2299 4707 2503 4761 meum,
2551 4693 2602 4747 et
2661 4692 2721 4746 in
2769 4691 3092 4746 servitutem
3141 4689 3356 4760 redigo.
3406 4691 3720 4748 Cornarius

2060 4780 2320 4852 scripsit,
2351 4803 2379 4832 «
2426 4779 2532 4836 Hic
2582 4779 2740 4836 videt
2787 4779 2984 4836 carnis
3042 4777 3306 4847 delicias,
3357 4777 3476 4834 illic
3525 4782 3720 4838 carnis

2059 4869 2424 4926 servitutem.
2459 4892 2486 4919 »

2131 4959 2277 5015 Ibid.
2324 4959 2391 5016 D.
2429 4960 2597 5021 Ul.in
2636 4959 2918 5032 plerisque
2944 4959 3099 5014 aliis.
3132 4957 3347 5031 Aptius
3375 4960 3717 5018 Carnarius-

2061 5073 2087 5100 ‹‹
2105 5047 2318 5105 Cumin
2336 5052 2609 5104 naturam
2633 5047 2987 5120 plerumque
3009 5047 3376 5104 consuetudo
3401 5051 3716 5105 transeat.»

2058 5139 2121 5193 Id
2155 5137 2306 5194 enim
2341 5137 2490 5193 valet
2517 5135 2585 5192 τὰ
2615 5134 2823 5211 πολλὰ,
2850 5142 2916 5194 ut
2945 5138 3120 5205 infra,
3147 5135 3234 5190 καὶ
3263 5140 3588 5210 στρατιῶται
3621 5137 3718 5210 μὲν

2058 5229 2132 5292 ὡς
2185 5228 2253 5282 τὰ
2304 5223 2491 5282 πολλᾶ
2547 5232 2665 5290 τοῖς
2743 5225 3248 5304 στρατοπεδάρχαις
3317 5224 3713 5300 ἐξομοιοῦν-ται·

2058 5344 2086 5372 ‹‹
2119 5325 2177 5376 et
2210 5319 2428 5376 milites
2464 5319 2812 5393 plerumque
2844 5318 3097 5376 ducibus
3123 5317 3442 5375 assimilari
3469 5319 3714 5376 solent.»

2056 5411 2203 5468 Huic
2235 5411 2387 5468 dicto
2419 5428 2769 5485 germanum
2794 5412 2941 5468 illud
2964 5412 3024 5467 in
3049 5410 3255 5483 regula
3274 5410 3463 5468 fusius
3494 5410 3716 5482 disput.

2054 5502 2134 5556 6:
2173 5501 2332 5564 "E00:
2361 5500 2460 5576 γὰρ
2512 5499 2602 5556 διὰ
2653 5505 2866 5577 μακροῦ
2915 5499 3124 5574 χρόνου
3178 5492 3470 5574 βεϐαιωθὶν
3506 5498 3716 5574 φύσεως

2056 5587 2214 5664 ἰσχὺν
2242 5586 2614 5663 λαμβάνει.Αι
2635 5591 2949 5662 Gregorius
2971 5588 3374 5645 Nazianzenus
3399 5605 3514 5645 non
3535 5586 3717 5665 φύσιν,

2055 5680 2155 5736 sed
2185 5678 2354 5752 νόμος
2381 5679 2700 5751 aliquando
2723 5679 2851 5737 ﬁeri
2887 5679 3032 5736 dicit
3052 5673 3549 5746 οιιειιΒΙιεἘπειδὴ
3578 5672 3719 5752 χρὸ-

2053 5787 2133 5841 νῳ
2174 5767 2237 5822 τὸ
2269 5762 2389 5832 ἔθος
2422 5760 2716 5843 βεϐαιωθὶν
2755 5767 3018 5841 ἐνομίσθη
3051 5767 3244 5843 νόμοςο
3277 5790 3305 5820 ι(
3337 5769 3712 5825 Consuetudo
