4156 6368
325 369 483 431 1013

1487 364 1590 422 AD
1635 358 2013 423 HOMILIAS
2057 359 2137 419 IN
2181 361 2574 425 PSALMOS.

3592 357 3748 418 1014

326 499 481 554 enim
515 497 797 567 temporis
839 495 1270 567 longinquitate
1300 493 1645 549 conﬁrmata
1704 509 1805 564 pro
1854 491 1980 562 lege
2011 497 2062 559 Α
2097 491 2377 559 moribus,
2415 509 2560 563 quos
2611 510 2723 548 non
2772 493 2961 566 magis
3004 497 3282 556 mutaret,
3323 506 3502 563 quam
3554 495 3745 543 cutem

335 588 536 643 habita
566 593 671 642 est.
708 609 735 637 ››

401 677 519 732 Col.
552 678 657 731 223
691 681 732 730 D
760 676 811 729 6.
847 677 922 730 Ne
951 674 1192 744 injicias.
1257 674 1505 744 Interpr.
1537 694 1565 721 ‹‹
1593 675 1674 725 Ne
1717 669 1980 742 applices

326 766 562 822 oculum
579 770 806 820 tuum.»
831 763 1035 818 Verbis
1059 761 1149 816 usi
1173 777 1382 817 sumus
1405 760 1681 817 editionis
1707 761 1982 814 Romanae

327 857 384 910 in
421 871 597 928 quam
638 853 903 908 Nobilius
945 851 1268 918 annotavit,
1319 851 1581 906 Proverb.
1626 867 1702 917 1x,
1738 849 1824 908 18,
1859 848 1980 902 haec

327 948 532 1001 abesse
565 961 597 999 a
631 942 876 1014 Vulgata
909 941 1136 1005 Latina,
1171 941 1271 994 sed
1306 940 1508 995 haberi
1541 940 1692 1010 apud
1727 937 1888 1005 LXX,
1923 941 1980 991 et

324 1034 492 1090 citari
522 1050 556 1088 a
586 1032 808 1088 sanctis
835 1031 1105 1086 Patribus
1137 1029 1447 1102 Cypriano,
1481 1033 1540 1084 et
1573 1026 1879 1082 Ambrosio
1924 1032 1980 1080 et

327 1125 696 1194 Hieronymo,
749 1121 966 1191 quibus
1005 1119 1138 1174 addi
1170 1124 1227 1174 et
1255 1123 1309 1172 S.
1345 1117 1545 1174 Basilii
1578 1115 1844 1173 calculus
1879 1131 1976 1186 ρο-

325 1218 460 1270 test.
497 1211 662 1281 Apud
696 1209 1039 1266 Cornarium
1072 1223 1354 1280 perperan
1387 1207 1747 1262 Proverbior.
1781 1221 1908 1276 cap.
1942 1221 1979 1259 v

330 1306 674 1358 annotatum
719 1304 844 1355 erat
876 1315 889 1353 ε
942 1299 1042 1354 sed
1075 1298 1344 1352 inversus
1373 1303 1462 1352 est
1490 1297 1630 1351 ordo
1662 1297 1974 1349 verborum

325 1391 658 1460 Scriptura,
689 1385 814 1442 ἀλλ’
838 1381 1221 1454 ἀποπήδησον,
1247 1387 1322 1456 μὴ
1351 1383 1608 1458 χρονίσῃς
1640 1379 1692 1436 ἐν
1713 1384 1791 1452 τῷ
1818 1381 1974 1452 τόπῳ

326 1476 512 1548 αὐτῆς,
549 1472 689 1549 μηδὲ
718 1473 1014 1547 ἐπιστήσῃς
1037 1473 1100 1527 τὸ
1134 1472 1225 1526 σὸν
1261 1467 1417 1543 ὄμμα
1446 1470 1582 1542 πρὸς
1611 1468 1800 1538 αὐτην.

395 1567 516 1622 Col.
547 1566 655 1620 225
687 1565 729 1620 D
759 1565 812 1619 5.
850 1561 1338 1638 Συνεμφαίνουσιν.
1373 1561 1516 1616 ΟΙίν.
1562 1558 1740 1614 codex
1773 1558 1972 1624 habet,

323 1651 806 1732 συνεμφανίζουσιν
871 1651 1123 1709 ἑαυταῖς.
1205 1649 1429 1722 Anglici
1495 1644 1969 1725 συναναφαίνουσιν

317 1745 532 1805 ἑαυταῖς
557 1743 645 1796 καὶ
677 1763 727 1796 τ.
850 1744 959 1794 τῶν
989 1733 1453 1815 περιϐλεπόντων.
1483 1756 1510 1789 s
1547 1753 1750 1792 eorum
1784 1753 1817 1791 θ,
1847 1736 1974 1806 qui-

323 1837 432 1890 bus
455 1832 1070 1904 oircumspiciuntur.»
1096 1828 1319 1884 Plinius
1338 1827 1398 1883 in
1422 1827 1784 1898 Panegyrico:
1815 1826 1972 1881 «Vita

321 1922 602 1996 principis
625 1937 874 1976 censura
889 1926 1174 1989 esteaque
1209 1922 1524 1989 perpetua:
1559 1916 1631 1970 ad
1664 1915 1817 1970 hanc
1834 1913 1970 1969 diri-

325 2014 541 2084 gimus.
572 2034 594 2064 ι
630 2009 1007 2078 Claudianus,
1045 2011 1116 2063 De
1135 2009 1338 2079 quarto
1368 2006 1603 2061 Honorii
1628 2004 1878 2062 causam

1253 2130 1627 2202 .Componitur
1656 2130 1802 2185 orbis

391 2209 552 2279 Regis
581 2207 661 2271 ad
686 2204 1023 2279 exemptum,
1051 2219 1155 2259 nec
1182 2204 1261 2259 sic
1289 2203 1567 2279 inﬂectere
1594 2218 1789 2279 sensus

391 2276 667 2336 Humano;
695 2278 871 2333 edicta
901 2277 1104 2344 valent,
1137 2292 1303 2346 quam
1336 2277 1457 2331 vita
1485 2276 1746 2346 regentis.

289 2399 292 2403 ’
392 2405 510 2461 Col.
541 2404 648 2459 226
679 2403 746 2460 D.
785 2402 890 2472 Qui
910 2402 1165 2474 potentia
1194 2400 1391 2456 Graeca
1444 2403 1658 2455 sonant
1686 2415 1755 2454 ex
1784 2397 1973 2453 verbis

321 2493 608 2560 Cornarii,
644 2515 671 2545 «
707 2492 808 2564 qui
832 2506 1071 2546 avarum
1105 2489 1373 2546 imitatur
1403 2493 1506 2544 aut
1536 2487 1741 2559 alium,
1774 2486 1872 2558 qui
1908 2503 1975 2541 ex

323 2583 439 2640 alia
468 2589 718 2654 quadam
752 2580 978 2636 malitia
1008 2578 1233 2636 civilem
1266 2578 1523 2648 aliquam
1558 2577 1843 2633 illustrem
1869 2592 1974 2649 po-

321 2677 596 2730 testatem
624 2672 870 2742 adeptus
892 2672 1111 2739 est,aut
1142 2667 1405 2742 gentium
1430 2667 1742 2740 imperium
1777 2665 1973 2734 habet,

326 2767 427 2821 aut
455 2761 817 2819 exercituum
850 2760 966 2816 dux
998 2763 1144 2814 est.¢
1170 2753 1766 2829 0misitinterpres,t£
1797 2751 1977 2824 ἄλλης

325 2851 473 2912 τινὸς
533 2846 822 2924 πονηρίας·
894 2853 952 2904 et
1002 2849 1175 2920 paulo
1228 2851 1364 2919 post
1417 2849 1514 2899 τοῦ
1575 2841 1978 2917 ζηλονουμὲνου

328 2956 636 3013 perperam
690 2937 998 3010 expressit,
1049 2960 1076 2987 «
1111 2953 1284 3008 quem
1329 2935 1684 2991 imitatorem
1718 2933 1913 3001 habet,
1954 2957 1972 2981 ι

329 3047 465 3086 cum
491 3029 744 3085 scribere
771 3025 1094 3094 debuissct,
1122 3043 1254 3082 cum
1278 3025 1614 3091 Gornario,«
1645 3025 1774 3095 ejus
1805 3038 1978 3094 quem

331 3119 622 3174 imitatur.
659 3139 686 3166 ››

400 3207 521 3274 Col,
552 3207 659 3260 227
690 3211 734 3258 A
788 3205 886 3308 10..
927 3204 1042 3258 Etsi
1087 3209 1273 3309 autem
1302 3217 1446 3309 quae.
1490 3203 1804 3300 Interpres,
1845 3219 1868 3248 ι
1922 3198 1982 3254 Si
2015 3242 2059 3309 Ο

331 3301 550 3358 antem,
593 3311 719 3368 quae
744 3293 889 3366 ccepi
911 3293 1103 3348 dicere
1127 3292 1195 3346 de
1213 3289 1466 3346 vitandis
1488 3297 1619 3346 ante
1640 3289 1838 3345 omnia
1859 3304 1982 3343 ma-

336 3386 432 3452 lis,
467 3385 655 3456 deque
679 3383 1034 3456 profectione
1057 3397 1160 3453 per
1179 3381 1336 3436 bona
1352 3397 1527 3452 opera
1549 3378 1986 3450 consequenda,

336 3475 442 3528 hoc
475 3489 748 3528 sermone
777 3489 893 3527 non
929 3469 1171 3526 absolvi.
1210 3491 1237 3517 ι)
1266 3470 1328 3525 In
1359 3469 1574 3541 quibus
1604 3467 1798 3524 verbis
1828 3471 1991 3522 trun-

334 3567 524 3618 catam
547 3562 728 3616 fuisse
743 3559 1098 3617 sententiam
1115 3557 1374 3614 auctoris
1390 3559 1571 3614 lector
1582 3556 1994 3612 animadvertit

408 3651 528 3707 Col.
569 3651 678 3706 230
706 3652 751 3705 A
797 3651 851 3704 7.
903 3650 1073 3705 Irrita
1099 3647 1386 3719 faciendo.
1422 3647 1753 3720 Legebatur
1799 3650 1992 3715 antea,

338 3762 368 3792 ‹‹
397 3741 454 3794 in
498 3737 782 3794 irritando
813 3737 898 3792 ita
920 3741 1220 3793 strenuam
1245 3753 1312 3792 ac
1334 3736 1540 3792 fortem
1562 3753 1861 3808 operam.»
1882 3735 1995 3791 Vo-

342 3831 676 3885 laterranos
707 3825 1047 3898 scripserat,
1086 3844 1112 3875 ε
1143 3824 1457 3881 consilium
1501 3825 1772 3894 irritavit,
1823 3829 1998 3896 atque

342 3919 426 3974 ita
456 3921 781 3973 strenuam.
817 3936 846 3965 η
894 3913 1246 3971 Tilmannus
1279 3914 1527 3971 fortasse
1558 3913 1668 3970 hoc
1692 3917 1861 3986 pacto
1885 3914 2000 3969 im-

345 4009 646 4074 mutaret;
681 4027 708 4055 «
744 4003 987 4060 consilia
1031 4003 1372 4061 irritando.»
1405 4004 1558 4075 quod
1589 4003 1852 4060 Latinum
1883 4021 1999 4059 non

348 4099 457 4152 est.
492 4093 739 4151 Basilius
770 4093 952 4149 dixit:
989 4088 1230 4146 διαλύων
1265 4087 1322 4146 δὲ
1348 4091 1444 4153 τάς
1476 4090 1698 4166 βουλάς,
1727 4116 1755 4143 ‹‹
1807 4093 1998 4149 consi-

341 4185 423 4240 lia
442 4200 578 4239 vero
615 4181 1019 4254 Achitophelis
1040 4181 1148 4236 viri
1176 4181 1441 4238 acerrimi
1465 4187 1523 4238 et
1547 4182 1823 4238 ductandi
1847 4197 2003 4238 exer-

351 4274 504 4330 citus
534 4272 882 4344 peritissimi
910 4273 1164 4328 reddens
1196 4271 1363 4327 irrita
1395 4275 1693 4328 strenuam
1730 4288 1794 4328 ac
1833 4272 1934 4328 for.
1969 4293 1998 4323 ››

349 4368 522 4418 Porro
545 4361 699 4433 quod
719 4360 800 4416 ait
820 4360 916 4415 hic
939 4359 1193 4416 Basilius
1214 4359 1392 4416 Chusi
1417 4359 1640 4417 socium
1665 4365 1722 4417 et
1745 4361 2000 4418 amicum

346 4452 583 4510 Davidis
605 4451 792 4507 ﬁlium
816 4451 999 4507 fuisse
1024 4449 1229 4507 Arachi
1263 4468 1376 4508 non
1395 4451 1849 4520 Jemeni,verum
1872 4457 1962 4509 est
1986 4469 2000 4508 :

347 4541 432 4598 sic
453 4541 612 4598 enim
639 4539 924 4612 scriptum
950 4539 1309 4612 reperituril
1339 4540 1480 4614 Reg,
1518 4558 1659 4610 xvu,
1698 4543 1734 4597 5
1785 4559 1798 4598 :
1829 4539 2004 4595 Κοιλὲ-

2091 580 2378 653 ίΕιῒιὶορε.
2412 583 2480 638 Et
2511 583 2724 638 mirum
2756 600 2893 639 sane
2912 582 3192 639 Basilium
3221 581 3313 637 hic
3341 581 3534 637 dicere
3556 593 3746 650 neque

2089 669 2292 735 Chusi,
2344 687 2532 742 neque
2581 672 2761 727 alium
2819 673 3075 744 aliquem
3124 671 3180 726 in
3223 670 3474 726 historia
3517 669 3743 739 Regum

2095 758 2279 813 [ilium
2299 760 2516 815 Jemini
2535 761 2936 833 reperiri,cum
2959 762 3148 817 Semei
3179 760 3582 816 nomineturII
3603 759 3743 829 Reg.

2090 865 2205 914 XIX,
2242 849 2330 919 16,
2383 848 2504 909 Υἱὸς
2553 851 2721 925 Γηρᾶ,
2774 850 2892 904 υἱοῦ
2941 849 3176 923 Ἰεμινεί.
3229 855 3528 906 Postremo
3581 851 3745 902 notet

2089 937 2401 1006 hiclector,
2435 956 2611 1012 quam
2645 940 2926 1012 antiquus
2953 957 3115 996 error
3148 939 3285 995 huic
3318 939 3446 994 loco
3479 937 3745 993 adhaese-

2089 1027 2167 1082 rit
2197 1027 2255 1081 in
2288 1044 2424 1083 voce
2456 1027 2828 1102 ἀρχιιταῖρος,
2873 1031 3138 1100 Princeps
3191 1030 3463 1084 sociorum
3507 1025 3556 1081 II
3600 1025 3740 1098 Reg.

2087 1133 2182 1183 xv,
2215 1117 2303 1172 32.
2329 1117 2581 1173 Omnino
2599 1118 2755 1174 enim
2773 1117 3073 1188 probabile
3093 1118 3343 1186 videtur,
3367 1116 3522 1189 quod
3548 1113 3742 1186 suspi-

2088 1210 2254 1261 catur
2283 1206 2370 1261 vir
2397 1206 2779 1264 doctissimus
2801 1206 3127 1263 Flaminius
3149 1206 3417 1262 Nobilius
3439 1205 3499 1260 in
3525 1203 3739 1260 librum

2089 1297 2134 1350 Il
2194 1296 2358 1367 Reg.,
2411 1297 2558 1351 duas
2598 1296 2780 1352 fuisse
2828 1313 2996 1353 voces
3044 1295 3072 1348 ὁ
3104 1295 3323 1370 Ἀραχὶ,
3359 1296 3736 1370 ἀρχιεταῖρος,

2087 1389 2153 1439 ut
2187 1385 2366 1457 habgt
2395 1385 2572 1440 editio
2594 1384 3157 1457 Complutensis,vel
3190 1401 3256 1440 ex
3277 1379 3739 1458 duabus,’Apaxé

2083 1476 2139 1528 et
2169 1472 2404 1544 ἑταῖρος,
2436 1490 2614 1530 unam
2648 1491 2776 1531 esse
2808 1474 3119 1530 conﬂatam
3153 1471 3522 1548 ἀρχιεταῖρος,
3544 1471 3735 1541 Chusi,

2080 1562 2285 1617 Arachi
2311 1564 2482 1633 ﬁlius,
2521 1565 2694 1619 socius
2727 1563 2914 1620 David.
2949 1564 3038 1619 Sic
3086 1563 3242 1619 enim
3278 1566 3366 1618 est
3397 1563 3456 1617 in
3487 1560 3738 1632 Vulgata

2080 1651 2285 1708 Latina
2309 1652 2355 1708 Il
2380 1654 2513 1724 Reg.
2538 1670 2655 1722 xvr,
2705 1654 2805 1709 19:
2841 1653 3047 1710 Chusai
3075 1655 3362 1709 Arachifes
3391 1651 3603 1707 amicus
3631 1651 3734 1705 Da-

2079 1742 2203 1810 vid;
2238 1743 2393 1798 unde
2425 1744 2642 1798 factum
2670 1747 2761 1798 est
2789 1759 2984 1799 errore
3014 1741 3486 1810 librariorum,ut
3517 1755 3731 1796 nomen

2083 1831 2284 1886 Arachi
2345 1836 2725 1904 repeteretur,
2787 1831 3198 1905 legereturque
3247 1831 3274 1885 ὁ
3317 1826 3516 1904 Ἀραχὶ
3575 1827 3730 1904 ἀρχι-

2079 1939 2167 1973 ετα
2179 1939 2311 1994 ιρος.

2149 2009 2268 2064 Col.
2303 2009 2404 2064 231
2437 2009 2477 2065 C
2514 2011 2568 2066 3.
2627 2011 2772 2067 Vade
2814 2011 2874 2066 in
2905 2025 3050 2081 pace.
3099 2009 3228 2065 Haec
3259 2008 3459 2064 addita
3489 2009 3629 2062 sunt
3657 2021 3726 2063 ex

2079 2097 2225 2155 Oliv.
2258 2103 2314 2154 et
2342 2099 2626 2171 Anglicis,
2655 2116 2781 2171 quae
2813 2099 3113 2155 adduntur
3136 2099 3314 2154 etiam
3340 2098 3506 2152 Luca:
3526 2095 3725 2164 vn,50;

2081 2187 2224 2242 illud
2250 2204 2403 2257 vero,
2430 2189 2554 2244 Fiat
2575 2189 2698 2259 tibi,
2731 2189 2868 2244 sicut
2894 2188 3200 2254 credidisti,
3229 2184 3487 2242 Matthaei
3507 2183 3733 2251 vm,t3.

2153 2286 2272 2343 Col.
2325 2287 2435 2342 234
2489 2291 2532 2340 Β
2588 2288 2642 2341 4.
2690 2289 2805 2342 Fon
2835 2288 3012 2344 solum
3042 2289 3260 2356 recepto
3287 2283 3736 2340 Emendandum

2082 2377 2242 2432 hunc
2271 2375 2465 2432 locum
2499 2392 2628 2433 esse
2650 2391 3238 2445 monueramus,cum
3263 2373 3547 2430 edidisset
3566 2371 3744 2426 inter-

2085 2482 2278 2538 pres,«
2311 2482 2426 2521 non
2451 2463 2641 2521 solum
2672 2466 2728 2520 in
2763 2465 3068 2538 praemium
3093 2463 3332 2536 aliquod
3354 2460 3495 2517 boni
3520 2463 3578 2516 et
3601 2457 3741 2515 mali

2085 2554 2372 2627 accipere,
2399 2555 2501 2610 sed
2525 2553 2584 2610 in
2622 2555 2919 2610 actionum
2947 2553 3259 2627 princlpio,
3298 2549 3676 2620 ut,Re.‘ribue,
3713 2570 3742 2598 ››

2085 2644 2236 2717 psal.
2265 2660 2454 2710 cxvm,
2481 2645 2566 2698 17.
2605 2643 2665 2699 In
2699 2660 2874 2717 quem
2915 2643 3109 2699 locum
3153 2642 3289 2717 etin
3309 2640 3605 2714 psalmum
3635 2654 3742 2693 cxv

2087 2716 2353 2790 scribens
2376 2734 2544 2789 Fran.
2569 2716 2852 2789 Vatahlus
2896 2716 3317 2800 admonethJ
3345 2730 3590 2788 verbum
3626 2728 3739 2784 He-

2088 2823 2373 2889 braicum,
2409 2823 2564 2894 quod
2599 2822 2916 2878 retribuere
2948 2826 3139 2893 sonat,
3172 2820 3327 2878 sumi
3357 2836 3460 2893 pro
3517 2816 3742 2874 beneﬁ-

2091 2912 2248 2968 cium
2281 2912 2564 2978 conl'erre,
2597 2914 2654 2967 et
2684 2911 3132 2968 retributionem
3167 2927 3269 2982 pro
3300 2907 3600 2965 beneﬁciis
3621 2905 3744 2976 qui-

2087 3000 2782 3072 busve.Euthymius;qui
2808 2999 3156 3071 plerumque
3175 2998 3327 3055 solet
3348 2996 3546 3053 Basilii
3569 2995 3744 3051 verba

2091 3094 2368 3162 repetere,
2417 3089 2511 3144 hic
2557 3089 2701 3144 dicit
2736 3085 3092 3142 ἀνταπόδοσιν
3125 3087 3282 3144 sumi
3329 3084 3447 3139 ἀντὶ
3475 3089 3577 3153 τῆς
3607 3082 3743 3138 ἀπο·-

2097 3176 2317 3248 δόσεως,
2335 3177 2781 3233 retributionem
2801 3196 2903 3250 pro
2926 3178 3256 3234 redditione
3279 3193 3293 3232 :
3332 3172 3409 3231 T6
3442 3171 3499 3229 δὲ
3523 3175 3744 3248 πρῶτον

2095 3273 2195 3336 τῆς
2257 3262 2667 3328 ἀνταποδόσειυς
2726 3267 2922 3339 ὄνομα,
2969 3267 3426 3341 καταχρηστικῶς
3477 3261 3594 3316 ἀντὶ
3643 3267 3748 3330 τῆς

2099 3353 2411 3417 ἀποδόσεως
2445 3353 2724 3424 εἷ’ληπται.
2769 3355 2924 3418 Δόσις
2976 3355 3070 3429 μὶν
3113 3354 3212 3432 γάρ
3263 3356 3299 3424 ἡ
3351 3351 3602 3428 καταρχὴ
3651 3351 3749 3419 τῆς

2101 3444 2342 3507 εὐποιίας
2372 3446 2406 3516 ἢ
2440 3442 2750 3511 κακώσεως,
2782 3444 3044 3507 ἀπόδοσις
3096 3441 3152 3499 δὲ
3204 3447 3239 3514 ἡ
3297 3447 3393 3499 τοῦ
3417 3440 3542 3497 Ἷσου
3602 3440 3749 3495 ἇντι-

2106 3536 2386 3610 μὲτρησις,
2433 3530 2789 3596 ἂνταπόδοσις
2839 3532 2898 3589 δὲ
2941 3532 3161 3608 δευτᾶρα
3207 3554 3289 3595 τις
3337 3525 3619 3598 καταϐολὴ
3663 3549 3753 3584 κα-

2101 3628 2210 3679 κῶν
2243 3622 2278 3692 ἢ
2309 3622 2492 3679 καλῶν
2543 3623 2648 3678 ἀπὸ
2703 3627 2811 3679 τῶν
2869 3621 3072 3678 δόντων
3133 3622 3209 3687 εἷς
3259 3621 3384 3684 τοὺς
3423 3617 3750 3680 ἀποδόντας·

2111 3738 2131 3764 ι
2166 3713 2588 3770 Retributionis
2619 3713 2858 3770 nomine
2890 3715 3080 3787 primo
3112 3712 3238 3770 loco
3283 3709 3604 3784 improprie
3658 3709 3754 3764 hic

2107 3820 2253 3859 usus
2283 3806 2503 3875 est,pro
2527 3801 3024 3858 redditione.Nam
3048 3803 3144 3874 qui
3167 3803 3384 3858 bonum
3409 3802 3510 3856 aut
3529 3796 3752 3854 malum

2109 3892 2344 3964 aliquod
2369 3892 2598 3964 primus
2618 3890 2873 3962 infert,is
2903 3891 3042 3947 dare
3074 3889 3328 3946 dicitur:
3361 3889 3604 3945 reddere
3618 3901 3756 3942 vero

2109 3982 2160 4038 is
2190 3981 2286 4053 qui
2341 3981 2495 4036 datis
2551 3996 2751 4052 parem
2809 3979 2995 4036 vicem
3027 3979 3273 4035 tribuit:
3308 3976 3630 4035 retribuere
3660 3991 3758 4030 au-

2108 4075 2251 4138 tem,
2282 4068 2373 4126 vel
2403 4065 2818 4139 ἀνταποδοῦναι,
2851 4073 3055 4126 contra
3080 4068 3423 4134 retribuere,
3448 4066 3498 4122 is
3521 4065 3759 4132 dicitur,

2111 4160 2210 4231 qui
2240 4159 2560 4215 secundam
2582 4159 2998 4215 beneﬁciorum
3031 4162 3133 4214 aut
3159 4157 3509 4229 injuriarum
3532 4152 3761 4215 vicissi-

2109 4247 2375 4305 tudinem
2409 4248 2618 4304 reddit.
2658 4271 2679 4298 ι

2183 4345 2296 4403 Csl.
2329 4346 2434 4401 238
2465 4345 2630 4403 Β14.
2675 4348 2879 4403 Rursus
2925 4345 3152 4404 dictum.
3199 4344 3522 4418 Legebatur
3568 4344 3762 4411 antea,

2114 4459 2143 4488 «
2164 4441 2394 4493 Rursus
2412 4435 2810 4506 dicit,Judicio
2841 4437 3154 4492 contendet
3172 4434 3459 4492 Dominus
3478 4432 3761 4489 adversus

2114 4541 2347 4582 omnem
2382 4541 2637 4581 carnem.
2679 4525 2803 4581 »1η
2848 4525 3080 4581 Olivarii
3133 4525 3351 4594 codice,
3410 4523 3761 4597 κριθήσεσθαι

354 4649 478 4684 σατε
535 4628 630 4683 τὸν
684 4611 856 4683 Χουσὶ
916 4611 1035 4683 τὸνῗ
1074 4628 1292 4703 Ἀραχι⁹
1351 4611 1543 4686 Vocati:
1600 4629 1769 4687 Chusi
1822 4631 1991 4702 ﬁlium

2109 4612 2330 4687 Κύριον.
2364 4614 2632 4670 Arbitror
2662 4617 2860 4670 tamen
2892 4614 3161 4672 Jeremie
3193 4614 3388 4672 locum
3430 4611 3598 4669 citari
3632 4627 3762 4682 cap.

349 4718 594 4775 Arachi:
625 4719 726 4776 sed
780 4719 1028 4775 dubium
1075 4722 1184 4790 est,
1218 4735 1291 4775 an
1325 4719 1424 4775 ille
1454 4719 1534 4776 sit
1562 4719 1669 4777 iste
1699 4720 1896 4788 Chusi,
1932 4722 2003 4776 de

351 4824 465 4880 quo
495 4808 562 4864 fit
592 4807 813 4864 mentio
838 4807 898 4863 in
930 4807 1112 4880 hujus
1145 4806 1359 4881 psalmi
1383 4808 1556 4866 titulo
1581 4825 1594 4863 :
1629 4825 1763 4865 cum
1781 4809 1878 4865 hic
1899 4809 2005 4866 He-

349 4896 547 4953 braice
577 4895 903 4970 appelletur
928 4907 1042 4957 181:)
1073 4897 1254 4968 Chus,
1285 4914 1390 4970 per
1426 4898 1604 4972 Caph,
1627 4900 1780 4956 unde
1826 4899 2005 4956 Scho-

349 4985 496 5044 lium
531 4987 798 5045 Gnaeum
849 5005 883 5044 a
915 4986 1148 5046 Nobilio
1195 4987 1440 5044 citatum
1496 4988 1674 5044 vertit
1718 4985 2003 5058 Αἰθίοπος,

350 5077 650 5150 κΕιΙιίορίε,
679 5077 769 5134 vel
799 5077 1002 5150 putius
1035 5093 1192 5134 unus
1207 5093 1276 5133 ex
1305 5077 1497 5135 tribus
1527 5077 1790 5151 antiquis
1821 5078 2006 5134 inter-

352 5167 642 5240 pretibus,
673 5166 903 5238 Aquila,
936 5165 1313 5241 Symmacho,
1366 5171 1425 5224 et
1452 5168 1870 5239 Theodotione,
1903 5184 2006 5241 pro

349 5254 518 5312 Χουσί
572 5259 746 5312 vertit
792 5258 890 5310 τοῦ
944 5254 1233 5328 Αῗθίοπος,
1287 5261 1354 5313 ut
1399 5261 1630 5314 constat
1668 5275 1736 5314 ex
1764 5257 2010 5313 homilia

351 5345 763 5418 Chrysostomi
785 5346 847 5401 in
871 5346 1032 5403 hunc
1063 5347 1360 5420 psalmum
1388 5363 1400 5404 :
1436 5352 1496 5404 at
1514 5346 1613 5404 ille
1633 5346 1781 5406 alter
1802 5349 1852 5404 ΙΙ
1873 5346 2010 5403 libri

356 5436 580 5508 Regum
622 5443 790 5504 item,
837 5451 941 5508 per
988 5436 1150 5506 Ceth,
1197 5436 1411 5494 Chusai
1443 5437 1735 5495 ’dicitur:
1769 5437 2010 5494 tametsi

358 5523 749 5596 Septuaginta
778 5524 1092 5598 utrobique
1126 5526 1493 5599 scripserunt
1532 5526 1722 5583 Xouct.
1755 5528 1866 5584 Sed
1897 5526 2010 5583 Va-

355 5612 558 5669 tablus
586 5611 823 5669 Saulem
848 5617 1015 5685 putat
1035 5613 1130 5670 hic
1148 5615 1343 5672 vocari
1383 5615 1562 5682 Chus,
1593 5615 1651 5672 id
1677 5620 1765 5672 est
1792 5616 2009 5673 [Ethio-

358 5717 493 5774 pem
525 5700 714 5758 filium
744 5701 984 5772 Jemini,
1031 5701 1056 5759 Ι
1089 5702 1224 5774 Reg.
1262 5721 1340 5776 ix,
1370 5706 1462 5773 21,
1503 5707 1653 5778 quod
1686 5706 1830 5764 atris
1855 5709 2012 5764 esset

2109 4720 2238 4771 xxv,
2265 4703 2356 4774 31,
2386 4700 2625 4777 κρίνεται
2654 4700 2816 4764 αὐτὸς
2870 4703 3007 4778 πρὸς
3065 4707 3236 4758 πᾶσαν
3298 4702 3486 4777 σάρκα·
3539 4715 3674 4756 nam
3707 4701 3766 4754 et

2113 4792 2284 4848 illum
2314 4791 2480 4849 video
2520 4792 2709 4849 notari
2743 4793 2802 4848 in
2837 4793 3098 4866 margine
3155 4795 3384 4851 Catenae
3431 4794 3763 4846 Graecorum

2113 4882 2349 4938 Patrum
2377 4883 2436 4937 in
2463 4881 2975 4954 Psalmos,Daniele
3005 4882 3260 4938 Barbaro
3291 4881 3632 4951 interprete,
3663 4875 3765 4949 qui

2113 4971 2272 5027 haud
2305 4969 2451 5027 satis
2472 4972 2736 5044 apposite
2763 4973 2991 5042 vertit,«
3015 4971 3330 5028 Dominum
3356 4968 3769 5041 judicaturum

2115 5076 2350 5117 omnem
2381 5076 2677 5116 carnem.»
2708 5062 2815 5118 Sed
2849 5066 2907 5118 et
2935 5061 3056 5118 illic
3077 5065 3132 5117 et
3166 5061 3320 5132 apud
3338 5057 3622 5114 Basilium
3652 5072 3771 5111 me-

2117 5150 2237 5206 lius
2282 5149 2531 5206 i‘ortasse
2582 5149 2876 5224 legeretur
2906 5147 3116 5224 εἷ¹ρηται
3142 5147 3415 5222 κρίνεσθαι
3446 5144 3667 5221 Κύριον,
3699 5148 3766 5200 ut

2117 5240 2189 5295 ad
2247 5238 2446 5312 ipsum
2505 5239 2874 5312 prophetam,
2931 5256 3065 5296 cum
3111 5242 3394 5311 sequatur
3425 5237 3520 5292 hic
3577 5231 3765 5289 ἑαυτὸν

2119 5320 2424 5384 ὑποϐάλλει
2453 5331 2522 5402 τῇ
2555 5327 2751 5404 κρίσει,
2787 5352 2808 5381 ι
2842 5333 2970 5387 acta
3001 5333 3160 5400 sunt,
3214 5326 3440 5400 judicio
3502 5323 3768 5397 seipsum

2119 5418 2745 5491 subjicit.»Delendum
2759 5419 2918 5476 enim
2937 5418 3187 5476 estillud
3201 5417 3768 5487 «uniuscujusque.»

2189 5525 2311 5582 Col.
2341 5527 2447 5582 239
2497 5527 2542 5582 D
2573 5528 2652 5584 9.-
2685 5527 2874 5595 Multa,
2935 5529 3138 5600 inquit.
3199 5528 3320 5583 lmo
3360 5525 3471 5582 hoc
3500 5523 3612 5581 sibi
3642 5519 3769 5578 vult

2119 5614 2374 5671 Basilius
2408 5632 2420 5670 :
2453 5637 2482 5666 «
2510 5615 2714 5683 Multa,
2747 5617 2959 5688 inquit,
2990 5617 3061 5672 de
3085 5616 3322 5687 justitia
3351 5615 3465 5671 dici
3494 5613 3765 5686 possunt,

2121 5707 2180 5760 et
2211 5704 2478 5776 perfectas
2499 5705 2747 5776 justitia:
2774 5705 2920 5764 flnes
2947 5705 3377 5779 comprehensa
3398 5707 3536 5762 sunt
3562 5699 3768 5758 difﬁci-
