4156 6386
362 326 519 389 1015

1555 331 1790 394 ΝΟΤιΕ
1831 330 2276 394 FBONTONIS
2318 331 2583 395 DUCIEI

3617 334 3776 396 1016

361 459 501 516 les.»
533 459 798 516 Similem
819 459 1001 518 habes
1024 461 1375 518 locutionem
1393 465 1547 535 apud
1572 463 1911 536 Apostolum
1938 465 2008 519 ad

2141 464 2335 520 )salmi
2367 464 2518 535 fuit;
2549 461 2778 534 Ὀμιλία
2833 464 2969 518 κατὰ
3022 463 3376 537 τοκιζόντων,
3433 459 3524 519 διαὶ
3576 463 3652 526 εἰς
3709 464 3779 520 τὰ

363 549 660 620 Hebraeos,
688 567 743 618 v,
781 551 884 606 11:
922 551 1052 624 Περὶ
1094 549 1155 605 οὗ
1204 549 1378 613 πολὺς
1421 551 1557 624 ἡμῖν
1601 552 1628 605 ὁ
1673 549 1862 627 λογος,
1921 552 2010 606 καὶ

365 633 798 711 δυσερμήνευτος
828 636 1025 714 λέγειν’
1067 666 1086 690 ι
1110 641 1187 697 De
1208 658 1320 713 quo
1342 641 1512 698 nobis
1532 643 1774 715 grandis
1797 659 2011 708 sermo,

364 732 421 783 et
447 728 971 802 ininterpretabilis
1005 732 1074 786 ad
1107 732 1444 788 dicendum.
1482 755 1502 781 ιι
1539 734 1714 788 Paulo
1747 737 1879 803 post
1909 749 2012 804 pro

363 823 596 892 γεννητῇ
630 819 779 896 φύσει
808 821 1120 893 aliquando
1143 823 1427 894 suspicati
1458 841 1665 880 sumus
1685 823 1877 894 aptius
1899 822 2012 895 legi

367 925 539 980 posse
583 912 803 984 γενητῇ,
860 933 887 960 ‹‹
941 915 1147 966 creatas
1199 916 1444 979 naturae,
1495 936 1522 963 »
1583 913 1739 984 quod
1777 913 2011 986 γεννητῇ

367 1021 396 1048 ‹‹
421 1003 782 1070 generatam,
815 1019 837 1048 ι
861 1000 949 1056 vel
973 1024 999 1051 «
1029 1002 1405 1074 generatione
1429 1003 1776 1075 productam
1796 1026 1824 1052 ››
1843 1007 2015 1058 sonat

369 1104 482 1158 qua
499 1087 749 1156 ratione,
772 1105 907 1145 cum
926 1091 997 1145 de
1017 1091 1284 1162 personis
1309 1091 1618 1148 Trinitatis
1643 1092 1854 1164 agitur,
1887 1111 2012 1166 γεν-

365 1175 587 1248 νητός,‹‹
615 1179 907 1249 genitus,»
933 1179 1147 1236 dicitur
1165 1179 1368 1250 Filius,
1393 1199 1508 1238 non
1531 1179 1777 1256 γενητός,
1802 1204 1830 1233 ‹‹
1853 1198 2012 1239 crea-

368 1271 488 1332 tus,
509 1287 538 1316 »
579 1271 636 1323 et
657 1268 823 1323 Pater
847 1266 1164 1343 ἀγέννητος,
1194 1293 1222 1321 ‹‹
1251 1287 1365 1326 non
1389 1271 1623 1343 genitus
1648 1288 1661 1328 :
1698 1293 1726 1321 »
1757 1287 1892 1326 cum
1924 1275 2012 1326 ta-

370 1372 505 1413 men
535 1356 594 1412 in
625 1357 770 1429 Oliv,
803 1365 860 1414 et
901 1359 1032 1416 aliis
1076 1377 1214 1417 mss.
1267 1361 1362 1416 hic
1407 1367 1744 1418 constanter
1789 1362 2018 1436 legatur

367 1447 623 1519 γεννητῇ,
655 1446 802 1502 nihil
827 1449 1176 1504 mutandum
1208 1467 1538 1522 censemus,
1571 1467 1705 1506 cum
1734 1451 1888 1524 apud
1917 1451 2018 1506 Ju-

371 1535 594 1590 stinum
627 1535 944 1609 Martyrem
977 1553 1044 1592 ex
1079 1538 1384 1595 Aristotele
1430 1535 1701 1614 ἄφθαρτος
1746 1538 1836 1593 καὶ
1891 1538 2016 1612 ἀγὲ-

370 1643 533 1692 νητος
564 1621 670 1694 ὕλη
694 1625 780 1682 vel
814 1626 904 1679 καὶ
937 1624 1226 1700 ἀγὲννητος
1259 1629 1508 1700 dicatur,
1551 1629 2019 1701 incorruptibilis

371 1712 461 1768 vel
492 1712 755 1786 ingenita
787 1716 907 1772 sive
953 1717 1212 1774 increata
1259 1719 1524 1786 materia,
1557 1723 1612 1775 et
1649 1719 1708 1773 in
1743 1718 2017 1774 Exhortaa

2121 548 2422 624 λειπόμενα
2449 556 2546 607 τοῦ
2581 549 2652 607 ιδ’
2677 550 2926 626 ψαλμοῦ.

2194 642 2308 697 Col.
2345 644 2450 697 278
2477 645 2523 698 A
2548 645 2595 699 1.
2631 643 2924 700 Creditore.
2956 643 3307 700 Addendum
3337 647 3444 711 est,
3473 645 3677 716 inquit,
3710 647 3776 700 ut

2123 736 2352 787 constet
2372 750 2502 789 esse
2522 734 2701 789 verba
2722 733 3195 806 Seripturaa,qua
3219 733 3477 805 reperies
3499 733 3773 789 Proverb.

2123 839 2273 891 XXIX,
2325 822 2430 877 43:
2493 825 2782 875 Δανειστοῦ
2844 821 2933 876 καὶ
3005 819 3417 898 χρεωφειλέτου
3494 818 3774 891 ἀλλήλοις

2124 907 2508 978 συνελθόντων,
2544 909 2719 966 ἑπισκ.
2757 935 2784 962 ‹‹
2823 913 2965 968 Dum
2999 912 3315 982 fenerator,
3349 911 3565 984 inquit,
3589 919 3644 967 et
3674 913 3780 967 de-

2122 1000 2278 1054 bitor
2307 1000 2459 1056 inter
2490 1018 2552 1056 se
2599 1001 2976 1057 conveniunt.
3028 1022 3056 1051 »
3099 1001 3414 1056 Carnarius
3471 1016 3542 1055 ex
3575 1001 3778 1057 Greco

2123 1089 2348 1159 Basilii,
2381 1113 2410 1142 «
2441 1090 2592 1146 Dum
2627 1091 2917 1146 fenerator
2945 1095 3002 1146 et
3034 1089 3263 1146 debitor
3287 1091 3442 1145 inter
3461 1106 3526 1145 se
3541 1089 3778 1146 obviam

2121 1178 2860 1252 venerunt,inspectionem
2876 1185 3260 1252 utrorumque
3273 1178 3411 1234 facit
3432 1178 3778 1235 Dominus.»

2126 1267 2349 1340 Excipit
2371 1268 2529 1324 hunc
2552 1269 2745 1325 locum
2765 1268 2915 1326 alter
2933 1286 3002 1325 ex
3023 1269 3228 1325 eodem
3250 1269 3400 1325 libro
3423 1269 3695 1325 Proverb.
3721 1287 3775 1336 ν,

2125 1359 2229 1414 15:
2265 1357 2396 1414 Bibe
2433 1358 2636 1431 aqudm
2682 1375 2758 1413 ea:
2786 1361 2931 1414 vasi:
2962 1359 3042 1414 Ex
3072 1358 3273 1414 eadem
3305 1357 3602 1414 sententia
3650 1358 3770 1413 Pla-

2126 1447 2282 1503 tonis
2311 1446 2497 1519 legem
2520 1448 2756 1520 exponil
2781 1448 3128 1504 Plutarchus
3151 1447 3210 1503 in
3230 1446 3430 1503 libello
3455 1453 3534 1503 De
3553 1448 3774 1506 vitando

2125 1552 2240 1594 azre
2270 1535 2604 1610 alieno,qua
2631 1539 2864 1594 vetabat
2892 1537 3048 1593 cives
3070 1554 3209 1593 suos
3227 1536 3428 1592 aliena:
3453 1553 3616 1608 aqua
3645 1554 3778 1610 par-

2127 1624 2333 1696 ticipes
2359 1625 2478 1681 fieri
2505 1627 2876 1697 prius,quam
2898 1623 3056 1680 domi
3079 1623 3203 1680 solo
3227 1641 3414 1696 usque
3437 1625 3507 1679 ad
3532 1623 3780 1697 argilam

2129 1715 2432 1781 exhausto,
2465 1732 2634 1787 aquas
2665 1715 2721 1770 id
2782 1714 2981 1771 sterile
3038 1713 3588 1786 deprehendissent.
3644 1713 3785 1786 Ἀρα

369 1805 519 1860 tione
547 1805 618 1860 ad
646 1806 890 1864 Gnaeos:
948 1807 1048 1862 Τὸν
1085 1807 1180 1880 μὶν
1223 1807 1517 1882 ἀγέννητον
1551 1805 1724 1862 ἀΐδιον
1761 1807 1894 1862 εἶναι
1927 1805 2017 1862 λὲ-
2051 1842 2098 1908 Β
2130 1799 2394 1857 δέδεικται
2419 1803 2544 1878 περὶ
2583 1823 2694 1879 χρη
2709 1803 2891 1877 μάτων
2924 1803 3056 1857 εἶναι
3086 1801 3276 1872 νόμον,
3309 1800 3459 1864 ὅπως
3495 1802 3572 1874 μή
3606 1799 3782 1908 δανξίο

369 1912 549 1967 γοντα,
577 1893 709 1956 τοὺς
737 1891 794 1950 δὲ
821 1894 1112 1972 γεννητοὺς
1143 1897 1178 1967 ἢ
1214 1895 1684 1974 δημιουργητούς.
1719 1925 1744 1950 ιι
1782 1898 2016 1972 Ingeni-

370 1984 496 2036 tum
528 1982 768 2053 quidem
798 1985 1226 2057 sempiternum
1249 2003 1401 2053 esse,
1420 1986 1648 2060 genitos
1677 1993 1875 2042 autem
1897 1987 2020 2042 sive

373 2067 659 2124 conditos.
696 2091 725 2120 »
758 2071 960 2141 Itaque
988 2071 1220 2145 γεννητά
1260 2089 1686 2145 nonnunquam
1717 2073 2017 2143 dicuntur,

372 2175 499 2231 quae
529 2159 735 2230 quovis
765 2161 939 2217 modo
970 2166 1275 2233 procreata
1303 2167 1462 2220 sunt.

444 2265 564 2322 Col.
596 2267 703 2322 243
733 2266 774 2322 C
822 2269 908 2322 14.
963 2268 1066 2336 Qui
1109 2271 1256 2325 eruit
1286 2287 1389 2327 me.
1427 2270 1521 2327 Sic
1551 2269 1924 2326 restituimus
1955 2286 2023 2325 ex

373 2353 616 2411 Genesis
643 2373 802 2427 XLIII,
837 2356 1110 2414 16.Paulo
1143 2363 1276 2430 post
1301 2359 1469 2428 illud,
1508 2371 1535 2410 ἀ
1561 2359 1880 2432 Obliquum
1905 2377 2021 2416 non

376 2441 685 2515 dirigetur,
718 2466 746 2496 »
781 2445 1050 2502 nonnihil
1077 2448 1456 2504 immutatum
1488 2453 1577 2504 est
1607 2466 1641 2505 a
1667 2448 1896 2504 Basilio.
1932 2449 2022 2503 Sic

377 2533 534 2588 enim
566 2532 782 2606 legitur
811 2535 1170 2593 Ecclesiastes
1217 2556 1255 2608 ι,
1308 2541 1411 2595 15;
1465 2537 1899 2614 Διεστραμμὲνον
1963 2536 2023 2592 οὐ

379 2617 667 2692 δυνήσεται
713 2622 1167 2697 ἐπικοσμηθῆναιο
1221 2653 1248 2680 ‹‹
1306 2629 1650 2686 Perversum
1693 2648 1808 2688 non
1860 2635 2025 2702 pote-

379 2713 455 2768 rit
482 2714 792 2772 adornari:
827 2738 856 2766 »
886 2717 1138 2790 Vulgata
1169 2717 1392 2787 Latina,
1444 2741 1472 2771 ‹‹
1503 2722 1754 2776 Perversi
1790 2718 2027 2775 difﬁcile

379 2803 790 2877 corriguntur:
823 2829 851 2859 »
883 2812 943 2864 at
970 2807 1198 2879 psalmo
1228 2825 1452 2879 cxxxrx,
1487 2811 1588 2865 12:
1624 2809 1786 2882 Ἀνὴρ
1842 2806 2026 2885 γλωσο

379 2889 560 2963 σώδης
602 2893 663 2949 οὐ
694 2897 1202 2967 κατευθυνθήσεται·
1250 2922 1278 2951 ι(
1312 2901 1415 2956 Vir
1442 2899 1753 2973 linguosus
1785 2917 1899 2956 non
1935 2900 2026 2955 di-

379 2982 624 3056 rigetur.
657 3007 686 3035 »

449 3100 598 3156 Ibid.
632 3101 677 3157 D
709 3102 760 3158 1.
791 3103 938 3159 Nam
965 3105 1578 3177 quisquisﬂornarius,
1609 3127 1634 3159 α
1666 3106 1774 3171 Qui
1806 3105 1962 3162 enim
1995 3123 2029 3162 a

2128 1893 2321 1962 ξωνται
2375 1893 2500 1968 παρ’
2531 1893 2747 1968 ἑτέρων,
2786 1889 2916 1967 μηδ’
2949 1892 3032 1947 ἐπ’
3060 1889 3360 1964 ἀλλοτρίας
3391 1891 3573 1964 πηγὰς
3620 1887 3779 1966 βαδί-

2130 2002 2287 2054 σωσι,
2353 1983 2426 2055 μή
2485 1982 2748 2055 πρότερον
2810 1979 2952 2036 οἷ’κοι
3015 1981 3112 2045 τὰς
3167 1981 3343 2036 αὐτῶν
3386 1978 3640 2058 ἀφορμὰς
3700 1979 3782 2050 ἑξ-

2131 2069 2457 2146 ελὲγξαντες·
2495 2092 2523 2125 ιι
2555 2071 2760 2128 Nonne
2792 2073 3032 2128 evidens
3063 2075 3154 2128 est
3178 2089 3304 2128 eam
3331 2071 3521 2143 legem
3554 2071 3622 2126 ad
3659 2086 3781 2126 rem

2133 2161 2532 2233 pecuniariam
2554 2161 2943 2234 pertinere,ne
2961 2161 3032 2216 ab
3063 2160 3197 2217 aliis
3217 2163 3492 2217 mutuum
3524 2164 3782 2225 sumant,

2134 2249 2474 2323 alienasque
2519 2251 2707 2306 fontes
2763 2251 2994 2322 adeant,
3051 2266 3166 2306 non
3217 2253 3352 2305 ante
3381 2249 3541 2305 domi
3601 2249 3788 2322 copiis

2133 2338 2258 2394 snis
2287 2339 2637 2395 examinatis
2661 2343 2683 2394 Ρ
2717 2361 2744 2388 ››

2203 2446 2320 2503 Col.
2355 2448 2461 2501 274
2489 2450 2535 2502 Α
2568 2449 2654 2502 15.
2693 2447 2830 2503 Vasa
2857 2463 3086 2518 quoque.
3138 2445 3300 2519 Legit
3365 2442 3653 2508 ἐσθιόντων
3706 2445 3792 2501 in-

2135 2541 2360 2609 terpres
2392 2541 2458 2592 ut
2482 2553 2551 2592 ex
2579 2535 2838 2608 Anglicis
2871 2536 3264 2592 substitutum
3303 2540 3434 2605 est;
3482 2535 3668 2608 magis
3698 2540 3786 2591 ta-

2137 2643 2269 2681 men
2301 2626 2520 2682 arridet
2536 2625 2882 2682 Basiliensis
2904 2626 3180 2682 editionis
3201 2631 3258 2681 et
3279 2625 3500 2681 codicis
3521 2625 3788 2682 ms.0liv.

2136 2714 2328 2784 lectio,
2361 2714 2680 2785 ἑστιώντων,
2712 2731 2780 2770 ex
2811 2732 2928 2788 qua
2979 2715 3135 2787 apud
3187 2713 3556 2786 Cornarium,
3595 2737 3622 2768 ε
3651 2731 3792 2770 vasa

2135 2810 2194 2861 et
2223 2803 2648 2877 supellectilem
2679 2821 2882 2861 eorum
2924 2822 2958 2860 a
2999 2804 3220 2876 quibus
3263 2803 3525 2860 convivio
3571 2804 3789 2876 excipi-

2134 2898 2250 2950 tur.
2289 2915 2318 2943 »
2350 2893 2564 2949 Eorum
2588 2893 2744 2950 enim
2777 2893 2992 2966 potius,
3024 2893 3124 2966 qui
3155 2894 3419 2950 convivio
3467 2892 3784 2966 excipiunt,

2137 2988 2278 3040 sunt
2305 2999 2465 3056 vasa,
2499 3000 2674 3055 quam
2707 2983 3108 3039 convivarum.

2207 3089 2357 3145 Ibid.
2388 3089 2430 3144 B
2455 3089 2544 3146 H.
2576 3086 2637 3143 Τί
2674 3085 3019 3160 πολυπλόκῳ
3048 3088 3252 3164 θηρίῷ.
3285 3087 3450 3145 Unde
3499 3087 3780 3160 expressit

378 3189 720 3247 fortitudine
771 3191 926 3248 infra
969 3193 1246 3263 declinat,
1288 3197 1612 3251 secundum
1651 3195 2025 3252 timiditatem

2141 3179 2476 3249 Lornarius,
2499 3202 2526 3231 α
2552 3179 2699 3246 Quid
2725 3179 3037 3251 multiplici
3059 3179 3258 3235 bestiae
3289 3177 3546 3252 teipsum
3579 3177 3788 3250 adjun-

379 3279 788 3348 pervertitur.»
819 3283 1216 3338 Montacutius
1247 3300 1380 3339 vero
1404 3284 1663 3355 corrigit,
1689 3308 1710 3334 ιι
1738 3284 1844 3350 Qui
1869 3285 2027 3340 enim

379 3368 438 3420 in
466 3368 694 3424 defectu
726 3369 984 3426 declinat
1014 3390 1046 3427 ει
1077 3372 1596 3430 fortitudine.Nam
1627 3378 1686 3430 et
1715 3375 1908 3430 audax
1928 3375 2030 3431 de-

381 3455 562 3513 clinat
590 3474 625 3514 a
654 3457 1020 3529 fortitudine,
1051 3461 1150 3517 sed
1186 3461 1246 3516 in
1277 3478 1539 3518 excessu.
1574 3485 1602 3512 »

450 3571 570 3628 Col.
610 3573 717 3627 246
748 3577 791 3627 Β
819 3576 872 3628 2.
905 3576 1023 3631 Non
1047 3577 1334 3633 irascitur.
1368 3578 1558 3647 Verte,
1599 3598 1621 3627 ι
1652 3582 1710 3636 et
1738 3597 1854 3636 non
1881 3580 2032 3636 iram

378 3661 681 3717 adducens
717 3679 822 3733 per
837 3663 1105 3736 singulos
1129 3667 1274 3723 dies.
1302 3689 1331 3716 ››
1351 3668 1447 3724 Sic
1471 3668 1628 3723 enim
1653 3669 1771 3724 ista
1790 3685 2031 3725 conver-

379 3753 588 3805 tuntur
621 3767 652 3806 e
687 3751 884 3808 Graeco
925 3754 1054 3809 LXX
1095 3757 1250 3828 apud
1281 3757 1340 3812 S.
1365 3757 1762 3828 Augustinum
1785 3759 1845 3812 in
1874 3758 2033 3813 Psal-

375 3855 510 3907 mos,
533 3845 591 3895 et
610 3840 670 3896 in
698 3845 947 3914 utraque
977 3843 1288 3900 Basilicnsi
1313 3845 1570 3901 editione
1591 3845 1919 3916 legitur,mi
1954 3846 2030 3918 μὴ

383 3925 548 4002 ὀργήν
581 3926 822 4004 ἐπάγων,
867 3932 1058 4004 primo
1091 3933 1256 3990 loco:
1309 3935 1571 3990 secundo
1601 3951 1738 3990 vero
1785 3935 2033 4006 conjun-

389 4019 501 4075 ctio
531 4017 620 4073 καί
675 4021 990 4090 omittitur,
1047 4026 1204 4096 quod
1238 4025 1486 4082 fortasse
1517 4025 1576 4081 in
1610 4042 1790 4082 causa
1815 4027 1945 4094 fuit,
1969 4033 2035 4084 ut

386 4110 707 4170 Flaminius
718 4113 984 4170 Nobilius
997 4132 1068 4170 an
1079 4117 1474 4187 notaretapud
1495 4115 1768 4172 Basilium
1784 4135 1897 4174 non
1918 4118 2031 4192 legi

379 4198 468 4253 καὶ
504 4199 605 4272 μή,
640 4201 794 4257 sicut
823 4203 978 4273 apud
1012 4203 1444 4260 Theodoretum
1495 4211 1551 4261 et
1597 4206 2028 4278 Nicephorum:

383 4293 443 4345 at
471 4289 530 4344 in
562 4305 706 4346 mss.
739 4289 885 4346 Oliv.
913 4291 975 4346 in
1007 4296 1255 4365 utroque
1285 4295 1411 4350 loco
1443 4295 1752 4366 reperitur.

455 4411 575 4469 Col.
609 4414 715 4468 266
748 4418 792 4467 B
818 4417 872 4468 2.
905 4415 1021 4471 Non
1041 4417 1341 4488 fenerabis.
1377 4419 1564 4475 Locus
1595 4424 1684 4476 est
1717 4421 2029 4479 Deuteron.

2141 3270 2232 3341 gis
2254 3269 2281 3323 ‘I
2308 3269 2634 3340 eodemque
2664 3269 2838 3324 modo
2868 3269 2927 3324 in
2960 3269 3107 3325 Oliv.
3140 3268 3428 3340 scriptum
3458 3267 3588 3323 fuit.
3641 3267 3795 3323 Sane

2139 3355 2512 3412 πολυπλόκων
2539 3358 2716 3414 etiam
2749 3357 3018 3414 meminit
3063 3357 3385 3430 Scriptura,
3434 3357 3542 3412 Job
3585 3373 3638 3421 ν.
3700 3357 3788 3422 13,

2146 3444 2352 3521 βουλήν
2405 3443 2461 3500 δὲ
2498 3443 2868 3501 πολυπλόκων
2909 3444 3211 3516 ἐξέστησεν,
3253 3447 3543 3502 consilium
3599 3448 3792 3499 autem

2141 3543 2453 3593 astutorum
2480 3537 2720 3605 disiecit.
2755 3537 2867 3594 Sed
2909 3537 3101 3607 aptior
3124 3541 3214 3592 est
3258 3535 3428 3590 lectio
3465 3531 3694 3604 Anglic.
3729 3537 3790 3587 et

2141 3624 2476 3697 interpretis
2505 3622 2817 3696 πολυτόχῳ,
2852 3648 2881 3677 ι(
2911 3626 3188 3691 fecundas,
3222 3645 3251 3672 »
3285 3624 3437 3694 quod
3459 3621 3790 3694 epithetum

2142 3713 2367 3770 nomini
2388 3719 2444 3770 et
2465 3718 2686 3770 naturae
2730 3716 2920 3786 magis
2943 3713 3233 3778 convenit,
3279 3711 3436 3768 unde
3461 3715 3520 3768 et
3540 3711 3611 3766 de
3629 3709 3792 3782 lepo-

2142 3803 2306 3860 ribus
2354 3803 2856 3875 superfetantibus
2889 3803 3151 3875 subjicit.
3202 3805 3289 3858 Ita
3315 3799 3464 3872 psal.
3496 3815 3690 3865 cum,
3722 3799 3794 3856 i6

2139 3893 2207 3945 τὰ
2289 3886 2537 3964 πρόϐατα
2613 3891 2792 3946 αὐτῶν
2871 3890 3175 3963 πολύτοκα,
3235 3906 3358 3947 oues
3438 3905 3632 3947 eorum
3701 3891 3791 3960 fe-

2141 3993 2298 4040 (08:2.

2212 4072 2333 4128 Col.
2363 4073 2471 4127 275
2501 4073 2540 4127 A
2574 4073 2658 4128 15.
2696 4072 2851 4128 Liber
2875 4069 3189 4146 Ἐλεύθερον
3224 4087 3340 4143 pm
3365 4087 3428 4127 se
3450 4069 3560 4126 fert
3608 4068 3792 4126 etiam

2142 4179 2255 4218 ms.
2277 4160 2448 4232 Oliv.,
2479 4166 2540 4218 at
2559 4163 2994 4219 emendandum
3024 4166 3114 4218 est
3141 4158 3438 4235 ἆλεύθερος.
3471 4159 3556 4214 Ab
3586 4159 3796 4214 eadem

2143 4255 2337 4306 mente
2358 4250 2504 4306 illud
2523 4256 2614 4307 est
2633 4251 2929 4308 Plutarchi
2961 4250 3111 4307 libro
3130 4252 3258 4322 jam
3285 4249 3460 4306 citato
3487 4263 3624 4320 pag.
3645 4248 3754 4304 828
3780 4263 3795 4304 :

2140 4340 2331 4411 Ἡμεῖς
2362 4335 2547 4407 δὲτὴν
2605 4337 2924 4415 αὐτάρκειαν
2972 4336 3365 4414 αἰσχυνόμενοι
3413 4331 3799 4391 καταδουλοῦ-

2146 4448 2240 4500 μεν
2297 4426 2521 4492 ὲαυτοὺς
2578 4427 2876 4500 ὑποθήκαις
2938 4428 3027 4483 καὶ
3095 4422 3483 4502 συμϐολαίοις,
3539 4422 3660 4480 δέον
3718 4423 3798 4486 εἷς

383 4519 547 4569 xxm,
575 4503 673 4593 _19,
705 4503 808 4558 ubi
836 4503 1091 4578 Vulgata
1119 4507 1339 4577 Latina,
1373 4508 1491 4565 Non
1528 4511 1808 4580 fenerabi:
1861 4514 2025 4581 fratr:

2142 4517 2276 4572 αὐτὰ
2329 4517 2395 4572 τὰ
2459 4519 2713 4593 χρήσιμα
2771 4516 3125 4580 συσταλέντας
3173 4515 3262 4572 καὶ
3321 4515 3792 4588 συσπειραθέντας,

386 4595 479 4648 tuo
519 4591 590 4647 ad
632 4609 864 4649 usuram
898 4595 1149 4651 Verbum
1199 4597 1355 4654 enim
1406 4598 1681 4654 Latinum
1733 4601 2025 4657 fenerandi

2145 4606 2204 4662 ἐκ
2274 4611 2382 4662 τῶν
2439 4609 2732 4684 ἀχρήστων
2800 4609 2890 4662 καὶ
2952 4609 3221 4682 περιττῶν
3280 4603 3699 4659 κατακοπᾶντων
3753 4601 3788 4671 ἢ

387 4681 581 4738 solum
613 4686 886 4738 mutuum
910 4683 1226 4757 aliquando
1249 4687 1543 4760 significat
1572 4705 1584 4745 :
1619 4693 1684 4745 ut
1704 4693 2034 4761 Deuter.xv,

387 4789 459 4842 9:
493 4772 788 4830 Fenerabis
834 4777 1087 4846 gentibus
1143 4777 1357 4844 multis,
1400 4783 1451 4834 et
1502 4780 1615 4850 ipse
1643 4797 1677 4835 α
1707 4780 1869 4837 nullo
1897 4783 2036 4838 acci-

383 4863 507 4934 pies
538 4871 794 4919 mutuum
824 4884 838 4934 ;
876 4865 1031 4937 quod
1060 4865 1197 4922 LXX
1226 4867 1422 4924 Graece
1443 4869 1754 4924 dixerunt:
1783 4868 1882 4923 Καὶ
1943 4868 2038 4925 δα-

387 4950 583 5014 νείσεις
612 4948 781 5006 ἔθνεσι
840 4950 1103 5021 πολλοῖς,
1163 4954 1225 5009 σὺ
1280 4953 1338 5009 δὲ
1394 4956 1458 5010 οὐ
1527 4953 1734 5030 δανειῇ.
1795 4959 2037 5018 Hebrai-

385 5059 520 5099 cum
545 5046 638 5100 est
663 5054 813 5108 ων.
864 5046 939 5098 At
959 5045 1070 5100 hoc
1116 5044 1240 5101 loco
1282 5046 1524 5102 verbum
1574 5051 1665 5104 est
1708 5060 1846 5121 Tm,
1881 5053 2036 5123 quod

388 5155 414 5182 ‹‹
451 5133 719 5189 mordere
751 5157 778 5184 ››
813 5132 1128 5206 signiﬁcat,
1160 5138 1219 5190 et
1280 5158 1307 5185 ‹‹
1353 5137 1645 5206 arrodere,
1684 5159 1712 5189 »
1745 5143 1802 5194 et
1829 5136 2036 5194 ἐκτοκί-

389 5226 518 5292 ζειν,
551 5223 662 5280 hoe
691 5229 802 5295 est,
837 5248 864 5276 ‹‹
916 5227 986 5281 ad
1021 5243 1265 5282 usuram
1320 5231 1598 5283 mutuum
1627 5230 1784 5286 dare.
1813 5253 1839 5279 ››
1871 5230 2034 5295 Quod

385 5328 519 5369 vero
541 5314 811 5386 sequitur
831 5333 899 5372 ex
911 5316 1178 5374 Jeremiae
1199 5333 1277 5386 ιχ,
1301 5318 1356 5387 6,
1380 5318 1647 5375 nonnihil
1669 5320 2037 5378 immutatum

387 5407 476 5458 est
509 5404 580 5459 ab
608 5409 864 5475 auctore,
899 5424 1032 5463 cum
1063 5409 1220 5479 apud
1247 5409 1591 5481 prophetam
1625 5410 2039 5484 legaturﬁdxoc

385 5488 474 5545 ἐπὶ
505 5491 671 5566 τόκῳ,
709 5491 876 5558 δόλος
910 5494 997 5550 ἐπὶ
1029 5493 1201 5570 δόλῳ.
1240 5498 1628 5572 Manuscripti
1677 5518 1810 5556 cum
1861 5503 2037 5560 editis

385 5583 784 5639 consentiunt.
815 5587 1050 5643 Tertius
1075 5587 1240 5644 locus
1270 5595 1361 5645 est
1389 5589 1824 5661 psalm.uv,12.
1857 5595 2033 5649 Caete-

385 5688 519 5728 rum
549 5671 609 5727 in
641 5673 838 5730 codice
868 5675 1014 5732 Oliv.
1067 5676 1373 5751 inscriptio
1425 5678 1606 5752 hujus
1653 5680 2035 5753 expositionis

2143 4697 2453 4772 πραθὲντων
2491 4739 2505 4766 ,
2588 4696 2896 4774 ἰλευθερίας
2965 4695 3150 4757 αὐτοῖς
3226 4694 3372 4769 ἱερὸν
3455 4689 3793 4770 ἱδρύσασθαι·

2144 4789 2261 4846 Nos
2317 4789 2458 4844 dum
2518 4791 2824 4844 contentos
2882 4803 3011 4844 esse
3069 4785 3292 4843 nostris
3352 4784 3528 4840 rebus
3588 4784 3795 4856 pudet,

2145 4877 2356 4934 dandis
2412 4876 2759 4950 pignoribus
2815 4876 3328 4947 contractibusque
3379 4873 3708 4930 subeundis
3737 4871 3799 4928 in

2147 4968 2490 5024 servitutem
2521 4971 2756 5024 nosmet
2783 4967 3020 5036 damus,
3050 4966 3152 5023 ubi
3185 4982 3292 5039 par
3309 4968 3455 5032 erat,
3480 4963 3804 5019 contractis

2147 5057 2218 5114 ad
2253 5057 2423 5114 utilia
2453 5055 3136 5129 cupiditatibus,inutilia
3164 5071 3269 5111 nos
3299 5057 3357 5110 et
3385 5052 3573 5108 otiosa
3599 5051 3800 5108 conci-

2146 5148 2284 5204 dere
2340 5149 2441 5202 aut
2474 5146 2808 5216 divendere,
2838 5146 3038 5218 itaque
3067 5144 3240 5202 nobis
3269 5141 3560 5198 libertatis
3592 5141 3801 5197 fanum

2145 5243 2464 5294 exstruere.
2497 5258 2525 5287 »
2557 5236 2838 5309 Sequitur
2865 5236 3031 5294 locus
3084 5235 3239 5308 apud
3272 5232 3554 5290 Basilium
3587 5231 3804 5304 partim

2146 5329 2219 5384 ad
2250 5327 2491 5384 verbum
2524 5327 2739 5399 partim
2771 5327 3101 5384 imitatione
3130 5339 3464 5397 expressus,
3496 5339 3566 5378 ex
3593 5321 3801 5378 eodem

2146 5416 2296 5474 libro
2328 5415 2621 5472 Plutarchi
2653 5416 2986 5488 descriptus
3016 5430 3149 5488 pag;
3191 5413 3335 5470 830:
3397 5411 3526 5472 Πῶς
3556 5407 3647 5464 οὖν
3681 5405 3801 5464 δια-

2142 5509 2370 5582 τραφῶ;
2434 5507 2610 5562 Τοῦτο
2665 5503 2891 5579 ἐρωτᾷς,
2939 5497 3083 5580 ἔχων
3131 5507 3346 5578 χεῖρας,
3404 5498 3549 5575 ἔχων
3603 5495 3797 5568 πόδας,

2145 5590 2291 5670 ἔχων
2325 5595 2534 5672 φωνὴν,
2567 5589 2850 5669 ἄνθρωπος
2883 5589 2978 5665 ὥν,
3010 5593 3056 5666 ᾧ
3085 5593 3148 5648 τὸ
3180 5590 3362 5670 φιλεῖν
3390 5589 3522 5645 ἆστι·
3573 5587 3663 5644 καὶ
3715 5609 3801 5664 φι-

2146 5681 2358 5750 λεῖσθαι
2391 5726 2405 5753 ,
2479 5681 2568 5740 καὶ
2642 5683 2707 5738 τὸ
2763 5682 3108 5761 χαρίζεσθαι,
3161 5681 3254 5737 καὶ
3307 5679 3372 5735 τὸ
3429 5676 3796 5755 εὐχαριστεῖν,
