4156 6386
381 381 534 442 101⁵1

1566 379 1668 438 AD
1713 366 2096 435 HOMILIAS
2139 367 2218 428 IN
2260 367 2648 429 PSALMOS.

3639 363 3796 424 1018

375 510 675 584 γράμματα
705 506 999 578 διδάσκων,
1041 511 1131 565 καὶ
1177 507 1547 585 παιδαγωγων
1577 527 1590 566 :
1626 532 1654 558 «
1704 507 1904 563 Dices:
1960 508 2031 561 At

2152 498 2548 569 Pentecosten,
2582 501 2830 563 stantes,
2865 514 2978 553 non
3010 497 3260 570 genibus
3308 495 3470 551 ﬂexis
3518 496 3784 551 orabant.

377 601 668 671 quomodo
701 600 870 656 alar?
901 600 1523 671 Hoccine,inquam,te
1555 613 1761 670 rogare
1793 610 2025 666 aequum

377 696 488 759 est,
522 690 623 760 qui
651 689 870 745 habeas
901 706 1138 760 manus,
1173 689 1372 762 pedes,
1407 705 1605 744 vocem
1627 688 1656 743 ‘I
1687 703 1802 759 quo
1854 685 2028 740 homo

379 777 482 849 sis,
511 779 610 850 qui
643 783 696 834 et
726 795 923 834 amare
955 779 1148 850 possis
1181 782 1237 833 et
1259 777 1466 848 amari,
1499 776 1847 833 beneﬁcium
1881 772 2029 828 acci-

377 884 514 940 pere
544 873 602 923 et
630 884 799 941 agere
829 868 1046 938 gratias
1073 871 1095 923 P
1126 866 1357 924 litteras
1399 867 1681 938 docendo,
1715 881 1926 939 pueros
1956 862 2024 917 li-

377 956 654 1013 beraliter
683 958 990 1012 formando
1016 960 1039 1012 P
1061 979 1088 1010 ιι
1185 946 1193 955 ’

450 1046 569 1102 Col.
595 1046 705 1100 282
735 1049 773 1103 C
798 1048 850 1102 4.
879 1047 995 1102 Νοη
1026 1049 1177 1103 enim
1217 1047 1449 1103 munda.
1497 1045 1904 1119 Expunximus
1934 1041 2034 1099 illa

377 1135 737 1207 interpretis,
770 1157 798 1186 «
827 1135 952 1192 Non
985 1136 1142 1192 enim
1170 1139 1344 1192 casta:
1377 1139 1515 1192 sunt
1545 1150 1769 1208 preces,
1804 1149 1909 1189 nec
1940 1149 2032 1189 ac-

379 1231 567 1298 cepta.
603 1246 630 1274 »
679 1225 956 1296 Spectant
1003 1225 1160 1281 enim
1193 1225 1314 1280 haec
1355 1226 1425 1281 ad
1477 1229 1830 1297 praeceptum
1886 1221 2032 1277 illud

377 1316 688 1372 Deuteron.
723 1332 886 1387 XXIII,
940 1317 1042 1372 18:
1095 1315 1174 1374 Οὐ
1221 1315 1534 1390 προσοίσεις
1583 1313 1842 1389 μίσθωμα
1896 1312 2033 1387 πόρ-

376 1424 472 1472 νης
529 1403 666 1478 πρὸς
725 1409 896 1459 πᾶσαν
987 1405 1184 1481 εὐχήν.
1269 1409 1388 1463 Νοη
1464 1407 1653 1478 oﬂeres
1730 1403 2033 1460 mercedem

377 1496 688 1550 meretricis
712 1495 783 1550 ad
812 1512 970 1552 omne
996 1507 1204 1552 votum.
1240 1500 1411 1552 Porro
1462 1493 1600 1568 εὐχή
1637 1511 1753 1549 non
1785 1499 1872 1548 est
1918 1492 2033 1547 He-

379 1584 581 1640 braice
614 1569 940 1658 Triviamque
967 1585 1307 1660 προσευχήν,
1360 1585 1417 1640 id
1451 1589 1560 1655 est,
1613 1583 2030 1656 precationem,

381 1673 700 1744 signiﬁcat,
737 1675 834 1730 sed
869 1687 991 1741 Tu,
1025 1691 1151 1746 qua
1178 1671 1507 1750 ὁμολογίαν,
1538 1677 1737 1730 votum
1770 1675 1872 1728 aut
1901 1689 2034 1744 pro-

378 1761 651 1832 missum,
686 1766 750 1818 ut
777 1763 1046 1820 Jeremia‘
1076 1781 1226 1830 XLIV,
1285 1765 1392 1820 25:
1426 1763 1740 1835 Ποιήσομεν
1767 1761 1866 1824 τὰς
1897 1760 2030 1833 ὁμο-

2137 586 2522 660 Hieronymus
2545 586 2605 642 in
2627 588 2839 658 Dialog.
2874 585 3134 641 adversus
3173 586 3553 655 Luci/erianos
3575 603 3593 638 :
3633 607 3653 634 ι
3691 583 3793 638 Die

2139 675 2446 732 Dominico
2478 679 2534 731 et
2566 693 2666 747 per
2697 692 2930 730 omnem
2984 677 3358 730 Pentecosten
3392 690 3495 728 nec
3527 675 3597 728 de
3626 672 3793 746 geni-

2140 765 2290 820 culis
2322 767 2586 833 adorare,
2620 769 2677 820 et
2700 765 2996 836 jejunium
3032 763 3274 833 solvere,
3323 763 3626 834 multoque
3657 762 3793 830 alia,

2143 872 2270 927 quae
2303 855 2522 925 scripta
2553 872 2668 910 non
2702 859 2860 922 sunt,
2905 853 3269 910 rationabilis
3320 852 3431 908 sibi
3466 851 3794 907 observatio

2140 943 2517 999 vindicavit.»
2542 943 2700 998 Idem
2725 944 3070 1000 Ambrosius
3092 943 3341 998 serm.6t
3363 942 3434 996 «te
3458 941 3796 996 Pentecoste

2144 1050 2213 1088 ex
2270 1031 2515 1088 concilio
2572 1033 2807 1088 Nicaeno
2865 1049 2992 1087 can.
3050 1033 3161 1087 20:
3219 1030 3489 1091 Ἑστῶτας
3549 1026 3794 1101 ἔδοξετῇ

2143 1119 2271 1196 ἁγίᾳ
2319 1117 2529 1192 συνόδῳ
2575 1120 2672 1182 τὰς
2724 1119 2890 1195 εὐχὰς
2939 1116 3256 1174 ἀποδιδόναι
3308 1123 3387 1191 τῷ
3433 1121 3586 1191 Θεῷ·
3648 1143 3674 1169 ‹‹
3725 1119 3798 1174 Ut

2144 1215 2371 1268 stantes
2403 1213 2471 1267 ad
2507 1211 2830 1267 orationem
2863 1213 2994 1266 vota
3023 1209 3270 1266 Domino
3305 1209 3641 1265 reddamus.
3680 1232 3700 1257 ι

2217 1319 2336 1374 Col.
2399 1319 2496 1373 291
2548 1320 2594 1373 Α
2639 1319 2693 1374 7.
2753 1319 2859 1386 Qui
2899 1319 3170 1389 aspirant.
3227 1316 3675 1372 Emendandum
3733 1314 3793 1370 in

2144 1409 2340 1466 Graeco
2379 1425 2448 1464 ex
2477 1425 2589 1464 ms.
2622 1407 2791 1475 Oliv.,
2825 1404 3242 1478 τελειουμὲνων,
3283 1429 3302 1454 α
3339 1407 3398 1460 in
3440 1405 3670 1462 animas
3699 1421 3794 1460 eo-

2144 1515 2276 1552 rum
2308 1497 2409 1569 qui
2432 1499 2557 1569 jam
2587 1496 2806 1552 initiati
2839 1501 2996 1552 sunt.
3020 1521 3032 1546 ι
3059 1495 3370 1552 Cornarius
3395 1495 3656 1566 scripsit,
3676 1516 3703 1544 ί(
3736 1494 3794 1548 in

2145 1587 2361 1642 animis
2393 1603 2596 1642 eorum
2629 1586 2729 1657 qui
2755 1586 2881 1657 jam
2905 1585 3313 1658 perﬁciuntur.
3348 1607 3374 1635 »
3413 1588 3485 1638 At
3515 1583 3670 1655 quod
3703 1600 3792 1638 se-

2144 1675 2376 1748 quitur,
2408 1673 2555 1747 παρᾶ
2582 1675 2678 1726 τοῦ
2713 1669 2912 1747 Κυρίου
2959 1668 3474 1744 μετονομασθέντες,
3504 1669 3796 1741 interpres

2143 1764 2461 1833 ediderat,«
2493 1779 2595 1834 per
2617 1761 3020 1833 metaphoram
3045 1760 3150 1816 filii
3181 1759 3426 1816 tonitrui
3449 1757 3724 1830 appellati
3744 1780 3798 1825 ;››

376 1846 566 1925 λογίας
623 1849 683 1912 ἃς
736 1847 1205 1928 ὡμολογήσαμενο
1268 1853 1552 1909 Faciamus
1602 1860 1745 1922 vota,
1791 1865 1910 1923 qva:
1938 1867 2030 1906 vo-

2152 1851 2474 1921 30rnarius,
2512 1873 2539 1902 «
2569 1869 2671 1923 per
2700 1850 3148 1909 translationem
3201 1847 3511 1922 appellati;
3552 1871 3571 1898 ι
3627 1847 3801 1920 quasi

380 1941 606 2003 vimus;
637 1943 728 1995 et:
788 1940 1129 2013 Ἐνεμείνατε
1156 1944 1277 2004 ταῖς
1340 1938 1664 2016 ὁμολογίαις
1717 1940 1888 2013 ὑμῶν’
1926 1941 2030 1995 lm-

386 2028 579 2100 plestis
602 2035 724 2085 vota
751 2037 954 2085 vestra.
1008 2030 1260 2086 Basilius
1311 2034 1506 2087 autem
1565 2031 1740 2087 verba
1781 2046 2032 2102 usurpa-

385 2116 466 2173 vit
525 2117 856 2175 Salomonis
907 2118 1349 2176 Proverbiorum
1403 2137 1519 2188 nx,
1575 2121 1691 2176 I3:
1772 2116 1873 2173 Καὶ
1931 2115 2037 2192 οὐχ

383 2203 534 2279 ἁγναὶ
571 2205 753 2298 uexat,
815 2207 912 2263 ubi
965 2207 1148 2298 altera
1189 2225 1299 2264 vox
1331 2213 1419 2264 est
1442 2209 1684 2265 Hebraea
1737 2193 1874 2298 I151,
1908 2223 2034 2279 quae

380 2299 581 2351 votum
607 2297 744 2352 item
777 2297 1109 2368 sonat,licet
1140 2299 1355 2372 saepius
1386 2303 1613 2372 guttam
1641 2324 1656 2367 ;
1689 2299 1844 2353 unde
1874 2297 2037 2369 Sym-

384 2385 631 2441 machus
662 2385 880 2442 ibidem
913 2385 1169 2460 σταγόνες
1199 2388 1399 2460 vertit,
1429 2391 1486 2444 et
1513 2387 1766 2460 Vulgata
1808 2386 2034 2452 Latina,

384 2477 595 2531 euecta
646 2476 851 2548 iugiter
878 2478 1151 2533 stillantia
1203 2477 1452 2547 litigiosa
1509 2479 1736 2534 mulier.
1769 2476 1927 2532 Alter
1957 2475 2038 2531 lo-

387 2581 492 2620 cus
549 2569 640 2620 est
688 2565 955 2621 Jeremiae
1011 2568 1231 2636 x1,15:
1284 2567 1378 2636 Μὴ
1426 2565 1584 2641 εὐχαὶ
1622 2565 1709 2620 καὶ
1755 2565 1887 2638 κρέα
1911 2565 2038 2638 ἅγια

386 2650 677 2728 ἆφελοῦσιν
763 2653 868 2710 ἀπὸ
951 2658 1048 2708 σοῦ
1127 2654 1222 2717 τὰς
1276 2651 1466 2718 κακίας
1527 2676 1645 2724 σου,
1703 2655 1738 2724 ἢ
1815 2652 2039 2715 ταύταις

387 2739 640 2819 διαφεύξῃ
673 2761 687 2812 ;
722 2744 822 2799 ubi
854 2746 1008 2816 quod
1041 2745 1329 2818 propheta
1359 2746 1526 2815 dixit,
1559 2753 1655 2802 aut
1676 2753 1903 2818 propter
1932 2729 2040 2800 ista

386 2833 650 2905 eﬂugies;
709 2833 964 2890 Basilius
1021 2835 1480 2892 circumlocutus
1533 2840 1670 2893 est:
1729 2833 1765 2904 ἢ
1820 2832 2035 2896 τούτοις

385 2914 478 2994 ἔσῃ
506 2921 783 2995 καθαρός;
819 2945 848 2974 ‹‹
881 2927 982 2980 aut
1021 2941 1126 2998 per
1154 2925 1276 2982 haec
1317 2943 1506 3000 purus
1553 2926 1717 2983 eris?
1771 2948 1799 2977 ››
1863 2925 2038 2980 Paulo

389 3015 518 3082 post
555 3007 626 3064 δι’
683 3008 952 3087 ἁγιασμοῦ
1010 3013 1302 3086 interpres
1349 3019 1622 3085 verterat,
1683 3037 1711 3066 «
1772 3031 1875 3087 per
1909 3013 2038 3070 vitae

385 3101 540 3156 enim
571 3102 1026 3160 sanctimoniam
1060 3105 1237 3160 nobis
1256 3106 1494 3178 pervius
1515 3109 1604 3162 est
1634 3106 1706 3162 ad
1739 3122 1872 3162 eum
1906 3121 2040 3161 san-

386 3195 542 3246 ctum
576 3207 642 3247 ac
671 3191 980 3248 familiaris
1009 3192 1242 3263 aditus;
1280 3217 1307 3244 »
1339 3198 1398 3250 at
1427 3195 1562 3268 plus
1594 3193 1814 3267 aliquid
1847 3196 1937 3250 est
1958 3191 2039 3246 ot-

383 3279 680 3348 κειοῦσθαι,
714 3297 891 3353 quam
920 3281 1145 3338 aditum
1176 3282 1411 3340 habere.

457 3376 575 3434 Col.
605 3379 713 3435 286
738 3384 786 3434 A
808 3381 861 3435 1.
894 3381 1023 3436 Post
1062 3380 1228 3450 huius
1267 3383 1410 3438 vitae.
1446 3381 1836 3438 Restituimus
1887 3380 2040 3437 hanc

385 3467 756 3539 sententiam,
791 3475 965 3541 prout
1006 3488 1040 3526 a
1083 3469 1465 3527 Volaterrano
1503 3488 1780 3544 expressa
1830 3472 2041 3526 luerat.

387 3554 894 3628 Dispensationem
926 3559 1081 3615 enim
1112 3565 1280 3616 vocat
1312 3561 1486 3616 istius
1518 3561 1648 3617 vitae
1682 3578 1948 3631 cursum,
1982 3563 2042 3621 in

387 3660 505 3714 qua
534 3643 757 3701 scelera
784 3649 1094 3718 permittit,
1129 3655 1186 3705 et
1206 3649 1374 3720 quasi
1407 3649 1746 3705 dissimulat
1776 3650 1949 3708 Deus.

459 3731 577 3788 Col.
613 3734 716 3789 186
744 3736 785 3791 C
813 3736 865 3790 8.
897 3738 1194 3795 Praeterito
1233 3749 1504 3795 creatore.
1549 3739 1909 3812 Scripsimus
1939 3742 2041 3798 de-

389 3820 522 3878 letis
553 3821 692 3894 illis,
728 3845 756 3874 «
787 3829 999 3897 praeter
1028 3831 1378 3900 creatorem,
1411 3853 1436 3879 υ
1477 3845 1548 3886 ne
1605 3829 1856 3887 obnoxia
1885 3836 2043 3889 esset

391 3908 490 3966 illa
517 3913 705 3969 versio
734 3929 995 3970 censura;
1036 3914 1250 3972 Theod.
1303 3918 1478 3989 Beza,
1533 3918 1634 3989 qui
1667 3919 1875 3976 merito
1900 3921 2041 3977 Era-

389 4016 583 4056 smum
616 4002 990 4076 reprehendit
1019 4005 1178 4060 hunc
1207 4006 1482 4061 eumdem
1513 4006 1706 4063 locum
1739 4008 1824 4064 sic
1855 4011 2044 4082 expri-

390 4092 641 4147 mentem
675 4091 745 4147 ad
783 4091 952 4149 Rom.
977 4109 1018 4160 1,
1047 4093 1138 4164 25,
1195 4109 1367 4165 supra
1417 4110 1563 4164 eum,
1621 4098 1719 4168 qui
1772 4098 2038 4156 condidit.

387 4177 533 4234 Nam
594 4179 697 4252 qui
751 4179 899 4253 παρᾶ
939 4180 1032 4236 τὸν
1065 4181 1322 4236 κτίσαντα
1353 4182 1460 4240 hoc
1487 4184 1662 4240 modo
1692 4185 1883 4255 vertit,
1917 4192 2038 4258 aut,

390 4289 418 4317 «
451 4271 660 4339 praeter
692 4274 1075 4340 creatorem,»
1097 4271 1330 4328 videtur
1349 4273 1614 4329 conﬁteri
1638 4273 1905 4332 homines
1924 4276 2041 4334 Deo

390 4372 623 4429 quoque
651 4356 876 4415 cultum
909 4359 1168 4433 aliquem
1199 4361 1670 4432 exhibuisse,sed
1693 4363 1775 4420 ita
1797 4368 1864 4422 ut
1880 4382 2041 4422 crea-

388 4450 554 4503 turas
574 4448 748 4504 etiam
773 4449 1032 4507 colerent
1056 4467 1068 4506 :
1104 4455 1162 4507 at
1179 4451 1498 4524 Apostolus
1520 4453 1646 4510 vult
1668 4471 1766 4512 eos
1788 4455 2037 4524 cultum,

390 4539 492 4612 qui
528 4540 638 4595 Deo
669 4539 1012 4613 debebatur,
1045 4544 1116 4599 ad
1149 4547 1448 4601 creaturas
1479 4545 1880 4604 transtulisse.
1903 4548 2040 4604 Vul-

393 4631 543 4699 gata
569 4627 784 4684 Latinae
811 4633 1016 4687 auctor
1043 4631 1209 4700 dixit,
1241 4640 1292 4688 et
1319 4635 1632 4691 servierunt
1660 4645 1932 4692 creatum
1948 4653 2044 4710 po-

392 4717 504 4772 tius
534 4733 699 4788 quam
745 4720 1004 4775 creatori.
1051 4721 1166 4777 Nec
1221 4721 1392 4778 aliter
1443 4723 1829 4797 Hieronymus
1884 4726 2041 4799 apud

393 4803 700 4877 Origenem
719 4806 779 4863 in
803 4809 1236 4867 Commentario
1261 4811 1535 4884 Epistolas
1566 4814 1622 4870 S.
1679 4814 1933 4871 Hilarius
1960 4832 2042 4873 xu

393 4893 467 4948 De
495 4895 1236 4968 Trinitate,«etservierunt
1256 4903 1853 4974 creaturis,pra:terito
1878 4921 2044 4962 crea-

389 4987 542 5040 tore.
568 4985 869 5041 »Subinde
885 4986 1294 5060 scripsimus,«
1313 4991 1738 5063 ordinabitur,»
1757 5010 1873 5049 non
1897 5016 1925 5044 ‹‹
1949 5010 2042 5050 or-

393 5071 708 5129 dinabatur
732 5092 747 5144 ;
783 5095 810 5124 »
834 5074 1044 5132 alludit
1073 5077 1229 5134 enim
1253 5079 1323 5134 ad
1348 5078 1492 5135 illud
1509 5081 1669 5137 Luca
1698 5083 1875 5150 xn,46
1898 5099 1911 5138 :
1937 5082 2044 5138 Καὶ

389 5160 450 5214 τὸ
484 5159 648 5236 μέρος
705 5163 874 5217 αὐτοῦ
923 5163 1057 5238 μετὰ
1101 5169 1210 5220 τῶν
1253 5165 1493 5223 ἀπίστων
1525 5170 1699 5241 Θήσει·
1731 5172 1796 5229 Et
1819 5176 2042 5244 partem

390 5250 506 5322 ejus
534 5268 661 5306 cum
692 5252 1008 5324 inﬁdelibus
1033 5264 1220 5327 ponet.

461 5340 580 5396 Col.
630 5340 801 5396 2873
853 5345 941 5402 11.
995 5345 1166 5403 Multi
1212 5347 1382 5404 enim.
1427 5347 1720 5407 Omiserat
1775 5351 2040 5426 corporis

391 5433 611 5485 statum
638 5431 949 5504 interpres,
986 5455 1014 5485 ‹‹
1036 5434 1238 5492 Plures
1267 5437 1425 5494 enim
1473 5440 1728 5512 speciem
1761 5443 2043 5500 orationis

393 5519 666 5590 praeferre
697 5521 992 5590 videntur,
1027 5525 1128 5596 qui
1158 5529 1358 5583 tamen
1388 5528 1449 5584 in
1481 5527 1588 5585 hac
1627 5531 1783 5587 aula.
1809 5553 1836 5581 »
1869 5533 2043 5590 Stans

394 5608 572 5664 etiam
599 5608 929 5668 Pharisaeus
961 5613 1186 5683 orabat,
1222 5616 1386 5673 Lucaa
1420 5634 1578 5687 xvm,
1625 5620 1713 5690 12,
1767 5624 1826 5677 et
1871 5621 2042 5678 Chri-

394 5697 572 5755 stiani
606 5699 1145 5770 quondam,diebus
1165 5703 1487 5764 Dominicis
1513 5711 1570 5764 et
1597 5724 1631 5764 a
1663 5709 1943 5767 Paschate
1969 5712 2040 5768 ad

2147 1941 2558 2014 metaphoram
2592 1941 2652 1995 in
2686 1940 2878 1996 locum
2931 1939 3297 2011 metonymiae
3345 1937 3796 1992 substituerent.

2148 2037 2270 2088 lmo
2302 2031 2396 2087 hic
2422 2029 2679 2086 nominis
2703 2029 3088 2085 mutationem
3115 2026 3598 2099 intelligit,quam
3623 2042 3803 2098 agno-

2143 2121 2224 2176 vit
2257 2120 2434 2177 etiam
2477 2120 2535 2176 S.
2596 2119 2982 2192 Hieronymus
3039 2115 3473 2172 inIDanielis:
3534 2137 3563 2165 «
3617 2115 3797 2170 Porro

2145 2209 2435 2267 Dominus
2457 2209 2516 2264 in
2539 2209 2751 2265 bonam
2787 2212 3011 2279 partem
3046 2206 3286 2262 nomina
3318 2207 3508 2260 mutat
3533 2202 3798 2275 antiqua,

2149 2305 2206 2356 et
2234 2316 2303 2356 ex
2333 2300 2512 2355 rebus
2540 2298 2792 2370 imponit
2821 2299 3105 2352 virtutum
3149 2294 3455 2363 vocabula,
3489 2297 3552 2348 ut
3581 2293 3797 2348 Abram

2147 2388 2469 2462 appellaret
2498 2387 2819 2458 Abraham,
2851 2392 2908 2442 et
2939 2386 2995 2440 in
3029 2383 3337 2456 Evangelia
3397 2381 3502 2437 ﬁlii
3545 2380 3800 2437 Zehedzei

2147 2477 2424 2551 appellati
2476 2480 2614 2532 sunt
2647 2476 2750 2531 ﬁlii
2795 2474 3039 2532 tonitrui
3072 2472 3267 2546 (Marci
3305 2489 3388 2539 III,
3424 2473 3532 2544 17).
3565 2492 3586 2521 ι
3621 2471 3793 2541 Ejus-

2147 2567 2307 2623 modi
2336 2570 2424 2622 est
2453 2568 2865 2638 argumentum
2899 2563 3033 2619 libri
3075 2561 3345 2617 Philonis
3399 2559 3618 2616 Judaei:
3671 2557 3800 2633 Περὶ

2145 2659 2252 2710 τῶν
2315 2652 2864 2728 μετονομαζομὲνων,
2925 2652 3013 2706 καὶ
3064 2652 3137 2705 ὦν
3199 2644 3348 2705 ἕνεκα
3407 2647 3800 2724 μετονομάζον-

2146 2766 2255 2800 ται·
2293 2770 2320 2798 ‹‹
2345 2747 2537 2812 Quare
2555 2745 2949 2819 quorumdam
2984 2744 3043 2799 in
3076 2742 3396 2816 Scripturis
3428 2745 3657 2797 mutata
3679 2740 3800 2796 siut

2149 2837 2412 2893 nomina.
2452 2858 2480 2886 ››
2510 2836 2597 2892 Ab
2627 2836 2833 2892 eadem
2868 2838 3063 2889 mente
3093 2837 3182 2888 est
3213 2832 3356 2888 illud
3394 2829 3652 2903 Gregorii
3685 2829 3798 2886 Na-

2147 2925 2409 2982 zianzeni
2440 2931 2591 2981 orat.
2637 2926 2702 2979 19
2729 2923 2789 2978 in
2822 2922 3057 2979 laudem
3089 2921 3297 2992 Patris,
3345 2938 3471 2993 pag.
3521 2920 3616 2974 30l
3648 2937 3662 2975 :
3731 2918 3798 2974 Οἱ

2146 3019 2242 3069 τοῦ
2275 3008 2563 3068 Ζεϐεδαίου
2587 3032 2649 3067 το
2686 3007 3102 3088 μεγαλόφωνον,
3149 3003 3178 3062 ὅ
3222 3007 3311 3062 καὶ
3371 3008 3604 3084 βροντῆς
3646 3004 3799 3068 υἱοὺς

2147 3100 2344 3164 αὐτοὺς
2373 3101 2802 3176 προσηγόρευσε’
2843 3125 2862 3151 ι
2899 3101 3029 3156 Filii
3060 3098 3315 3157 Zebedzei
3347 3097 3801 3170 grandiloquen-

2149 3193 2293 3248 tiam
2326 3192 2484 3248 unde
2514 3197 2573 3247 et
2599 3190 2703 3246 ﬁlii
2725 3189 2968 3247 tonitrui
2992 3188 3266 3263 appellati
3298 3191 3471 3244 sunt:
3509 3207 3538 3238 »
3565 3190 3622 3242 et
3650 3190 3798 3242 orat.

2149 3284 2240 3351 20,
2294 3299 2428 3356 pag.
2476 3281 2603 3348 369,
2657 3280 3028 3336 commendat
3077 3279 3252 3334 etiam
3299 3279 3407 3331 τῶν
3448 3276 3582 3329 υἱῶν
3649 3268 3800 3328 Ζεϐε-

2152 3368 2307 3426 δαίου
2337 3371 2398 3425 τὸ
2442 3367 2853 3447 μεγαλόφωνοι.
2886 3370 2957 3424 At
2987 3368 3123 3425 licet
3153 3367 3333 3424 nimis
3376 3365 3584 3424 stolide
3613 3365 3798 3421 Theo-

2152 3465 2277 3518 dor.
2312 3466 2457 3518 Beza
2487 3461 2545 3515 in
2577 3459 2753 3516 Marci
2781 3476 2846 3514 ιιι
2869 3458 3133 3514 scribens
3154 3457 3351 3512 minus
3371 3454 3750 3529 probabiliter
3770 3471 3803 3510 a

2152 3551 2428 3624 Gregorio
2460 3551 2616 3606 dicat
2645 3549 2702 3605 id
2733 3547 3148 3621 excogitatum,
3191 3546 3576 3603 conﬁrmatur
3603 3548 3798 3600 tamen

2153 3641 2497 3696 auctoritate
2526 3643 2582 3695 S.
2616 3637 2832 3707 Basilii,
2868 3638 2966 3710 qui
2997 3637 3107 3692 hac
3137 3637 3444 3692 nominum
3476 3633 3803 3691 mutatione

2151 3729 2445 3802 designari
2472 3729 2596 3785 vult
2625 3727 3028 3800 Evangelium,
3061 3727 3212 3799 quod
3253 3724 3462 3798 grandi
3513 3741 3649 3780 voce
3697 3722 3802 3779 filii

2149 3817 2409 3876 Zebedaei
2439 3816 2914 3891 promulgarunt,
2937 3815 3160 3872 tonitru
3191 3815 3488 3888 quoddam
3510 3827 3658 3869 esse.

2222 3926 2369 3983 Ibid.
2403 3926 2446 3980 B
2475 3925 2528 3982 9.
2561 3928 2698 3982 Rata
2745 3922 3065 3999 Ezechielis
3106 3941 3144 3993 ι,
3197 3923 3284 3992 15,
3337 3921 3422 3978 sic
3479 3919 3693 3990 legitur
3744 3917 3801 3973 in

2149 4015 2419 4088 Vulgatis
2480 4014 2717 4072 Bibliis:
2782 4011 3083 4088 Ἐχόμενος
3137 4014 3245 4065 τῶν
3311 4009 3462 4079 ζώων
3512 4013 3631 4071 τοῖς
3677 4007 3802 4061 τέσ-

2152 4124 2346 4178 σαρσι,
2424 4102 2517 4157 καὶ
2574 4103 2635 4156 τὸ
2693 4098 2835 4164 εἶδος
2890 4105 2999 4156 τῶν
3057 4103 3277 4177 τροχῶν
3337 4098 3411 4160 ὡς
3467 4094 3608 4161 εἶδος
3663 4103 3803 4170 Θαρ-

2149 4197 2282 4255 σεῖς’
2332 4195 2498 4250 Juxta
2542 4192 2822 4249 animalia
2880 4194 3012 4263 ipsis
3063 4199 3320 4262 quatuor,
3375 4197 3427 4244 et
3473 4188 3677 4260 species
3713 4202 3802 4242 ro-

2151 4289 2338 4340 tarum
2384 4284 2546 4356 quasi
2597 4285 2803 4356 species
2861 4282 3100 4338 Tharsis.
3138 4281 3398 4335 Annotat
3427 4295 3557 4333 vero
3614 4276 3800 4331 Flam.

2148 4372 2417 4430 Nobilius
2439 4373 2498 4428 in
2529 4373 2882 4444 quibusdam
2907 4369 3074 4426 libris
3105 4367 3241 4425 addi
3271 4365 3360 4421 καὶ
3389 4367 3424 4435 ἡ
3457 4362 3808 4435 ποίησιςφιη

2148 4460 2366 4534 ποίημα
2393 4458 2591 4531 αὐτῶν,
2625 4462 2784 4533 quod
2820 4461 2980 4533 apud
3003 4465 3059 4514 S.
3094 4458 3518 4529 Hieronymum
3543 4456 3601 4510 in
3633 4454 3800 4525 LXX,

2151 4573 2178 4601 «
2202 4555 2258 4606 et
2280 4552 2506 4606 factura
2521 4566 2756 4617 earum;
2784 4568 2808 4599 ι)
2832 4548 3125 4620 quomodo
3149 4553 3203 4602 et
3224 4545 3319 4601 hic
3341 4544 3497 4617 apud
3520 4543 3802 4600 Basilium

2153 4639 2474 4706 additur,et
2503 4637 2750 4710 requirit
2779 4636 3184 4707 Hebraeum,ex
3214 4652 3329 4707 quo
3360 4633 3613 4707 Vulgata
3644 4633 3802 4688 Lati-

2155 4746 2286 4797 na,«
2309 4733 2367 4784 et
2396 4731 2669 4799 aspectus
2691 4731 3041 4796 rotarum,et
3054 4742 3202 4798 opus
3226 4741 3452 4793 earum,
3468 4723 3635 4794 quasi
3656 4721 3802 4778 visio

2155 4818 2357 4874 maris.
2390 4840 2417 4869 »
2453 4816 2766 4873 Cornarius
2790 4816 2887 4872 hic
2921 4816 3120 4872 minus
3152 4820 3286 4887 apte
3316 4813 3506 4882 vertit,
3533 4833 3554 4862 ι
3575 4811 3802 4868 haerens

2154 4925 2222 4964 ex
2239 4912 2492 4980 quatuor
2512 4905 2892 4964 animalibus.
2921 4929 2949 4957 ››

2224 4996 2343 5054 Col.
2365 4997 2472 5052 205
2490 5001 2528 5049 Β
2552 4997 2638 5053 13.
2680 4997 2742 5054 Ut
2771 4997 2921 5053 enim
2955 4997 3015 5052 in
3040 4996 3157 5052 Job.
3191 4993 3354 5059 Quod
3401 4994 3489 5047 est
3511 4990 3570 5045 in
3595 4988 3803 5046 Latina

2153 5086 2411 5159 Vulgata
2440 5086 2471 5143 J
2479 5086 2551 5143 ob
2598 5103 2794 5154 nux,
2829 5087 2895 5141 10
2921 5103 2934 5142 :
2968 5082 3230 5156 Nunquid
3258 5081 3518 5153 alligabis
3547 5078 3799 5135 rhinoce-

2155 5187 2275 5234 rota
2303 5177 2374 5233 ad
2402 5177 2683 5233 arandum
2713 5177 2777 5232 in
2808 5176 2922 5231 loco
2948 5179 3042 5231 tuo
3062 5177 3088 5229 .9
3119 5171 3204 5230 sic
3251 5171 3408 5244 apud
3457 5169 3603 5225 LXX
3657 5167 3801 5242 legi-

2155 5285 2324 5337 mus;
2406 5263 2745 5335 Βουλήσεται
2806 5259 2862 5317 δέ
2925 5283 3010 5316 σοι
3101 5260 3414 5335 μονόκερῶς
3487 5254 3796 5312 δουλεῦσαι·

2160 5357 2302 5413 Volet
2350 5364 2532 5412 autem
2580 5355 2868 5411 unicornis
2897 5353 3108 5409 servire
3137 5352 3257 5408 tibi.
3283 5351 3407 5415 Quo
3439 5349 3659 5405 factum
3688 5350 3799 5415 est,

2151 5449 2215 5503 ut
2247 5446 2304 5503 in
2353 5449 2570 5502 Catena
2621 5444 2955 5500 Graecorum
3001 5461 3034 5498 a
3064 5443 3266 5498 Niceta
3296 5437 3655 5496 Heracliensi
3689 5435 3803 5492 col-

2149 5535 2453 5607 lecta,quae
2482 5535 2544 5591 in
2575 5533 2754 5605 Regia
2785 5532 3148 5588 bibliotheca
3172 5527 3800 5598 servatur,exscriptus

2153 5623 2328 5679 fuerit
2346 5627 2506 5679 totus
2529 5622 2623 5677 hic
2645 5619 2844 5678 Bailii
2880 5621 3044 5678 locus
3066 5619 3336 5676 nonnihil
3355 5619 3531 5675 etiam
3551 5633 3642 5672 am
3653 5614 3801 5686 plill-

2151 5717 2358 5770 catus;
2402 5707 2547 5770 Οὐδὲ
2572 5709 2972 5781 κοιμηθήσεται
3004 5707 3093 5764 ἐπὶ
3141 5710 3370 5788 φάτνης,
3420 5701 3544 5760 οὐδὶ
3602 5699 3795 5776 ὁμαλί-
