4156 6374
369 310 524 372 1019

1562 311 1796 372 NOT/E
1838 311 2284 372 FBONTONlS
2329 313 2590 375 DUCIEI

3629 311 3795 374 l020

365 462 444 496 σει
502 440 806 511 κοιλάδας,
869 441 1188 506 ἀκολουθων
1245 465 1377 510 σοι,
1434 440 1558 497 οὐδὲ
1611 441 2014 518 ἐγκαταλείψεις

2136 443 2409 500 diluvium
2440 445 2735 514 inhabitat,
2769 448 2825 500 et
2856 444 3040 500 citant
3069 442 3168 498 alii
3201 459 3270 498 ex
3299 443 3532 516 Aquila,
3583 441 3792 518 Κύριος

370 530 517 602 αὐτῷ
562 530 628 585 τὰ
682 532 950 607 γεώργια,
995 529 1117 587 οὐδὲ
1165 533 1601 602 ἀποκαταστήσει
1642 553 1728 586 σοι
1756 531 1847 585 τὸν
1883 531 2017 584 σπό-

368 640 484 693 ρον,
515 617 641 675 οὐδὲ
671 621 890 692 συνάξεε
927 622 993 676 τὰ
1024 620 1346 693 ἀλοηθὲντά,
1380 620 1468 676 καὶ
1520 619 1706 675 πολλὰ
1750 621 1872 694 περὶ
1923 624 2018 673 τοῦ

367 708 760 784 ἐλευθεριάζειν
806 713 868 765 τὸ
920 717 1080 782 ζῶον,
1130 712 1218 765 καὶ
1267 713 1343 784 μὴ
1398 711 1633 766 ὑπείκειν
1689 709 2016 785 ἀνθρώποις,

366 796 419 850 ἐν
452 799 631 872 τούτῳ
659 805 738 872 τῷ
771 799 920 875 μὲρει
951 803 1050 869 τῆς
1081 801 1418 880 προφητείας
1456 799 1687 875 ε’ίρηται·
1749 823 1769 849 ε
1819 802 2018 872 Neque

366 889 424 944 in
459 891 702 962 praesepi
737 891 1006 957 dormiet,
1030 909 1219 964 neque
1241 891 1532 948 convalles
1555 892 1811 963 aequabit
1840 896 1898 946 te
1928 906 2017 946 se-

367 994 552 1048 quens
577 993 763 1049 neque
787 978 869 1033 illi
895 995 1031 1034 arva
1053 980 1410 1047 committas,
1447 996 1638 1051 neque
1655 979 1759 1034 tibi
1786 995 2018 1034 semen-

363 1074 480 1121 tem
513 1068 800 1138 restituet,
834 1085 1025 1142 neque
1066 1086 1134 1125 ea
1167 1086 1294 1141 quae
1329 1070 1605 1124 triturata
1623 1075 1762 1124 sunt
1791 1069 1850 1122 in
1884 1084 2018 1124 arca

365 1156 603 1227 colliget
628 1172 641 1212 :
675 1164 732 1210 et
755 1157 941 1213 multa
963 1159 1032 1214 de
1056 1159 1239 1228 hujus
1263 1159 1459 1214 bestiae
1482 1159 1718 1214 licentia
1739 1166 1794 1213 et
1814 1164 2017 1213 contu-

365 1245 734 1317 macia,quod
765 1247 1093 1303 humanum
1126 1254 1463 1304 contemnat
1489 1248 1887 1320 imperium,in
1910 1247 2016 1302 hac

363 1334 682 1405 prophetiae
714 1342 875 1407 parte
907 1343 1048 1392 sunt
1079 1339 1254 1393 dicta.
1288 1361 1316 1386 ι)
1349 1342 1629 1394 Caeterum
1666 1337 1724 1392 in
1760 1337 2016 1392 editione

361 1424 582 1479 Veneta
614 1441 740 1496 quae
773 1432 1104 1498 sequuntur
1126 1430 1195 1482 ab
1218 1428 1336 1482 iilis
1357 1429 1585 1483 verbis:
1621 1447 1646 1479 α
1671 1427 1860 1498 Ilujus
1877 1443 2014 1498 ergo

361 1513 452 1568 vis
487 1513 761 1569 animalis
794 1515 992 1585 ultrix,
1021 1538 1048 1565 »
1082 1534 1196 1572 non
1228 1517 1425 1572 Basilii
1455 1522 1616 1585 sunt,
1667 1518 1767 1572 sed
1827 1516 2015 1588 Olym-

362 1601 610 1672 piodori,
642 1607 707 1658 ut
738 1620 806 1658 ex
835 1606 1037 1660 eodem
1075 1606 1251 1677 Regio
1284 1607 1480 1662 codice
1513 1623 1620 1661 ms.
1654 1610 1905 1661 constat.

441 1708 561 1764 Col.
590 1710 696 1764 298
719 1710 758 1764 B
790 1712 840 1765 4.
868 1712 1033 1768 Facta
1059 1718 1139 1767 est
1169 1713 1631 1782 ﬂamma.Vocem
1658 1736 1684 1765 ί(
1721 1713 1960 1768 flamma
1981 1735 2007 1762 »

2131 530 2209 595 εἷς
2292 531 2677 605 κατακλυσμὸν
2763 531 3026 596 ἐκάθισεν,
3097 534 3385 589 Dominus
3442 533 3499 588 in
3563 534 3790 590 diluvio

2129 623 2301 676 sedit.
2340 645 2366 672 »
2399 620 2731 690 Κατοικίζειν
2765 628 2854 678 est
2884 647 2910 672 ‹‹
2947 622 3269 678 habitabile
3297 624 3560 690 reddere,
3597 645 3624 672 η
3654 643 3786 676 κατ-

2130 715 2323 778 οικεῖν,
2355 735 2382 762 ‹‹
2416 712 2704 782 habitare,
2739 733 2766 762 »
2799 713 2954 784 quod
2984 713 3214 766 videtur
3246 713 3444 784 potius
3478 711 3789 783 amplexus

2128 817 2255 856 esse
2287 801 2564 870 Basilius,
2595 817 2726 857 cum
2763 803 2941 856 addat
2968 801 3228 856 animam
3269 801 3394 858 ﬁeri
3449 801 3787 870 κατοικητή-

2130 907 2244 961 ριον
2277 891 2375 942 τοῦ
2405 892 2538 942 Θεοῦ
2570 886 2622 942 ἐν
2656 888 2976 959 Πνεύματι.⁸

2197 995 2318 1051 Col.
2353 996 2460 1050 306
2495 997 2537 1050 A
2569 995 2622 1051 9.
2683 994 3088 1068 Adimpleatur,
3146 992 3502 1064 πληθυνθείη.
3563 995 3788 1052 Corne-

2126 1085 2251 1139 rius
2309 1084 2542 1140 ﬁdelius
2592 1101 2660 1140 ex
2725 1089 2743 1138 Ι
2799 1085 2948 1141 Petri
3009 1101 3048 1152 ι,
3099 1084 3154 1150 3,
3186 1083 3380 1140 Gratia
3407 1084 3558 1140 vobis
3585 1088 3790 1153 etpax

2124 1173 2574 1246 multiplicetur:
2607 1174 2881 1245 idemque
2911 1173 3200 1246 reperitur
3230 1173 3280 1230 ll
3319 1174 3470 1230 Petri
3529 1190 3570 1243 ι,
3617 1177 3676 1242 2,
3725 1181 3787 1230 et

2124 1264 2291 1318 Judae
2319 1266 2373 1317 2.
2408 1263 2530 1319 Sub
2556 1265 2731 1318 finem
2766 1262 3022 1318 bomilite
3051 1263 3254 1318 omisit
3289 1261 3579 1334 interpres
3608 1261 3781 1331 illud,

2124 1349 2176 1404 ἐν
2211 1350 2414 1426 εἰρήνῃ,
2473 1375 2501 1404 «
2559 1353 2990 1410 benedictionis
3047 1352 3202 1409 ofﬁci
3234 1352 3291 1408 in
3348 1367 3491 1425 pace
3538 1352 3774 1425 partici-

2125 1457 2249 1512 pes.
2282 1463 2309 1490 »

2196 1531 2341 1586 Ibid.
2379 1531 2420 1585 Β
2450 1532 2504 1598 6.,
2554 1534 2659 1584 Τοῦ
2699 1527 3076 1605 ἐγκαινισμοῦ.
3122 1533 3185 1587 In
3231 1529 3640 1602 inscriptionis
3689 1529 3777 1584 in-

2121 1619 2535 1692 terpretatione
2566 1621 2930 1693 superfluum
2946 1619 3250 1687 estillud,«
3269 1619 3617 1690 innovatae,»
3639 1635 3776 1674 cum

2123 1706 2469 1782 ἔγκαινισμός
2515 1709 2948 1766 renovationem
2993 1714 3161 1766 sonet
3189 1714 3289 1766 aut
3343 1709 3775 1765 dedicationem

361 1797 433 1851 de
465 1813 571 1852 suo
603 1798 827 1853 addidit
858 1799 1168 1871 interpres;
1200 1801 1516 1856 Cornarius
1543 1802 1815 1873 scripsit:
1851 1821 1882 1854 ι(
1913 1802 2012 1858 Fa-
2043 1815 2086 1879 Β
2120 1799 2383 1868 cujusvis
2407 1799 2484 1855 rei
2512 1816 2627 1854 non
2652 1801 2824 1856 modo
2852 1799 3272 1866 renovatae,sed
3291 1802 3468 1871 etiam
3500 1802 3625 1855 tum
3656 1798 3778 1870 pri-
3825 1796 3827 1798 ’

363 1891 457 1941 cta
487 1891 576 1942 est
605 1887 784 1954 enim,
816 1888 1029 1960 inquit,
1053 1890 1212 1944 velut
1243 1889 1486 1962 spiritus
1508 1891 1656 1946 roris
1686 1891 1932 1947 sibilans
1956 1911 2004 1960 ς»

365 1991 472 2047 ego
530 1975 751 2043 malim,
786 1999 815 2026 «
850 1977 1059 2034 Factus
1091 1983 1181 2034 est
1219 1979 1378 2035 velut
1407 1981 1653 2052 spiritus
1684 1982 1833 2036 roris
1865 1981 2010 2036 sibi-

359 2063 528 2133 lans;
574 2086 600 2114 ››
634 2069 864 2121 tantum
896 2070 1052 2124 enim
1085 2067 1339 2140 legimus
1373 2069 1626 2126 Danielis
1653 2087 1706 2142 ν,
1736 2070 1845 2126 5οε
1878 2071 2010 2144 Ἀγ-

361 2150 524 2227 γελος
567 2151 763 2226 Κυρίου
823 2152 1046 2226 ἐποίησε
1100 2156 1162 2210 τὸ
1226 2157 1391 2228 μέσον
1433 2163 1534 2226 τῆς
1614 2157 1847 2231 καμίνου
1935 2157 2009 2219 ὡς

359 2243 575 2313 πνεῦμα
607 2239 803 2316 δρόσου
863 2240 1191 2319 ὃιασυρίζον.
1229 2269 1258 2298 ‹‹
1319 2247 1576 2320 Angelus
1638 2249 1863 2305 Domini
1926 2250 2010 2305 fe-

358 2330 436 2386 cit
467 2332 728 2388 medium
759 2332 1013 2391 fornacis
1040 2335 1210 2408 quasi
1241 2341 1480 2392 ventum
1515 2337 1662 2394 roris
1692 2355 2012 2395 susurran~

358 2424 499 2476 tem.
537 2443 565 2470 »

433 2509 580 2566 Ibid.
626 2511 665 2565 Ι)
719 2512 772 2566 3.
828 2512 1316 2584 Sanctiﬁcalionis.
1377 2516 1490 2570 Τοῖ’)
1545 2515 1814 2590 ἀγιασμοῢ
1871 2516 2014 2589 legit

359 2598 686 2670 interpres;
749 2605 807 2655 at
835 2602 1183 2660 Basiliensis
1238 2604 1415 2660 editio
1475 2608 1708 2678 praefert
1734 2604 1826 2660 τὸν
1859 2604 2012 2679 ἅγια-

361 2685 520 2757 σμόν,
553 2689 644 2743 cui
679 2690 1038 2762 sulfragatur
1068 2709 1180 2748 ms.
1211 2693 1356 2749 Oliv.
1391 2698 1584 2759 Corn.,
1619 2717 1646 2744 »
1694 2696 2013 2752 sanctiﬁca-

357 2777 602 2833 tionem.
639 2799 668 2829 »
703 2780 1052 2852 Euthymius
1085 2799 1318 2854 quoque
1348 2784 1485 2840 huic
1538 2784 1770 2840 lectioni
1823 2787 2010 2842 favet:

363 2863 604 2920 Συσσείει
654 2862 733 2935 δὲ,
780 2868 970 2944 φησὶν,
1021 2870 1083 2924 οὐ
1130 2874 1301 2925 πᾶσαν
1345 2872 1444 2938 τὴν
1479 2869 1710 2947 ἔρημον,
1741 2869 1888 2928 ἀλλὰ
1913 2873 2013 2941 τὴν

361 2950 565 3024 Κάδης·
625 2955 892 3030 τουτέστι,
945 2959 1045 3028 τὴν
1100 2959 1279 3034 ἁγίαν,
1335 2962 1434 3032 τήν
1493 2961 1878 3040 ἀφωρισμένην
1925 2962 2013 3016 καὶ

361 3041 509 3116 ἀξίαν
538 3043 726 3102 αὐτοῦ.
761 3045 942 3118 Κάδης
974 3047 1078 3124 γὰρ
1111 3049 1269 3124 ἁγίαν
1301 3050 1588 3124 ἒρμηνεύει
1635 3053 1755 3106 καθ’
1796 3048 2014 3122 Ἓλλη-

359 3150 476 3195 νας*
507 3157 535 3186 ‹‹
583 3135 890 3193 Concutiet
932 3147 1122 3195 autem
1169 3157 1284 3197 non
1333 3158 1504 3198 omne
1536 3143 1858 3208 desertum,
1909 3144 2009 3199 sed

359 3225 660 3281 desertum
714 3226 897 3283 Cades
923 3245 935 3282 :
966 3227 1073 3284 hoc
1103 3233 1213 3295 est,
1246 3235 1518 3286 sanctum
1549 3235 1605 3287 et
1637 3237 2010 3304 segregatum

361 3319 419 3368 et
447 3313 576 3385 ipso
609 3314 873 3386 dignum.
907 3318 1089 3373 Gades
1119 3319 1275 3375 enim
1310 3325 1580 3375 sanctum
1615 3321 1796 3376 Graeci
1827 3320 2012 3377 inter-

363 3406 687 3474 pretantur.
724 3425 753 3454 »
787 3405 948 3469 Quod
982 3411 1174 3462 autem
1209 3408 1279 3462 de
1310 3409 1493 3465 cervis
1526 3409 2014 3481 subjicitviperas

361 3493 802 3559 devorantibus,
833 3498 1086 3550 testatur
1113 3497 1287 3552 etiam
1322 3497 1548 3552 Piinius
1581 3514 1679 3554 eos
1709 3503 2013 3570 serpentes

362 3581 639 3636 mandere
669 3582 986 3651 solere,|ib.
1011 3603 1136 3657 vm,
1169 3602 1297 3658 cap.
1331 3587 1438 3642 32:
1473 3611 1501 3638 «
1523 3588 1712 3644 Estiis
1733 3603 1867 3642 cum
1893 3605 2014 3643 ser-

361 3673 536 3742 pente
558 3688 783 3742 pugna:
809 3673 1102 3746 vestigant
1123 3676 1780 3748 cavernas,nariumque
1803 3676 2014 3748 spiritu

363 3759 680 3816 extrahunt
729 3762 1093 3831 renitentes;
1126 3785 1154 3814 »
1187 3769 1244 3820 et
1273 3763 1376 3819 lib.
1406 3781 1530 3831 vm,
1561 3781 1688 3836 cap.
1728 3767 1802 3822 9:
1838 3787 1867 3816 «
1918 3782 2016 3821 ex-

364 3853 585 3904 tractas
614 3851 878 3906 cavernis
896 3853 1264 3908 mandentes.
1284 3874 1312 3904 »
1342 3854 1496 3909 Idem
1521 3854 1785 3910 Elianus
1806 3854 1907 3910 lib.
1927 3872 2014 3926 ιιι,

367 3955 493 4009 cap.
517 3938 572 4006 9,
606 3939 681 3993 De
702 3940 1061 4008 animalibus,
1113 3939 1358 4018 Ἔλαφος
1408 3937 1528 4019 ὅφιν
1585 3946 1709 4012 νικᾷ
1764 3941 1898 3997 κατά
1942 3962 2018 3996 τι-

364 4045 457 4086 νος
489 4023 699 4099 φύσεως
732 4023 936 4102 δωρεὰν
980 4029 1318 4103 θαυμαστῆς·
1379 4054 1407 4083 ‹‹
1467 4032 1711 4088 Mirifico
1760 4034 2015 4105 quodam

368 4131 611 4172 munere
642 4122 863 4173 naturae
906 4135 1112 4175 cervus
1145 4126 1478 4193 serpentem
1512 4121 1726 4193 vincit;
1764 4146 1792 4172 n
1824 4127 1882 4178 et
1911 4123 2015 4178 lib.

369 4221 489 4276 xm,
514 4222 564 4261 c.
587 4205 677 4272 35,
703 4206 894 4262 simile
917 4209 1061 4280 quid
1082 4210 1153 4265 de
1175 4210 1288 4265 alia
1307 4210 1653 4282 purgatione
1676 4228 1974 4268 cervorum
2002 4229 2017 4269 :

370 4295 598 4369 Λέγουσι
631 4295 847 4372 φυσικοὶ
897 4294 1085 4372 ἄνδρες
1132 4298 1223 4353 τὸν
1285 4296 1484 4376 ἔλαφον
1539 4299 1844 4374 καθάρσεως
1902 4297 2018 4356 δεό-

375 4404 532 4455 μενον
565 4383 743 4439 σέσελι
775 4383 994 4440 ἐσθίειν·
1032 4385 1349 4464 φαλαγγίων
1413 4386 1470 4444 δὲ
1526 4391 1829 4462 κνήσμασιν
1891 4388 2020 4464 ἐχό-

376 4492 532 4544 μενον
566 4472 876 4549 καρκίνους.
915 4501 934 4527 ι
962 4478 1194 4550 Physici
1235 4479 1441 4535 dicunt
1483 4496 1715 4536 cervum
1759 4480 2023 4550 indigen-

2117 1903 2279 1942 mum
2315 1888 2558 1943 condita:
2590 1894 2768 1960 atque
2796 1889 3073 1944 fundata.
3109 1887 3284 1944 Paulo
3316 1892 3450 1960 post
3476 1887 3777 1943 mendosae

2117 1974 2285 2030 lectio
2306 1977 2420 2029 κατ’
2455 1971 2706 2050 ὄργανον,
2736 1978 3081 2034 mendosam
3112 1977 3254 2032 item
3283 1976 3510 2049 peperit
3552 1976 3772 2032 versio-

2119 2081 2252 2120 nem
2287 2066 2441 2138 apud
2473 2067 2875 2136 Cornarium,«
2908 2067 3256 2123 Psalterium
3288 2067 3525 2137 quidem
3551 2065 3773 2138 ﬁgura-

2120 2158 2175 2208 te
2192 2156 2365 2224 juxta
2391 2155 2852 2210 instrumentum
2873 2173 2886 2212 :
2925 2178 2945 2204 ι
2969 2155 3407 2210 emendandum
3426 2159 3601 2210 estex
3620 2155 3772 2210 Oliv.

2118 2241 2208 2296 καὶ
2257 2237 2507 2317 ὄργανον,
2561 2266 2589 2294 »
2632 2245 2982 2304 Psalterium
3033 2244 3271 2317 quidem
3303 2260 3370 2299 ac
3402 2244 3626 2299 musice
3675 2244 3778 2298 ad-

2122 2338 2383 2403 aptatum
2399 2333 2864 2388 instrumentum
2876 2334 3146 2405 ,ﬁgurate
3161 2339 3248 2389 est
3262 2337 3559 2390 structura
3577 2349 3783 2406 corpo-

2121 2423 2221 2476 ris.
2241 2443 2268 2471 »
2282 2424 2368 2477 Ita
2381 2439 2560 2493 supra
2573 2421 2919 2494 psalterium
2936 2425 3401 2478 instrumentum
3417 2421 3738 2494 appellavit
3762 2438 3777 2478 :

2119 2509 2208 2564 καὶ
2241 2514 2420 2587 σοφῶς
2453 2507 2542 2564 διὰ
2569 2517 2668 2580 τῆς
2705 2514 2802 2564 τοῦ
2860 2509 3096 2586 ὀργάνου
3144 2517 3478 2581 κατασκευῆς
3536 2506 3778 2564 ἐνδεδεῖ-

2121 2610 2274 2674 χθαι.

2150 2701 2165 2712 '
2193 2689 2314 2746 Col.
2347 2691 2451 2745 307
2480 2692 2807 2762 Expuncta.
2869 2690 3174 2748 Observat.
3233 2691 3560 2747 doctissim.
3619 2695 3778 2747 Mon-

2122 2781 2380 2836 tacutius
2412 2779 2859 2836 Volaterranum
2891 2780 3178 2852 scriptum
3209 2782 3498 2853 reperisse
3529 2781 3589 2836 in
3647 2782 3776 2838 suis

2121 2870 2423 2925 codicibus
2455 2913 2472 2940 ,
2531 2868 2583 2921 οἱ
2629 2862 2990 2930 ἐκϐάλλοντες
3048 2875 3148 2938 τῆς
3218 2870 3442 2943 μνήμης
3496 2869 3590 2924 τὸν
3641 2870 3770 2924 Θεὸν

2122 2956 2293 3011 οἱονεὶ
2325 2955 2523 3028 λήθην·
2585 2959 2727 3014 Nam
2785 2959 3126 3015 Busiliensis
3184 2960 3364 3016 editio
3410 2962 3479 3016 ad
3527 2962 3762 3016 verbum

2122 3053 2315 3118 sonat,
2376 3070 2404 3098 «
2463 3048 2633 3119 ejecti
2689 3065 2720 3104 θ
2769 3050 3052 3105 memoria
3075 3049 3200 3106 Dei.
3257 3068 3285 3101 ι
3344 3049 3768 3106 Cornariusid-

2123 3138 2276 3193 circo
2325 3137 2531 3204 edidit,
2585 3159 2613 3188 «
2671 3137 2772 3209 qui
2822 3139 3010 3210 ejecta
3040 3139 3326 3194 memoria
3355 3139 3478 3196 Dei.
3540 3161 3569 3189 ι)
3628 3139 3775 3195 Oliv.

2126 3245 2237 3297 ms,
2269 3233 2608 3283 constanter
2637 3227 2849 3284 retinet
2879 3233 3174 3300 receptam
3205 3229 3538 3297 lectionem,
3573 3222 3780 3296 ἐκϐλη-

2124 3317 2322 3379 θέντες.

2194 3405 2453 3462 Col.309
2509 3409 2572 3460 B.
2628 3405 2908 3478 Ὑψώσειν.
2967 3407 3112 3463 Oliv.
3172 3413 3224 3464 et
3284 3407 3505 3480 Anglic.
3565 3404 3781 3478 ὕψωσιν

2122 3490 2513 3568 ἐπαγγελλέτω
2542 3493 2621 3565 τῷ
2653 3497 2791 3566 Θεῷ,
2827 3518 2853 3545 ‹‹
2902 3513 3004 3568 per
3051 3496 3201 3552 bona
3250 3512 3424 3568 opera
3471 3493 3776 3550 exultatio-

2125 3601 2258 3640 nem
2317 3584 2432 3639 Deo
2481 3584 2808 3656 pollicetur.
2864 3607 2893 3634 »
2951 3585 3200 3656 Recepta
3230 3583 3398 3640 lectio
3431 3583 3778 3639 concinnior

2124 3678 2234 3730 est.
2267 3672 2493 3728 Citatnr
2521 3672 2688 3729 initio
2733 3673 2959 3747 paginae
3000 3674 3301 3745 sequentis
3329 3672 3494 3729 locus
3525 3671 3777 3729 Genesis

2123 3781 2273 3834 xux,
2304 3763 2396 3818 25.
2425 3762 2617 3819 Verba
2647 3767 2786 3820 sunt
2814 3763 2996 3820 Jacob
3043 3762 3455 3820 benedicentis
3495 3761 3614 3819 filio
3665 3779 3778 3820 suo

2123 3852 2364 3924 Joscpb.

2198 3953 2316 4010 Coi.
2349 3955 2452 4010 354
2480 3953 2522 4010 Β
2554 3955 2607 4009 4.
2639 3955 2781 4010 Dum
2810 3957 3109 4027 particeps.
3139 3957 3492 4028 lnterpres,«
3521 3971 3635 4026 quo
3667 3971 3780 4010 nu-

2125 4045 2324 4110 tritur,
2359 4043 2632 4115 quisquis
2663 4045 2957 4116 particeps
2989 4045 3170 4100 divini
3200 4045 3268 4100 fit
3288 4044 3577 4115 verbi,qui
3609 4045 3781 4116 panis

2127 4134 2199 4189 de
2224 4132 2365 4188 caelo
2388 4133 2712 4189 descendit.
2743 4155 2771 4182 »
2797 4133 2970 4189 Verbi
2992 4134 3120 4189 vitae
3148 4134 3215 4188 ﬁt
3235 4134 3453 4190 mentio
3475 4133 3781 4206 Ephesior.

2125 4238 2180 4292 ν,
2204 4223 2296 4286 26,
2327 4223 2656 4277 secundum
2689 4221 3002 4294 Vulgatam
3031 4220 3181 4291 {sed
3205 4223 3400 4280 Graece
3429 4227 3660 4278 tantum
3693 4229 3786 4278 est

2128 4307 2182 4364 ἐν
2215 4308 2440 4385 ῥήματι·
2475 4311 2647 4384 panis
2677 4328 2836 4382 vero,
2871 4312 2970 4384 qui
2999 4313 3069 4368 de
3098 4311 3240 4368 ccelo
3267 4313 3572 4368 descendit
3609 4311 3782 4368 Joan.

2128 4416 2207 4468 v1,
2240 4401 2331 4455 33.

2201 4489 2321 4546 Col.
2351 4491 2458 4544 2.5
2492 4494 2535 4544 A
2560 4491 2616 4545 2.
2643 4492 2824 4563 Neque
2852 4493 3000 4547 enim
3030 4492 3140 4548 illi.
3173 4492 3432 4565 Τεχνῖται
3464 4491 3632 4562 dixit,
3666 4508 3782 4547 non

369 4567 488 4618 tem
520 4564 868 4636 purgatione
899 4565 1069 4622 seseli
1104 4567 1428 4635 comedere,
1463 4567 1826 4624 laborantem
1886 4583 2021 4623 vero
2049 4566 2098 4631 D
2127 4574 2334 4652 τέχναι,
2379 4584 2443 4635 ut
2472 4578 2690 4652 legisse
2715 4579 2947 4636 videtur
2976 4564 3328 4651 interpres,“
3350 4585 3476 4635 Non
3495 4581 3654 4636 enim
3688 4598 3783 4636 ar-

369 4669 439 4708 ex
468 4652 916 4725 phalangiorum
950 4656 1267 4724 morsibus,
1311 4674 1628 4714 cancros.»
1688 4657 1814 4713 Alia
1850 4657 2021 4712 lectio

370 4757 485 4812 prae
517 4758 580 4798 se
612 4742 724 4798 fert
753 4740 1075 4816 σὲλινα,εθό
1100 4745 1251 4802 hanc
1280 4751 1523 4803 tuentur
1548 4746 1887 4803 Aristoteles
1917 4746 2018 4802 lib.

369 4847 428 4886 ιχ
453 4832 680 4902 Histor.,
715 4849 842 4906 cap.
873 4834 930 4906 5,
963 4838 1021 4890 et
1053 4835 1274 4892 Plinius
1304 4835 1406 4892 lib.
1438 4853 1560 4906 vm,
1597 4853 1646 4892 c.
1679 4837 1769 4892 32.

440 4936 560 4993 Col.
596 4938 703 4993 302
731 4939 790 4996 C.
823 4939 980 4996 Alius
1019 4956 1088 4996 ea:
1115 4941 1339 5013 affectu.
1394 4943 1476 4997 Ad
1539 4941 1784 4997 verbum
1842 4944 1896 4998 et
1946 4943 2018 4998 ad

370 5030 625 5085 mentem
657 5029 902 5102 prapius
935 5030 1269 5102 Coruarius,
1290 5053 1319 5081 «
1351 5030 1489 5096 Quis
1520 5047 1588 5087 ex
1618 5031 1850 5102 all'ectu,
1883 5032 2021 5103 quis

369 5117 553 5189 perite
583 5118 840 5175 caelestia
868 5119 1134 5191 inquirit,
1183 5120 1317 5192 quis
1364 5121 1724 5177 defunctorie
1767 5122 2020 5178 summis

369 5209 570 5265 labris.
606 5233 636 5261 »

440 5298 556 5355 Col.
581 5301 687 5356 303
717 5302 876 5358 B10.
907 5302 1252 5359 Inhabilara.
1309 5301 1470 5374 Legit
1528 5301 1816 5375 interpres
1865 5302 2018 5375 quod

369 5387 546 5445 habet
567 5392 744 5447 etiam
779 5391 1343 5461 Oliv.xatotxici,non
1379 5396 1444 5448 ut
1473 5391 1817 5450 Basilienais
1876 5393 2016 5450 edit.

367 5483 630 5547 κατοικεῖ,
663 5503 690 5531 ‹‹
723 5481 1034 5550 inhabitat,
1070 5505 1100 5533 »
1135 5500 1253 5556 quo
1283 5486 1453 5556 pacto
1485 5486 1542 5540 et
1565 5483 1625 5539 in
1657 5483 2018 5556 quibusdam

366 5567 573 5624 Bibliis
603 5570 890 5642 scriptum
921 5576 1012 5629 est
1040 5577 1107 5630 ut
1131 5574 1397 5647 agnoscit
1413 5573 1592 5632 etiam
1605 5573 2017 5648 Hieronymus,

371 5657 473 5730 qui
503 5660 698 5714 tamen
732 5659 802 5715 ad
833 5663 1076 5719 verbum
1109 5679 1178 5719 ex
1224 5663 1461 5721 Hebraeo
1504 5664 1697 5736 vertit,
1754 5664 2018 5722 Dominus

2132 4671 2223 4724 tes
2253 4667 2385 4737 illae,
2417 4684 2542 4738 quaa
2574 4669 2780 4726 manias
2811 4674 2970 4737 sunt,
3011 4673 3070 4725 et
3123 4668 3510 4726 indifferentis
3558 4674 3784 4725 natura:

2131 4773 2327 4813 veram
2351 4757 2572 4814 habent
2589 4757 2824 4814 laudem
2850 4775 2899 4814 ε»
2915 4757 3320 4815 etCornarius:
3351 4779 3379 4809 ‹‹
3402 4758 3604 4831 Neque
3623 4759 3784 4814 enim

2132 4852 2309 4917 artes,
2333 4864 2464 4920 quae
2484 4848 2543 4904 in
2571 4849 2762 4904 medio
2784 4852 3120 4914 versantur,
3143 4849 3298 4920 quod
3339 4864 3470 4904 vere
3489 4847 3788 4904 laudabile

2133 4942 2222 4993 est
2246 4937 2486 4994 habent.
2521 4958 2550 4987 »
2600 4941 2676 4992 At
2721 4937 3008 5010 exempla,
3048 4953 3176 5010 quae
3229 4936 3473 5008 subjicit
3516 4937 3790 5005 Basilius,

2132 5028 2608 5099 gubernatorum,
2642 5026 3124 5094 architectorum,
3155 5026 3508 5082 latomorum
3535 5032 3676 5082 sunt
3696 5043 3795 5083 ar-

2130 5117 2383 5184 tiﬁcum,
2416 5133 2531 5172 non
2573 5115 2812 5172 artium.

2203 5214 2322 5270 Col.
2355 5214 2459 5269 358
2493 5214 2534 5269 D
2567 5214 2620 5268 4.
2657 5214 2786 5269 Plus
2806 5214 2979 5270 enim.
3022 5212 3474 5269 Emendandum
3531 5229 3600 5269 ex
3657 5214 3791 5270 cod.

2135 5303 2348 5360 Olivar.
2376 5300 2570 5358 πλεῖον
2603 5299 2706 5377 γάρ
2736 5322 2812 5358 τι.
2847 5302 3160 5360 Cornorius
3188 5321 3201 5358 :
3235 5325 3264 5353 «
3296 5302 3576 5374 Amplius
3623 5303 3786 5360 enim

2133 5393 2420 5468 quiddam
2451 5410 2633 5466 supra
2667 5392 3014 5465 simpliciter
3045 5407 3306 5463 quaerere
3349 5391 3651 5465 signiﬁcat
3693 5409 3790 5449 ex-

2130 5485 2384 5557 quirere.
2411 5507 2438 5537 »

2201 5574 2320 5630 Col.
2363 5575 2468 5630 359
2506 5579 2568 5631 B.
2603 5574 2722 5630 Non
2749 5574 2959 5629 sitiens.
3020 5573 3166 5640 lmo,
3227 5576 3294 5626 ut
3323 5575 3478 5628 recte
3505 5572 3787 5628 admonet

2129 5661 2918 5732 Montacutius,contrarium
2949 5659 3076 5718 vult
3104 5660 3376 5727 Basilius,
3409 5683 3438 5712 ‹‹
3464 5664 3590 5717 Non
3624 5663 3783 5733 quod
