4156 6412
310 337 460 400 1091

1479 340 1583 399 AD
1627 333 2005 400 HOMlLlAS
2049 333 2130 394 ΙΝ
2174 335 2557 399 PSALMOS.

3570 353 3727 414 1022

2659 469 2756 504 δρξι
2804 471 2896 504 zur

317 487 693 542 nequaquam
727 488 819 528 me
861 472 1117 545 patiatur
1146 469 1439 538 tribulari,
1471 471 1570 526 sed
1605 486 1738 525 cum
1772 471 1948 524 tenta-

2076 483 2189 522 non
2223 476 2604 538 expresserat,
2637 473 2673 541 ἢ
2706 469 2756 525 εἷ’
2804 471 3152 544 ἐκζητοῦντες
3199 479 3569 556 ἀπετύγχανον
3613 487 3726 538 τῶν

313 559 474 615 tione
499 560 716 616 exitum
753 563 1036 634 praebens.
1059 584 1088 613 »
1121 562 1236 616 Nec
1266 566 1465 616 tamen
1495 561 1553 615 in
1583 576 1648 615 eo
1680 557 1970 614 assentior

316 648 428 715 illi,
465 651 618 721 quod
643 667 709 706 ex
733 651 957 724 Anglic.
980 653 1060 720 τῷ
1091 645 1344 703 δύνασθαι
1375 647 1703 715 substituit,
1740 663 1842 716 pro
1872 648 1968 697 τοῦ

318 735 599 811 δύνασθαι,
658 746 724 795 ut
782 745 906 796 erat
972 739 1031 794 in
1109 737 1417 794 Basiliensi
1492 738 1767 793 editione.
1820 739 1969 789 Sunt

313 827 468 882 enim
503 843 571 884 ex
610 828 887 901 Apostolo
931 830 1245 899 desumpta
1273 827 1470 892 verba,
1495 827 1646 895 apud
1680 841 1854 894 quem
1887 824 1967 878 ita

311 916 527 988 legitur
584 918 606 973 Ι
662 921 787 973 Cor.
849 936 906 984 Χ,
941 919 1028 988 13,
1083 921 1180 970 τοῦ
1236 913 1487 970 δύνασθαι
1540 914 1678 987 ὑμᾶς
1743 913 1965 985 ὑπενεγ-

311 1024 372 1060 κε
382 1026 445 1062 ιν.

381 1121 501 1178 Col.
533 1122 640 1177 362
668 1122 711 1178 A
739 1122 796 1177 6.
831 1124 893 1177 Et
921 1123 1181 1179 revelare.
1209 1121 1484 1178 Ediderat
1504 1121 1963 1193 interpres,«ac-

309 1210 510 1265 cedere
541 1216 598 1265 et
627 1210 990 1266 manifestari
1021 1210 1185 1278 velle,
1221 1233 1250 1260 »
1283 1211 1450 1284 quasi
1482 1209 1722 1283 legisset
1752 1207 1961 1262 ἀποκα-

306 1297 628 1355 λύπτεσθαι.
688 1300 1008 1373 Propterea
1057 1316 1125 1356 ex
1187 1300 1462 1357 Cornario
1521 1299 1958 1371 rescripsimus,

314 1407 337 1435 ι
370 1391 428 1442 et
456 1387 730 1444 revelare.
767 1413 789 1442 ι
825 1389 956 1445 Jam
1017 1392 1213 1445 tamen
1273 1388 1556 1444 arrideret
1586 1391 1776 1459 magis
1805 1388 1958 1459 quod

305 1475 449 1549 legit
474 1476 782 1548 interpres,
811 1479 859 1534 si
894 1477 1146 1550 alicujus
1178 1477 1396 1533 codicis
1442 1476 1823 1548 manuscripti
1856 1493 1958 1530 au-

308 1565 578 1620 ctoritate
647 1567 969 1631 fulciretur,
1020 1583 1152 1620 cum
1216 1566 1485 1620 videatur
1537 1565 1796 1621 alludere
1853 1569 1958 1619 Ba-

308 1653 480 1709 silius
538 1654 607 1707 ad
666 1653 813 1710 illud
861 1655 1030 1710 Isaiae
1085 1671 1233 1724 xux,
1261 1655 1314 1720 9,
1350 1652 1588 1728 Λὲγοντα
1634 1657 1750 1716 τοῖς
1783 1652 1837 1707 ἐν
1869 1651 1960 1707 δε-

305 1745 489 1814 σμοῖς,
546 1739 838 1812 Ἐξὲλθετε,
893 1742 982 1797 καὶ
1028 1747 1146 1807 τοῖς
1207 1742 1260 1797 ἐν
1314 1746 1392 1815 τῷ
1453 1743 1631 1798 σκότει
1695 1739 1962 1798 ἀνακαλυο

305 1831 530 1908 φθῆναι·
567 1834 718 1905 quod
765 1833 1148 1906 Hieronymus
1196 1833 1371 1890 vertit
1423 1850 1435 1889 :

303 1921 403 1992 qui
450 1919 511 1976 in
567 1921 817 1977 vinculis
869 1928 1009 1978 sunt
1042 1939 1055 1978 :
1091 1923 1290 1990 Exite;
1333 1925 1391 1977 et
1421 1923 1519 1994 qui
1553 1923 1612 1978 in
1645 1924 1906 1979 tenebris
1941 1940 1955 1980 :

303 2009 684 2066 Revelamini.
721 2032 747 2059 »
781 2011 856 2066 Ad
911 2011 1156 2066 verbum
1216 2015 1388 2078 esset,
1423 2034 1452 2060 ‹‹
1502 2012 1893 2084 manifestari,
1927 2037 1948 2066 ι

298 2097 388 2154 vel
445 2102 622 2168 certe,
656 2121 684 2149 «
714 2102 780 2155 ut
837 2099 1316 2170 manifestentur,
1349 2121 1376 2152 »
1411 2105 1514 2156 aut
1571 2124 1599 2152 «
1652 2100 1956 2159 illustren-

298 2190 418 2242 tur.
457 2208 486 2236 ››

370 2292 488 2350 Col.
521 2293 628 2349 363
657 2297 698 2348 Α
763 2295 814 2350 4.
854 2296 1370 2354 Castrametabitur.
1406 2297 1734 2369 Scripserat
1771 2300 1952 2357 inter-

299 2399 458 2453 pres,
494 2405 522 2433 «
553 2383 838 2440 Immittet
880 2401 942 2440 se
987 2385 1107 2441 sive
1146 2385 1455 2443 interseret
1481 2387 1727 2460 angelus
1757 2389 1953 2445 Domi-

301 2471 398 2528 ni:
423 2493 450 2522 »
477 2488 582 2528 nec
605 2472 776 2529 aliter
792 2474 1175 2530 doctissimus
1197 2475 1452 2532 Basilius
1478 2478 1631 2550 apud
1651 2479 1820 2534 Joan.
1837 2481 1950 2537 Da-

299 2577 641 2617 maseenum
661 2560 764 2616 lib.
789 2563 1345 2636 IParallel.,cap.12,
1371 2565 1528 2622 hunc
1550 2568 1950 2626 Basiliilocum

299 2650 622 2718 proferens.
639 2649 946 2706 Enimvero
967 2651 1026 2706 in
1045 2651 1297 2724 vulgatis
1322 2653 1495 2710 etiam
1520 2655 1721 2713 lexiois
1741 2678 1951 2733 παρεμ-

298 2731 524 2792 ϐάλλειν
572 2741 885 2812 exponitur
914 2765 942 2793 ‹‹
973 2742 1188 2799 diversi
1241 2745 1472 2816 generis
1531 2747 1749 2805 milites
1796 2731 1952 2808 certo

296 2826 503 2883 ordine
534 2828 882 2885 interserere
908 2834 966 2886 et
995 2830 1280 2889 collocare
1309 2858 1323 2902 ;
1361 2855 1389 2883 »
1421 2835 1521 2890 sed
1554 2839 1610 2892 et
1641 2859 1665 2887 κ
1699 2841 1951 2896 tentoria

294 2914 578 2972 collocare
607 2939 635 2969 ι>
671 2919 825 2990 apud
856 2919 1164 2992 Polybium
1195 2926 1386 2991 sonat,
1413 2928 1473 2980 et
1503 2947 1530 2974 ‹‹
1569 2932 1949 2986 castrameta-

293 3004 363 3070 ri,
404 3029 424 3055 ι
463 3012 530 3062 ut
578 3007 829 3064 Budaeus
878 3010 1150 3067 observat
1191 3013 1251 3067 in
1310 3015 1636 3085 Comment.,
1671 3021 1735 3072 ut
1771 3017 1830 3074 in
1889 3037 1947 3076 ιιι

291 3094 574 3181 Historiae,
605 3094 718 3164 Τὴν
751 3093 808 3150 δὲ
838 3094 1069 3170 δύναμιν
1101 3099 1207 3173 πρὸ
1236 3105 1336 3168 τῆς
1392 3101 1609 3166 πόλεως
1663 3102 1946 3181 παρεμϐα-

293 3179 429 3250 λών,
458 3207 486 3234 ‹‹
511 3201 645 3240 cum
679 3190 814 3242 ante
837 3187 1041 3244 urbem
1075 3193 1271 3246 castra
1291 3191 1606 3262 posuisset.
1626 3217 1654 3244 »
1680 3179 1778 3252 Usi
1810 3179 1948 3255 eunt
1980 3205 2022 3271 Ο

292 3273 470 3328 etiam
513 3273 624 3330 hoc
652 3275 826 3331 verbo
860 3277 1020 3346 LXX,
1057 3282 1120 3333 ut
1156 3278 1544 3337 Numerorum
1598 3301 1673 3353 ιχ,
1712 3286 1776 3340 18
1810 3304 1822 3342 :
1854 3290 1953 3344 Διὰ

295 3362 714 3437 προστάγματος
787 3365 990 3440 Κυρίου
1052 3362 1502 3444 παρεμϐαλοῦσιν
1562 3373 1614 3427 οἱ
1687 3376 1796 3431 υἱοὶ
1855 3384 1952 3434 τοῦ

298 3450 545 3527 Ἰσραήλ·
579 3460 692 3510 Per
720 3462 1051 3528 praeceptum
1098 3459 1320 3515 Domini
1376 3471 1556 3518 castra
1604 3464 1952 3527 collocabant

297 3542 408 3632 ﬁlii
439 3543 624 3600 Israel.
656 3543 827 3601 Joan.
861 3547 1205 3619 Campensis
1242 3549 1332 3605 hic
1361 3551 1530 3607 vertit
1578 3570 1647 3610 ex
1691 3556 1948 3632 Hebraeo,

302 3650 326 3682 α
360 3630 824 3689 Castrametatur
880 3636 1148 3708 angelus,
1207 3660 1226 3685 ι
1280 3641 1338 3694 et
1388 3640 1447 3695 S.
1509 3630 1946 3717 Hieronymus:

303 3719 680 3776 «Circumdat
701 3721 946 3794 angelus
971 3726 1200 3782 Domini
1224 3727 1283 3782 in
1297 3745 1440 3801 gyru
1461 3730 1739 3790 timentes
1753 3751 1942 3792 eum.»

295 3807 547 3863 Omnino
579 3813 774 3864 autem
805 3810 981 3882 exigit
1011 3812 1164 3869 hanc
1199 3817 1524 3874 versionem
1558 3837 1726 3878 mens
1756 3829 1950 3882 aucto-

294 3896 397 3962 ris,
423 3897 522 3968 qui
546 3897 764 3955 idoirco
783 3905 988 3972 postea
1015 3903 1337 3959 assi‘milari
1372 3908 1582 3964 castris
1606 3912 1947 3982 angelorum

294 3984 457 4052 dicit,
512 3982 629 4058 ὅλῳ
687 3985 1038 4062 στρατοπέδῳ
1088 3990 1177 4045 καὶ
1234 3988 1566 4069 παρεμϐολῇ
1637 4000 1951 4073 παρεικάζε-

289 4090 396 4128 ται·
430 4077 812 4146 quamobrem
837 4079 1201 4148 addidimus,
1239 4105 1260 4132 α
1295 4087 1353 4138 et
1381 4084 1724 4156 angelorum
1757 4097 1949 4149 custo-

290 4163 387 4220 dia
416 4168 472 4254 te
523 4165 774 4254 muniat,
807 4189 836 4219 »
871 4170 1027 4242 quod
1061 4172 1341 4229 omiserat
1371 4173 1678 4248 interpres.
1714 4179 1944 4254 Repeti-

288 4255 386 4308 tur
415 4252 512 4310 hic
541 4252 706 4312 locus
755 4261 812 4313 et
858 4259 1211 4316 exscribitur
1241 4262 1314 4318 ab
1344 4262 1656 4337 Euthymio
1687 4267 1744 4323 in
1777 4252 1943 4326 Com-

289 4343 601 4413 mentario,
643 4347 798 4417 apud
830 4364 1006 4419 quem
1059 4366 1368 4424 perperam
1401 4354 1572 4410 vertit
1602 4355 1891 4431 interpres
1926 4377 1940 4416 :

287 4435 476 4488 «Nam
500 4449 634 4489 cum
663 4451 816 4491 unus
841 4452 1085 4494 numero
1107 4442 1335 4497 tantum
1361 4442 1458 4510 sit,
1477 4445 1750 4504 universo
1767 4453 1944 4521 atque

283 4519 510 4612 integro
541 4522 802 4580 hostium
853 4527 1134 4584 exercitui
1188 4531 1434 4588 resistit.
1468 4556 1498 4584 »
1531 4535 1628 4598 Et;
1677 4536 1780 4612 γὰρ
1841 4519 1937 4612 i‘uv,

282 4607 400 4682 ὅλῳ
433 4615 645 4688 στρατῷ
673 4613 1049 4688 παρείκασται.
1075 4640 1104 4668 ‹‹
1139 4619 1285 4676 Nam
1338 4638 1471 4680 cum
1507 4642 1661 4683 unus
1690 4607 1809 4697 ἐὴ,
1843 4607 1936 4686 in;

278 4701 438 4770 tegro
469 4703 744 4761 exercitui
777 4711 1173 4780 comparatur.
1211 4733 1238 4761 »

349 4823 469 4882 Col.
500 4827 606 4883 366
646 4831 693 4884 A
738 4829 794 4886 5.
829 4831 1150 4892 Suavitalis.
1185 4836 1500 4896 Cornarius
1545 4839 1770 4913 itidem,
1803 4865 1832 4895 ‹‹
1878 4848 1936 4901 et

279 4911 373 5005 bie
403 4914 688 4973 bonitatis
719 4925 952 4992 gustus,
988 4944 1017 4973 »
1049 4925 1220 4995 quasi
1248 4925 1476 4999 legerit,
1501 4935 1603 4985 aut
1632 4911 1932 5005 corrigen-

277 5001 417 5058 dum
451 5007 768 5098 censuerit,
793 5010 1030 5098 tametsi
1052 5028 1199 5071 mss.
1224 5015 1608 5087 reluctentur,
1629 5036 1744 5076 non
1767 5001 1929 5098 χάρι-

274 5107 390 5180 ξος,
452 5093 556 5180 sed
615 5095 1016 5169 χρηστότητος,
1078 5103 1359 5173 quoniam
1419 5107 1568 5163 dixit
1615 5093 1929 5180 anteaﬂal

273 5173 413 5271 ἔδοτε
443 5177 526 5235 ὅτι
559 5185 804 5258 χρηστὸς
840 5185 1065 5262 Κύριος,
1098 5199 1148 5246 et
1177 5192 1353 5248 videte
1399 5197 1666 5266 quoniam
1719 5173 1928 5271 suavis,

271 5267 355 5322 vel
384 5270 559 5363 oonus
587 5277 666 5363 est
699 5278 971 5333 Dominus
1007 5293 1021 5333 :
1056 5278 1312 5352 alioquin
1360 5284 1433 5339 ad
1467 5286 1707 5343 verbum
1746 5267 1925 5363 esset,

269 5359 472 5426 gratia
529 5361 770 5419 arrhabo
799 5371 851 5421 et
880 5368 1298 5444 qualiscunque,
1326 5374 1482 5444 quod
1529 5391 1672 5432 sane
1724 5359 1925 5437 minus

271 5449 560 5504 convenit.

336 5562 454 5618 Col.
487 5565 592 5620 367
621 5570 665 5621 B
691 5569 746 5623 5.
780 5571 890 5639 Qui
915 5573 1064 5629 enim
1112 5580 1384 5650 corporal.
1418 5579 1708 5639 Omiserat
1737 5583 1924 5642 inter-

266 5665 419 5720 pres,
453 5656 756 5731 σωματικά,
771 5661 1106 5733 corporalia,
1138 5670 1194 5720 et
1225 5668 1398 5736 paulo
1427 5674 1562 5742 post
1591 5671 1689 5728 illa
1721 5675 1922 5732 omnia

1496 1856 1518 1886 ι
1572 1835 1805 1890 Diceres
1864 1833 1958 1890 his
1992 1836 2037 1900 Β

2076 554 2343 609 τοιούτων
2380 557 2616 630 ἀγαθῶν.

2150 644 2267 699 Col.
2301 646 2406 700 370
2438 652 2478 700 A
2513 651 2564 702 8.
2607 653 2712 706 Vox
2754 655 2836 706 est
2881 655 3151 724 magistri.
3187 656 3502 716 Cornarius
3552 661 3727 718 inter-

2077 738 2355 802 pretatur,
2397 757 2423 788 α
2453 738 2694 808 Benigni
2737 744 3110 812 praeceptoris
3143 761 3253 800 vox
3282 753 3392 803 est.
3418 769 3447 796 »
3470 749 3576 802 Alii
3606 767 3724 806 ma-

2075 821 2227 893 lunt,
2253 825 2541 891 «interni,
2568 846 2596 875 ››
2639 827 2742 897 vel,
2767 850 2794 878 ‹‹
2821 829 2981 886 intus
3012 833 3327 890 residentis
3360 836 3666 906 magistri:
3695 861 3722 888 »

2075 913 2173 968 sed
2209 913 2518 984 exponitur
2545 921 2740 970 tamen
2789 913 3100 980 ἐνδιαΟέτως
3149 939 3574 994 nonnunquam
3625 923 3722 996 ἐμ-

2073 1002 2283 1067 παθῶς,
2325 1021 2346 1049 α
2380 1019 2511 1057 cum
2545 1019 2758 1074 magno
2789 1008 3020 1076 affectu,
3059 1032 3084 1058 ››
3119 1015 3181 1065 ut
3229 1007 3532 1074 ἐνδιάθετος
3566 1010 3720 1068 διδά-

2073 1087 2275 1151 σκαλος
2333 1093 2583 1160 dicatur,
2619 1113 2648 1142 κ
2697 1095 2794 1164 qui
2856 1113 3068 1168 magno
3122 1099 3332 1154 affectu
3389 1103 3725 1174 complecti-

2071 1187 2172 1236 tur
2192 1182 2540 1253 discipulos.
2575 1205 2603 1234 »
2635 1185 2746 1257 nisi
2789 1187 2922 1257 quis
2957 1188 3124 1244 malit
3151 1193 3439 1263 corrigere
3483 1189 3721 1246 εὐδιαθέ-

2069 1290 2185 1325 του.
2219 1271 2570 1328 Constanter
2624 1279 2821 1330 tamen
2879 1275 3022 1332 Oliv.
3057 1283 3116 1332 et
3167 1281 3265 1334 alii
3314 1298 3458 1337 mss.
3515 1282 3714 1356 vulga-

2070 1363 2189 1414 tam
2252 1360 2504 1416 retinent
2554 1360 2905 1431 lectionem,
2958 1366 3058 1420 sed
3127 1367 3580 1442 προκαλουμένου
3637 1372 3717 1428 le-

2071 1447 2156 1519 git
2184 1448 2328 1503 Oliv.
2365 1466 2477 1504 non
2528 1447 3008 1524 προκαλουμένου,
3037 1453 3145 1510 hoe
3191 1464 3301 1526 est,
3327 1481 3355 1508 «
3407 1459 3716 1516 cohortan-

2070 1538 2166 1593 tis.
2202 1561 2230 1588 ››

2143 1629 2289 1683 Ibid.
2318 1631 2472 1685 C10.
2514 1631 2868 1704 Satis/acere.
2905 1634 3077 1691 Recte
3133 1635 3280 1692 Oliv.
3329 1638 3490 1709 ἡμῶν
3541 1640 3718 1695 corri-

2069 1717 2154 1790 git
2185 1734 2286 1788 pro
2320 1717 2494 1790 ὐμῶν.
2527 1721 2860 1789 Cornarius,
2896 1744 2920 1774 α
2955 1729 3013 1778 et
3042 1725 3287 1781 Domino
3319 1727 3580 1783 debitum
3620 1745 3720 1783 ex-

2069 1806 2312 1876 solvere,
2344 1809 2441 1879 qui
2505 1825 2607 1880 pro
2661 1810 2831 1865 nobis
2888 1815 2977 1866 est
3026 1818 3380 1870 mortuus.»
3434 1815 3715 1885 Subinde,

2074 1917 2098 1948 α
2121 1896 2318 1967 ignem
2351 1904 2590 1968 aspectu
2624 1900 2956 1955 reddentes.
2991 1922 3019 1950 ››
3057 1904 3140 1957 Ila
3197 1904 3508 1959 substituit
3549 1905 3716 1960 Mon—

2063 1986 2343 2055 tacutius,
2375 1987 2681 2057 expunctis
2711 1988 2830 2043 illis
2855 1991 3191 2062 interpretis
3216 1993 3428 2060 verbis,
3457 2015 3485 2044 (ι
3515 1995 3716 2066 Ignem

2065 2078 2335 2146 paratum
2369 2080 2733 2132 contuentes.
2770 2101 2798 2128 »
2829 2080 3142 2135 Cornarius
3195 2082 3334 2136 item
3385 2083 3582 2137 minus
3615 2101 3716 2154 ap-

2064 2170 2140 2236 te,
2175 2188 2203 2217 «
2252 2166 2489 2238 igneam
2539 2168 2750 2224 faciem
2808 2188 2923 2242 prae
2986 2188 3047 2226 se
3103 2173 3374 2229 ferentes.
3431 2195 3461 2224 »
3511 2173 3715 2230 Solum

2064 2257 2220 2311 enim
2252 2274 2321 2312 ex
2338 2257 2524 2315 oculis
2553 2261 2987 2330 quodammodo
3005 2262 3256 2317 emicare
3276 2263 3474 2334 ignem
3497 2263 3714 2319 innuit.

2063 2344 2266 2401 Simile
2290 2349 2444 2418 quod
2469 2349 2710 2404 affertur
2739 2365 2809 2404 ex
2844 2350 3247 2422 Aristophane,
3282 2350 3552 2425 ἀστραπὰς
3588 2349 3712 2424 βλέ-

2062 2453 2205 2500 πειν,
2243 2441 2378 2491 «Ex
2426 2437 2614 2492 oculis
2659 2439 2978 2509 quamdam
3022 2439 3202 2494 veluti
3247 2441 3711 2497 coruscationem

2063 2526 2353 2592 emittere,
2404 2531 2752 2582 coruscante
2821 2534 3064 2599 aspectu
3121 2545 3280 2585 esse.
3340 2552 3369 2579 »
3425 2529 3713 2586 Homerus

2062 2609 2278 2670 Ὀδυσσ.
2311 2615 2354 2670 Τ
2387 2632 2401 2672 :

2135 2756 2338 2831 Φρίξας
2383 2755 2440 2812 εῦ
2491 2755 2713 2836 λοφιήν,
2763 2762 2870 2833 πῦρ
2921 2755 2968 2813 δ’
3017 2756 3351 2837 ὀφθαλμοῖσι
3420 2755 3710 2836 δεδορκώς.

2067 2850 2230 2907 Valde
2273 2851 2571 2908 exhorrens
2599 2861 2780 2908 setosa
2817 2855 3044 2920 cervice,
3076 2855 3265 2925 ignem
3311 2853 3486 2991 oculils
3510 2854 3710 2936 .inspi-

3468 2941 3635 2980 ciens.

3468 2941 3635 2980 σιεης.

2130 3070 2523 3126 Philostratus
2553 3071 2611 3124 in
2646 3069 2911 3138 leonibus,
2963 3085 3096 3140 pag.
3125 3069 3253 3139 771,
3285 3069 3532 3140 vestigia
3562 3069 3711 3124 rele-

2061 3177 2204 3232 gens
2261 3159 2518 3228 Homeri,
2553 3157 2664 3231 ὁρῶ
2725 3154 2782 3211 δὲ
2828 3156 2990 3212 αὐτὸν
3036 3155 3125 3211 καὶ
3168 3157 3268 3224 τὴν
3326 3155 3524 3232 χαίτην
3557 3156 3711 3234 φρίτ-

2061 3266 2242 3315 τοντα,
2273 3247 2363 3301 καὶ
2411 3249 2517 3320 πῦρ
2570 3240 2932 3318 ἐμϐλέποντα.
2967 3247 3208 3302 «Video
3266 3253 3461 3302 autem
3509 3247 3708 3318 ipsum

2061 3341 2118 3393 et
2148 3337 2288 3393 setis
2319 3337 2672 3404 horrentem,
2707 3342 2765 3391 et
2793 3337 2989 3408 ignem
3019 3336 3392 3391 vibrantibus
3419 3335 3606 3390 oculis
3628 3336 3712 3390 in-

2060 3433 2392 3482 tuentem.»
2425 3428 2512 3481 lta
2541 3425 2858 3498 Gregorius
2886 3426 3310 3496 Nazianzenus,
3343 3430 3490 3481 orat.
3527 3427 3618 3496 20,
3652 3444 3710 3497 p.

2059 3520 2186 3579 261,
2210 3519 2374 3584 dixit,
2405 3515 2480 3589 μὴ
2513 3517 2797 3585 πιθήκειον
2861 3513 3062 3590 βλέπῃ,
3097 3512 3244 3570 ἀλλὰ
3300 3510 3567 3590 βλοσυρὸν
3617 3515 3708 3569 καὶ

2064 3605 2346 3681 βασιλιγόν
2401 3623 2414 3660 :
2463 3628 2492 3657 «
2541 3606 2664 3661 Non
2709 3606 2893 3660 simiaa
2940 3610 3265 3676 aspectum,
3325 3605 3427 3660 sed
3477 3609 3706 3660 torvum

2060 3698 2373 3769 quemdam
2402 3699 2457 3752 et
2486 3695 2829 3751 horriﬁcum
2860 3712 2927 3750 ac
2957 3695 3184 3767 regium
3218 3693 3504 3766 praeferat.
3532 3716 3561 3744 ››
3587 3694 3709 3750 Sub

2058 3789 2236 3844 finem
2268 3788 2495 3861 paginae
2527 3803 2630 3860 pro
2664 3786 2871 3859 μακρὰν
2900 3784 3269 3845 ἀποπεσόντας
3321 3785 3572 3842 fortasse
3621 3802 3708 3842 re-

2058 3879 2208 3934 ctius
2263 3877 2557 3950 legeretur
2611 3875 2820 3949 μακρὰν
2857 3873 3112 3940 ἀπόντας,
3143 3897 3170 3927 ‹‹
3202 3874 3370 3946 longe
3401 3876 3641 3930 absunt.
3678 3897 3707 3924 ››

2058 3971 2278 4026 Ibidem
2313 3968 2764 4024 immutavimus
2784 3967 2978 4023 locum
3002 3967 3170 4022 illum
3193 3966 3590 4038 interpretis,«
3607 3967 3706 4038 qui

2056 4076 2161 4132 per
2180 4058 2537 4130 baptismum
2563 4061 2618 4113 et
2638 4056 3013 4128 adoptionem
3039 4056 3141 4113 Dei
3164 4055 3301 4112 facti
3333 4059 3473 4111 sunt
3502 4055 3702 4111 dome-

2057 4149 2208 4206 stici.
2245 4170 2274 4197 )›

2125 4236 2242 4293 Col.
2276 4237 2382 4291 378
2438 4239 2485 4292 A
2537 4237 2592 4292 3.
2650 4237 2808 4292 Nunc
2859 4236 3036 4305 igitur
3086 4236 3408 4306 potentiam.
3476 4232 3700 4290 Omise-

2054 4332 2144 4382 rat
2173 4326 2464 4398 interpres
2494 4324 2664 4389 illud,
2695 4325 2784 4380 καὶ
2836 4324 2938 4392 τὴν
2993 4327 3099 4377 τῶν
3145 4320 3322 4397 εὐχῶν
3378 4319 3699 4392 ἀντιληπτι-

2052 4417 2174 4486 χήν.
2201 4416 2514 4472 Cornarius
2537 4415 2814 4488 appellat,
2845 4436 2872 4469 α
2889 4415 3274 4487 inspectivam
3295 4413 3477 4469 nostri
3502 4417 3702 4485 poten-

2051 4508 2215 4578 tiam,
2249 4511 2305 4562 et
2334 4523 2572 4578 precum
2619 4511 2955 4562 nostrarum
3002 4503 3423 4575 susceptricem
3470 4520 3546 4558 :«
3591 4501 3702 4558 hoc

1968 4574 2016 4638 D
2049 4603 2156 4665 est,
2177 4574 2302 4669 quis
2325 4574 2568 4668 adjuvat
2589 4612 2792 4669 preces
2829 4600 3080 4661 nostrrs,
3103 4598 3167 4649 ut
3187 4574 3420 4649 dicebat
3441 4592 3698 4665 Raphael

2045 4687 2241 4744 Tobize
2297 4702 2426 4758 cap.
2491 4703 2593 4753 xu,
2647 4687 2716 4741 12
2776 4703 2790 4742 :
2839 4685 2968 4741 Ὃτι
3014 4683 3307 4758 προσηύξω
3368 4679 3453 4750 σὺ,
3512 4679 3602 4734 καὶ
3658 4682 3694 4750 ἡ

2043 4775 2230 4854 νύμφη
2292 4793 2386 4829 σου
2449 4773 2679 4849 Σάῤῥα,
2739 4773 2849 4850 ἐγὼ
2904 4775 3256 4849 προσήγαγον
3332 4770 3397 4825 τὸ
3475 4770 3693 4844 μνημό-

2044 4885 2202 4920 συνον
2256 4870 2358 4934 τῆς
2413 4869 2730 4939 προσευχῆς
2785 4863 2966 4937 ὐμῶν·
2997 4863 3224 4932 Quando
3281 4863 3474 4922 orasti.
3509 4865 3591 4926 tu,
3640 4876 3692 4916 ei

2040 4972 2220 5011 nurus
2274 4960 2370 5011 tua
2417 4956 2589 5012 Sarra
2613 4998 2626 5023 ,
2684 4970 2781 5025 ego
2835 4954 3128 5027 offerebam
3179 4950 3504 5008 memorial:
3563 4965 3692 5006 ora-

2039 5046 2208 5100 tionis
2283 5047 2488 5101 vestrm.
2551 5045 2634 5100 Ita
2689 5043 2908 5100 citatur
2974 5059 3042 5100 ex
3091 5042 3296 5098 eodem
3356 5038 3570 5094 Basilio
3629 5038 3689 5094 in

2041 5134 2268 5191 Lexicis
2315 5151 2329 5191 :
2383 5132 2518 5209 πρὸς
2565 5133 2628 5188 τὸ
2682 5127 3175 5205 ἀντιλαμϐάνεσθαι
3232 5132 3330 5193 τῆς
3381 5123 3686 5202 ἀδελφότης-

2036 5243 2151 5294 τος,
2199 5224 2270 5280 ad
2323 5241 2549 5281 manum
2593 5224 2929 5295 adjutricem
2972 5222 3366 5296 porrigendum
3417 5221 3689 5291 fraterni-

2038 5317 2159 5372 tali.

2106 5404 2225 5462 Col.
2258 5407 2364 5461 384
2391 5409 2437 5462 Α
2468 5407 2553 5462 12.
2587 5407 2746 5477 Quid
2767 5409 2974 5461 autem.
3000 5405 3130 5460 Haec
3162 5403 3459 5477 periodus,
3499 5417 3684 5474 usque

2034 5496 2106 5550 ad
2138 5495 2239 5551 illa
2268 5495 2464 5563 verba,
2502 5516 2531 5547 «
2558 5496 2635 5551 Ad
2669 5512 2768 5552 eos
2798 5495 2960 5563 item,
2996 5518 3024 5545 »
3048 5511 3082 5551 a
3113 5494 3543 5572 nobisadjecta
3571 5498 3681 5559 est,

2033 5585 2104 5639 ab
2136 5585 2454 5657 interprete
2486 5586 2916 5657 pretermissa:
2952 5584 3114 5641 locus
3135 5585 3398 5658 proxime
3427 5599 3680 5655 sequens

2031 5683 2118 5732 est
2152 5677 2311 5732 Isaia
2343 5694 2479 5745 xm,
2514 5677 2600 5732 18.
