4156 6362
425 319 582 381 1023

1616 318 1855 381 ΝΟΤΛΕ
1900 317 2348 379 FRONTONIS
2393 315 2650 378 DUCAEI

3685 321 3848 380 1024

498 452 615 508 Col.
647 453 750 508 387
783 453 822 508 B
852 454 904 508 8.
953 455 1066 524 Qui
1106 454 1466 524 juvenilibus.
1509 454 1797 509 Admonet
1834 452 2074 507 doctiss.
2109 453 2164 518 Α
2193 450 2423 520 vimus;
2457 456 2514 506 at
2569 451 2856 522 interpres
2913 450 3194 522 ediderat,
3227 467 3297 507 ex
3352 452 3549 508 codice
3599 453 3853 510 fortasse

428 543 823 599 Montacutius
854 543 1089 599 fidelius
1140 544 1306 610 verti,
1339 565 1365 594 ‹‹
1399 543 1498 616 qui
1534 541 1768 614 aggredi
1801 542 2086 612 juvenilia

422 633 549 703 jam
607 635 818 703 potest,
852 632 937 688 vel
1000 632 1198 705 potius
1259 633 1431 688 fortia
1486 633 1658 688 facta.
1697 656 1716 681 ι
1749 631 2084 697 Cornarius,

435 742 459 773 α
495 720 668 777 fortia
691 722 816 792 jam
848 738 1023 793 opera
1055 722 1398 795 contingere
1430 727 1661 794 potens.
1699 745 1724 771 ››
1759 722 1879 777 Sub
1912 721 2084 775 ﬁnem

435 811 658 882 paginae
719 812 1150 867 emendandum
1212 810 1488 886 ὑφαίρεσιν
1543 809 1845 883 ὑπομείνῃ,
1906 813 1972 864 ut
2026 809 2086 863 in

433 900 601 972 Oliv.,
634 917 748 955 non
783 905 846 955 ut
877 901 933 955 in
971 901 1147 957 Basil.
1188 901 1458 975 ὑπομένῃ.

506 1006 625 1062 Col.
660 1008 765 1062 395
795 1007 836 1063 C
864 1008 916 1061 3.
945 1009 1006 1063 Et
1034 1008 1315 1064 dedecoris
1353 1009 1540 1080 plena.
1571 1008 1941 1078 Addendum,
1977 1029 2002 1057 ‹‹
2035 1009 2092 1061 et

435 1096 714 1152 deficiens
774 1114 890 1168 pra:
949 1097 1086 1153 (iliis
1139 1098 1447 1154 hominum
1483 1113 1552 1153 :»
1584 1098 1668 1152 sic
1727 1097 1882 1152 enim
1935 1095 2090 1168 apud

437 1187 650 1242 Isaiam
705 1205 843 1253 L111,
901 1189 934 1243 3
987 1188 1162 1244 vertit
1210 1188 1630 1262 Hieronymus.
1692 1188 1809 1244 Non
1865 1186 2092 1242 habebat

434 1277 668 1346 speciem
696 1293 873 1348 neque
901 1277 1168 1349 decorem,
1198 1278 1290 1333 sed
1318 1279 1526 1344 species
1554 1278 1670 1350 ejus
1729 1276 2091 1340 inhonorata,

437 1369 487 1420 et
507 1365 770 1436 deﬁciens
797 1382 917 1438 prw
945 1365 1085 1437 ﬁliis
1113 1367 1417 1422 hominum.
1452 1367 1609 1422 Idem
1646 1366 1809 1422 Isaiae
1839 1365 2001 1421 locus
2035 1366 2092 1419 in

436 1455 704 1509 eamdem
731 1457 1081 1511 sententiam
1105 1455 1175 1511 ab
1200 1456 1514 1526 Euthymio
1536 1457 1830 1528 profertur
1854 1455 1913 1510 in
1939 1454 2094 1509 hunc

438 1542 756 1614 psalmum,
817 1543 964 1618 παρά
1014 1541 1141 1605 τοὺς
1202 1542 1352 1604 υἱοὺς
1406 1547 1512 1597 τῶν
1573 1541 1912 1618 ἀνθρώπων·
1969 1541 2092 1617 περὶ

435 1634 532 1685 τοῦ
586 1631 838 1703 σώματος
887 1630 1062 1707 λέγει,
1089 1635 1203 1687 οἷον
1253 1633 1318 1702 ἦν
1373 1631 1424 1687 ἐν
1457 1637 1536 1705 τῷ
1564 1636 1660 1686 τοῦ
1685 1631 1886 1694 πάθους
1917 1635 2094 1706 καιρῷ

440 1716 1039 1794 προπηλακιζόμενον,
1118 1721 1207 1776 καὶ
1289 1722 1722 1795 μαπιζὸμενον,
1774 1720 1862 1775 καὶ
1930 1720 2094 1795 μυρία

2195 540 2420 596 calamo
2444 544 2699 611 exarato,
2724 545 2956 596 vertens
2985 557 2996 596 :
3025 562 3052 590 «
3075 539 3364 607 Diluculo,
3389 541 3498 597 hoc
3523 546 3632 612 est,
3666 543 3854 598 victo-

2195 629 2344 684 riam
2377 634 2580 685 contra
2608 633 2857 685 mortem
2886 630 2978 685 die
3009 631 3182 686 tertia
3211 633 3506 687 matutina
3535 631 3807 688 confecit.
3827 657 3849 685 ι

2196 720 2346 775 Sane
2378 719 2434 774 in
2469 719 2668 776 codice
2697 718 2882 786 Oliva,
2924 719 3008 775 sic
3039 725 3183 786 erat,
3219 719 3482 794 βοηθήσει
3515 720 3544 773 ὁ
3575 719 3704 782 Θεὸς
3752 722 3856 790 τήν

2197 807 2353 878 νίκην
2383 807 2567 882 πρωίᾳ
2595 811 2663 881 τῇ
2695 806 2852 882 τρίτῃ
2903 806 3085 884 ἡμέρᾳ
3137 809 3239 878 τῆς
3298 808 3639 872 ἀναστάσεως
3697 807 3859 887 ἔργα·

2199 899 2450 970 σάμενος·
2487 903 2547 954 at
2596 900 2652 954 in
2703 899 2924 955 Catena
2972 900 3171 956 Graeca
3228 899 3414 972 Regiis
3465 900 3864 973 bibliothecae,

2205 988 2465 1062 βοηθήσει
2522 986 2658 1061 αὐτῇ
2688 987 2875 1050 ὁΘεὸς
2903 991 2970 1062 τῇ
3021 987 3182 1044 πόλει
3220 988 3284 1043 τὸ
3331 989 3468 1064 πρὸς
3515 989 3664 1064 πρωὶ
3714 990 3862 1064 πρωὶ

2203 1078 2232 1132 ὁ
2261 1078 2360 1146 τὴν
2411 1076 2547 1132 κατὰ
2595 1080 2692 1133 τοῦ
2734 1076 2966 1133 θανάτου
3013 1077 3169 1149 νίκην
3215 1078 3428 1155 πρωίας
3468 1080 3629 1155 τρίτῃ
3678 1081 3866 1155 ήμέρᾳ

2201 1174 2300 1237 τῆς
2357 1166 2697 1230 ἀναστάσεως
2757 1167 3148 1244 ἐργασάμενος.
3189 1171 3324 1236 Qua:
3382 1174 3636 1244 utraque
3686 1170 3859 1228 lectio

2203 1275 2336 1315 cum
2372 1275 2440 1315 eo
2471 1259 2641 1327 libro,
2667 1276 2781 1332 quo
2801 1276 2946 1317 usus
2969 1259 3405 1333 fuitinterpres,
3429 1260 3857 1318 convenit.0b«

2203 1349 2556 1405 servandum
2588 1349 2684 1405 hic
2714 1353 2805 1405 est
2825 1348 3107 1406 Basilium
3141 1348 3332 1422 legere
3361 1347 3500 1423 πρὸς
3518 1346 3664 1425 πρωὶ
3684 1349 3852 1422 πρωί,

2203 1456 2319 1495 non
2353 1443 2417 1494 ut
2447 1438 2508 1494 in
2536 1438 2667 1495 aliis
2715 1437 2883 1494 libris
2913 1438 3284 1495 Psalmorum
3339 1438 3603 1514 βοηθήσει
3644 1437 3776 1511 αὐτῇ
3824 1440 3853 1494 δ

2203 1527 2332 1589 Θεὸς
2356 1532 2436 1599 τῷ
2465 1527 2770 1601 προσώπῳ,
2800 1552 2820 1578 ι
2856 1528 3174 1601 Adjuvabit
3202 1545 3331 1586 eam
3365 1529 3520 1586 Deus
3551 1530 3782 1600 vultu,»
3803 1535 3862 1585 et

2204 1626 2517 1690 utramque
2539 1619 2846 1674 lectionem
2860 1619 3133 1690 junxisse
3153 1617 3580 1692 Apollinarium
3601 1619 3661 1675 in
3682 1623 3864 1676 meta-

2205 1709 2279 1782 ph
2291 1711 2428 1780 rasi,
2460 1707 2570 1764 hoc
2599 1725 2795 1775 versu,

438 1812 676 1884 πάσχον.
710 1812 774 1866 Et
824 1809 1095 1882 deﬁciens
1148 1829 1314 1884 super
1375 1813 1511 1868 ﬁlios
1563 1812 1850 1868 hominum
1880 1830 1898 1866 :
1933 1835 1961 1862 «
2013 1811 2093 1867 De

2219 1828 2284 1898 Εξ
2315 1826 2450 1894 ἠοῦς
2481 1822 2770 1898 ἐπίκουρον
2798 1817 2913 1898 ἔχει
2945 1823 3346 1878 πανεπίσκοπον
3375 1818 3532 1897 ὄμμα
3557 1843 3570 1858 ο

439 1917 679 1972 corpore
711 1901 970 1972 (Christi)
1003 1901 1282 1973 loquitur,
1315 1902 1487 1975 quale
1517 1902 1798 1957 nimirum
1831 1906 2092 1974 tempore

441 1990 738 2061 passionis
767 1999 910 2061 erat,
943 2007 1074 2046 cum
1118 1992 1348 2063 probris
1395 1995 1452 2048 et
1499 1992 1690 2064 plagis
1737 1992 2090 2057 afficeretur,

441 2083 497 2135 et
528 2079 842 2136 innumera
871 2079 1026 2136 mala
1048 2086 1376 2153 pateretur.
1431 2104 1460 2131 ››
1493 2083 1654 2147 Quod
1677 2099 1745 2137 ex
1776 2081 1985 2154 Aquila
2001 2081 2091 2136 hic

440 2169 759 2242 profertur,
794 2166 990 2224 κάλλει
1023 2167 1467 2242 ἐκαλλιυπίσθης,
1499 2172 1650 2243 apud
1683 2173 1999 2228 Eusebium
2031 2171 2092 2226 in

438 2263 652 2314 Catena
700 2258 785 2314 sic
843 2274 906 2315 se
950 2259 1145 2330 habet,
1178 2257 1373 2314 κάλλει
1424 2257 1772 2330 ἰκαλλιώθης
1821 2259 1927 2314 ἀπὸ
1958 2259 2089 2314 υἱῶν

440 2346 767 2422 ἀνθρώπων.

510 2437 626 2494 Col.
660 2438 764 2492 398
814 2441 862 2492 A
911 2441 966 2494 5.
1001 2439 1372 2496 Sermonibus.
1412 2440 1541 2514 Περὶ
1592 2442 1851 2514 Χριστοῦ,
1885 2462 1913 2490 ‹‹
1967 2457 2092 2496 ser-

440 2527 720 2582 monibus
750 2529 823 2583 de
849 2526 1100 2584 Christo.
1135 2551 1164 2578 »
1196 2529 1514 2587 Carnarius
1541 2529 1710 2602 dixit,
1745 2552 1772 2581 «
1806 2530 2093 2587 doctrinis

441 2617 514 2673 de
534 2616 782 2672 Christo.
820 2639 841 2665 ι

515 2705 636 2763 Col.
697 2706 801 2761 406
852 2706 894 2762 Β
956 2707 1042 2762 10.
1099 2706 1222 2764 Odi.
1283 2707 1674 2764 Scribendum
1740 2724 1809 2765 ex
1864 2708 2094 2781 psalmo

443 2813 714 2868 cxxxvm,
764 2797 829 2852 21
869 2813 881 2852 :
917 2796 1176 2864 Oderam,
1229 2800 1283 2852 et
1319 2813 1484 2869 super
1530 2799 1788 2854 inimicos
1835 2807 1952 2856 tuos
2007 2807 2095 2854 la-

448 2888 740 2943 bescebam.
775 2887 1019 2958 Perfecto
1047 2887 1188 2942 odio.
1214 2886 1412 2942 Graeca
1441 2886 1598 2942 enim
1630 2889 1802 2944 verba
1826 2904 1896 2944 ex
1947 2888 2092 2944 Oliv.

446 2981 506 3032 et
535 2975 765 3048 Anglic.
820 2979 962 3032 sunt
1007 2976 1208 3033 addita
1255 2975 1566 3033 Basiliensi
1615 2977 1882 3049 editioni,
1915 2995 1947 3034 a
1979 2994 2096 3050 qua

449 3066 713 3122 aberant.
738 3065 803 3121 In
822 3064 1004 3121 Oliva.
1029 3069 1227 3121 tamen
1258 3065 1582 3135 legebatur,
1605 3063 1692 3120 ἐπὶ
1721 3070 1840 3130 τοῖς
1871 3065 2094 3141 ἐχθροῖς

450 3264 566 3300 σου.

522 3332 642 3390 Col.
673 3334 796 3390 4H.
830 3333 876 3390 D
921 3335 980 3389 5.
1041 3334 1421 3405 Perﬁciundw.
1459 3337 1602 3405 Imo,
1635 3359 1665 3387 «
1723 3336 1989 3409 perfectas
2045 3340 2103 3391 et

453 3423 754 3496 acquisita
783 3423 1042 3480 virtutis.
1076 3445 1105 3474 »
1135 3425 1338 3498 Itaque
1379 3425 1693 3482 Cornarius
1744 3424 1986 3498 propius
2030 3425 2102 3481 ad

451 3529 717 3583 sensum,
750 3511 882 3569 licet
937 3513 1094 3569 haud
1143 3515 1289 3570 satis
1345 3513 1570 3586 Latine,
1614 3537 1644 3565 «
1696 3515 1796 3571 sed
1856 3532 1984 3587 quae
2042 3515 2103 3569 in

452 3602 654 3658 laetitia
683 3607 740 3659 et
768 3601 1162 3660 exsultatione
1207 3605 1281 3660 ob
1328 3605 1656 3661 virtuosum
1716 3605 1825 3660 hoc
1884 3606 2103 3660 factum

453 3693 733 3765 gaudent.
769 3713 797 3741 »
845 3693 1034 3748 Codex
1072 3691 1218 3748 Oliv.
1269 3697 1610 3749 constanter
1665 3691 1964 3764 vulgatam
2023 3693 2103 3748 le-

456 3783 709 3838 ctionem
731 3782 945 3838 retinet
975 3778 1061 3835 ἒπὶ
1093 3783 1174 3852 τῷ
1196 3779 1432 3853 τοιούτῳ
1461 3781 1846 3856 κατορθώματι
1874 3780 2104 3858 χαίρου-

458 3890 566 3936 σαι,
592 3875 658 3926 ut
687 3870 888 3926 minus
916 3871 1251 3926 necessaria
1282 3871 1360 3926 sit
1389 3871 1719 3927 doctissimi
1763 3871 1873 3926 viri
1912 3872 2105 3942 conje-

458 3964 644 4028 ctura,
676 3959 773 4014 hic
803 3959 1237 4015 emendandum
1271 3959 1631 4032 suspicantis
1671 3956 1759 4013 ἐπὶ
1799 3959 1861 4014 τὸ
1889 3963 2106 4016 τοιοῦτο

456 4047 789 4122 κατόρθωμα
818 4051 1120 4122 χωροῦσαι.
1156 4050 1405 4121 Exponit
1437 4049 1594 4104 enim
1649 4050 1918 4120 Basilius,
1952 4053 2107 4108 unde

457 4138 561 4196 illa
607 4138 685 4195 sit
733 4135 1034 4216 εὐφροσύνη
1089 4136 1178 4192 καὶ
1227 4135 1574 4212 ἀγαλλίασις,
1625 4157 1693 4196 ex
1747 4141 2110 4198 conscientia

460 4232 612 4285 recte
656 4229 944 4284 factorum
996 4244 1099 4284 seu
1157 4228 1447 4284 bonorum
1475 4245 1742 4301 operum.
1770 4229 1970 4303 Neque
2019 4230 2107 4286 in-

461 4317 666 4374 terseri
743 4333 892 4388 Opus
948 4321 1058 4384 est,
1121 4320 1256 4388 post
1339 4315 1438 4372 illa
1503 4318 1680 4374 verba
1748 4317 1799 4372 ot
1875 4317 2111 4373 ἀπόστο-

462 4404 574 4460 λοιο
607 4423 743 4462 nam
790 4422 980 4477 neque
1019 4406 1200 4462 codex
1221 4422 1333 4462 ms.
1358 4405 1502 4462 Oliv.
1527 4406 1671 4462 illud
1704 4408 1890 4475 addit,
1923 4425 2111 4480 neque

463 4495 679 4552 Catena
725 4494 926 4551 Graeca
971 4494 1374 4567 manuscripta
1420 4498 1478 4551 in
1510 4498 1776 4571 Psalmos,
1811 4514 1937 4569 quae
1967 4498 2114 4554 inte-

465 4600 637 4656 grum
668 4583 825 4639 hunc
854 4583 1054 4640 Basilii
1105 4584 1296 4640 locum
1347 4586 1702 4660 exscriptum
1746 4587 2001 4644 exhibet.
2036 4591 2114 4644 De
2140 4578 2188 4643 D

464 4672 748 4746 apostolis
778 4677 976 4729 tamen
1008 4689 1040 4730 a
1068 4673 1278 4730 Basilio
1310 4674 1676 4748 intelligitur,
1694 4681 1750 4732 et
1779 4677 2109 4750 exponitur,

464 4769 532 4820 ut
562 4767 620 4821 et
649 4765 720 4820 ab
752 4764 1084 4837 Euthymio,
1121 4765 1292 4836 cujus
1323 4765 1444 4823 haec
1469 4768 1644 4824 verba
1675 4772 1815 4824 sunt
1843 4784 1912 4824 ex
1935 4768 2112 4839 Regio

464 4871 578 4912 ms.
611 4853 809 4911 codice
840 4871 854 4911 :
887 4851 1003 4908 Υἱοὶ
1045 4849 1103 4908 δὲ
1132 4853 1182 4907 οἱ
1215 4853 1750 4927 ἀπόστολοι,ο¹’ίτινες
1778 4850 2112 4926 ἐπανέϐησαν

464 4942 538 5006 εἷς
584 4944 647 4998 τὸ
695 4942 909 5018 ἀξίωμα
955 4947 1063 4999 τῶν
1110 4943 1356 5020 πατέρων
1427 4943 1614 5016 αὐτοῦ,
1662 4946 2000 5021 πατριάρχαι
2055 4966 2114 5001 τε

463 5033 773 5109 γενόμενοι,
805 5032 857 5088 ἐν
890 5037 971 5106 τῷ
1000 5039 1256 5108 γεννῆσαι
1290 5029 1380 5088 διὰ
1435 5037 1530 5088 τοῦ
1582 5033 1955 5109 βαπτίσματος
1982 5036 2113 5090 πάν-

463 5143 529 5177 τα
583 5122 650 5176 τὸ.
698 5120 846 5193 ἔθνη,
895 5122 985 5176 καὶ
1035 5121 1345 5192 ἀξιωθέντες
1406 5125 1504 5176 τοῦ
1553 5127 1896 5199 προφητικοῦ
1954 5123 2116 5200 χαρί-

469 5229 690 5285 σματος·
717 5235 746 5264 ‹‹
781 5211 912 5268 Filii
942 5229 1076 5269 vero
1107 5211 1377 5284 apostoli.
1402 5211 1502 5284 qui
1537 5213 1607 5268 ad
1641 5213 1988 5287 dignitatem
2013 5232 2116 5288 pa-

468 5306 626 5358 trum
658 5303 787 5373 ejus
817 5301 1072 5374 provecti
1103 5306 1263 5368 sunt,
1293 5302 1478 5358 etl'ecti
1511 5301 1794 5360 nimirum
1817 5309 1873 5360 et
1893 5305 2005 5378 ipsi
2025 5323 2117 5379 pa-

469 5392 914 5461 triarchaa,dum
933 5407 1138 5448 omnes
1158 5395 1362 5464 gentes
1392 5409 1498 5465 per
1525 5392 1886 5466 baptismum
1908 5411 2121 5469 genue-

475 5485 628 5548 runt,
660 5486 716 5537 et
744 5481 1062 5555 prophetica
1095 5482 1316 5538 donum
1348 5483 1753 5544 obtinuerunt.
1791 5508 1820 5536 »

543 5585 662 5641 Col.
695 5587 799 5640 423
829 5590 887 5642 C.
922 5589 1029 5657 Qui
1053 5605 1152 5660 per
1178 5591 1486 5648 victoriam.
1518 5592 1651 5651 Haec
1680 5599 1770 5653 est
1809 5610 1975 5652 mens
2004 5601 2119 5654 Ba-

472 5674 734 5733 siliensis
747 5674 1043 5748 editionis,
1056 5695 1234 5751 quam
1253 5681 1516 5739 Cornarii
1537 5685 1729 5744 verbis
1746 5691 2122 5760 repraesenta-

2199 1897 2279 1955 Ab’
2303 1914 2518 1955 aurora
2535 1897 2840 1967 adiutorem
2855 1897 3021 1954 habet
3032 1899 3252 1954 oculum
3261 1901 3454 1955 omnia
3467 1897 3862 1971 speculantem.

2271 2016 2429 2072 Idem
2505 2014 2898 2088 Apollinarius
2966 2015 3026 2071 in
3093 2014 3311 2071 Catena
3384 2013 3624 2071 Barbari
3698 2013 3856 2070 vide-

2199 2110 2297 2162 tur
2347 2109 2660 2177 utramque
2707 2103 3017 2161 lectionem
3050 2104 3263 2160 iterum
3321 2105 3700 2176 conjungere,
3753 2104 3855 2159 sed

2201 2196 2410 2253 merito
2442 2193 2674 2250 dubitat
2699 2193 3022 2250 Flaminius
3052 2193 3321 2250 Nobilius
3352 2210 3426 2249 an
3460 2196 3703 2263 utraque
3759 2209 3860 2248 ex-

2203 2286 2415 2358 positio
2443 2285 2522 2341 sit
2547 2283 2895 2356 Apollinarii
2929 2299 2943 2338 :
2977 2283 3273 2354 siquidem
3308 2283 3366 2337 in
3416 2282 3633 2338 Catena
3674 2281 3861 2353 Regia

2202 2371 2608 2443 manuscripts
2658 2369 2823 2426 alteri
2882 2369 3106 2425 auctori
3153 2369 3438 2425 tribuitur
3493 2367 3643 2424 illa:
3680 2367 3859 2442 Πρόσ-

2203 2483 2352 2519 ωπον
2385 2458 2713 2529 Ἐκκλησίας
2740 2459 2983 2528 νοηθεῖεν
3014 2455 3074 2512 ἂν
3099 2458 3152 2512 οἱ
3211 2459 3354 2532 ἅγιοι
3412 2452 3737 2525 ἀπόστολοι,
3769 2456 3862 2510 καὶ

2203 2554 2256 2608 οἱ
2303 2551 2439 2607 κατὰ
2479 2545 2749 2624 διαδοχὴν
2799 2546 3103 2622 ἡγούμενοι
3150 2545 3343 2616 αὐτῆς,
3404 2544 3496 2610 οὓς
3537 2545 3628 2600 καὶ
3679 2550 3863 2621 νευροῖ

2201 2643 2337 2718 πρὸς
2383 2641 2446 2696 τὸ
2496 2635 2747 2700 δύνασθαι
2798 2635 3030 2698 εὐτόνως
3081 2629 3576 2709 ἀντιλαμϐάνεσθαι
3617 2638 3716 2690 τοῦ
3752 2654 3859 2705 κη-

2205 2731 2502 2808 ρύγματος·
2539 2752 2569 2780 ‹‹
2598 2727 2814 2784 Vultus
2843 2726 3118 2784 Ecclesia:
3151 2730 3402 2800 possunt
3443 2725 3692 2799 intelligi
3721 2742 3860 2782 san-

2204 2824 2280 2880 cti
2313 2818 2586 2893 apostoli,
2619 2822 2676 2874 et
2695 2819 2796 2889 qui
2824 2816 3028 2872 ordine
3059 2815 3172 2872 sibi
3204 2815 3533 2872 succedunt
3563 2816 3693 2887 ejus
3713 2831 3857 2888 pra-

2204 2910 2386 2982 sules,
2419 2925 2570 2981 quos
2616 2907 2792 2964 etiam
2841 2905 3201 2972 corroborat,
3252 2909 3316 2961 ut
3368 2903 3593 2962 fortiter
3634 2904 3856 2978 possint

2203 2997 2503 3072 Evangelii
2535 2994 3008 3068 praedicationem
3041 3011 3369 3068 capessere.
3403 3016 3433 3044 »

2275 3089 2396 3146 Col.
2429 3087 2535 3143 435
2577 3091 2621 3141 Β
2649 3086 2702 3142 3.
2736 3085 3045 3158 Sapientia.
3079 3085 3263 3142 Locus
3319 3087 3412 3140 est
3466 3080 3853 3140 Ecclesiastici

450 3174 569 3224 σου,
601 3171 741 3226 non,
769 3158 835 3212 ut
865 3155 922 3211 in
968 3153 1224 3228 vulgatis
1255 3154 1481 3228 Bibliis,
1513 3151 1601 3209 ἐπὶ
1656 3153 1786 3218 τοὺς
1841 3153 2093 3230 ἐχθρούς.

2218 3179 2389 3249 xx,32
2412 3195 2426 3234 :
2453 3197 2479 3230 ιι
2500 3151 3588 3249 Sapientia-abscondita,etthesaurus
3609 3171 3862 3270 invisus,

2213 3286 2340 3342 quae
2372 3266 2599 3324 utilitas
2628 3266 2688 3321 in
2734 3265 3043 3337 utrisque?
3078 3287 3100 3314 ι
3133 3264 3299 3329 Quod
3353 3263 3644 3335 sequitur,
3677 3259 3753 3322 εὶς
3799 3258 3866 3313 τὸ

2212 3359 2408 3431 ἑτέρων
2490 3352 2796 3433 ὠφέλιμον,
2858 3358 3014 3410 recto
3086 3357 3336 3410 verterat
3417 3351 3863 3408 Volaterranus.

2217 3469 2245 3502 α
2274 3445 2665 3513 Quamobrem
2697 3443 2770 3500 ad
2800 3441 3052 3499 aliorum
3077 3459 3314 3499 usum.»
3351 3440 3701 3496 Tilmannus
3721 3437 3868 3494 scri-

2213 3541 2334 3612 psit
2368 3557 2395 3589 ιι
2425 3534 2757 3605 utriusque,
2785 3555 2814 3584 »
2849 3532 3017 3605 quasi
3065 3534 3221 3588 esset
3265 3525 3606 3603 ἀμφοτέρων.
3637 3527 3866 3584 Corna-

2214 3628 2360 3694 rius,
2379 3647 2407 3676 «
2430 3627 2788 3696 quapropter
2816 3623 2887 3677 ad
2921 3621 3170 3678 aliorum
3203 3619 3442 3691 quidem
3475 3615 3812 3673 utilitatem.
3835 3637 3866 3664 »

2287 3715 2406 3772 Col.
2467 3713 2572 3768 436
2618 3716 2663 3766 Β
2721 3711 2812 3768 13.
2872 3706 3239 3785 Ἐναγγέλλω.
3293 3707 3456 3764 Oliv.
3509 3709 3568 3762 et
3639 3703 3868 3777 Anglic.

2215 3799 2558 3880 ἀναγγέλλω,
2589 3797 2742 3856 οὖδὶν
2776 3798 2929 3873 tua»,
2966 3795 3119 3854 οὐδὶν
3148 3798 3393 3874 ἀνθρωπ.
3419 3794 3612 3872 λὶγων.

2289 3893 2432 3951 Ibid.
2494 3897 2556 3948 D.
2608 3889 2681 3945 Οὐ
2734 3887 3032 3945 κυκλώσει.
3069 3889 3324 3946 Delenda
3378 3890 3470 3943 est
3526 3883 3755 3956 negatio
3806 3883 3871 3940 in

2216 3987 2436 4052 Graeco,
2460 3986 2528 4039 ut
2556 3983 2618 4039 in
2645 3979 3014 4037 Volaterrani
3043 3976 3521 4051 interpretatione
3550 3993 3584 4032 a
3609 3973 3874 4030 Tilman-

2217 4091 2293 4131 no
2325 4072 2515 4130 deleta
2544 4074 2653 4135 est.
2688 4088 2824 4127 cum
2856 4070 3011 4127 absit
3039 4087 3071 4126 a
3103 4067 3267 4137 LXX,
3302 4071 3360 4124 et
3406 4067 3477 4122 ab
3524 4064 3780 4134 Hebraeo,
3813 4066 3876 4118 et

2217 4181 2252 4220 a
2284 4180 2398 4219 ms.
2435 4159 2581 4217 Oliv.
2614 4160 2776 4217 Isaiae
2824 4177 2948 4230 xm,
2992 4160 3048 4230 9,
3079 4159 3366 4231 scriptum
3406 4159 3496 4212 est
3527 4173 3541 4212 :
3570 4148 3716 4210 Ἰδοὺ
3763 4149 3872 4228 γὰρ

2217 4250 2399 4326 ἣμερα
2455 4250 2657 4326 Κυρίου
2706 4242 2946 4324 ἔρχεται,
2999 4245 3236 4318 ἀνίατος,
3289 4242 3464 4319 θυμοῖ)
3525 4241 3617 4298 καὶ
3676 4242 3876 4317 ὀργῆς,

2221 4343 2390 4396 θεῖναι
2420 4339 2519 4409 τήν
2555 4338 2726 4414 ὀργὴν
2758 4335 2986 4415 ἔρημον.
3019 4359 3046 4393 α
3075 4339 3220 4396 Ecce
3267 4337 3424 4394 enim
3473 4335 3600 4391 dies
3641 4331 3874 4388 Domini

2219 4428 2784 4500 venit,insanabilis,
2817 4429 3030 4485 furoris
3059 4432 3116 4484 et
3146 4427 3265 4494 ire,
3297 4426 3369 4483 ad
3400 4423 3741 4497 ponendum
3779 4437 3872 4476 or-

2220 4522 2356 4578 bem
2396 4523 2563 4576 terra
2593 4519 2964 4576 desertum.»
2989 4517 3151 4584 Quod
3178 4533 3312 4572 vero
3343 4513 3634 4586 sequitur,
3657 4527 3728 4568 ex
3757 4509 3869 4567 alio

2223 4609 2510 4683 propheta
2553 4608 2933 4681 desumptum
2964 4611 3087 4673 est;
3113 4609 3258 4661 Osee
3285 4620 3387 4674 νη,
3417 4603 3454 4656 2
3480 4618 3492 4658 :
3527 4598 3873 4657 Ἐκύκλωσεν

2220 4696 2416 4759 αὐτοὺς
2471 4697 2538 4751 τὰ
2623 4691 2914 4752 διαϐούλια
2967 4693 3181 4749 αὐτῶν·
3245 4690 3730 4748 Circumdederunt
3787 4704 3880 4745 eos

2220 4788 2576 4860 cogitationes
2632 4801 2842 4844 eorum.
2877 4782 3055 4841 Paulo
3085 4787 3220 4856 post
3249 4780 3460 4852 scribe,
3497 4801 3526 4831 «
3555 4779 3683 4837 Non
3713 4778 3877 4835 enim

2223 4894 2316 4934 me
2349 4881 2743 4948 peccatorum,
2775 4897 2804 4926 ››
2828 4871 2890 4929 οὐ
2919 4873 3020 4949 γὰρ
3051 4871 3335 4947 περιστήσ.

2295 4964 2414 5023 Col.
2447 4966 2550 5022 439
2579 4965 2621 5022 Β
2656 4966 2742 5022 11.
2773 4965 2956 5036 Neque
2984 4964 3154 5019 enim.
3191 4961 3316 5021 Non
3365 4958 3516 5017 dixit
3566 4959 3736 5028 ζητεῖ,
3771 4956 3882 5012 sed

2227 5056 2394 5126 ζήτει.
2456 5055 2800 5112 Audiendus
2843 5054 3043 5128 potius
3083 5051 3424 5122 Cornarius,
3462 5069 3492 5106 ι
3519 5064 3708 5121 neque
3765 5046 3886 5119 igi-

2223 5151 2320 5204 tur
2351 5147 2588 5203 fratrem
2619 5163 2812 5218 quare
2841 5145 2903 5202 in
2929 5142 3415 5214 redemptionem,
3446 5139 3550 5195 sed
3579 5154 3716 5194 eum
3775 5137 3886 5209 qui

2225 5235 2485 5294 extendit
2541 5240 2815 5293 naturam
2859 5238 3044 5291 tuam.
3078 5254 3108 5285 η
3157 5231 3484 5301 Subjicitur
3530 5226 3741 5284 deinde
3784 5225 3889 5281 hi-

2226 5327 2410 5383 storia
2464 5325 2647 5382 Exodi
2696 5325 2990 5395 xxx11,28,
3024 5326 3081 5379 et
3119 5320 3324 5388 altera,
3376 5335 3512 5376 cum
3561 5313 3884 5383 διστατικὴν

2227 5416 2411 5494 φωνήν
2446 5417 2686 5474 dubiam
2717 5420 2774 5473 et
2798 5414 3166 5472 haesitantem
3194 5410 3391 5469 emisit
3417 5424 3641 5476 vocem,
3659 5407 3888 5464 Nume-

2227 5525 2343 5566 ror.
2375 5526 2468 5577 xx,
2503 5509 2588 5564 10.

2299 5597 2421 5655 Col.
2471 5599 2576 5654 446
2620 5603 2661 5654 Β
2715 5597 2769 5652 9.
2820 5594 3200 5665 Insipientem.
3235 5590 3366 5647 Haec
3422 5589 3507 5646 ita
3556 5588 3702 5645 verti
3757 5605 3890 5644 ma-

2225 5688 2352 5748 vult
2379 5688 2796 5760 Montacutius,
2821 5689 2886 5743 ut
2903 5688 3102 5742 Graaca
3123 5685 3356 5753 sonant,
3381 5703 3408 5731 «
3434 5680 3650 5736 Poterit
3679 5683 3891 5736 autem
