4156 6366
289 394 310 451 l
321 390 438 452 O25

1441 391 1548 449 AD
1592 385 1966 448 HOMILIAS
2011 387 2089 446 IN
2139 387 2520 450 PSALMOS.

3536 391 3695 452 1026

287 525 579 598 quispiam
611 524 821 592 dicere,
852 523 1226 597 insipientem
1267 522 1434 579 illum
1479 520 1793 591 nominari,
1823 521 1922 593 qui
1953 521 2008 590 Α
2039 543 2068 573 ‹‹
2101 521 2265 578 Illam
2317 524 2571 595 Apostoli
2628 524 2952 601 περικοπήν,
2998 525 3059 580 in
3108 542 3227 597 qua
3255 526 3327 582 de
3353 525 3689 598 virginitate

285 615 512 672 ethnico
565 631 725 671 more
780 614 940 683 vivit,
999 620 1314 684 amentem,
1374 613 1475 686 qui
1531 611 1776 669 Jndaico
1807 627 1928 667 mo-

289 721 368 760 re.
406 728 428 757 ι
464 708 668 760 Postea
710 703 873 759 locus
915 704 1130 760 citatur
1177 719 1246 760 ex
1297 703 1439 760 Osee
1484 719 1587 770 vn,
1621 703 1726 770 il;
1784 718 1928 769 non,

289 799 352 850 ut
376 797 608 850 notarat
643 793 977 859 Cornarius,
1031 792 1173 849 Osee
1223 810 1299 848 1x.
1348 793 1507 848 Idem
1567 790 1741 864 paulo
1798 793 1932 861 post

287 883 655 940 commodius
701 882 1146 939 Volaterranum
1204 882 1285 938 ait
1340 881 1604 949 vertisse,
1665 876 1925 954 ὧνγὰρὸ

289 971 402 1046 βίος
427 975 652 1046 νεκρῶν⁸
683 994 711 1022 ‹‹
741 974 1000 1039 Quorum
1024 971 1180 1027 enim
1231 971 1350 1026 vita
1381 969 1629 1027 mortuis
1655 970 1931 1041 operibus

285 1064 354 1119 ab
386 1061 578 1119 omnis
608 1061 839 1134 generis
876 1067 1110 1132 peccato
1158 1060 1582 1116 resultantibus
1609 1057 1932 1130 adimpleta

286 1157 391 1221 est,
423 1150 672 1208 istorum
718 1150 930 1206 domus
979 1149 1040 1204 in
1070 1153 1355 1205 aeternum
1389 1147 1660 1222 sepulcra
1693 1148 1864 1203 ﬁunt.
1902 1168 1931 1197 »

289 1242 468 1298 Locus
499 1240 569 1295 de
598 1238 781 1296 Jacoh
809 1243 900 1295 est
928 1237 1070 1294 Gen.
1101 1255 1234 1305 xxv,
1267 1239 1356 1295 27.

355 1346 474 1402 Col.
507 1347 609 1402 454
640 1351 677 1399 Β
722 1346 778 1402 9.
826 1346 943 1420 Qui
991 1347 1308 1418 imperium,
1360 1345 1676 1402 Cornarius
1725 1343 1932 1411 edidit,

287 1459 316 1489 «
350 1441 586 1509 propter
614 1451 750 1492 eum
798 1435 901 1508 qui
953 1435 1146 1507 ipsam
1189 1434 1500 1500 destruxit,
1526 1438 1584 1490 et
1613 1433 1931 1505 imperium

287 1525 492 1582 mortis
522 1525 718 1581 habet.
762 1546 791 1575 »
845 1523 1098 1596 Uterque
1149 1523 1440 1596 interpres
1497 1540 1532 1579 a
1594 1538 1771 1578 sensu
1821 1521 1932 1578 Ba-

288 1615 405 1672 silii
436 1616 594 1671 etab
626 1614 890 1686 Apostoli
939 1613 1232 1669 sententia
1274 1613 1601 1680 aberravit;
1655 1616 1714 1666 at
1769 1610 1937 1666 Vola-

285 1709 559 1760 terranus
588 1703 648 1758 in
681 1701 999 1774 antiquiori
1031 1701 1289 1757 editione
1318 1705 1472 1757 recte
1511 1702 1934 1772 interpretatus

284 1796 428 1859 erat,
463 1796 528 1847 ut
557 1791 817 1864 suggerit
847 1790 1302 1858 Montacutius,«
1336 1794 1574 1862 prepter
1603 1805 1738 1844 eum
1762 1806 1795 1844 a
1817 1805 1932 1860 quo

2037 614 2094 666 et
2125 611 2350 684 nuptiis
2381 613 2659 686 disputat,
2707 614 2876 670 aliter
2905 614 3194 672 disserere
3225 615 3616 687 compelleris.
3659 641 3683 670 ι

2038 700 2294 756 Basilius
2353 702 2671 774 quaestione
2726 704 2797 759 de
2840 705 3132 776 baptismo
3164 704 3214 774 4,
3247 702 3336 757 καὶ
3370 700 3688 778 ὀλόκληρον

2037 790 2136 857 τήν
2179 788 2514 866 περιὲκοπήν
2559 790 3026 868 ἀναγινώσκοντες.
3076 794 3161 848 Ita
3205 793 3692 866 demumlegitnr

2039 879 2099 936 in
2131 879 2344 936 Catena
2375 879 2572 937 Graeca
2603 898 2712 937 ms.
2747 883 2806 938 in
2832 900 2948 955 qua
2978 887 3136 940 totus
3167 882 3262 938 hic
3291 882 3492 939 Basilii
3523 881 3689 940 locus

2039 969 2368 1041 exscriptus
2399 975 2513 1026 est.

2111 1077 2237 1133 Ibid
2296 1077 2336 1132 C
2395 1078 2448 1133 3.
2533 1079 2747 1152 Viginti
2820 1079 3024 1136 millia.
3111 1079 3530 1150 Corrigendum
3622 1095 3690 1135 ex

2041 1165 2296 1222 editione
2324 1166 2630 1224 Basilicus.
2663 1172 2719 1223 et
2747 1167 2928 1223 Oliva.
2968 1189 2995 1217 ‹‹
3036 1167 3239 1239 viginti
3274 1169 3390 1224 duo
3424 1167 3633 1224 millia.
3665 1187 3694 1220 α

2041 1253 2130 1309 Sic
2173 1254 2332 1310 enim
2381 1255 2668 1328 scriptum
2716 1259 2805 1312 est
2848 1259 2894 1312 II
2941 1257 3270 1329 Regnorum
3293 1274 3419 1326 vm,
3449 1258 3524 1314 5:
3588 1256 3689 1310 Καὶ

2041 1340 2265 1412 ἐπάταξε
2331 1339 2492 1396 Δαυὶδ
2551 1341 2602 1398 ἐν
2657 1347 2738 1416 τῷ
2793 1342 2955 1416 Σύρῳ
3011 1341 3182 1398 εἷθιοσι
3255 1341 3350 1399 δύο
3422 1343 3682 1421 χιλιάδας

2041 1427 2270 1504 ἀνδρῶν’
2299 1434 2362 1487 Et
2387 1435 2654 1505 percussit
2690 1433 2862 1490 David
2905 1436 2965 1490 in
3013 1434 3152 1506 Syro
3179 1435 3384 1504 viginti
3411 1435 3521 1491 duo
3549 1436 3686 1492 mil-

2044 1521 2121 1576 lia
2153 1523 2416 1578 virorum.

2115 1610 2234 1666 Col.
2266 1612 2369 1666 464
2392 1612 2434 1667 Β
2454 1613 2507 1667 8.
2539 1614 2652 1665 Τῶν
2681 1609 3002 1685 ἀνθρώπων.
3035 1609 3204 1665 ε’ίκοσι
3236 1611 3418 1670 Oliva.
3451 1615 3558 1666 τῶν
3586 1633 3691 1668 πα-

2041 1695 2235 1772 τὲρων,
2277 1721 2306 1750 ‹‹
2339 1704 2592 1771 paternae
2623 1701 2920 1757 vanitatis.
2953 1722 2975 1750 ι
3029 1700 3152 1756 Non
3187 1702 3558 1772 aspernanda
3598 1719 3695 1758 va-

2045 1787 2130 1842 ria
2158 1787 2348 1856 lectio,
2381 1804 2518 1844 cum
2563 1789 2634 1844 de
2664 1788 2984 1860 gentilibus
3012 1793 3241 1861 agatur,
3284 1791 3384 1862 qui
3430 1791 3692 1862 paternis

283 1881 624 1937 vastabatur
678 1881 751 1948 is,
809 1880 911 1952 qui
970 1879 1178 1936 mortis
1225 1879 1479 1934 habebat
1525 1878 1862 1950 imperium.
1901 1899 1928 1932 ιι
1966 1891 2012 1956 Β
2044 1876 2564 1949 superstitionibus
2597 1878 2990 1934 adhaerebant.
3025 1878 3180 1934 Dixit
3226 1883 3424 1934 tamen
3475 1881 3692 1952 pagina

289 1971 477 2026 Locus
533 1973 620 2026 est
677 1968 946 2024 Hebraeor
1002 1978 1063 2036 ιι,
1117 1969 1212 2024 id:
1265 1968 1382 2022 Ἵνα
1427 1963 1518 2019 διὰ
1557 1969 1656 2020 τοῦ
1705 1966 1935 2029 θανάτου

289 2060 603 2136 καταργήσῃ
669 2059 762 2114 τὸν
842 2058 906 2112 τὸ
980 2059 1178 2134 κράτος
1253 2054 1452 2132 ἔχοντα
1515 2061 1613 2112 τοῦ
1683 2057 1936 2130 θανάτου,

292 2148 537 2204 τουτέστι
592 2148 685 2202 τὸν
747 2141 1033 2202 διάϐολον·
1109 2150 1172 2205 Ui
1228 2164 1323 2220 per
1393 2152 1622 2202 mortem
1691 2148 1935 2205 destrue-

293 2249 376 2296 ret
403 2256 549 2306 eum,
581 2241 680 2312 qui
705 2231 1158 2294 habebal’mm'tis
1197 2239 1517 2308 imperium,
1571 2237 1629 2293 id
1682 2247 1763 2296 est
1815 2241 1938 2296 dia-

296 2328 502 2386 bolum.
535 2329 622 2385 Ita
667 2328 839 2385 vertit
892 2333 952 2384 et
1005 2327 1375 2396 Ambrosius,
1437 2327 1538 2382 lib.
1572 2344 1634 2383 ιιι
1687 2329 1759 2384 De
1809 2329 1937 2399 ﬁde,

294 2436 423 2492 cap.
481 2419 538 2491 5,
595 2419 864 2475 addens:
933 2440 963 2470 «
1023 2423 1133 2474 Per
1197 2434 1374 2490 quam
1450 2417 1562 2474 nisi
1641 2435 1742 2490 per
1819 2436 1942 2476 cor-

293 2508 453 2580 poris
510 2511 782 2574 mortem,
839 2505 1046 2562 mortis
1100 2505 1334 2562 vincula
1389 2505 1760 2563 dissolvit?»
1794 2509 1937 2565 Cum

293 2613 431 2670 ergo
490 2600 748 2669 potestas
802 2595 917 2652 ista
971 2595 1178 2651 mortis
1255 2595 1487 2651 dicatur
1556 2595 1799 2664 abolita,
1875 2603 1941 2654 ut

295 2687 510 2740 fatetur
549 2689 710 2756 Beza,
759 2683 957 2756 inepte
998 2683 1330 2740 censendus
1377 2689 1466 2739 est
1495 2683 1938 2757 interpretatus,

293 2773 384 2827 τὸν
412 2769 631 2847 ἔχοντα,
667 2794 696 2823 ‹‹
727 2789 851 2829 eum
909 2773 1009 2845 qui
1063 2773 1239 2829 habet
1283 2772 1618 2846 imperium,
1669 2797 1697 2825 »
1728 2793 1842 2831 non
1875 2779 1942 2832 ut

292 2863 561 2935 Vulgata,
595 2884 624 2913 ‹‹
655 2861 756 2932 qui
785 2861 1051 2918 habebat.
1088 2883 1116 2911 »

366 2950 512 3006 Ibid.
544 2953 585 3005 C
617 2951 701 3005 10.
749 2950 840 3005 Ἐν
871 2952 952 3020 τῷ
981 2945 1107 3022 ᾅῦῃ.
1161 2949 1239 3004 Ad
1274 2949 1514 3005 verbum
1547 2953 1658 3018 est,
1691 2971 1720 3000 «
1757 2950 1816 3005 in
1849 2951 1940 3006 in-

295 3040 455 3096 ferno
485 3039 887 3111 protendatur,
923 3060 951 3088 »
983 3055 1097 3094 non
1132 3043 1196 3093 ut
1224 3037 1511 3093 Volaterr.
1544 3043 1600 3094 et
1628 3040 1943 3095 Cornarius

296 3151 324 3179 «
357 3130 428 3183 ad
459 3127 758 3182 infernum
783 3142 1004 3198 usque;
1043 3131 1134 3182 «at
1159 3128 1312 3198 quod
1347 3123 1944 3197 sequitur,te).e:w06)-

2047 1965 2394 2037 praecedenti
2444 1965 2502 2020 id
2561 1982 2732 2038 posse
2788 1968 2859 2022 de
2916 1968 3074 2023 omni
3133 1969 3374 2023 omnino
3433 1967 3692 2024 humano

2047 2069 2258 2126 genere
2309 2054 2577 2127 intelligi,
2633 2054 2758 2128 περί
2824 2054 3024 2112 παντὸς
3080 2059 3177 2109 τοῦ
3233 2053 3533 2128 ἀνθρώπων
3594 2055 3693 2132 γί-

2047 2160 2192 2204 νους.

2119 2231 2236 2287 Col.
2283 2232 2388 2288 470
2430 2232 2467 2287 Β
2525 2233 2582 2287 7.
2647 2233 2894 2289 Idithum
2952 2249 3078 2290 vero
3142 2239 3534 2290 consecratam.
3607 2236 3694 2292 Ad

2049 2321 2291 2376 verbum
2338 2337 2370 2376 e
2399 2322 2592 2377 Graeco
2624 2323 2798 2378 vertit
2841 2322 3178 2389 Carnarius,
3221 2346 3249 2373 «
3303 2324 3558 2378 Idithum
3591 2325 3698 2381 da-

2049 2412 2170 2464 tam
2203 2409 2421 2465 essein
2455 2410 2766 2467 utilitatem
2820 2411 3027 2483 ipsius.
3091 2433 3120 2462 »
3179 2412 3322 2470 Nam
3375 2417 3442 2468 ut
3492 2413 3699 2470 scribit

2047 2503 2103 2554 8.
2136 2501 2484 2558 Ambrosius
2515 2502 2574 2558 in
2597 2504 2654 2559 in
2683 2504 2883 2575 psalm.
2915 2521 3129 2561 xxxvm
3156 2522 3168 2561 :
3197 2528 3226 2556 «
3259 2503 3554 2560 Psalmum
3585 2505 3697 2561 Da-

2049 2589 2142 2645 vid
2196 2591 2452 2662 scripsit,
2498 2597 2557 2648 et
2605 2593 2867 2649 Idithum
2933 2593 3056 2652 viro
3124 2593 3456 2666 disciplinis
3509 2594 3694 2650 leviti-

2049 2679 2132 2736 cis
2181 2683 2240 2734 et
2311 2682 2774 2739 sacerdotalibus
2829 2684 3058 2740 erudito
3116 2684 3450 2739 canendum
3511 2684 3695 2740 dedit.

2050 2768 2312 2841 Denique
2364 2771 2538 2826 etiam
2597 2771 2655 2826 in
2701 2773 3081 2829 saecularibus
3111 2772 3369 2846 scriptis,
3403 2773 3502 2829 alii
3534 2777 3701 2829 erant

2052 2859 2152 2930 qui
2212 2859 2586 2928 scribebant,
2645 2861 2742 2916 alii
2811 2861 2913 2933 qui
2970 2861 3031 2917 in
3091 2879 3266 2918 scena
3323 2863 3412 2918 vel
3469 2862 3700 2918 cantica

2050 2947 2139 3003 vel
2197 2950 2514 3004 comoedias
2570 2949 2656 3004 vel
2719 2951 3034 3023 tragcedias
3091 2967 3296 3007 canere
3373 2967 3696 3007 consueve-

2053 3041 2205 3092 rant.
2263 3058 2292 3087 »
2341 3038 2410 3092 Et
2465 3037 2867 3094 Theodoretus
2927 3041 2986 3094 in
3045 3039 3202 3094 hunc
3255 3040 3531 3112 psalmum
3563 3057 3695 3096 LXI:

2053 3123 2232 3193 Δῆλον
2282 3123 2459 3179 τοίνυν
2514 3126 2588 3188 ὡς
2635 3130 2732 3180 τοῦ
2767 3128 3036 3202 μακαρίου
3067 3127 3158 3200 μὶν
3195 3122 3360 3182 Δαϐὶδ
3396 3129 3424 3182 ὁ
3455 3126 3698 3202 ψαλμός’

294 3237 378 3270 σιν
409 3215 460 3270 ot
517 3213 936 3292 προειληφότες,
996 3218 1214 3272 rectius
1271 3216 1558 3287 expressit
1602 3217 1937 3283 Cornarius,

2056 3209 2214 3286 ᾔδετο
2247 3210 2304 3268 δὲ
2338 3213 2438 3268 ὑπὸ
2467 3215 2564 3269 τοῦ
2593 3212 2858 3287 Ἰδιθοὺμ,
2900 3213 2959 3277 ὅς
2993 3215 3166 3290 χόρου
3215 3216 3594 3293 προστατεύων
3645 3218 3696 3273 ἐν

295 3329 323 3356 α
358 3305 457 3377 qui
491 3303 796 3378 praegressi
825 3310 1043 3360 essent.
1077 3326 1105 3354 »
1139 3304 1310 3360 Hebr.
1344 3321 1420 3358 XI.
1455 3304 1545 3358 40.

365 3395 485 3462 Col,
535 3396 639 3450 458
687 3400 734 3448 Α
787 3395 874 3449 10.
929 3395 1209 3450 Inlroibis.
1269 3393 1667 3450 Theodoretus
1739 3395 1940 3450 admo-

293 3489 392 3540 net
439 3488 560 3540 tres
602 3485 831 3539 Graecos
872 3481 1245 3553 interpretes,
1305 3481 1576 3552 Aquilam
1636 3482 1940 3550 nimirum,

290 3573 732 3646 Symmachum,
763 3576 820 3628 et
849 3570 1330 3640 Theodotionem,
1377 3571 1656 3636 edidisse,
1704 3567 1940 3624 εἰσελεύο

291 3683 421 3736 σῃ,‹‹
443 3661 737 3727 introibis,
756 3683 784 3709 »
809 3661 962 3716 etita
981 3660 1198 3732 legisse
1225 3659 1381 3731 apud
1405 3660 1690 3715 Basilium
1714 3660 1943 3716 videtur

291 3752 602 3824 interpres,
635 3767 750 3805 non
783 3753 847 3805 ut
869 3749 1045 3805 habet
1065 3749 1242 3805 Oliva.
1271 3755 1328 3805 et
1357 3749 1664 3806 Basilicus.
1707 3747 1944 3804 εἷ’σελεύ-

295 3859 465 3906 σεται,
504 3859 526 3888 ι
558 3837 843 3894 introibit.
880 3859 908 3886 »
937 3838 1250 3893 Cornarius
1289 3838 1464 3892 etiam
1498 3839 1757 3910 scripsit,
1794 3861 1822 3890 «
1855 3841 1942 3894 in-

293 3916 521 3995 troibis,
559 3950 586 3977 »
609 3928 764 3999 quod
796 3925 1107 3982 adverterit
1135 3925 1194 3980 id
1225 3925 1455 3997 exigere
1471 3927 1942 3997 explanationem

295 4019 493 4075 Basilii
522 4036 534 4074 :
560 4021 868 4090 propterea
905 4015 1196 4086 sequitur,
1245 4015 1519 4069 Τοσοῦτον
1554 4014 1646 4067 οὗν
1676 4013 1942 4089 παραγίνῃ

296 4107 382 4180 σὺ,
416 4107 443 4162 ὁ
475 4104 626 4168 Θεός”
660 4128 688 4156 ‹‹
719 4106 972 4161 Tantum
1006 4103 1186 4176 igitur
1229 4103 1458 4159 accedis
1513 4107 1599 4172 tu,
1649 4109 1825 4171 Deus,
1885 4109 1943 4160 et

293 4203 460 4255 tanta
488 4201 579 4253 est
598 4196 654 4250 in
682 4195 812 4266 ipso
841 4194 912 4250 de
940 4197 999 4248 te
1030 4192 1191 4248 notio
1216 4207 1228 4248 :
1266 4213 1293 4241 »

297 4292 387 4344 est
415 4283 839 4357 interpretatiO'

367 4375 487 4431 Col.
522 4374 626 4428 460
657 4378 693 4425 Β
727 4372 812 4427 13.
844 4369 975 4424 Εἶτα
1006 4365 1095 4421 διὰ
1123 4365 1372 4443 φιλανθρ.
1405 4370 1537 4424 Haec
1567 4369 1766 4424 addita
1803 4375 1944 4426 sunt

295 4481 365 4521 ex
392 4461 618 4533 Anglic.
673 4464 730 4514 et
758 4458 903 4513 Oliv.
933 4473 945 4512 :
981 4478 1011 4508 «
1043 4457 1224 4512 Iidem
1258 4473 1464 4512 rursus
1505 4463 1744 4529 propter
1774 4458 1943 4514 mise-

294 4550 608 4609 ricordiam
644 4547 740 4604 Dei
769 4545 1012 4602 admissi
1042 4562 1108 4601 ac
1141 4545 1376 4616 recepti.
1413 4567 1440 4594 ››

1339 4195 1396 4247 et
1449 4191 1532 4247 ita
1583 4192 1942 4249 restituenda

2049 3307 2128 3374 τῷ
2159 3303 2286 3376 θείῳ
2315 3307 2418 3374 νεῷ
2449 3303 2602 3376 ὕμνει
2631 3303 2724 3359 τὸν
2755 3307 2861 3358 τῶν
2892 3302 3038 3360 ὅλων
3071 3305 3222 3360 Θιόν·
3257 3330 3285 3358 ‹‹
3333 3307 3540 3380 Liquet
3586 3309 3699 3382 igi-

2048 3398 2146 3450 tur
2183 3394 2476 3467 psalmum
2527 3397 2764 3466 quidem
2798 3396 2953 3451 heati
2986 3397 3221 3453 Davidis
3251 3415 3403 3468 esse,
3437 3398 3696 3455 Idithum

2049 3500 2184 3540 vero
2214 3499 2344 3540 eum
2377 3485 2796 3556 cecinisse,qui
2827 3485 2990 3542 chori
3021 3487 3330 3558 praefectus
3359 3501 3489 3542 cum
3524 3493 3698 3555 esset,

2052 3575 2233 3629 Deum
2265 3573 2672 3628 universorum
2708 3574 2766 3628 in
2819 3591 2983 3630 sacro
3040 3573 3256 3646 templo
3317 3573 3699 3645 laudabat,»

2050 3665 2107 3718 et
2155 3663 2216 3717 in
2259 3661 2464 3732 psalm.
2512 3679 2763 3718 xxxvm:
2821 3663 2934 3718 Τοῦ
2964 3662 3058 3734 μὶν
3093 3657 3259 3717 Δαϐὶδ
3291 3664 3318 3717 ὁ
3348 3661 3593 3736 ψαλμός’
3622 3669 3702 3736 τῷ

2051 3749 2109 3805 δὲ
2140 3746 2385 3823 Ἰδιοοὺμ
2415 3749 2488 3810 ὡς
2519 3750 2610 3804 τὸν
2651 3754 2758 3805 τῶν
2794 3747 3030 3821 ᾀδόντων
3063 3752 3231 3827 χορὸν
3267 3750 3703 3827 ἐμπεπιστευμέ-

2050 3860 2129 3910 νῳ
2161 3839 2237 3900 εἱς
2267 3839 2328 3892 τὸ
2359 3837 2592 3910 ψάλλειν
2616 3836 2798 3910 ἐδόθη·
2838 3862 2866 3892 ‹‹
2893 3841 3163 3898 Psalmus
3196 3843 3430 3914 quidem
3467 3843 3702 3900 Davidis

2051 3932 2160 3998 est,
2195 3927 2450 3984 Idithum
2482 3946 2615 3985 vero
2648 3930 2718 3984 ad
2750 3930 3082 3985 canendum
3117 3931 3288 3987 datus
3323 3932 3451 3997 fuit,
3485 3933 3574 3988 cui
3609 3951 3703 3989 ca-

2053 4017 2322 4072 nentium
2356 4017 2572 4073 ehorus
2593 4017 2950 4075 commissus
2979 4023 3124 4076 erat.
3159 4042 3184 4069 »
3220 4025 3392 4076 Porro
3422 4021 3479 4076 in
3503 4022 3703 4079 codice

2053 4121 2163 4160 ms.
2197 4105 2409 4160 Olivar.
2452 4111 2793 4162 constanter
2823 4107 3126 4179 legebatur
3164 4107 3361 4180 Δῖμάν,
3396 4127 3510 4166 non
3545 4115 3607 4166 ut
3639 4111 3699 4166 in

2053 4193 2279 4266 Anglic.
2345 4191 2528 4262 Δίθάν,
2579 4201 2638 4250 et
2685 4196 2766 4251 ita
2810 4197 2834 4251 Ι
2875 4195 3221 4268 Paralipom.
3255 4215 3387 4264 xxv,
3423 4200 3447 4253 1
3477 4215 3489 4252 :
3523 4197 3698 4275 Ἀσάφ

2051 4282 2143 4337 καὶ
2204 4281 2383 4355 Αίμὰν
2426 4284 2513 4338 καὶ
2565 4281 2811 4355 Ἱδιθοὺμ
2878 4282 3006 4347 τοὺς
3070 4283 3583 4362 ἀποφθεγγομένους
3643 4286 3696 4342 ὲν

2050 4370 2316 4447 κινύραις,
2376 4371 2466 4426 καὶ
2516 4371 2568 4425 ἓν
2619 4368 2868 4445 νάϐλαις,
2917 4370 3005 4427 καί
3051 4371 3103 4427 ἐν
3160 4370 3701 4450 κυμϐάλοιςοΑεαρΙῑ

2049 4471 2104 4518 ει
2137 4464 2351 4518 Aimam
2380 4471 2432 4519 et
2479 4463 2723 4518 Idithum
2765 4467 3124 4531 personantes
3175 4465 3237 4519 in
3282 4466 3514 4522 citharis
3561 4471 3611 4522 el
3641 4470 3701 4522 in

2047 4553 2329 4624 psalleriis
2359 4556 2410 4608 et
2441 4555 2502 4606 in
2527 4553 2798 4624 cymbalis
2823 4573 2836 4621 ;
2868 4557 3044 4625 atque
3073 4553 3182 4609 hoc
3211 4555 3386 4611 etiam
3420 4560 3587 4628 pacto
3619 4557 3701 4613 le-

371 4641 517 4697 Ibid.
551 4641 592 4696 C
649 4638 736 4694 41.
801 4630 1102 4697 Βασιλέως.
1164 4634 1610 4689 Emendandum
1669 4651 1738 4691 ex
1789 4635 1936 4693 Oliv.
1972 4620 2016 4685 D
2047 4620 2305 4712 gendum
2338 4640 2447 4695 hoc
2479 4620 2770 4709 loco,non,
2804 4644 2864 4696 in
2893 4620 3175 4714 cymbalis
3206 4651 3257 4698 et
3280 4620 3704 4713 orgaizis.Basi-

297 4745 356 4795 et
401 4737 570 4809 Angl.
634 4731 860 4810 βασιλέα
913 4726 1078 4786 Σωϐἆ
1132 4748 1314 4804 regem
1358 4731 1518 4788 Soba.
1580 4734 1744 4804 Apud
1803 4733 1942 4788 LXX

296 4827 511 4900 legitur
574 4821 798 4899 βασιλέα
866 4815 1067 4889 Σουϐἆ,
1126 4821 1424 4892 iidemque
1479 4819 1778 4892 appellant
1836 4820 1942 4874 2-3-

297 4935 388 4990 ρον
430 4908 612 4984 Ῥαάϐ,
672 4913 876 4986 Syrum
922 4910 1134 4972 Bhaab,
1219 4911 1374 4980 quod
1431 4909 1683 4966 Basilius
1742 4907 1939 4984 Συρίαν

313 4997 483 5151 Poggii
513 5091 606 5147 461
646 5097 692 5146 Λ
721 5092 775 5145 9.
809 5086 1203 5163 Ηαρετάξαντο.
1237 5086 1658 5158 Corrigendum
1695 5103 1764 5142 ex
1793 5087 1940 5145 Oliv.

287 5187 347 5239 et
375 5181 602 5254 Anglic.
635 5177 988 5253 παρετάξατο,
1023 5181 1088 5232 ut
1115 5176 1305 5231 versio
1338 5175 1600 5248 requirit.

361 5287 478 5344 Col.
513 5288 616 5342 462
645 5289 690 5341 Α
723 5288 806 5341 12.
842 5284 1250 5355 Progressioni.
1286 5283 1372 5338 Ita
1419 5282 1753 5352 Cornarius,
1791 5307 1817 5334 ‹‹
1849 5285 1940 5340 hi-

287 5378 478 5434 storiae
511 5391 843 5448 processus,
881 5397 908 5424 »
940 5374 1040 5430 sed
1075 5375 1132 5428 in
1164 5371 1305 5428 Oliv.
1344 5376 1402 5426 et
1432 5373 1604 5443 Angl.
1657 5390 1770 5428 non
1802 5394 1938 5448 προ-

287 5468 458 5539 κοπῇ,
495 5465 597 5521 sed
624 5465 902 5535 περικοπῇ
935 5463 1170 5535 legitur,
1205 5485 1232 5511 «
1265 5461 1445 5532 hujus
1475 5461 1734 5517 historiae
1766 5465 1938 5536 parti,

291 5574 394 5613 seu
433 5557 780 5627 fragmento-
812 5575 838 5601 ››
893 5552 1128 5618 Suidas,
1173 5550 1468 5624 περικοπή,
1528 5550 1690 5622 μέρος
1739 5572 1792 5605 τι
1843 5559 1942 5623 τῆς

293 5644 626 5709 ὓποθὲστως,
687 5665 714 5694 ι(
756 5659 892 5715 pars
950 5640 1150 5711 aliqua
1205 5639 1626 5711 disputationis
1681 5641 1940 5714 integris,

296 5733 383 5791 vel
435 5732 808 5792 narrationis.
872 5753 900 5780 ››
947 5729 1335 5802 Hieronymus
1368 5729 1437 5785 ad
1472 5731 1939 5804 Pammachium,

2051 4729 2166 4786 lius
2198 4731 2423 4784 addidit
2450 4727 2538 4782 καὶ
2584 4727 2634 4781 ἐν
2667 4728 2990 4801 τυμπάνοις,
3025 4734 3178 4803 quod
3213 4733 3334 4789 illic
3383 4751 3499 4789 non
3532 4735 3704 4790 habe-

2049 4824 2168 4886 tur,
2228 4818 2374 4873 illud
2427 4823 2625 4874 autem
2678 4815 2978 4893 σάλπιγγές
3029 4840 3088 4874 τε
3135 4819 3226 4875 καὶ
3273 4815 3549 4894 κύμϐαλα,
3602 4827 3700 4876 τοῦ

2052 4909 2375 4986 ἀναφωνεῖν,
2410 4912 2497 4963 est
2523 4925 2592 4964 ex
2626 4909 2644 4964 Ι
2677 4909 3164 4982 Paralipomenon
3195 4927 3312 4982 xvn,
3344 4913 3432 4968 42.

2123 5015 2240 5071 Col.
2279 5016 2384 5071 473
2410 5017 2456 5071 Α
2484 5016 2538 5070 8.
2573 5012 3055 5090 Περιδονούμενοι.
3089 5020 3176 5073 Ita
3208 5034 3351 5074 mss.
3388 5018 3615 5091 Anglici
3646 5023 3703 5075 et

2051 5105 2456 5160 Olivarianus:
2509 5106 2744 5162 retineri
2792 5111 2986 5163 tamen
3037 5112 3229 5180 potest
3287 5112 3460 5163 vetus
3527 5107 3699 5165 lectio

2050 5195 2190 5250 edit.
2224 5193 2531 5250 Basiliens.
2559 5191 3006 5268 περιδονούμενα.
3038 5195 3372 5265 Cornarius,
3408 5219 3437 5247 υ
3465 5196 3698 5269 plantae,

2051 5289 2178 5356 quis
2207 5301 2240 5339 a
2268 5283 2383 5339 leni
2417 5301 2561 5339 aura
2590 5285 2910 5356 agitantur.
2949 5307 2976 5334 »

2121 5374 2240 5428 Col.
2321 5374 2424 5428 476
2477 5374 2516 5427 C
2585 5374 2671 5427 12.
2747 5372 2808 5424 Oi.
2875 5371 2964 5426 καὶ
3031 5373 3094 5427 τὸ
3157 5371 3420 5450 φονεύειν.
3497 5375 3700 5448 Angli—

2051 5461 2101 5516 ci
2182 5478 2326 5517 mss.
2392 5462 2442 5514 oi
2515 5459 2920 5537 καταφονεύειν.
2995 5462 3139 5519 Oliv.
3219 5461 3270 5515 οἱ
3345 5463 3405 5516 τὸ
3459 5483 3702 5540 καταφο-

2048 5549 2242 5605 νεύειν·
2300 5551 2570 5623 sequitur
2619 5556 2813 5606 tamen
2867 5553 3086 5623 absque
3119 5552 3236 5607 ulla
3267 5554 3701 5624 praepositionis

2050 5639 2348 5697 additione
2379 5639 2626 5712 simplex
2655 5637 2794 5693 κατὰ
2826 5639 2923 5706 τὴν
2969 5643 3064 5693 τοῦ
3098 5638 3337 5716 φονεύειν
3353 5639 3699 5714 περιουσίαν.

2120 5729 2236 5785 Col.
2269 5729 2375 5783 479
2406 5734 2450 5784 A
2477 5729 2532 5782 7.
2578 5729 2838 5786 Delicias.
2890 5733 3106 5806 Τρυφῆς
3153 5728 3314 5802 legit,
3366 5735 3430 5787 ut
3469 5731 3703 5803 praefert
