4156 6378
371 360 522 423 1031

1556 351 1797 412 NOTAE
1841 348 2209 410 FRONTON
2221 348 2288 409 IS
2333 347 2599 410 DUCEI

3633 348 3794 410 1033

377 509 534 559 mus,
565 491 625 546 in
659 488 924 558 Cataloga
967 487 1301 558 scriptorum
1342 483 1631 541 ecclesias!
1675 483 2023 538 Sardensem
2053 481 2108 549 Α
2139 483 2299 536 ctum
2330 495 2461 535 esse
2482 497 2496 535 :
2517 501 2546 529 ››
2578 495 2644 535 ac
2675 495 2736 536 re
2766 495 2899 535 vera
2929 477 3192 553 ἀγένητος
3212 483 3302 535 est
3323 501 3352 528 «
3371 495 3485 536 non
3507 479 3797 550 factitius,

375 579 652 655 appellat.
703 600 731 629 α
784 576 980 633 Melito
1027 575 1299 645 Asianus,
1351 571 1659 629 Sardensis
1715 571 2027 644 episcopus

376 673 568 728 Marco
599 668 896 724 Antonino
917 667 1064 722 Vero
1097 665 1512 736 imperatore,»
1537 662 1635 717 ubi
1661 659 2025 731 Sephronius

375 754 626 811 Μελίτων
661 753 908 815 Ἀσιανὸς
958 746 1207 825 Σάρδεων
1259 747 1572 806 ἐπίσκοπος.
1608 748 1878 802 Imitatus
1935 749 2026 801 est

374 852 510 903 ante
540 847 759 918 aliquot
787 860 974 900 annos
1000 838 1374 916 ἀνιστορησίαν
1432 839 1606 895 istam
1660 842 1814 892 Bezze
1863 852 2024 908 sym-

375 940 565 1010 mysta
594 937 723 1006 ejus
753 929 1311 1004 Salmuriensis,qui
1343 928 1655 986 concilium
1681 925 2025 984 Sardicense

373 1026 592 1084 Gallico
633 1025 912 1079 idiomate
943 1021 1028 1077 sic
1053 1019 1280 1088 extulit,
1307 1027 1366 1075 ut
1395 1019 1672 1075 Asianam
1707 1017 1893 1088 Lydia:
1928 1031 2021 1070 ur-

369 1114 497 1171 bem
531 1113 590 1168 in
622 1111 816 1167 locum
867 1108 1128 1166 Thracias
1169 1106 1421 1163 civitatis
1469 1106 1872 1174 substitueret,
1907 1119 2026 1175 qua

365 1204 436 1259 de
467 1219 528 1258 re
558 1219 592 1257 a
622 1201 790 1257 nobis
822 1199 881 1255 in
912 1198 1166 1255 Elencho
1197 1197 1386 1270 ipsius
1409 1211 1673 1251 errorum
1695 1197 1852 1249 tomo
1877 1193 1901 1247 1
1925 1192 2022 1247 ad-

366 1291 625 1347 monitus
656 1292 768 1345 est.

439 1379 558 1435 Col.
589 1377 770 1434 508D
801 1378 855 1432 4.
909 1377 1078 1429 Τοῦτο
1141 1370 1197 1428 δὲ
1251 1370 1361 1426 ἐστι
1410 1374 1680 1426 τοιοῦτον.
1733 1369 1794 1426 In
1854 1367 2020 1423 Basi-

362 1468 533 1524 liensi
571 1467 712 1523 edit.
747 1470 892 1522 erat.
925 1468 1088 1519 τοῦτο
1122 1460 1177 1517 δέ
1207 1460 1316 1516 ἐστι
1347 1465 1620 1516 τοιοῦτον.
1655 1457 1716 1512 Τί
1749 1455 1814 1526 δὴ
1849 1455 2018 1532 χαλε-

363 1555 578 1610 παίνετὲ
608 1576 701 1628 μοι
735 1573 748 1610 :
782 1556 938 1610 unde
971 1553 1286 1610 Cornarius
1339 1568 1508 1607 suam
1557 1549 1884 1606 versionem
1919 1564 2019 1601 ex-

361 1647 595 1718 pressit.
625 1668 652 1696 ‹‹
683 1649 802 1701 Hoc
835 1661 966 1699 vero
992 1643 1104 1698 tale
1135 1642 1278 1714 quid
1311 1646 1420 1697 est.
1465 1640 1611 1705 Quid
1657 1635 2019 1694 suscensetis

361 1735 528 1805 mihi,
562 1751 593 1789 o
627 1734 757 1803 viri,
781 1733 851 1789 ad
879 1731 1175 1803 fastigium
1197 1731 1430 1786 virtutis
1454 1745 1764 1802 progresso
1787 1725 1815 1780 ‘l
1836 1750 1861 1776 ν
1901 1725 2017 1781 Nec

360 1822 530 1878 aliter
558 1827 705 1877 Beza
732 1837 746 1876 :
772 1837 972 1876 verum
1005 1818 1062 1874 in
1098 1819 1274 1891 Regio
1299 1819 1366 1874 Β.
1388 1818 1694 1890 legebatur
1718 1815 1924 1870 εΤοῦτο
1957 1808 2014 1864 δέ

361 1909 470 1965 ἐστί
496 1931 569 1978 τι,
622 1909 698 1982 μή
726 1905 1086 1984 χαλεπαίνετὲ
1122 1927 1235 1980 μοι.
1271 1909 1453 1979 Atque
1487 1907 1591 1961 hoc
1649 1908 1818 1978 pacto
1871 1902 2014 1957 scri-

358 2006 526 2074 ptum
557 2000 616 2055 in
649 1998 1055 2070 manuscripto
1087 1997 1373 2069 reperisse
1429 1995 1656 2051 videtur
1683 1995 2012 2066 Trapezun-

355 2093 498 2160 tius,
529 2108 634 2148 nec
665 2091 722 2146 in
755 2089 952 2146 verbis
1006 2089 1276 2146 Eunomii
1328 2087 1640 2160 vestigium
1690 2085 1878 2140 ullum
1928 2089 2014 2138 est

354 2179 854 2254 interrogationis.
883 2177 1062 2234 Paulo
1095 2183 1226 2250 post
1250 2177 1620 2250 scripsimus,
1654 2199 1681 2226 (ι
1716 2175 1859 2230 Cum
1895 2190 2011 2244 quo

353 2271 670 2327 damnatus
708 2269 782 2324 sit
819 2285 833 2324 :
871 2292 891 2316 ι
926 2266 1034 2320 Τίνι
1087 2267 1561 2344 συγκατακὺιριται
1587 2283 1601 2297 ·
1635 2282 1774 2332 non,
1808 2267 1872 2319 ut
1921 2263 2010 2318 in-

356 2364 605 2432 terpres,
642 2382 663 2408 ι
699 2375 768 2414 ex
798 2357 1158 2430 arrogantia,
1191 2374 1308 2428 qua
1333 2357 1763 2411 condemnatus
1819 2357 1944 2408 est:
1981 2375 2010 2402 »

353 2464 488 2504 cnm
520 2446 752 2503 diabolo
785 2445 1092 2516 nimirum,
1121 2445 1178 2500 in
1211 2447 1382 2516 cujus
1423 2443 1715 2516 judicium
1765 2447 1823 2498 et
1870 2459 2008 2497 con-

352 2537 787 2593 demnationem
823 2535 1048 2590 incidit.
1086 2537 1107 2590 I
1139 2535 1290 2590 Tim.
1325 2550 1411 2604 ιιι,
1440 2534 1476 2588 6
1509 2549 1522 2587 :
1553 2534 1669 2586 Ἵνα
1702 2531 1776 2604 μή
1827 2550 2007 2605 τυφωο

355 2625 466 2689 θεὶς
498 2622 575 2687 εἲς
607 2628 781 2700 κρῖμα
810 2623 1018 2696 ἐμ.πέσῂ
1051 2626 1148 2676 τοῦ
1181 2616 1466 2677 διαϐόλου.
1501 2644 1530 2672 ‹‹
1572 2622 1655 2676 Ne
1705 2621 1762 2676 in
1795 2635 2007 2693 super-

354 2714 511 2770 biam
545 2713 738 2792 elatus
768 2713 827 2768 in
851 2711 1147 2783 judicium
1182 2711 1403 2766 incidat
1433 2709 1671 2764 diaboli.
1708 2731 1736 2758 »

425 2822 546 2878 Col.
578 2823 684 2877 510
713 2825 752 2876 C
779 2825 832 2876 2.
869 2821 1019 2889 Quod
1047 2823 1099 2876 si
1144 2820 1668 2892 deprehenderetur.
1702 2817 1871 2872 Aliud
1916 2821 2007 2873 est

354 2911 673 2988 ὑφορᾶσθαι,
709 2910 867 2966 aliud
895 2909 1236 2984 φωραθῆναι.
1272 2908 1419 2964 Illud
1453 2926 1513 2964 se
1545 2907 1755 2978 legisse
1783 2907 2008 2977 putavit

349 3001 798 3073 Trapezuntius,
841 3016 971 3055 cum
1003 2998 1263 3071 scripsit,
1298 3020 1325 3048 «
1361 2999 1522 3063 Quod
1585 2996 1634 3053 si
1693 3000 2006 3068 suspectus

352 3092 520 3161 foret,
548 3090 674 3147 sine
706 3089 827 3145 ulla
855 3088 1030 3161 culpa
1060 3106 1190 3144 esse
1220 3088 1510 3143 videatur.
1547 3109 1573 3135 »

421 3198 701 3254 ΟΟΙ.’511
762 3201 807 3251 Β
866 3198 953 3252 10.
1019 3192 1410 3269 Ἀγυμνάστοις
1486 3191 1674 3254 ἀκοαῖς
1731 3197 2000 3265 verterat,

357 3310 384 3337 ‹‹
415 3287 473 3342 in
508 3287 724 3342 liberas
753 3301 925 3341 aures
957 3284 1238 3340 incidens.
1259 3284 1613 3340 xCornarius
1644 3283 1860 3354 aptius,
1880 3298 2002 3337 «ne

349 3375 750 3432 inexercitatis
783 3375 1028 3429 auribus
1058 3373 1323 3444 allapsus
1355 3372 1586 3445 sibiipsi
1618 3373 1789 3428 fidem
1835 3373 2000 3427 dero-

347 3469 463 3537 get.
499 3485 527 3512 »
568 3465 733 3532 Beza,
773 3463 1166 3519 «inassuetas
1219 3479 1394 3518 aures
1443 3462 1676 3517 feriens.
1711 3483 1739 3511 »
1775 3463 1837 3516 In
1887 3477 1998 3516 ms.

346 3559 471 3610 erat
500 3553 600 3621 τήν
633 3546 900 3620 ἀσέϐειαν,
935 3553 1037 3608 sed
1091 3553 1526 3608 emendandum
1569 3557 1725 3608 esset
1769 3550 1998 3604 ἑαυτοῦ·

352 3666 374 3695 ι
412 3646 778 3718 Impietatem
811 3662 976 3701 suam
1015 3645 1128 3700 ﬁde
1156 3645 1458 3717 indignam
1493 3645 1781 3712 redderet,
1810 3658 2002 3714 neque

345 3735 516 3791 facile
545 3735 899 3790 audiendam
917 3775 930 3789 .
964 3756 991 3783 »

418 3825 565 3882 Ibid.
599 3825 661 3880 Ο.
693 3825 773 3880 Ad
829 3826 1162 3880 institutum.
1219 3823 1332 3900 Ἐφ’
1379 3821 1413 3876 ἆ
1460 3821 1806 3898 προείρηται,
1852 3837 2000 3893 quo-

347 3915 520 3971 modo
572 3914 788 3987 legitur
830 3918 886 3969 et
934 3913 994 3968 in
1047 3913 1397 3985 Stephanitae
1444 3913 1724 3978 editione,
1759 3910 1857 3965 ubi
1892 3910 2001 3965 hoc

344 4009 515 4076 pacto
548 4003 721 4058 vertit
778 4003 958 4070 Beza;
992 4003 1094 4058 sed
1148 4001 1344 4074 aptius
1403 4002 1653 4056 fortasse
1711 3999 2002 4072 legeretur

344 4092 659 4168 προῄρηται
717 4111 749 4150 a
806 4094 981 4148 verbo
1030 4091 1430 4164 προαιρεῖσθαι.
1472 4089 1784 4146 Cornarius
1841 4105 1999 4145 rece-

343 4189 505 4256 ptam
538 4183 871 4256 exprimens
901 4181 1231 4251 lectionem,
1271 4203 1292 4230 ι
1329 4182 1400 4236 ad
1431 4197 1498 4237 ea
1547 4197 1676 4252 quae
1726 4179 2002 4252 pradicta

342 4277 500 4329 sunt.
540 4295 567 4322 »
596 4275 668 4328 At
721 4273 1153 4342 Trapezuntius
1211 4270 1496 4336 ediderat,
1541 4291 1568 4319 (ι
1621 4271 1694 4324 ad
1752 4286 1839 4339 ea,
1873 4285 2000 4338 quae

337 4363 589 4430 volebat,
625 4384 652 4411 ››
684 4359 996 4435 προαίρεσιν
1029 4360 1320 4416 indicans.
1353 4358 1536 4415 Paulo
1569 4363 1699 4430 post
1720 4375 1784 4414 ex
1821 4358 2000 4429 Hegio

339 4468 445 4523 pro
469 4447 796 4506 ἐπιστάσεως
829 4449 1266 4504 emendandum
1297 4447 1359 4502 τὸ
1387 4444 1593 4502 ἁπλοῦν
1621 4453 1720 4515 τῆς
1739 4446 1998 4512 πίστεως,

348 4559 369 4588 ι
403 4538 844 4611 simplicitatem
878 4538 1034 4609 fidei,
1071 4559 1100 4588 »
1127 4554 1306 4608 quam
1339 4537 1646 4593 lectionem
1667 4535 1841 4592 etiam
1874 4537 1998 4591 Ste-

342 4630 590 4701 phanaaa
619 4627 797 4684 editio
821 4627 1109 4700 agnoscit.

411 4715 531 4773 Col.
590 4715 698 4770 513
747 4715 788 4768 Β
839 4716 892 4768 6.
928 4712 1195 4784 Γνώμονα
1251 4717 1349 4780 τῆς
1410 4708 1690 4780 ἀληθείας.
1750 4711 1992 4766 Addidi-

337 4823 474 4862 mus
523 4821 592 4860 ex
639 4803 838 4860 codice
889 4803 952 4858 Η.
987 4805 1104 4862 τοῖς
1134 4799 1356 4875 ἐχθροῖς
1395 4805 1496 4869 τῆς
1529 4798 1809 4869 ἀληθείας,
1841 4801 1992 4870 quod

338 4895 514 4951 etiam
544 4892 604 4948 in
639 4891 971 4964 apograpbo
1005 4907 1111 4946 suo
1135 4890 1348 4963 legisse
1371 4889 1801 4962 Trapezuntius
1819 4905 1993 4962 appa-

335 4987 442 5053 ret,
476 4999 608 5038 cum
641 4986 774 5037 ante
806 4979 1062 5052 primam
1089 4978 1374 5034 Venetam
1408 4978 1723 5035 editionem
1767 4978 1874 5034 hos
1924 4978 1994 5032 li-

333 5074 530 5130 brose
588 5071 802 5128 Graecis
862 5069 1291 5141 manuscriptis
1340 5068 1649 5124 Latinitate
1705 5069 1991 5124 donaret:

335 5162 724 5232 quamobrem
759 5175 862 5215 nec
897 5175 932 5213 a
965 5159 1108 5214 Beza
1154 5173 1342 5229 neque
1375 5173 1408 5211 a
1437 5156 1710 5213 Cornario
1757 5161 1994 5228 praeter-

337 5249 490 5304 mitti
523 5249 875 5305 debuerunt.

404 5338 522 5392 Col.
555 5339 662 5394 516
702 5343 742 5392 Α
779 5338 866 5394 11.
900 5335 1003 5390 Τὸν
1057 5333 1188 5389 Θεὸν
1245 5331 1532 5408 ἀγένητον.
1568 5335 1653 5390 Ita
1710 5334 1994 5406 scriptum

335 5427 526 5483 fuitin
552 5427 753 5500 Regio,
773 5431 830 5481 et
853 5426 910 5481 in
931 5424 1070 5480 edit.
1097 5423 1469 5496 Stephanzea,
1497 5423 1997 5496 quemadmodum

334 5520 392 5572 et
421 5515 480 5569 in
518 5515 590 5570 iis
618 5531 743 5586 quae
778 5521 1113 5586 sequuntur
1134 5513 1390 5585 periodis
1423 5518 1896 5588 προηεγενῆσθιι
1944 5517 2002 5568 et

335 5603 674 5680 γεγενῆσθαι·
709 5619 885 5674 quam
924 5603 996 5659 ob
1043 5618 1287 5658 causam
1335 5603 1512 5658 vertit
1556 5604 1718 5669 Beza,
1753 5624 1780 5652 ‹‹
1815 5601 1999 5659 Deum

338 5711 459 5750 non
497 5709 627 5750 esse
658 5691 972 5762 factitium,
1003 5697 1061 5747 et
1087 5692 1172 5747 vel
1207 5709 1241 5748 a
1269 5691 1463 5764 seipse
1493 5692 1581 5748 vel
1633 5692 1705 5747 ab
1752 5691 1864 5747 alio
1914 5692 2000 5750 fa-

2138 586 2253 625 non
2305 572 2556 632 creatus,
2593 585 2708 624 non
2749 569 3070 641 productus
3103 585 3117 623 :
3150 590 3178 620 n
3212 569 3317 624 sed
3371 568 3431 624 in
3479 559 3798 626 Basiliensi

2137 657 2462 731 posteriore
2493 654 2784 732 ἀγέννητον
2815 673 3095 714 excusum
3127 658 3257 726 fuit,
3290 662 3348 714 et
3395 663 3792 733 προσγεγεννῆ-

2137 758 2259 810 σθαι
2314 752 2371 803 et
2426 753 2801 820 γεγεννῆσθαι,
2860 753 3038 819 atque
3089 748 3307 804 idcirco
3363 749 3795 820 Trapezuntius

2137 838 2557 908 interpretatus
2587 842 2699 908 est,
2733 860 2759 888 «
2803 842 2860 893 et
2912 837 3209 894 communi
3262 837 3527 893 omnium
3590 855 3797 894 conce-

2134 926 2335 999 ptione
2365 926 2548 982 Deum
2583 932 2786 982 natum
2823 943 2939 982 non
2971 943 3099 983 esse
3128 945 3140 982 :
3176 951 3201 976 »
3237 927 3375 982 item
3408 926 3586 1000 paulo
3636 933 3793 1000 post,

2138 1039 2165 1067 «
2197 1017 2349 1087 quod
2411 1015 2745 1088 ingenitum
2795 1020 2904 1084 est,
2929 1016 3018 1072 vel
3048 1034 3081 1072 a
3112 1033 3173 1073 se
3203 1017 3288 1072 vel
3321 1018 3393 1072 ab
3425 1017 3541 1072 alio
3574 1017 3794 1073 factum

2133 1122 2260 1161 esse
2291 1105 2691 1174 contenderet,
2716 1127 2744 1156 »
2781 1110 2839 1160 et
2875 1128 2895 1153 ι
2929 1105 3028 1177 qui
3064 1109 3154 1160 est
3186 1105 3509 1177 ingenitus,
3538 1123 3730 1178 neque
3761 1125 3796 1164 a

2133 1211 2194 1250 se
2220 1209 2410 1267 neque
2442 1195 2514 1250 ab
2546 1194 2659 1250 alio
2691 1200 2894 1250 natum
2925 1211 2938 1250 :
2969 1216 2998 1244 ››
3032 1194 3227 1267 aptius
3258 1195 3522 1264 dixisset,
3553 1215 3574 1246 ι
3599 1213 3794 1268 neque

2131 1284 2204 1338 ab
2229 1283 2340 1338 alio
2371 1283 2657 1356 genitum.
2685 1306 2713 1333 »
2735 1288 3158 1340 Verumtamen
3191 1283 3250 1338 in
3283 1283 3784 1342 tantalectionum

2129 1372 2409 1428 varietate
2442 1372 3026 1429 animadvertendum
3055 1378 3169 1442 est,
3193 1375 3348 1446 quod
3381 1374 3522 1430 alibi
3555 1377 3781 1432 monui-

2132 1479 2291 1529 mus,
2319 1479 2516 1519 vocem
2551 1460 2868 1538 ἀγὲννητος,
2901 1481 3032 1520 cum
3067 1464 3138 1518 de
3179 1463 3296 1519 Deo
3349 1463 3518 1519 Patre
3567 1464 3780 1537 agitur,

2129 1553 2250 1607 sive
2272 1569 2406 1608 cum
2431 1551 2562 1608 aliis
2583 1553 2851 1624 personis
2872 1552 3176 1609 Trinitatis
3207 1559 3603 1626 comparatur,
3630 1572 3788 1610 nunc

2127 1639 2459 1712 signiﬁcare
2516 1641 2866 1713 ingenitum,
2907 1641 3015 1697 hoc
3072 1646 3179 1712 est,
3233 1658 3345 1696 non
3405 1643 3788 1714 generatione

2126 1729 2499 1802 productum,
2535 1746 2690 1785 nunc
2717 1729 3299 1802 autem,increatum,
3319 1748 3434 1786 non
3468 1731 3784 1803 factitium,

2125 1835 2318 1890 neque
2348 1835 2451 1890 per
2479 1819 2830 1875 creationem
2878 1820 3234 1892 productum
3267 1838 3287 1876 :
3318 1821 3535 1892 saepius
3578 1825 3781 1876 tamen

2125 1904 2380 1982 ἀγένητος
2409 1924 2608 1963 vocem
2631 1907 2740 1963 hac
2764 1908 3024 1964 secunda
3053 1909 3290 1965 notione
3322 1909 3619 1982 usurpari,
3645 1927 3781 1983 quae

2123 2013 2255 2052 cum
2291 1995 2545 2068 simplici
2577 2016 2623 2067 ν,
2653 2013 2767 2052 non
2810 2013 2942 2052 cum
2977 1996 3198 2070 duplici
3232 1998 3488 2071 effertur,
3523 2003 3588 2054 ut
3616 1998 3777 2073 ἀγέν-

2122 2105 2306 2156 νητος.
2337 2086 2482 2142 Vide
2513 2103 2640 2159 quas
2671 2086 2944 2160 superius
2967 2093 3248 2143 annotata
3276 2092 3436 2144 sunt.

2193 2193 2340 2250 Ibid.
2398 2197 2438 2248 C
2487 2195 2543 2249 5.
2603 2194 2773 2262 Quasi
2828 2195 3022 2251 solido.
3071 2192 3280 2255 Πυκνὸς
3357 2193 3449 2248 καὶ
3522 2194 3782 2270 περιττὸς

2120 2282 2393 2338 solertem
2426 2287 2483 2340 et
2512 2286 2860 2356 prudentem
2886 2289 2944 2341 et
2972 2284 3207 2356 egregia
3237 2287 3432 2340 mente
3462 2285 3780 2357 praeditum

2121 2376 2316 2440 sonat,
2333 2376 2400 2428 ut
2426 2371 2617 2428 caeteri
2649 2373 2996 2444 interpretes
3019 2373 3355 2441 ediderunt,
3379 2389 3495 2429 non
3529 2379 3596 2429 ut
3626 2375 3780 2430 Tra-

2120 2459 2450 2532 pezuntius,
2473 2483 2501 2510 «
2526 2460 2581 2515 Si
2615 2461 2814 2517 densis
2846 2466 3024 2533 atque
3055 2461 3304 2517 minutis
3332 2461 3780 2534 excogitationi-

2120 2550 2231 2605 bus
2264 2553 2390 2605 suis
2418 2549 2794 2606 redundaret.
2831 2572 2859 2601 »

2188 2639 2311 2695 Col.
2342 2639 2450 2695 517
2474 2642 2513 2696 Δ
2543 2641 2597 2695 6.
2631 2644 2743 2696 Pro
2774 2637 3017 2715 συνάγειν
3074 2640 3428 2713 scripsimus
3474 2656 3544 2697 ex
3595 2641 3779 2715 Regio

2117 2728 2181 2786 H.
2217 2726 2568 2803 συνεισάγειν.

2187 2819 2304 2876 Col.
2357 2820 2464 2874 520
2522 2823 2565 2874 Β
2619 2820 2654 2874 9
2701 2819 3074 2895 Ὑφαρπαγήν.
3135 2821 3489 2878 Addidimus
3544 2838 3613 2878 ex
3661 2839 3771 2880 ms.

2115 2909 2182 2964 H.
2208 2926 2336 2981 quae
2360 2910 2564 2966 deesse
2581 2909 2640 2964 in
2660 2909 3008 2982 Stephanaaa
3033 2915 3182 2967 Beza
3201 2911 3470 2983 apposito
3493 2911 3768 2969 asterisco

2115 2998 2464 3068 adverterat,
2489 3003 2548 3054 et
2568 2999 2942 3070 Trapezuntii
2959 3000 3247 3057 versionis
3282 3000 3568 3057 insistens
3597 3000 3760 3057 vesti-

2113 3087 2225 3159 giis
2272 3087 2696 3160 interpretatus
2740 3092 2888 3157 erat,
2928 3089 3215 3145 nimirum
3264 3088 3414 3161 αὐτῷ
3465 3087 3763 3167 ληφθὲντος

2115 3173 2287 3251 λόγου
2319 3177 2454 3250 πρὸς
2485 3177 2584 3246 τὴν
2618 3177 2951 3246 κατασκευὴν
3013 3176 3250 3242 ἐντεῦθεν
3291 3183 3470 3255 χωρεῖ
3513 3182 3611 3234 τοῦ
3667 3178 3768 3246 τὴν

2033 3239 2075 3305 C
2116 3239 2428 3343 ἆγεννησίαν
2489 3239 2671 3323 οιέσίαν
2729 3268 2884 3324 εἶναι·
2911 3239 2948 3322 .‹‹
2984 3273 3099 3327 Iste
3147 3239 3348 3328 tame;
3386 3239 3565 3344 'quasi
3613 3239 3768 3327 viam

2113 3360 2433 3430 quamdam
2466 3375 2535 3415 ex
2562 3377 2628 3416 eo
2660 3365 2894 3428 nactus,
2927 3361 3084 3432 quod
3145 3362 3346 3418 furtim
3398 3361 3669 3433 arripuit,
3703 3377 3773 3416 eo

2112 3447 2505 3518 progreditur,
2538 3453 2602 3503 ut
2632 3449 2792 3504 dicat
2820 3448 3137 3522 ἀγιννησίαν
3177 3466 3307 3506 esse
3355 3450 3514 3506 illius
3562 3465 3770 3504 essen-

2113 3536 2275 3607 tiam,
2299 3535 2513 3607 quiest
2542 3537 2810 3593 omnium
2840 3537 3018 3594 Deus.
3039 3561 3066 3588 »
3090 3539 3404 3596 Carnarius
3433 3538 3631 3611 aptius
3651 3536 3770 3594 edi-

2113 3625 2218 3694 dit,
2242 3648 2269 3675 «
2295 3625 2432 3680 hinc
2459 3626 2531 3681 ad
2563 3626 3071 3685 confirmationem
3105 3629 3388 3700 procedit,
3414 3628 3568 3699 quod
3601 3627 3771 3699 inge-

2111 3713 2300 3770 nitum
2351 3730 2478 3770 esse
2522 3717 2780 3771 essentia
2827 3719 2926 3772 sit.
2961 3739 2990 3767 »
3026 3714 3371 3792 Ἀγεννησίαν
3415 3716 3603 3773 Latini
3658 3720 3769 3770 Pa-

2109 3808 2229 3860 tres
2261 3827 2287 3855 «
2323 3803 2845 3862 innascibilitatem
2878 3829 2907 3857 »
2937 3813 3199 3864 vertunt.

2182 3911 2299 3966 ιιοι.
2326 3912 2434 3965 526
2469 3912 2511 3966 B
2559 3913 2613 3968 3.
2648 3915 2713 3968 Et
2752 3915 2902 3984 quod
2949 3915 3068 3986 ejus
3111 3930 3300 3987 propr.
3333 3918 3452 3970 Hoc
3477 3912 3767 3969 omissum

2109 4000 2182 4055 ab
2213 4000 2530 4070 interprete
2553 4001 2912 4068 addidimus,
2942 4003 3042 4075 qui
3062 4007 3120 4058 et
3143 4003 3465 4075 scripserat
3485 4001 3595 4058 hoc
3619 4003 3768 4067 loco,

2112 4104 2363 4160 «neque
2403 4089 2475 4143 ad
2533 4089 2934 4146 irrationalem
2999 4092 3304 4148 dimittens
3361 4091 3766 4146 infirmitatem

2109 4178 2384 4246 subduci,
2416 4199 2445 4228 «
2505 4180 2660 4250 quod
2700 4179 2943 4252 legisset
2987 4181 3238 4236 fortasse
3285 4179 3668 4253 ὑποφέρεσθαι,
3703 4183 3774 4236 ut

2110 4265 2320 4322 habuit
2375 4267 2444 4322 Η.
2478 4267 2694 4341 Regius
2753 4269 2933 4324 codex
2990 4285 3094 4340 pro
3154 4265 3538 4346 ἀποφέρεσθαι.
3590 4269 3772 4324 Paulo

2110 4360 2244 4411 ante
2274 4356 2370 4410 ubi
2406 4357 2476 4412 de
2507 4357 2621 4412 vite
2653 4357 2716 4412 ﬁt
2745 4357 2988 4423 mentio,
3023 4358 3395 4430 praetermisit
3431 4357 3603 4424 illud,
3635 4356 3776 4410 κατᾶ

2109 4444 2210 4512 τὴν
2265 4443 2470 4512 πίστιν,
2505 4446 2667 4510 Beza,
2701 4447 2855 4517 quod
2915 4462 3056 4502 sane
3115 4448 3359 4515 mirum,
3418 4463 3552 4502 cum
3611 4446 3776 4502 illius

2111 4538 2447 4607 symmystm
2499 4535 2782 4606 neglectis
2831 4535 3286 4607 operibu,fldei
3323 4535 3518 4608 potius
3565 4551 3773 4591 curam

2025 4614 2071 4678 D
2105 4639 2305 4695 gerere
2361 4624 2694 4680 videantur.
2747 4623 2902 4679 Dixit
2947 4629 3142 4680 autem
3195 4621 3592 4699 ἐῤῥιζωμὲνους
3636 4622 3777 4676 κατὰ

2103 4710 2282 4766 πίστιν
2314 4718 2379 4767 ut
2408 4713 2630 4769 Paulus
2660 4713 2883 4768 Coloss.
2918 4729 2978 4784 ιι,
3013 4715 3044 4766 7
3081 4731 3093 4769 :
3125 4710 3519 4789 Ἐῤῥιζωμὲνοι
3549 4711 3641 4766 καὶ
3677 4713 3773 4788 βε-

2103 4795 2423 4872 ϐαιούμενοι
2485 4799 2538 4855 ἐν
2589 4804 2659 4875 τῇ
2686 4799 2901 4855 πίστει·
2935 4803 3192 4860 Radicati
3244 4812 3295 4860 ει
3337 4804 3653 4874 conﬁrmati
3709 4805 3773 4858 in

2103 4891 2228 4962 ﬁde.

2177 4979 2327 5035 Ibid.
2362 4979 2403 5035 C
2435 4979 2487 5036 3.
2543 4980 3040 5053 Incorruptibilem.
3082 4984 3314 5037 Tractat
3363 4981 3522 5038 hunc
3570 4981 3770 5040 locum

2108 5069 2171 5125 S.
2208 5067 2410 5123 Basilii
2470 5070 2653 5125 frater
2708 5069 3029 5142 Gregorius
3070 5071 3372 5143 Nyssenus
3420 5070 3523 5127 lib.
3557 5071 3773 5128 ultimo

2103 5165 2296 5215 contra
2325 5159 2877 5230 Eunomium,nuper
2925 5159 3243 5215 Latinitate
3271 5160 3486 5216 donato
3517 5176 3552 5216 a
3580 5160 3776 5217 doctis

2108 5249 2261 5303 simo
2321 5246 2443 5302 viro
2489 5247 2534 5302 N
2597 5246 2868 5317 Gulonio,
2902 5265 2958 5320 p.
3004 5248 3133 5318 396,
3181 5265 3436 5320 eumque
3487 5250 3776 5307 adversus

2111 5336 2442 5393 calumnias
2501 5336 2770 5392 Eunomii
2829 5341 3050 5393 tuetur.
3093 5337 3352 5394 Diversis
3409 5343 3606 5394 tamen
3664 5339 3777 5394 ali-

2111 5426 2349 5499 quando
2411 5425 2768 5481 dictionibus
2843 5426 3068 5493 utitur,
3127 5432 3192 5481 ut
3267 5425 3772 5499 ὑπερεκπίπτουσαν

2111 5513 2294 5584 πάσης
2353 5519 2693 5590 περιγραφῆς
2745 5512 3103 5589 εὑρίσκοντες,
3161 5531 3266 5587 pro
3323 5514 3502 5585 πάσης
3561 5515 3772 5590 ἀρχῆς,

2114 5621 2242 5677 quas
2272 5603 2465 5658 verior
2494 5602 2688 5671 lectio,
2721 5606 2787 5658 ut
2829 5601 3245 5660 animadvertit
3294 5603 3586 5678 interpres
3615 5606 3770 5676 Nys-

2111 5693 2261 5764 seni,
2314 5691 2600 5762 scribens,
2655 5713 2682 5743 «
2731 5708 2965 5748 omnem
3013 5693 3622 5768 circumscriptionem
3671 5695 3769 5752 vel
