4156 6364
1406 308 1487 368 ΙΝ
1528 305 1808 370 LIBROS
1849 308 1974 368 COl

2088 307 2162 367 [Α
2209 307 2662 369 EUNOMIUM.
3588 308 3748 371 1031

320 464 492 504 omne
527 445 878 517 principium
899 447 1302 516 superantem.
1340 462 1368 491 »
1403 441 1539 495 [tem
1573 445 1688 500 τοῖς
1722 439 1886 492 αἷῶσι
1913 439 1969 492 ὸν
2005 447 2056 509 Α
2090 440 2378 510 interpres
2407 440 2668 510 scripsit,
2705 462 2732 489 «
2767 440 3017 496 Privatio
3049 441 3205 496 enim
3251 441 3402 512 ejus,
3450 441 3606 513 quod
3641 459 3746 498 na-

314 539 440 590 νοῦν
474 530 871 606 ἐπιϐάλλωμεν
905 551 1009 606 pro
1052 531 1144 586 τὸν
1175 534 1298 585 νοῦν
1331 527 1743 602 ἐπεκτείνωμεν,
1777 535 1834 585 et
1863 532 1974 590 τοῖς

2089 533 2222 584 tura
2270 528 2444 599 inest,
2501 529 2751 600 privatio
2792 535 2899 598 est,
2947 528 3237 602 posterior
3283 529 3515 586 habitu.
3552 552 3581 582 »
3614 530 3747 586 Ari-

326 315 483 376 1033

319 624 546 698 ὀνόμασι
606 622 820 686 τούτοις
880 623 1201 698 χρώμενοι,
1261 638 1364 694 pro
1424 617 1637 680 τοῦτοις
1697 637 1976 693 προσαγο-

316 713 595 790 ρεύοντες.
669 714 892 769 Ibidem
965 712 1324 768 correximus
1391 709 1536 765 illud
1597 708 1976 780 Trapezuntii

321 827 344 858 ιι
378 809 518 860 tunc
550 803 848 858 infinitam
882 803 1008 872 ejus
1039 800 1098 856 in
1134 800 1360 856 nullum
1397 799 1714 854 terminum
1762 814 1975 853 exeun-

318 899 438 951 tem
467 891 972 964 incorruptibilem
1009 889 1401 962 appellamus.
1436 911 1462 939 »

393 1002 510 1058 Col.
542 1003 649 1056 526
680 1001 720 1054 C
755 1001 838 1054 14.
864 997 962 1052 Καὶ
985 990 1318 1068 ἀσύμϐαντα.
1342 997 1578 1052 Rectius
1599 995 1658 1050 in
1679 995 1975 1067 ms.Begio

325 1085 1219 1162 Il,&c6p6ara-quemadmodum
1247 1091 1305 1142 et
1318 1087 1470 1158 apud
1485 1091 1697 1141 Gazam
1718 1087 1771 1140 in
1790 1086 1975 1141 Gram-

322 1186 528 1238 mulina
562 1181 749 1237 Graeca
777 1179 982 1250 legunt
1008 1178 1250 1248 quidam
1275 1169 1630 1248 ἀσυμϐάντως
1666 1169 1834 1248 ἔχειν,
1867 1174 1972 1230 lib.

322 1289 416 1328 1v:
453 1271 554 1326 sed
579 1269 754 1342 paulo
786 1273 920 1340 post
943 1284 1058 1322 non
1092 1259 1470 1336 ἀσυμϐἀντως,
1505 1265 1606 1320 sed
1649 1257 1974 1334 ἀσυμϐάτως

319 1362 606 1432 scriptum
634 1375 763 1415 esse
814 1359 1088 1414 observat
1137 1363 1340 1410 auctor
1393 1356 1569 1412 Graeci
1604 1355 1883 1420 Thesauri,
1919 1356 1975 1408 et

318 1469 387 1507 ex
418 1450 728 1506 Plutarcho
762 1449 904 1504 citat
933 1447 1006 1503 de
1056 1445 1243 1518 primo
1293 1445 1548 1516 frigido:
1599 1443 1660 1498 'll
1715 1442 1809 1514 μὶν
1867 1441 1972 1516 γὰρ

316 1538 453 1593 κατὰ
519 1537 770 1610 στέρησιν
843 1538 934 1591 καὶ
1008 1531 1109 1604 ἕξιν
1189 1533 1447 1597 ἀντίθεσις
1519 1529 1798 1604 πολεμική
1880 1529 1971 1584 καὶ

317 1621 628 1699 ἀσύμϐατός
657 1623 822 1697 ἐστιν,
854 1626 912 1681 id
944 1630 1055 1692 est,
1086 1624 1358 1680 Turnebo
1408 1624 1746 1694 interprete,
1783 1647 1810 1672 ιι
1840 1621 1970 1675 Pri-

315 1718 565 1774 vationis
595 1717 752 1771 enim
783 1723 840 1771 et
869 1714 1105 1770 habitus
1137 1714 1520 1784 repugnantia
1551 1711 1844 1767 hostiliter
1874 1710 1969 1765 in-

314 1808 461 1864 festa
491 1812 600 1875 est,
636 1810 693 1861 et
722 1804 1174 1877 implacabiliter
1205 1803 1502 1858 dissentit.
1533 1824 1560 1851 »

388 1913 506 1968 Col.
539 1915 645 1966 527
678 1914 738 1968 Β.
776 1913 893 1968 Νοη
915 1927 973 1966 se
1020 1927 1090 1966 ex
1127 1911 1600 1966 commentatione.
1635 1908 1766 1962 Hazc
1798 1907 1974 1962 verba

320 2001 586 2058 Eunomii
613 2003 697 2056 sic
723 2001 1331 2066 immutavimus,cum
1353 2002 1509 2052 esset
1529 2004 1700 2051 antea
1725 2013 1736 2049 :
1763 2018 1790 2045 ‹‹
1810 1995 1970 2050 Nolle

319 2090 728 2160 cogitationem
761 2090 1083 2144 humanam
1119 2089 1392 2142 decorare
1427 2089 1630 2154 Deum,
1662 2101 1774 2139 cun
1809 2085 1974 2153 lnge-

321 2182 511 2236 nitum
545 2179 820 2251 appellat.
858 2200 886 2228 ››
913 2178 1024 2233 Sed
1058 2175 1292 2229 ἐπίνοιαν
1327 2173 1962 2230 «commentationem»

319 2271 466 2325 Beza
487 2270 703 2323 rectius
727 2267 919 2329 vertit,
948 2282 1126 2338 quam
1148 2265 1597 2336 Trapezuntius,
1621 2285 1647 2313 ‹‹
1675 2261 1973 2333 cogitatio-

321 2375 476 2425 nem,
513 2379 539 2406 »
573 2362 674 2412 aut
703 2355 1041 2421 Cornarius,
1082 2375 1109 2406 α
1138 2352 1691 2422 contemplationem
1718 2369 1732 2420 ;
1759 2373 1785 2400 »
1835 2366 1970 2405 cum

319 2445 551 2501 ἐπινοεῖν
586 2446 666 2502 sit
695 2446 1043 2516 excogitare,
1076 2444 1164 2498 vel
1204 2441 1596 2509 comminisci,
1641 2441 1728 2496 vel
1777 2447 1972 2495 mente

319 2537 621 2606 concipere
643 2535 886 2590 solerter
917 2534 1138 2604 aliquid
1173 2531 1620 2588 adinveniendo.
1672 2531 1767 2585 Sic
1815 2531 1970 2600 apud

320 2627 650 2696 Nyssenum
683 2623 968 2678 Gulonius
992 2625 1060 2694 τῇ
1093 2620 1304 2690 ἐπινοίᾳ
1331 2623 1492 2692 ἡμῶν
1528 2617 1970 2693 ἐπιθεωρούντων

319 2718 508 2768 ταῦτα·
549 2736 569 2762 α
626 2715 769 2768 dum
818 2713 941 2767 haec
987 2728 1088 2782 per
1135 2710 1688 2766 commentationem
1721 2710 1804 2764 ita
1833 2725 1972 2764 con-

320 2803 701 2874 templamur.
731 2824 760 2853 »

393 2894 537 2949 Ibid.
626 2893 712 2945 12.
800 2890 1074 2957 Quomodo
1146 2890 1341 2959 igitur.
1413 2889 1705 2958 Interpres
1772 2888 1975 2942 edide-

323 2987 432 3049 rat,
466 3003 494 3031 «
536 2981 840 3045 Quomodo
892 2979 1072 3050 igitur
1102 2996 1219 3033 non
1252 2979 1444 3032 furere
1474 2983 1528 3032 te
1561 2976 1971 3046 perspicimus,

323 3072 370 3125 si
395 3070 688 3141 propriam
709 3069 922 3138 cuique
945 3067 1251 3121 nominum
1269 3070 1614 3137 potestatem
1640 3065 1834 3119 inesse
1858 3081 1973 3118 non

323 3165 515 3229 putes,
546 3158 646 3212 sed
671 3163 873 3211 contra
895 3156 1199 3210 veritatem
1229 3179 1242 3220 ;
1275 3178 1303 3204 ››
1331 3152 1589 3221 ἀλήθειαν
1621 3153 1779 3206 enim
1813 3154 1970 3224 legit,
2001 3193 2044 3259 Ο

315 3264 437 3302 non
470 3243 757 3318 ἐνέργειαν,
805 3246 960 3315 quod
993 3249 1189 3297 tamen
1232 3248 1428 3297 tuetur
1455 3259 1564 3296 ms.
1608 3241 1675 3295 Η.
1711 3246 1766 3296 et
1791 3241 1968 3298 editio

321 3335 707 3407 Stephanzea,
763 3334 821 3388 in
877 3350 995 3404 qua
1049 3332 1251 3388 omisit
1292 3331 1440 3386 Beza
1487 3330 1633 3385 illud
1680 3330 1826 3404 παρὰ
1865 3329 1964 3397 τὴν

319 3421 608 3495 ἐνέργειαν,
641 3421 797 3493 quod
831 3421 912 3476 ita
942 3421 1227 3491 expressit
1257 3419 1595 3489 Cornarius,
1627 3441 1654 3470 «
1690 3420 1790 3474 sed
1823 3436 1966 3491 prae-

318 3518 408 3568 ter
445 3511 766 3567 eiﬁcaciam
817 3511 1130 3566 decernere
1174 3509 1376 3565 omnia
1423 3507 1664 3564 nomina
1710 3507 1863 3564 inter
1909 3524 1971 3565 se

319 3600 509 3656 valere
529 3599 556 3655 Ἰ
589 3621 617 3650 ››

394 3690 511 3744 Col.
543 3689 650 3742 529
682 3689 723 3742 B
780 3689 834 3744 9.
889 3687 987 3740 Καὶ
1036 3685 1087 3740 ἐν
1137 3685 1333 3759 τούτῳ.
1394 3687 1460 3742 Η.
1522 3704 1634 3744 ms.
1689 3684 1776 3740 καὶ
1809 3685 1860 3741 ἐν
1894 3684 1972 3740 ἐνὶ

321 3776 526 3849 τούτῳ,
562 3779 716 3848 quod
750 3776 1018 3847 agnoscit
1046 3776 1455 3848 interpretatio
1486 3776 1880 3848 Trapezuntii,
1912 3781 1976 3833 ut

327 3874 460 3924 ante
494 3867 640 3922 dixit
670 3863 720 3918 ἐν
757 3863 830 3918 ἑνὶ
859 3862 1036 3935 τούτῳ
1071 3863 1243 3936 μόνῳ·
1277 3871 1434 3922 verte
1466 3864 1666 3938 igitur,
1714 3888 1741 3916 ι(
1797 3872 1974 3938 atque

323 3957 384 4012 in
407 3957 517 4012 hoc
541 3973 656 4011 uno
685 3953 1114 4010 confessionem
1138 3953 1609 4025 persolvat,quod
1635 3955 1792 4009 estid
1819 3957 1973 4026 quod

324 4043 450 4102 est:
487 4068 515 4096 n
547 4050 604 4101 et
659 4045 719 4100 in
769 4043 960 4100 verbis
1009 4044 1302 4112 Eunomii,
1349 4043 1564 4115 pagina
1593 4044 1718 4114 219,
1751 4061 1800 4099 c.
1832 4048 1886 4111 2,
1920 4041 1971 4096 ἐν

318 4139 387 4208 τῇ
420 4138 516 4189 τοῦ
550 4134 683 4188 εἶναι
719 4131 750 4187 ὅ
783 4132 924 4187 ἐστιν
973 4130 1268 4206 ὁμολογίᾳ,
1301 4132 1606 4203 conﬁtendo
1632 4133 1687 4187 id
1715 4149 1839 4189 cum
1860 4149 1977 4190 esse

316 4226 460 4296 quod
488 4228 592 4279 est.

389 4312 513 4369 Col.
539 4313 641 4367 531
672 4319 722 4368 A
754 4313 841 4367 14.
879 4311 1206 4383 ϐαιερογίκ.
1254 4311 1379 4366 Non
1433 4316 1494 4366 ut
1535 4312 1845 4383 interpres,
1903 4314 1977 4369 De

316 4407 627 4476 categoriis,
678 4404 1175 4474 quemadmodum
1210 4408 1266 4457 et
1295 4408 1351 4458 S.
1385 4404 1700 4476 Augustini
1731 4403 1973 4476 quidam

318 4496 506 4550 citant
540 4494 758 4548 librum
804 4498 887 4548 De
926 4492 1107 4547 decem
1157 4495 1475 4564 categoriis,
1525 4493 1625 4564 qui
1663 4494 1720 4547 in
1762 4495 1972 4550 inseri-

1997 1825 2045 1888 B

2088 617 2328 675 stoteles
2373 617 2430 671 in
2473 619 2788 690 θατέρονὶτέ
2849 636 2893 674 c.
2950 620 3059 674 10:
3111 617 3462 691 Ἐστερῆσθαι
3507 615 3564 672 δὲ
3619 617 3744 673 τότε

2089 704 2318 780 λὲγομεν
2369 700 2591 759 ἕκαστον
2643 711 2749 761 τῶν
2797 705 2897 777 τῆς
2959 702 3119 777 ἕξεως
3159 706 3442 775 δεκτικῶν,
3497 706 3620 761 ὅταν
3685 705 3740 762 ἐν

2089 797 2133 868 ᾧ
2165 796 2397 867 πέφυκεν
2454 795 2733 869 ὑπάρχειν,
2786 795 2820 864 ἢ
2864 797 2952 850 ὅτε
2991 795 3222 871 πέφυκεν
3258 794 3428 870 ἔχειν,
3466 792 3740 868 μηδαμῶς

2092 885 2337 960 ὑπάρχῃ.
2377 907 2402 932 ‹‹
2424 885 2571 940 Tum
2601 903 2735 940 vero
2767 887 3018 942 dicimus
3051 886 3437 960 singula,qua3
3467 886 3737 942 habitum

2087 977 2342 1048 recipere
2375 979 2642 1047 possunt,
2678 974 2902 1046 privata
2932 992 3080 1043 esse,
3115 993 3248 1031 cum
3291 975 3347 1030 in
3381 992 3497 1046 quo
3529 983 3740 1031 natura

2085 1069 2280 1124 inesse
2331 1067 2540 1133 debet,
2592 1069 2694 1121 aut
2749 1067 2985 1138 quando
3032 1071 3243 1123 natura
3289 1066 3491 1122 haberi
3545 1067 3737 1138 debet,

2088 1157 2251 1214 nullo
2284 1157 2457 1212 modo
2491 1156 2663 1211 inest.
2704 1178 2723 1202 ν
2759 1154 3102 1227 Exemplum
3140 1155 3304 1211 addit
3351 1155 3420 1211 de
3459 1155 3736 1211 edentulo

2085 1251 2142 1302 et
2173 1263 2360 1302 caeco:
2420 1262 2536 1300 non
2567 1245 2725 1299 enim
2766 1245 2920 1316 quod
2962 1245 3164 1299 dentes
3196 1261 3311 1300 non
3343 1244 3538 1314 habet,
3580 1264 3602 1293 «
3635 1246 3736 1302 sed

2086 1337 2242 1408 quod
2280 1352 2394 1390 non
2436 1334 2633 1404 habet,
2677 1333 2913 1405 quando
2956 1333 3170 1388 habere
3217 1337 3428 1389 natura
3480 1335 3673 1401 debet,
3708 1359 3730 1388 ι

2084 1423 2432 1481 edentulum
2463 1422 2741 1492 dicimus,
2789 1426 2846 1477 et
2891 1438 3128 1490 caecum,
3182 1423 3340 1494 quod
3389 1423 3589 1480 oculos
3620 1441 3734 1481 non

2085 1513 2279 1580 habet,
2315 1512 2552 1584 quando
2580 1514 2788 1566 natura
2818 1510 3034 1566 habere
3059 1511 3251 1566 debet.

2153 1601 2299 1657 Ibid.
2334 1605 2373 1654 (1
2400 1602 2456 1668 9,
2488 1599 2577 1660 Ὡς
2608 1598 2742 1673 πρὸς
2779 1599 2842 1652 τὸ
2889 1597 3041 1655 ὅλον,
3085 1598 3344 1656 Obscure
3386 1616 3732 1673 expressum

2080 1696 2222 1758 erat,
2259 1711 2286 1740 «
2319 1689 2596 1762 pusillam
2629 1689 2700 1744 ad
2731 1692 2918 1744 totum
2969 1693 3314 1762 congerunt.
3359 1711 3387 1739 »
3418 1689 3732 1747 Cornarius

2083 1782 2256 1847 dixit,
2293 1804 2315 1830 ‹‹
2355 1783 2642 1851 quantum
2678 1780 2747 1833 ad
2782 1782 2972 1834 totum
3000 1780 3228 1835 attinet.
3261 1801 3290 1830 υ

2152 1887 2273 1944 Col.
2324 1887 2431 1940 536
2480 1890 2523 1940 C
2562 1887 2613 1940 4.
2665 1887 2993 1941 Nullatenus
3040 1886 3460 1942 Emendandus
3509 1887 3567 1942 in
3615 1886 3731 1944 Ve-

2082 1979 2218 2030 neta
2247 1980 2304 2029 et
2334 1974 2639 2030 Basiliensi
2671 1974 2838 2030 locus
2865 1969 3047 2047 σχολή
3070 1973 3119 2047 γ’
3152 1974 3234 2045 ἄν,
3267 1991 3330 2030 ex
3364 1975 3543 2047 Regio
3571 1977 3636 2032 H.
3677 1983 3736 2034 et

2081 2063 2357 2134 Stephani
2397 2063 2649 2119 editione
2696 2081 2751 2134 p.
2796 2064 2924 2133 233,
2971 2059 3154 2136 σχολῇ
3212 2062 3264 2136 γ’
3313 2059 3371 2116 ἄν
3421 2060 3582 2117 ἄλλο’
3629 2068 3732 2124 sed

2082 2151 2244 2207 illius
2292 2152 2580 2223 interpres
2633 2151 2878 2207 minime
2927 2151 3286 2223 sequendus,
3335 2151 3436 2223 qui
3476 2171 3509 2208 a
3540 2161 3734 2212 mente

2083 2240 2341 2297 auctoris
2373 2241 2686 2311 aberravit,
2719 2241 2854 2296 licet
2883 2257 3016 2296 eum
3067 2241 3402 2313 Stephanus
3451 2247 3730 2311 tanquam

2081 2330 2461 2404 ἀναμαρτητον
2495 2348 2648 2402 saepe
2677 2330 2734 2386 in
2789 2331 3059 2387 Thesauro
3110 2331 3353 2389 iaudet:
3417 2354 3445 2382 «
3489 2333 3634 2390 Nam
3685 2334 3731 2390 si

2081 2419 2341 2476 essentia
2367 2418 2520 2476 inter
2549 2437 2616 2475 ea
2646 2425 2918 2492 ponatur,
2944 2437 3070 2492 quae
3104 2437 3219 2476 non
3248 2424 3410 2491 sunt,
3444 2423 3733 2495 quidquid

2083 2515 2360 2584 praeterea
2391 2509 2671 2574 diximus,
2697 2525 2878 2564 unum
2913 2513 2969 2564 et
2998 2509 3171 2565 inane
3205 2510 3400 2566 fuerit.
3433 2532 3460 2561 »
3495 2512 3732 2568 Rectius

2085 2603 2268 2658 multo
2299 2603 2618 2658 Cornarius
2644 2619 2658 2657 :
2693 2625 2720 2652 «
2748 2601 2807 2656 Si
2835 2601 2988 2657 enim
3019 2603 3450 2659 essentiainter
3481 2620 3568 2675 ea,
3602 2621 3733 2676 quae

2084 2709 2200 2747 non
2234 2697 2394 2758 sunt,
2449 2695 2558 2762 est,
2610 2691 2948 2748 nullatenus
2980 2709 3120 2748 sane
3143 2693 3299 2748 aliud
3333 2694 3473 2765 quid
3505 2711 3730 2757 eorum,

2083 2799 2208 2852 quae
2241 2782 2308 2837 de
2340 2781 2455 2837 Deo
2487 2781 2783 2848 dicuntur,
2817 2782 3022 2837 aderit.
3059 2803 3086 2831 ››
3139 2782 3315 2838 Paulo
3346 2788 3479 2856 post
3509 2785 3732 2840 immu-

2082 2874 2334 2926 tavxrnus
2367 2870 2692 2942 illud,quod
2717 2887 2819 2942 pro
2847 2870 2938 2925 bis
2962 2872 3173 2926 Grazcis
3194 2873 3578 2930 substituerat
3599 2875 3737 2930 Tra-

2085 2958 2416 3031 pezuntius,
2455 2957 2543 3010 γαῖ
2577 2957 2742 3025 αὐτὴν
2773 2958 2870 3024 τήν
2907 2955 3088 3011 οὐσίαν
3133 2957 3332 3012 τίθεται
3383 2961 3444 3014 τὸ
3503 2959 3734 3036 ἀγέννη-

2081 3067 2197 3113 τον,
2235 3070 2260 3096 ‹‹
2295 3052 2349 3101 et
2384 3048 2436 3101 in
2471 3048 2598 3119 ipsa
2630 3048 2966 3102 substantia
2995 3048 3514 3106 innascibilitatem
3543 3053 3735 3126 impo-

2085 3136 2222 3203 suit,
2253 3139 2310 3191 et
2339 3137 2664 3191 orationem
2699 3140 2981 3209 tanquam
3015 3139 3083 3192 ad
3114 3142 3288 3210 caput
3337 3140 3618 3212 colligens
3650 3143 3734 3200 sic

2078 3225 2413 3280 conscribit.
2441 3246 2468 3274 »
2493 3228 2615 3281 Imo
2649 3226 2969 3297 ingenitam
3004 3241 3129 3282 esse
3159 3227 3261 3282 Dei
3291 3229 3611 3285 essentiam
3639 3231 3729 3287 di-

2080 3315 2266 3384 cebat,
2301 3331 2414 3369 non
2449 3313 2507 3368 in
2541 3315 2797 3369 essentia
2846 3314 2938 3369 Dei
2970 3330 3119 3382 esse,
3154 3317 3501 3380 Eunomius.
3561 3322 3626 3374 ut
3664 3338 3733 3377 ex

2079 3403 2207 3475 ipso
2230 3402 2445 3458 Basilio
2477 3406 2726 3475 constat,
2760 3407 2818 3458 et
2847 3403 3018 3475 Greg.
3050 3403 3298 3478 Nyssen,
3332 3405 3483 3462 libro
3517 3407 3728 3468 ultimo

2077 3497 2269 3548 contra
2325 3495 2680 3564 Eunomium,
2732 3509 2791 3564 p.
2838 3493 2982 3547 204:
3033 3491 3175 3548 Αὐτὸ
3217 3490 3274 3548 δὲ
3303 3493 3364 3549 τὸ
3396 3491 3485 3550 διὰ
3510 3502 3612 3566 τῆς
3648 3499 3723 3570 μὴ

2077 3583 2427 3658 γεγεννῆσθαι
2484 3580 2683 3652 λέξεως
2745 3580 3142 3654 σημαινόμενον
3219 3581 3728 3658 οὐσίαν,νῠμίζειν

2084 3670 2260 3745 μόνων
2291 3675 2398 3726 τῶν
2433 3669 2490 3724 ἐκ
2525 3669 2714 3744 μανίας
2753 3673 3212 3749 παραφερομένων
3259 3672 3503 3747 οἰόμεθα·
3557 3699 3585 3727 ‹‹
3638 3679 3733 3752 Ip.

2081 3780 2214 3818 sum
2249 3767 2442 3817 autem
2477 3762 2626 3834 quod
2663 3762 3032 3834 significatur
3061 3779 3160 3834 per
3199 3765 3439 3820 verbum
3485 3782 3593 3822 non
3641 3785 3733 3838 ge-

2080 3855 2257 3908 nitam
2288 3868 2423 3923 esse,
2459 3851 2796 3908 existimare
2823 3851 3161 3920 essentiam,
3196 3856 3478 3927 solrrum,
3508 3857 3608 3928 qui
3638 3858 3730 3914 fu-

2080 3957 2210 3996 rore
2241 3941 2630 4008 concitantur,
2665 3955 2794 3995 esse
2825 3940 3094 3996 arbitror.
3125 3963 3150 3990 ››

2154 4047 2276 4102 Col.
2308 4047 2415 4100 5’12
2443 4052 2486 4100 A
2517 4047 2570 4101 9.
2604 4044 2911 4102 Invisibilis
2939 4055 2992 4102 et
3030 4061 3151 4102 orn.
3199 4046 3317 4102 Hoc
3368 4049 3734 4120 praetulimus

2082 4135 2277 4190 verbis
2329 4135 2668 4205 interpretis
2718 4152 2786 4190 ex
2831 4133 3072 4206 vulgata
3127 4135 3333 4190 Latina
3381 4154 3510 4208 qua
3555 4157 3670 4194 non
3703 4157 3733 4197 e

2085 4224 2298 4280 Graecis
2331 4241 2627 4296 eXpressa,
2663 4225 2763 4280 sed
2798 4240 2864 4279 ex
2897 4223 3154 4292 Hebraeo,
3189 4235 3309 4279 erat
3341 4226 3528 4282 inanis
3557 4235 3610 4284 et
3640 4246 3731 4286 va-

2082 4331 2207 4369 cua.
2276 4313 2557 4369 Vaticana
2605 4314 2780 4368 editio
2826 4309 3055 4384 ἀόρατος
3122 4310 3211 4365 καὶ
3272 4312 3733 4381 ἀκατασκεύαστος

2082 4403 2275 4474 vertit,
2307 4403 2609 4458 invisibilis
2641 4408 2691 4458 et
2725 4402 3105 4471 incomposita.
3157 4403 3212 4456 S.
3262 4404 3626 4477 Augustinus
3674 4408 3732 4463 in

2083 4491 2266 4546 lib.De
2295 4493 2490 4547 Genesi
2504 4491 2577 4546 ad
2598 4489 3065 4556 litt.,inordinata
3087 4490 3175 4546 vel
3205 4495 3738 4568 imparata.Aquila

321 4585 518 4656 ptione
550 4583 750 4647 habet,
783 4581 1089 4653 Categoria?
1112 4581 1293 4636 decem
1343 4599 1416 4637 ea:
1471 4583 1776 4639 Aristotelis
1808 4584 1967 4640 libro.
2006 4567 2052 4632 Π
2087 4582 2308 4654 κὲνωμα
2353 4581 2441 4635 καὶ
2496 4578 2671 4653 οὐδὲν,
2731 4583 2978 4638 inanitas
3031 4586 3083 4636 et
3139 4584 3302 4638 nihil.
3347 4567 3737 4657 Symmachus

317 4679 466 4728 Sane
500 4672 742 4744 quidam
774 4672 993 4726 librum
1027 4669 1183 4726 illum
1229 4671 1663 4744 inscripserunt
1707 4671 1820 4747 Πρὸ
1867 4676 1974 4726 τῶν

319 4763 580 4829 τοπικῶν,
639 4762 774 4816 Ante
822 4763 1021 4833 topica,
1083 4765 1144 4818 ut
1209 4777 1276 4816 ex
1333 4761 1638 4834 Simplicio
1705 4764 1980 4820 observat

319 4851 545 4906 amicus
571 4855 769 4906 noster
791 4851 1081 4907 Robertus
1097 4850 1412 4908 Balforzeus
1434 4852 1521 4906 vir
1539 4852 1978 4909 eruditissimus

316 4942 376 4996 in
410 4941 534 4995 suis
585 4941 1012 4996 Commentariis
1059 4941 1300 5011 logicis;
1350 4940 1616 4997 nonnulli
1669 4943 1743 4998 De
1798 4942 1977 4998 decem

315 5031 624 5102 categoriis,
651 5046 780 5095 seu,
813 5033 878 5084 ut
915 5029 1086 5084 vertit
1131 5030 1430 5098 Boethius,
1487 5032 1976 5102 medicamentis:

317 5123 513 5174 tamen
548 5119 704 5191 apud
734 5119 930 5190 ipsum
951 5118 1324 5175 Aristotelem
1348 5125 1403 5175 et
1417 5122 1570 5192 apud
1595 5122 1976 5177 Ammonium

317 5207 468 5263 liber
522 5207 864 5264 inscribitur
911 5206 1262 5283 Κατηγορίαι’
1317 5210 1388 5264 de
1431 5209 1754 5281 privatione
1786 5216 1840 5266 et
1875 5210 1978 5266 ha-

317 5297 445 5353 bitu
478 5297 603 5369 agit
653 5314 703 5352 c.
740 5297 826 5365 10,
859 5297 928 5352 de
959 5298 1283 5369 oppositis;
1327 5304 1384 5354 et
1417 5299 1554 5354 alibi
1588 5302 1832 5372 passim.
1865 5301 1978 5355 Ibi-

316 5388 450 5442 dem
483 5403 551 5442 ex
578 5387 828 5442 Joannis
861 5404 985 5454 vm,
1023 5388 1111 5458 44,
1157 5388 1505 5459 scripsimus
1536 5406 1607 5444 ea:
1636 5391 1876 5461 propriis
1909 5391 1985 5444 to-

316 5479 527 5549 quitur,
561 5493 664 5548 pro
697 5499 725 5525 «
760 5493 827 5532 ex
857 5476 1073 5547 seipse,
1104 5499 1131 5527 υ
1165 5477 1260 5532 Ἐκ
1289 5480 1394 5530 τῶν
1431 5473 1580 5530 ἷ¹δίων
1633 5475 1815 5549 λαλεῖ,
1863 5497 1978 5535 non

314 5565 401 5643 ἀφ’
433 5565 648 5620 ἑαυτοῦ.

385 5657 510 5714 Col.
561 5655 666 5711 634
717 5655 760 5711 Β
819 5655 904 5712 13.
959 5654 1018 5710 Si
1059 5656 1281 5728 quidem
1331 5657 1691 5729 privationcs.
1739 5657 1862 5714 Non
1917 5660 1981 5714 ut

594 5789 863 5850 Punon.
911 5789 1023 5850 Gn.
1063 5787 1253 5848 ΧΧΧ.

637 5941 664 5956 Ν

2088 4669 2250 4746 ἀργὸν
2312 4671 2398 4725 καὶ
2457 4667 2787 4746 ἀδιάκριτον,
2846 4673 2992 4727 iners
3047 4676 3096 4727 et
3157 4674 3516 4731 indiscretum
3574 4679 3738 4749 quid-

2087 4763 2259 4816 dam:
2308 4778 2488 4833 quare
2536 4761 2816 4816 nimirum
2861 4759 3006 4816 illud
3051 4761 3229 4817 chaos
3261 4765 3413 4833 apud
3447 4765 3737 4838 Ovidium,

2090 4849 2522 4922 titletamorph”
2568 4873 2595 4901 «
2646 4851 2811 4906 rudis
2859 4849 3201 4923 ingestaque
3251 4851 3453 4908 moles.
3497 4876 3524 4905 »
3561 4855 3739 4914 Paulo

2092 4944 2222 5010 post
2253 4942 2362 4996 sub
2395 4941 2570 4996 tinem
2623 4957 2755 5013 pag.
2801 4934 3116 5012 ἐμϐατεύειν
3167 4937 3346 4993 οὐσίαν
3399 4943 3626 5000 dixerat
3654 4945 3742 5002 in-

2088 5034 2238 5100 terp.
2303 5051 2330 5084 α
2379 5030 2567 5102 ipsam
2619 5047 2680 5086 se
2725 5030 3021 5102 ingressos
3064 5029 3458 5087 substantiam
3506 5034 3603 5090 Dei
3644 5036 3739 5107 ja-

2091 5123 2288 5187 ctant;
2324 5142 2348 5169 n
2384 5120 2482 5176 sed
2517 5119 2779 5175 Graecum
2811 5119 2921 5175 hoc
2952 5119 3192 5174 verbum
3237 5137 3349 5176 non
3391 5121 3742 5194 simpliciter

2090 5208 2449 5280 ingredi,sed
2472 5209 2676 5280 pedem
2710 5206 3008 5277 inferre,et
3026 5208 3192 5278 quasi
3213 5206 3271 5262 in
3305 5211 3742 5280 possessionem

2091 5297 2327 5370 ingredi
2387 5302 2575 5367 sonat,
2637 5301 2700 5352 ut
2755 5295 3072 5367 Colat-33.11,
3110 5297 3214 5350 18:
3276 5298 3345 5351 "A
3402 5298 3476 5370 μὴ
3507 5299 3739 5375 ἑώρακεν

2093 5381 2433 5459 ἐμϐατεύων
2492 5404 2613 5459 qum
2697 5402 2808 5442 non
2882 5386 3021 5441 vidit
3075 5387 3408 5444 ambulans.
3467 5389 3742 5466 Budaeus,

2093 5481 2151 5532 in
2181 5493 2370 5533 eorum
2404 5491 2528 5546 quae
2559 5492 2663 5530 non
2696 5475 3251 5545 vidit,possessionem
3282 5477 3484 5547 pedem
3509 5496 3738 5551 ponens.

2091 5567 2192 5623 Tic
2221 5566 2278 5620 in
2302 5565 2588 5640 ~Thesauro
2618 5564 2834 5620 eitatur
2863 5579 2930 5618 ex
2962 5563 3299 5621 {Ecumenio
3327 5567 3414 5621 vel
3447 5569 3643 5638 potius
3673 5587 3742 5627 ex

2092 5655 2315 5711 Aretha
2372 5655 2429 5710 in
2490 5655 2622 5711 .tcta
2676 5655 2851 5726 apost.
2889 5668 2901 5706 :
2964 5652 3021 5704 Ὁ
3062 5650 3258 5724 Κύριος
3291 5653 3318 5707 ὁ
3347 5657 3468 5715 ταῖς
3497 5653 3742 5729 καρδίαις

3379 5792 3456 5848 33
