4156 6384
416 340 571 406 1035
1620 333 1856 398 NOTAE
1899 333 2344 396 FRONTONIS
2388 335 2644 397 DUCzEI
3678 342 3848 406 1086

411 467 752 549 ἐμϐατεύων.
819 471 1296 545 Chrysostomus,
1344 469 1449 526 lib.
1509 486 1571 525 ιι.
1628 469 1704 524 De
1757 468 2068 525 sacerdotio
2095 470 2148 537 Α
2178 466 2237 523 in
2271 467 2548 524 manibus
2570 468 2993 542 prophetarum
3017 471 3382 531 assimilatus
3407 489 3575 543 sum;
3610 492 3728 533 non
3751 493 3852 534 se-

409 584 467 639 p.
501 565 572 622 45
606 582 619 621 :
652 562 773 636 Οὐχ
806 559 892 616 ἱνα
919 559 1081 623 αὐτὸς
1117 558 1283 634 μάθῃ.
1311 561 1430 621 πῶς
1459 558 1561 634 γὰρ
1594 557 1622 611 6
1670 556 1768 618 τὰς
1814 556 2062 612 ἁπάντων

2183 557 2438 612 cundum
2498 558 2822 615 essentiam
2876 560 3042 617 visus
3099 578 3256 618 sum.
3316 565 3502 631 Quare
3553 566 3879 638 propheta.

409 651 633 728 καρδίας
667 646 980 725 ἐμϐατεύων
1008 670 1022 720 ;
1062 673 1090 701 ‹‹
1121 651 1244 706 Νοη
1277 664 1394 721 quo
1424 648 1551 720 ipse
1581 648 1925 704 edoceatur:
1962 646 2064 719 qui

2183 661 2411 718 quoque
2444 646 2899 705 similitudinem
2931 666 2993 705 se
3024 650 3166 706 dicit
3194 652 3431 709 vidisse.
3470 677 3491 704 ι)

413 745 569 801 enim
603 743 828 799 edoceri
852 741 1087 797 studeat
1109 739 1180 808 is,
1200 738 1293 793 cui
1317 738 1418 793 uni
1443 736 1782 794 mortalium
1802 737 2067 793 omnium
2249 735 2482 791 001.546
2501 738 2545 790 A
2568 737 2623 791 7.
2657 739 2771 793 Non
2794 740 3337 798 cnim.Sententiam
3361 743 3632 800 nonnihil
3651 745 3847 803 diver-

415 837 592 892 corda
615 839 757 891 sunt
777 832 975 905 pervia
995 831 1023 886 ‘I
1056 853 1083 880 »
1108 831 1314 902 Itaque
1344 846 1460 885 non
1493 829 1748 884 absurde
1770 828 1867 884 hic
1888 829 2068 883 inter-
2179 841 2307 880 sam
2330 825 2615 882 extulerat
2631 826 2842 900 interp.
2862 830 2979 885 Non
2995 833 3148 887 enim
3164 834 3212 887 si
3231 834 3569 904 inquirimus
3591 835 3724 907 quid
3745 838 3846 907 sit,

414 928 677 997 pretatus
706 926 795 980 est
836 920 1172 987 Cornarius,
1220 942 1247 970 «
1292 920 1487 992 Ipsam
1520 918 1619 975 Dei
1661 918 2068 975 universorum
2157 914 2270 971 'sed
2290 916 2346 971 si
2376 915 2539 970 illum
2579 932 2694 973 esse
2712 918 3057 990 conﬁtemur,
3088 923 3321 978 salutem
3352 924 3510 981 nobis
3530 934 3851 997 praeparat.

414 1014 733 1072 essentiam
767 1010 1197 1085 pervestigasse
1227 1009 1340 1067 sibi
1375 1012 1671 1081 arrogant.
1706 1030 1734 1059 »

481 1120 741 1179 001.5“
787 1121 827 1174 C
886 1119 972 1173 10.
1036 1112 1263 1186 Ὑλικήν
1321 1136 1463 1173 τινα.
1523 1115 1907 1171 Basiliensem
1950 1114 2072 1171 edi-

410 1212 630 1268 tionem
663 1210 759 1265 bic
784 1206 1345 1275 emendavimus,vel
1369 1206 1565 1278 potius
1589 1203 2073 1278 typograpbicum

412 1298 639 1379 σφάλμα
685 1297 1079 1366 sustulimus;
1135 1300 1289 1352 recte
1342 1297 1497 1352 enim
1551 1301 1675 1350 erat
1723 1294 1784 1349 in
1828 1293 2075 1351 Veneta,

410 1390 566 1447 unde
588 1388 690 1445 illa
720 1387 956 1443 videtur
990 1402 1291 1459 expressa,
1326 1401 1440 1441 non
1464 1380 1666 1453 ἡλίκην
1700 1384 1801 1440 sed
1855 1380 2073 1451 ὑλικήν⁸

413 1479 615 1536 mirari
644 1481 842 1535 tamen
892 1477 1038 1533 satis
1091 1492 1209 1532 non
1262 1492 1503 1548 possum
1545 1474 1702 1530 Bezas
1749 1476 2079 1545 stuporem,

414 1570 512 1643 qui
546 1585 679 1626 cum
714 1568 773 1625 in
807 1567 1154 1639 Stephanaza
1176 1571 1330 1622 recte
1360 1581 1642 1621 excusum
1673 1566 1937 1620 cerneret
1966 1558 2080 1615 ὑλι-

414 1658 745 1729 κήνῄειιῑηη
769 1673 838 1712 ex
859 1657 1102 1713 adverso
1125 1655 1309 1712 Graeci
1333 1659 1527 1711 textus
1543 1654 1827 1711 ediderit:
1868 1672 1890 1703 ι
1923 1653 2074 1708 Prae-

419 1752 689 1820 terquam
722 1746 877 1803 enim
911 1745 1066 1817 quod
1096 1746 1415 1801 essentiam
1465 1744 1564 1800 Dei
1619 1743 1901 1815 cogitabit
1948 1757 2077 1799 esse

2255 1018 2376 1076 Col.
2408 1021 2511 1075 551
2546 1026 2593 1075 A
2619 1022 2674 1077 3.
2722 1024 2928 1079 Novam
2958 1025 3166 1099 blasph.
3202 1028 3288 1084 Ita
3319 1028 3694 1102 scripsimus,
3727 1049 3848 1089 non

2189 1112 2253 1165 ut
2268 1110 2753 1182 Trapezuntius,«
2774 1129 2982 1169 vanam
2998 1115 3372 1188 blasphemiae
3382 1119 3853 1178 consolationem

2187 1199 2564 1270 excogitans:
2607 1222 2636 1252 »
2686 1203 2922 1259 tametsi
2972 1203 3024 1259 ei
3056 1206 3496 1278 suffragabatur
3527 1209 3751 1282 Regius
3778 1212 3853 1280 II,

2186 1291 2345 1359 κενὴν
2394 1297 2494 1360 τῆς
2552 1290 2904 1370 βλασφημίας
2969 1295 3316 1371 παραμυθίαν
3372 1316 3736 1374 suggerens:
3792 1307 3855 1360 at

2188 1382 2422 1450 Veneta,
2455 1382 2762 1440 Basiliens.
2796 1388 2853 1441 et
2879 1387 3225 1458 Stephanum
3249 1390 3465 1460 καινήν,
3486 1413 3514 1442 ‹‹
3547 1407 3778 1464 novam,
3812 1415 3843 1445 ιο

2188 1486 2316 1542 qua;
2351 1471 2537 1543 magis
2568 1473 2789 1545 quadat
2833 1476 3011 1531 verbo
3060 1472 3294 1531 ἐπινοεῖν
3331 1498 3344 1548 ;
3396 1484 3461 1535 ut
3490 1484 3697 1553 postea
3723 1501 3848 1535 και-

2188 1559 2285 1628 νήν
2319 1579 2439 1613 τινα
2482 1560 2584 1629 τὴν
2635 1557 2760 1616 ὁδὸν
2806 1559 3163 1638 βλασφημίας
3195 1563 3448 1623 ἐπινοῶν·
3483 1570 3585 1626 sed
3618 1570 3677 1627 iu
3724 1572 3854 1628 Ste-

2189 1649 2434 1721 phanasa
2463 1650 2674 1707 miram
2706 1652 3000 1710 inscitiam
3033 1654 3179 1712 Beza
3209 1674 3378 1715 suam
3418 1660 3611 1730 prodit
3642 1660 3730 1717 sio
3756 1660 3855 1717 in-

2187 1743 2485 1811 tepretans
2516 1757 2572 1812 p.
2604 1742 2739 1796 249:
2776 1764 2805 1793 ‹‹
2837 1743 3043 1800 Postea
3092 1745 3218 1817 ipse
3247 1746 3358 1803 sibi
3390 1749 3719 1821 opitulatur
3743 1767 3854 1808 no-

420 1836 765 1911 quantitatis
786 1835 1071 1906 alicujus:
1108 1852 1224 1906 qua
1254 1835 1313 1889 in
1345 1851 1407 1891 re
1437 1850 1571 1890 cum
1603 1832 1817 1889 Graecis
1840 1847 2080 1887 consen-
2108 1844 2158 1909 B
2186 1844 2324 1883 vum
2358 1828 2738 1901 blasphemiae
2786 1832 3113 1889 remedium
3153 1836 3633 1911 comminiscens,
3687 1841 3852 1912 quod

417 1928 543 1998 tiet,
579 1948 601 1977 ι
638 1925 807 1998 quasi
840 1924 1123 1980 nimirum
1157 1922 1359 1992 ἡλίκην
1386 1923 1647 1995 legisset,
1682 1922 1837 1995 quod
1874 1919 2076 1990 ἡλίκος

418 2039 446 2068 ‹‹
481 2020 767 2089 quantum
801 2037 830 2066 »
863 2018 1049 2083 sonet,
1086 2031 1203 2069 non
1239 2009 1459 2083 ὑλικήν,
1496 2036 1524 2064 ιι
1557 2010 1920 2069 materialem
1953 2010 2076 2067 sive

414 2121 755 2178 corpoream
787 2103 1220 2160 substantiam:
1261 2124 1291 2153 »
1321 2102 1454 2157 vide
1485 2101 1640 2157 infra
1683 2104 1812 2161 ταῖς
1857 2096 2074 2161 simu

414 2192 730 2270 φαντασίαις
766 2191 863 2253 τὰς
896 2190 1019 2265 περὶ
1054 2194 1207 2247 Θεοῦ.
1247 2191 1620 2262 Plutarchus,
1651 2189 1754 2247 lib.
1788 2206 1805 2245 ι
1838 2195 1919 2246 De
1947 2190 2075 2260 pla-

410 2286 535 2342 citis
555 2283 887 2358 philosoph.,
914 2298 963 2339 c.
995 2282 1051 2353 7,
1084 2282 1263 2338 tradit
1282 2280 1787 2337 Anaximandrum
1818 2279 2075 2335 voluisse

408 2373 536 2435 τοὺς
567 2370 790 2447 ἀστέρας
819 2368 1103 2447 οὐρανίους
1137 2369 1314 2436 θεούς,
1348 2392 1376 2422 (ι
1410 2370 1669 2427 caelestes
1686 2386 1813 2426 esse
1835 2369 2011 2436 deos;
2042 2389 2070 2419 ›>

412 2463 811 2521 Democritum
845 2460 1119 2518 docuisse
1149 2463 1276 2514 νοῦν
1303 2459 1396 2513 τὸν
1434 2459 1562 2514 Θεὸν
1606 2455 1945 2532 ἐμπυροειδῆ
1971 2458 2072 2527 τὴν

410 2556 508 2607 τοῦ
536 2552 749 2624 κόσμου
780 2551 987 2625 ψυχήν,
1028 2570 1050 2599 ι
1088 2552 1269 2606 Deum
1304 2550 1363 2605 in
1397 2549 1571 2623 ignea
1602 2549 1817 2622 specie,
1869 2547 2076 2604 mundi

415 2642 715 2710 animam;
756 2664 775 2690 ι
808 2640 1035 2696 Stoicos
1067 2639 1195 2693 Θεὸν
1235 2637 1622 2717 ἀποφαίνεσθαι
1662 2641 1769 2712 πῦρ
1824 2637 2076 2713 τεχνικὸν

416 2727 527 2803 ὁδῷ
562 2727 779 2805 βαδίζον
816 2728 903 2783 ἐπὶ
933 2729 1134 2804 γένεσιν
1163 2729 1435 2801 κόσμου,ι‹
1468 2729 1669 2801 Ignem
1691 2728 2073 2785 artificiosum

416 2821 509 2878 via
538 2820 967 2893 ingredientem
1001 2835 1068 2876 ac
1100 2819 1307 2875 mundi
1340 2818 1845 2891 procreationem;
1881 2840 1907 2868 »
1943 2818 2077 2890 Epi-

414 2926 621 2967 curum
692 2909 947 2981 denique
1005 2903 1425 2981 ἀνθρωποειδεῖς
1467 2904 1666 2968 πάντας
1712 2904 1838 2968 τοὺς
1896 2906 2072 2977 Θεούς,

417 3021 440 3049 ι
474 2999 754 3057 omnibus
800 2997 915 3055 diis
962 2997 1288 3054 humanam
1338 2997 1589 3053 formam
1642 2996 1922 3064 tribuere,
1957 3001 2077 3054 «ut

415 3089 683 3147 solebant
715 3087 895 3145 etiam
928 3086 1149 3144 ethnici
1178 3090 1383 3159 poetae.

2186 1918 2591 1975 antecedentia
2638 1921 2956 1977 contendat
3011 1924 3436 1994 posterioribus
3466 1927 3784 1987 occultare.
3821 1951 3854 1981 ››

2185 2008 2494 2079 Ignorasse
2513 2008 2750 2065 videtur
2776 2010 2919 2082 quid
2952 2012 3032 2068 sit
3055 2009 3501 2087 ἐπαγωνίζεσθαι,
3528 2034 3646 2074 non
3674 2041 3703 2071 ιι
3726 2020 3853 2093 opi-

2183 2096 2383 2164 tulari,
2410 2119 2438 2149 »
2472 2098 2573 2154 sed
2606 2121 2635 2149 «
2683 2103 2926 2166 certare,
2980 2123 3009 2151 »
3053 2106 3111 2158 et
3157 2101 3522 2179 ἀποκρύπτειν
3565 2107 3662 2163 hic
3690 2109 3853 2166 idem

2184 2186 2557 2258 valere,quod
2584 2191 2833 2257 νικᾷν,ιιι
2852 2190 3007 2260 apud
3026 2192 3301 2248 eumdem
3326 2194 3608 2251 Basilium
3628 2196 3794 2254 hom.
3818 2200 3855 2254 9

2183 2276 2243 2332 in
2276 2278 2537 2332 Hexaem.
2584 2276 2648 2332 At
2700 2272 2758 2331 δὲ
2786 2278 3124 2352 προγνώσεις
3155 2284 3261 2336 τῶν
3296 2280 3515 2358 ἀλόγων
3547 2285 3703 2353 ζώων
3744 2293 3854 2358 τῆς

2183 2364 2308 2439 περὶ
2351 2364 2444 2420 τὸν
2494 2364 2628 2441 ἀέρα
2673 2361 2987 2439 μεταϐολῆς
3016 2368 3176 2424 ποίαν
3209 2368 3337 2446 οὐχὶ
3370 2370 3579 2429 σύνεσιν
3609 2372 3856 2452 λογικὴν

2184 2453 2622 2529 ἀποκρύπτουσιν
2650 2473 2717 2525 ;‹‹
2743 2458 3138 2517 Ρινεῑιοιὶοοοε
3160 2466 3357 2518 autem
3381 2463 3692 2522 brutorum
3718 2468 3855 2526 ani-

2187 2544 2432 2601 malium
2451 2545 2797 2603 mutationis
2811 2547 2964 2604 aeris
2981 2565 3157 2621 quam
3176 2549 3499 2609 humanam
3520 2554 3857 2630 intelligen-

2185 2635 2330 2690 tiam
2349 2638 2406 2690 et
2428 2636 2802 2707 prudentiam
2822 2653 2936 2693 non
2962 2641 3291 2711 superant?
3314 2664 3336 2694 ι
3365 2641 3649 2701 Caeterum
3668 2646 3852 2703 Joan-

2187 2723 2279 2780 nis
2309 2741 2426 2792 x1v,
2457 2724 2808 2797 9,scriptum
2831 2730 2940 2797 est,
2965 2724 3171 2801 ἑώρακε
3206 2729 3298 2783 τὸν
3331 2730 3718 2804 Πατέρα,υἰάίι
3735 2738 3847 2793 Pa-

2185 2816 2329 2868 trem
2360 2830 2373 2869 :
2408 2817 2468 2869 at
2494 2812 2662 2870 Joan.
2697 2815 2905 2885 111,45:
2940 2821 3134 2890 θεωρεῖ
3159 2816 3251 2872 τὸν
3283 2818 3572 2893 πέμψαντά
3601 2827 3847 2895 {semidei

2184 2917 2309 2957 eum
2338 2906 2434 2974 qui
2461 2904 2617 2957 misit
2646 2920 2763 2959 me:
2803 2920 2930 2976 quas
2973 2907 3089 2963 duo
3128 2906 3257 2964 loca
3293 2910 3537 2968 miscuit
3566 2913 3835 2972 Basilius.

2255 3008 2375 3064 Col.
2405 3009 2514 3062 552
2541 3008 2583 3063 B
2606 3009 2660 3064 9.
2694 3008 2782 3064 ’Ev
2819 3007 2990 3082 μέσῳ.
3037 3012 3381 3071 Mendosam
3411 3015 3711 3077 lectionem
3740 3037 3831 3079 se-

2185 3102 2357 3154 cutus
2378 3097 2695 3155 Cornarius
2727 3100 2948 3169 edidit;
2985 3122 3014 3151 «
3045 3102 3141 3158 Sic
3165 3103 3226 3159 in
3251 3106 3446 3163 medio
3477 3107 3666 3182 sigillo
3683 3112 3833 3183 ejus,

480 3196 629 3254 Ibid.
663 3197 750 3251 12.
806 3196 847 3251 Α
898 3196 1102 3251 lumbis
1147 3211 1388 3250 sursum.
1450 3194 1577 3252 Non
1625 3210 1806 3266 supra
1834 3193 2069 3252 lumbos

2186 3188 2285 3261 qui
2309 3188 2582 3260 signavit,
2614 3188 2804 3261 ﬁgura
2831 3190 3209 3263 conspicitur.
3239 3215 3268 3244 »
3287 3195 3447 3252 Idem
3471 3213 3635 3256 error
3648 3205 3706 3256 et
3730 3201 3840 3257 Ve-

408 3291 666 3353 tantum,
699 3288 766 3341 ut
793 3284 1081 3356 scriptum
1113 3287 1240 3340 erat
1270 3286 1442 3339 antea
1462 3298 1598 3339 nam
1622 3287 1679 3339 et
1697 3283 1778 3339 ita
1801 3284 2071 3341 Ezechie-

415 3378 488 3433 lis
518 3391 641 3442 VIII,
674 3378 728 3430 2.
757 3373 1011 3447 legitur:
1045 3371 1145 3426 Καὶ
1197 3368 1357 3441 εἶδον,
1388 3369 1479 3426 καὶ
1524 3366 1643 3425 ἰδοὺ
1695 3370 1955 3446 ὁμοίωμα
2000 3373 2074 3436 ὡς

420 3462 562 3527 εἶδος
619 3459 814 3538 ἀνδρὸς
873 3461 977 3517 ἀπὸ
1032 3468 1133 3531 τῆς
1185 3460 1384 3538 ὀσφύος
1442 3459 1606 3516 αὐτοῦ
1654 3461 1741 3515 καὶ
1775 3460 1880 3526 ἓως
1926 3463 2073 3517 κάτω

422 3559 554 3629 πῦρ,
604 3550 694 3607 καὶ
748 3551 853 3606 ἀπὸ
903 3557 1005 3621 τῆς
1054 3549 1252 3629 ὀσφύος
1286 3550 1452 3606 αὐτοῦ
1484 3548 1732 3625 ὑπεράνω
1762 3550 1948 3620 αὐτοῦ,
1999 3553 2073 3614 ὡς

425 3642 570 3705 εἶδος
603 3640 893 3715 ἠλέκτρου·
931 3645 994 3699 Et
1023 3642 1155 3710 vidi,
1179 3647 1232 3698 et
1260 3658 1379 3698 ecce
1397 3641 1706 3698 similitudo
1737 3642 1848 3697 viri
1875 3659 1910 3698 a
1940 3642 2078 3698 lum-

422 3736 492 3793 bo
520 3735 638 3804 eius
668 3740 722 3789 et
748 3749 920 3805 usque
947 3732 1199 3789 deorsum
1228 3733 1403 3806 ignis,
1452 3734 1504 3788 et
1531 3748 1568 3787 a
1610 3730 1783 3787 lumbo
1816 3731 1964 3801 ejus,
2025 3726 2079 3788 et

421 3840 591 3898 supra
620 3838 766 3891 cum,
795 3824 959 3894 quasi
984 3824 1188 3894 species
1216 3822 1423 3877 electri.
1455 3820 1607 3877 Citat
1637 3821 1909 3877 eumdem
1941 3838 2075 3894 pro-

417 3914 607 3987 phetae
636 3913 829 3969 locum
862 3911 1040 3967 simili
1070 3911 1377 3968 occasione
1407 3912 1466 3967 S.
1488 3909 2072 3983 Joan.Chrysost.lib.

417 4019 481 4060 III
529 4004 603 4059 De
649 4001 1198 4075 mcomprehensibili
1253 4002 1354 4056 Dei
1406 4007 1637 4071 natura,
1701 4000 1930 4071 p.361:
1967 4000 2073 4055 Καὶ

418 4091 552 4166 μετὰ
580 4094 745 4146 ταῦτα
771 4089 949 4146 πάντα
983 4087 1324 4165 βουλόμενος
1356 4086 1543 4161 δεῖξαι,
1575 4088 1657 4142 ὅτι
1700 4083 1825 4141 οὔτε
1857 4089 1884 4142 6
1933 4109 2070 4164 προ-

410 4181 589 4259 φήτης
642 4178 765 4235 οὔτε
806 4181 862 4235 αἱ
914 4176 1173 4253 δυνάμεις
1224 4178 1425 4233 ἐκεῖναι
1472 4175 1687 4252 ἀκράτῳ
1725 4173 2067 4251 προσέϐαλον

406 4269 542 4343 αὐτῇ
564 4268 632 4344 τῇ
660 4268 833 4341 οὐσίᾳ,
868 4267 1051 4347 φησίν”
1086 4266 1239 4338 Αὕτη
1273 4269 1307 4337 ἡ
1343 4265 1530 4343 ὅρασις
1557 4266 1888 4340 ὁμοιότητος
1909 4265 2073 4339 δόξης

404 4359 628 4435 Κυρίου·
666 4383 693 4411 ι(
718 4360 855 4417 Post
884 4360 1008 4415 haec
1040 4376 1173 4415 cum
1208 4358 1377 4415 vellet
1408 4357 1731 4430 exprimere
1753 4375 1860 4415 nec
1883 4376 1916 4414 a
1936 4376 2070 4431 pro-

408 4451 605 4523 pheta,
639 4466 745 4506 nec
767 4466 801 4505 a
823 4448 1145 4505 virtutibus
1174 4448 1291 4505 illis
1313 4464 1535 4505 meram
1565 4447 1758 4521 ipsam
1788 4449 2068 4506 substan-

405 4539 552 4594 tiam
586 4538 829 4611 percipi,
859 4536 1005 4594 illud
1038 4538 1304 4595 addidit:
1342 4539 1470 4594 Haec
1486 4538 1633 4595 visio
1656 4537 2069 4595 similitudinis

2185 3280 2330 3333 netis
2360 3276 2499 3333 edit.
2533 3281 2593 3332 et
2614 3277 3037 3350 Stephanmas,a
3063 3296 3179 3353 quo
3210 3298 3275 3339 se
3295 3287 3494 3343 tamen
3515 3288 3842 3346 immunem

2184 3365 2455 3438 praestitit
2484 3366 2686 3435 Beza,«
2717 3367 2812 3423 Sic
2842 3367 2902 3423 in
2933 3368 3062 3442 ipsa
3088 3386 3220 3442 quae
3248 3373 3428 3446 sigilli
3449 3376 3845 3450 impressione

2182 3454 2450 3511 redditur
2474 3455 2683 3527 ﬁgura,
2715 3457 2976 3514 cernitur
3004 3459 3307 3519 character
3335 3464 3433 3536 qui
3453 3464 3510 3520 in
3533 3466 3697 3524 illam
3718 3469 3840 3526 im-

2185 3542 2421 3615 pressit.
2444 3565 2472 3595 »
2494 3543 2691 3601 Graece
2723 3544 2882 3601 enim
2913 3545 3034 3603 illic
3061 3552 3152 3605 est
3180 3549 3209 3604 ὁ
3236 3551 3487 3615 τυπώσας
3518 3558 3839 3630 χαρακτήρ,

2185 3637 2253 3689 ut
2280 3632 2424 3705 legit
2454 3633 2630 3689 etiam
2660 3635 3226 3708 Trapezuntius,non
3259 3645 3321 3697 ut
3350 3641 3569 3699 habent
3597 3646 3843 3721 reliquas

2186 3722 2495 3794 editiones,
2528 3722 2557 3776 6
2582 3726 2679 3777 τοῦ
2705 3725 3079 3789 τυπώσαντος.
3108 3729 3528 3803 Corrigendum
3558 3734 3741 3807 igitur
3770 3753 3845 3793 ex

2184 3813 2361 3885 Regio
2393 3830 2505 3870 ms.
2538 3818 2604 3870 Η.
2638 3813 2812 3877 οὕτως
2842 3815 2896 3870 ἄν
2927 3817 3023 3890 μὶν
3052 3823 3133 3891 τῷ
3163 3819 3843 3898 ἀποσφραγίσματιΡαυὶο

2185 3911 2320 3979 post
2349 3907 2582 3978 scripsi,
2634 3931 2663 3959 «
2723 3926 2851 3981 quas
2901 3919 2987 3967 est
3015 3912 3074 3967 in
3106 3917 3355 3986 utroque
3384 3915 3776 3991 identitatem,
3814 3944 3845 3972 »

2184 4012 2299 4052 non
2334 4001 2396 4053 ut
2424 3998 2873 4071 Trapezuntius,
2906 4022 2934 4051 «
2964 4001 3022 4056 in
3053 4006 3302 4076 utroque
3329 4004 3845 4081 similitudinem,»

2183 4103 2299 4142 non
2330 4086 2487 4141 enim
2538 4084 2843 4158 ὁμοιότητα
2892 4089 3058 4161 dixit,
3114 4093 3215 4148 sed
3263 4093 3590 4166 ταυτότηταο
3627 4099 3847 4156 identi-

2180 4179 2361 4231 tatem
2394 4191 2629 4247 quoque
2660 4177 2804 4233 dixit
2819 4178 3156 4250 Cornarius,
3176 4198 3284 4241 nec
3305 4184 3615 4243 abhorruit
3634 4189 3704 4244 ab
3728 4190 3842 4247 hac

2180 4264 2433 4322 dictione
2462 4270 2527 4321 ut
2556 4265 2722 4323 Beza.
2748 4289 2776 4319 ι(
2806 4266 2985 4325 Nobis
3014 4270 3283 4329 videlicet
3310 4276 3579 4334 eamdem
3610 4280 3840 4335 utrobi-

2181 4371 2296 4427 que
2319 4355 2568 4411 formam
2590 4358 3075 4429 comparantibus
3101 4378 3114 4417 :
3148 4382 3176 4412 »
3207 4379 3398 4436 neque
3427 4364 3717 4424 dubitavit
3768 4370 3838 4426 H.

2178 4441 2534 4515 Stephanus,
2581 4444 2641 4499 in
2691 4444 2982 4517 Thesauro,
3028 4465 3097 4506 ex
3148 4451 3466 4511 Aristotele
3508 4456 3839 4531 proferens,

2179 4532 2424 4589 Ethicor.
2455 4534 2513 4603 6,
2544 4549 2743 4590 vocem
2774 4536 3061 4609 ταυτότης,
3110 4540 3324 4598 addere
3357 4564 3385 4594 «
3416 4546 3585 4617 quasi
3618 4547 3839 4606 diceret

409 4600 606 4702 gloria;
629 4600 859 4684 Domini
883 4646 898 4699 ;
924 4649 951 4678 »
986 4627 1087 4684 ubi
1115 4628 1291 4685 verba
1320 4628 1615 4700 prophetae
1639 4628 1859 4701 profert
1880 4631 1945 4683 ut
1966 4628 2068 4685 Ba-
2097 4600 2146 4664 D
2176 4622 2458 4679 identitas.
2490 4600 2518 4674 ;›
2554 4623 2944 4683 Doctissimus
2976 4600 3182 4686 Sillius
3213 4633 3369 4703 apud
3402 4600 3838 4695 Isidorum

409 4717 599 4790 silius,
632 4716 737 4771 ἀπὸ
770 4717 1009 4790 ὁράσεως
1055 4716 1255 4795 ὀσφύος
1298 4716 1390 4771 καὶ
1424 4712 1526 4778 ἕως
1559 4715 1761 4774 ἐπάνω.
1796 4722 1858 4772 In
1898 4733 2063 4773 eum-

409 4808 543 4863 dem
575 4806 767 4863 locum
800 4807 978 4863 etiam
1009 4804 1495 4876 Theodorettis,8v
1529 4804 1617 4860 ἐπὶ
1646 4810 1753 4860 τῶν
1787 4800 2064 4880 χερουϐὶμ

408 4893 683 4968 ἐθεάσατο,
732 4899 923 4950 τοῦτον
966 4894 1066 4970 ὁρᾷ
1113 4892 1243 4970 δίχα
1290 4886 1396 4950 τῶν
1449 4890 1743 4970 χερουϐίμ.
1778 4894 1916 4949 Ποτὲ
1963 4895 2057 4967 μὲν

404 4987 509 5064 γὰρ
533 4986 679 5059 αὐτῷ
712 4980 987 5064 φοόεφῶς,
1021 4985 1153 5040 ποτὲ
1195 4982 1252 5039 Si
1291 4984 1515 5060 ἡμέρως
1558 4982 1892 5062 ἐπιφαίνεται
1924 4983 2057 5039 πάν-

397 5097 467 5131 τα
522 5077 658 5153 πρὸς
701 5076 802 5145 τὴν
861 5074 1049 5150 χρείαν
1106 5073 1451 5147 οῗκονομῶν.
1510 5072 1687 5130 Αὐτοῦ
1728 5072 1828 5149 γὰρ
1880 5076 2053 5152 φωνή·

2174 4711 2453 4769 lusiotam
2486 4711 2569 4769 ita
2596 4715 2789 4784 vertit,
2845 4716 3018 4789 epist.
3068 4721 3171 4775 142
3199 4720 3301 4777 lib.
3331 4739 3393 4789 ιι,
3431 4723 3616 4781 illud:
3653 4731 3835 4798 Προσ-

2172 4801 2337 4855 ώπων
2369 4802 2473 4876 γὰρ
2504 4801 2761 4873 ποιότητι
2787 4804 2876 4859 καὶ
2909 4806 3251 4864 ὑποστάσεων
3298 4807 3548 4882 ΐδιότητι.
3585 4810 3838 4872 διαστέλ-

2171 4889 2382 4963 λοντες,
2437 4890 2514 4952 εἰς
2570 4888 2663 4947 ἕνα
2714 4892 2879 4949 πάλιν
2941 4895 3305 4972 συστελοῢμεν
3339 4901 3469 4955 Θεὸν
3519 4900 3607 4957 διὰ
3634 4904 3696 4959 τὸ
3727 4913 3834 4978 τῆς

2169 4979 2356 5042 οὐσίας
2384 4980 2602 5035 ταύτόνο
2637 5006 2667 5035 ‹‹
2697 4985 2998 5057 Siquidem
3023 5004 3408 5060 personarum
3428 4991 3714 5065 qualitate
3736 5002 3832 5054 at-

2167 5088 2282 5143 que
2312 5072 2704 5144 hypostaseon
2736 5076 3092 5148 proprietate
3122 5078 3558 5154 distinguentes
3588 5092 3837 5159 propter

398 5167 539 5243 Ἐγὼ
605 5164 816 5242 ὁράσεις
871 5163 1171 5235 ἐπλήθυνα,
1246 5166 1336 5218 καὶ
1409 5162 1461 5217 ἐν
1540 5163 1699 5238 χερσὶ
1755 5168 2051 5242 προφητῶν

2183 5163 2431 5220 :ssentiaa
2463 5164 2855 5237 identitatem,
2887 5184 3012 5224 eam
3042 5187 3282 5228 rursum
3313 5173 3373 5228 in
3415 5190 3601 5231 unum
3632 5175 3830 5235 Deum

396 5256 715 5327 ὡμοιώθην·
751 5254 811 5310 οὐ
841 5254 974 5309 κατὰ
1005 5255 1104 5323 τὴν
1148 5252 1329 5309 οὐσίαν
1365 5247 1576 5331 ὤφθην,
1620 5249 1704 5306 διὸ
1734 5252 1823 5307 καὶ
1858 5254 1884 5307 6
1916 5275 2051 5329 προ-

390 5347 569 5421 φήτης
604 5342 866 5416 ὁμοίωμα
898 5342 1047 5417 λέγει
1098 5342 1415 5417 ἑωρακέναι·
1479 5345 1662 5409 Quem
1711 5360 1888 5416 super
1918 5344 2051 5400 che-

384 5435 580 5490 rubim
601 5433 1032 5507 contemplatus
1064 5434 1377 5503 erat,hunc
1399 5434 1555 5489 videt
1583 5433 1807 5505 absque
1835 5433 2049 5491 cheru-

384 5523 838 5579 bim.Interdum
868 5522 1025 5580 enim
1060 5524 1171 5596 ipsi
1193 5522 1907 5589 formidabilis,interdum
1933 5524 2047 5579 mi-

2162 5253 2634 5310 contrahemus.»
2653 5256 2773 5313 Hoc
2794 5258 2842 5313 si
2865 5258 3097 5315 fecisset
3118 5260 3407 5335 interpres
3421 5265 3451 5320 .l
3459 5265 3638 5321 ustini
3664 5267 3827 5324 Lan-

2160 5360 2415 5417 gus,non
2438 5343 2523 5400 ita
2548 5346 2795 5403 obscure
2816 5348 3122 5406 extulisset
3137 5351 3332 5408 locum
3355 5354 3523 5411 illum
3549 5357 3829 5425 Quaestio-

2157 5452 2296 5491 num
2324 5435 2394 5491 ad
2424 5435 2658 5506 Graecos,
2692 5455 2826 5510 pag.
2862 5440 2964 5494 137
2991 5441 3130 5496 edit.
3173 5442 3476 5501 Commel:
3534 5445 3824 5521 Ἀναιρου-

2161 5524 2324 5598 μένου
2352 5527 2448 5578 τοῦ
2482 5521 2678 5593 ἄλλου,
2711 5524 2801 5579 καὶ
2845 5525 3043 5597 ἄλλου,
3086 5528 3495 5605 ἀναιρεθήσεται
3547 5532 3598 5605 ἐξ
3657 5536 3828 5614 ἀνάγ-

383 5613 462 5668 tis
503 5616 769 5685 apparet,
802 5613 1002 5669 omnia
1022 5631 1126 5685 pro
1158 5612 1410 5669 utilitate
1439 5614 1818 5687 dispensans.
1850 5614 2045 5686 Ipsius

2183 5636 2254 5685 ,ης
2278 5617 2340 5669 τὸ
2370 5614 2563 5668 ταύτὸν
2595 5621 2695 5684 τῆς
2725 5614 2913 5679 οὐσίας
2966 5621 3063 5673 τοῦ
3107 5624 3241 5674 Θεοῦ
3299 5621 3389 5676 καὶ
3418 5629 3520 5693 τῆς
3582 5612 3824 5699 βουλῆξ.

387 5701 543 5757 enim
577 5700 801 5757 dictum
826 5706 917 5757 est
933 5700 1077 5758 illud
1107 5721 1120 5759 :
1156 5704 1273 5774 Ego
1291 5703 1546 5760 visiones
1572 5702 2045 5775 multiplicavi,et
2157 5725 2185 5757 α
2215 5704 2338 5761 Alio
2371 5709 2549 5776 atque
2575 5703 2687 5761 alio
2720 5704 2976 5778 sublato,
3028 5708 3268 5769 tolletur
3299 5716 3632 5771 necessario
3664 5721 3726 5774 et
3759 5718 3825 5777 id
