4156 6374
297 373 319 431 i
330 369 446 429 037

1367 360 1447 419 IN
1494 357 1767 418 LIBROS
1812 359 2126 451 CQNTRA
2176 360 2631 424 EUNOMIUM.

3551 372 3711 433 1038

287 505 439 578 quod
471 504 627 560 idem
648 502 726 559 sit
754 498 1021 557 essentiae
1052 497 1152 554 Dei
1183 500 1240 553 et
1267 493 1613 552 voluntatis.
1634 515 1661 544 »
1711 492 1940 550 Clarius
1968 497 2022 564 Α
2053 498 2136 550 ter
2160 510 2311 551 meus
2337 499 2518 570 major
2544 514 2630 554 me
2672 504 2756 555 est
2784 518 2803 556 :
2834 500 2984 558 illud
3034 506 3248 575 autem,
3283 503 3311 558 6
3360 502 3581 579 πέμψας
3643 526 3714 580 με

290 595 558 662 dixisset,
584 616 611 644 ‹‹
646 592 886 648 tolletur
916 586 1246 645 necessario
1278 584 1554 640 identitas
1585 582 1853 639 essentias
1888 588 1943 639 et

294 684 617 742 voluntatis
654 682 816 738 Dei.»
846 680 938 734 Sic
968 679 1027 734 in
1054 677 1403 750 Expositione
1435 674 1583 747 ﬁdei,
1614 691 1670 747 p.
1697 674 1803 728 296
1832 690 1843 729 :
1873 671 1952 728 T6

295 773 489 829 ταύτὸν
519 775 618 838 τῆς
652 769 837 831 οὐσίας
868 764 1325 843 ἐπαγγειλάμενοι
1369 762 1578 833 δείξειν·
1615 788 1633 813 α
1668 764 1811 819 Cum
1844 779 1953 819 n08

300 865 810 920 demonstraturos
824 857 1219 930 receperimus
1238 854 1524 910 unitatem
1544 853 1666 909 sive
1683 852 1955 907 identita-

300 960 421 1009 tem
452 950 719 1008 essentiae
751 948 1074 1005 Trinitatis.
1112 968 1139 995 »
1171 944 1478 1018 Reperitur
1508 947 1566 999 et
1587 943 1743 1013 apud
1776 940 1954 996 Isido-

304 1059 459 1111 rum,
493 1040 595 1096 lib.
629 1057 705 1110 ιν,
737 1038 907 1111 epist.
936 1036 1067 1103 228,
1099 1052 1208 1091 vox
1257 1030 1546 1101 ταυτότης.
1572 1032 1685 1084 Ἵνα
1713 1028 1749 1104 ᾗ
1788 1047 1957 1103 παρα-

304 1128 586 1206 δείγματα,
617 1127 706 1182 καὶ
759 1127 835 1200 μὴ
882 1125 1151 1195 ταυτότης
1209 1119 1315 1193 εἷή·
1352 1146 1379 1173 ‹‹
1413 1122 1488 1179 Ut
1518 1121 1634 1177 sint
1666 1118 1954 1191 exempla,

303 1227 360 1279 ct
390 1238 503 1278 non
538 1219 619 1275 rei
651 1218 931 1275 identitas
960 1218 1180 1272 evadat.
1215 1238 1237 1267 ιι
1285 1213 1549 1269 Bessario
1581 1212 1822 1267 demum
1856 1208 1955 1264 Ni-

305 1328 502 1368 cainus
534 1310 689 1382 apud
724 1306 1125 1377 Aristotelem,
1158 1304 1261 1360 lib.
1295 1321 1372 1373 ιν,
1406 1320 1455 1358 c.
1488 1303 1523 1356 9
1553 1302 1955 1374 Metaphysico-

303 1418 431 1456 rum
452 1400 524 1456 ab
559 1400 665 1455 hac
697 1413 831 1454 voce
863 1414 975 1452 non
1008 1395 1326 1451 abstinuit:
1355 1394 1516 1445 Ὥστε
1545 1387 1894 1469 φανερὸν,ὅτι
1918 1391 1952 1459 ἡ

302 1489 571 1558 ταυτότης
616 1485 805 1556 ἑνότης
851 1484 930 1546 τίς
980 1484 1139 1551 ἐστιν,
1256 1478 1528 1536 πλειόνων
1578 1483 1675 1533 τοῦ
1728 1478 1884 1548 εἶναι,
1917 1480 1953 1550 ἢ

304 1576 427 1633 ὅταν
459 1578 661 1652 χρῆται
691 1576 763 1637 ὡς
789 1572 1053 1629 πλείοσιν·
1086 1596 1113 1623 ‹‹
1149 1575 1337 1639 Quare
1368 1573 1550 1643 patet,
1582 1569 1739 1640 quod
1788 1568 1956 1623 iden-

304 1670 443 1726 titas
475 1668 673 1724 unitas
703 1666 971 1738 quaedam
1003 1662 1269 1719 essentia:
1293 1666 1400 1732 est,
1422 1663 1521 1716 aut
1554 1658 1958 1732 plurium,aut

307 1775 443 1814 cum
475 1762 542 1813 ut
572 1756 842 1829 pluribus
892 1758 1112 1810 utatur.
1145 1774 1173 1803 »
1208 1749 1534 1807 Plerionius
1571 1748 1735 1815 dixit,
1769 1771 1798 1799 ‹‹
1829 1749 1957 1819 ejus

307 1848 467 1920 quod
498 1847 654 1902 idem
685 1849 772 1901 est
798 1844 1108 1909 rationem,
1139 1840 1512 1896 identitatem
1540 1848 1769 1893 vocant.
1805 1858 1834 1887 »

380 1935 502 1992 Col.
532 1935 639 1990 553
696 1934 737 1989 Β
798 1935 883 1988 12.
917 1929 1290 2001 Έκτείνωμεν.
1320 1928 1387 1983 Η.
1425 1945 1535 1984 ms.
1572 1920 1952 1999 ἐκϐάλλωμεν.

310 2026 381 2081 Et
407 2043 542 2081 mox
571 2026 789 2099 πρῶτος
811 2022 838 2076 6
862 2017 918 2075 δὲ
949 2019 1259 2094 ὕστερος,οῒ.
1280 2019 1741 2090 itaTrapezunt.,
1763 2039 1789 2066 ‹‹
1809 2019 1957 2089 prio-

309 2131 433 2171 rem
466 2119 523 2170 et
552 2112 958 2187 posteriorem.
983 2132 1011 2162 »
1045 2111 1114 2165 Et
1145 2125 1351 2164 rursus
1382 2109 1621 2182 πρῶτος,
1655 2106 1683 2160 6
1715 2102 1772 2160 δὲ
1804 2104 1957 2158 ὕστε-

310 2224 422 2279 ρος.
481 2208 627 2261 Item
687 2200 861 2274 paulo
921 2204 1054 2273 post
1110 2199 1393 2275 ἀναγκαῖον
1456 2192 1692 2259 ἐντεῦοεν
1764 2192 1955 2263 οἷέται,

311 2291 774 2359 emendavimus,
810 2307 879 2346 ex
908 2290 1111 2345 eodem
1142 2287 1357 2361 Regio;
1391 2303 1526 2342 cum
1568 2290 1625 2342 et
1650 2285 1875 2340 Veneta
1901 2288 1960 2341 et

307 2384 438 2440 Bas.
459 2386 516 2439 et
538 2382 740 2453 Steph.
757 2380 1044 2453 ἀναγκαῖον
1077 2394 1382 2451 perperam
1404 2376 1626 2432 editum
1655 2374 1955 2443 haberent,

308 2476 366 2530 et
385 2474 673 2544 interpres
692 2470 872 2527 nimis
893 2469 1145 2537 concise,
1172 2490 1200 2519 (ι
1221 2468 1484 2540 seipsum
1509 2465 1958 2535 extrudens,ne-

307 2561 626 2619 cessariam
651 2576 713 2616 se
731 2563 898 2632 putat
919 2574 1161 2613 suorum
1179 2553 1959 2627 dogmatumtradidissedo-

309 2652 582 2708 otrinam.
607 2672 634 2700 »
656 2649 806 2707 Male
827 2648 1001 2704 etiam
1025 2647 1361 2714 Cornarius,
1389 2645 1561 2717 quasi
1592 2643 1828 2717 legisset
1852 2640 1960 2696 δια-

310 2738 509 2815 δοχήν,
527 2757 641 2796 ιιοιι
659 2733 1002 2813 παραδοχήν,
1030 2759 1058 2788 ι(
1079 2735 1490 2792 Necessarium
1510 2733 1649 2790 hinc
1674 2733 1962 2789 arbitran-

308 2837 407 2886 tur
438 2830 807 2902 propriorum
836 2828 1175 2898 dogmatum
1210 2824 1645 2881 successionem
1682 2823 1957 2879 ostende-

307 2937 389 2977 re.
411 2942 439 2972 »
463 2920 572 2975 Sed
604 2919 759 2990 quod
793 2913 1298 2990 ρι’ωοθεδίῐμαῖτᾶ
1327 2911 1601 2969 ἀκόλουθα
1632 2907 1814 2969 λαϐὼν
1841 2916 1959 2974 ταῖς

310 3009 615 3078 ὑποθέσεσι,
650 3011 802 3064 recte
836 3006 1254 3079 interpretatus
1292 3010 1445 3077 est,»
1472 3021 1606 3060 cum
1629 3020 1697 3060 ea
1724 3020 1850 3075 quae
1883 3003 1954 3057 ad

304 3099 624 3156 constituta
645 3100 998 3168 argumenta
1023 3099 1468 3166 consequuntur
1488 3092 1898 3163 assumpscrit.
1927 3112 1955 3141 »

306 3189 368 3244 In
384 3188 450 3243 H.
470 3188 708 3242 διαιτῶν
735 3181 1001 3239 τοιούτων
1019 3180 1567 3256 δογμάτιυν,ριότῶν
1604 3176 1754 3235 ἰδίων
1790 3176 1953 3255 δογμ.

373 3293 493 3349 Col.
525 3294 631 3348 556
662 3292 703 3347 ο
733 3293 787 3348 2.
821 3292 953 3352 Τοῖς
987 3288 1045 3343 ἐκ
1073 3289 1299 3365 χρόνου.
1337 3290 1681 3346 Addidimus
1719 3305 1788 3344 ex
1835 3305 1946 3344 ms.
1980 3263 2027 3330 Ο

304 3401 504 3441 vocem
535 3375 864 3455 πρεσϐείοις,
880 3397 1059 3453 quam
1081 3385 1134 3437 et
1159 3381 1550 3453 praecedentia
1574 3380 1955 3452 repetendam

299 3476 483 3533 fuisse
505 3475 807 3543 docent,et
827 3473 1117 3544 interpres
1136 3489 1199 3528 se
1220 3472 1279 3527 in
1304 3471 1640 3545 apographo
1666 3488 1772 3528 suo
1792 3487 1955 3544 repe-

304 3565 454 3622 risse
480 3556 729 3633 indicat,
753 3578 886 3617 cum
911 3560 1012 3630 ait,
1038 3583 1066 3612 «
1093 3564 1150 3617 et
1169 3561 1452 3634 temporis
1488 3561 1895 3617 eminentiam.
1927 3582 1956 3612 »

304 3655 470 3711 Idem
485 3670 595 3709 ms.
612 3669 714 3723 pro
726 3654 994 3726 ταχθεῖσα
1005 3650 1292 3724 scriptum
1307 3650 1570 3707 exhibuit
1583 3646 1958 3725 διαταχθεῖσα,

316 3765 338 3793 σι
375 3740 729 3812 dispositus.
771 3760 800 3789 »

387 3829 506 3885 Col.
529 3830 635 3884 557
666 3827 782 3884 09.
814 3828 1028 3889 Ὅσοις.
1090 3832 1230 3895 Quae
1273 3839 1603 3902 sequuntur
1657 3832 1855 3901 verba,
1906 3828 1957 3885 ἐν

317 3915 511 3981 ἄλλοις
542 3916 679 3972 κατὰ
724 3915 961 3989 τούτων,
992 3934 1063 3973 ex
1091 3917 1267 3974 variis
1287 3919 1650 3977 iectionibus
1697 3922 1860 3993 Regii
1894 3922 1960 3978 Η.

316 4009 445 4066 sine
474 4025 652 4065 causa
680 4012 821 4065 sunt
852 4008 1036 4065 textui
1093 4006 1333 4077 inerte,
1367 4026 1473 4065 nec
1525 4011 1596 4066 ab
1647 4010 1964 4082 interprete

317 4103 724 4171 agnoscuntur
757 4097 898 4154 :sed
929 4097 1104 4171 paulo
1135 4103 1271 4169 post
1300 4098 1495 4169 aptius
1544 4098 1850 4172 legebatur
1905 4101 1965 4156 in

321 4187 526 4243 eodem
562 4187 630 4242 H.
664 4185 715 4239 τί
746 4183 836 4241 οὖν
871 4185 1044 4240 ἐκεῖνο
1075 4187 1136 4240 τὸ
1169 4182 1463 4259 διάστημα.
1498 4189 1645 4244 Ibid.
1680 4189 1969 4257 infra,Sed
2016 4186 2018 4188 V

323 4276 559 4333 videtur.
590 4280 723 4332 Haec
752 4277 1069 4332 immutata
1097 4280 1256 4346 sunt,
1290 4276 1406 4332 illis
1436 4277 1661 4348 ejectis,
1694 4301 1722 4329 ‹‹
1756 4278 1969 4336 Verum

330 4371 395 4423 ut
422 4366 652 4422 videtur
665 4369 721 4421 et
750 4382 967 4438 magna
986 4365 1207 4437 ingenii
1224 4366 1449 4422 vidiem
1471 4383 1536 4423 ac
1550 4373 1779 4425 noctem
1802 4370 1974 4442 quasi

326 4455 634 4511 stellarum
666 4458 830 4510 motu
863 4458 1031 4527 putat
1063 4455 1210 4527 ﬁeri,
1241 4460 1300 4511 et
1330 4455 1439 4513 has
1468 4472 1597 4514 esse
1626 4463 1843 4531 partes.
1874 4481 1902 4509 »

399 4562 521 4618 Col.
553 4561 659 4617 559
688 4566 727 4617 C
752 4563 807 4616 6.
839 4562 906 4617 Et
934 4562 1202 4619 scarabei.
1235 4563 1360 4619 Non
1394 4586 1423 4615 «
1467 4564 1818 4636 papiliones,
1851 4589 1878 4618 »
1914 4570 1976 4623 ut

2062 583 2272 658 Πατήρ,
2302 585 2555 642 ascitum
2588 592 2676 644 est
2706 606 2774 645 ex
2803 590 2916 648 alio
2958 592 3208 650 Joannis
3248 595 3400 665 loco,
3431 597 3716 654 nimirum

2058 673 2147 735 vel
2208 690 2277 729 ex
2331 675 2501 731 Joan.
2532 694 2656 744 VIII,
2690 680 2758 734 16
2792 698 2804 735 :
2838 681 2961 737 ’Ότι
3024 680 3192 754 μόνος
3250 681 3349 738 οὐκ
3400 683 3537 758 εἷμὶ,
3586 683 3714 741 ἀλλ’

2063 759 2305 837 ἐγὼ,καὶ
2339 764 2366 818 ὁ
2398 765 2614 840 πεμψας
2667 788 2733 841 με
2784 772 2989 846 Πατήρ·
3027 774 3168 842 Quia
3216 775 3363 830 solus
3410 792 3520 832 non
3567 792 3712 847 sum,

2061 853 2153 908 sed
2182 869 2299 922 ego,
2330 857 2381 910 et
2410 858 2509 927 qui
2555 859 2707 914 misit
2753 876 2838 916 me
2885 868 3088 926 Pater;
3120 863 3206 919 vel
3237 880 3305 921 ex
3334 881 3439 933 χιι,
3471 864 3543 921 49
3576 882 3589 921 :
3622 864 3713 937 Ἐξ

2063 939 2301 1014 ἐμαυτοῦ
2361 942 2461 997 οὐκ
2510 942 2778 1016 ἐλαλησα,
2824 946 2952 1003 ἀλλ’
3009 950 3036 1004 ὁ
3094 948 3312 1026 πέμψας
3373 972 3441 1026 με
3496 954 3712 1030 Πατήρ.

2062 1034 2146 1087 Ea:
2176 1034 2379 1105 meipso
2408 1051 2520 1090 non
2552 1053 2674 1091 sum
2705 1038 2938 1106 loculus,
2968 1040 3061 1097 sed
3088 1043 3182 1113 qui
3210 1044 3359 1100 misit
3387 1060 3474 1100 me
3519 1047 3711 1101 Pater.

2064 1122 2209 1177 Cum
2239 1123 2419 1196 igitur
2448 1123 2571 1181 haec
2608 1127 2690 1182 ita
2712 1129 2973 1199 junxerit
3004 1131 3276 1201 Basilius,
3309 1133 3498 1190 ﬁdelis
3527 1133 3710 1191 inter-

2064 1214 2247 1284 pretis
2277 1214 2387 1270 fuit
2409 1214 2548 1287 hac,
2576 1217 2661 1273 uti
2691 1223 2858 1274 erant
2886 1218 2947 1275 in
2976 1221 3211 1291 Graecis,
3233 1223 3435 1279 Latine
3466 1240 3711 1281 conver-

2064 1307 2206 1368 tere,
2232 1320 2347 1359 non
2370 1305 2760 1377 supprimere,
2787 1311 2852 1363 ut
2881 1311 3213 1381 suppressit
3231 1311 3369 1368 The.
3390 1312 3541 1369 Beza
3568 1314 3718 1370 duo-

2065 1392 2177 1448 bus
2206 1391 2371 1460 locis,
2404 1410 2459 1464 p.
2493 1396 2599 1451 260
2626 1400 2684 1451 et
2714 1413 2772 1467 p.
2816 1398 2947 1466 263,
2984 1399 3248 1458 scribens
3279 1406 3532 1474 tantum,
3553 1404 3720 1461 Pater

2065 1481 2244 1553 major
2271 1498 2357 1538 me
2385 1492 2484 1538 est.
2521 1484 2802 1551 Eumdem
2841 1485 3037 1543 locum
3087 1491 3368 1545 adversus
3395 1492 3717 1548 Eunomia-

2066 1587 2173 1626 nos
2203 1575 2259 1627 et
2290 1571 2539 1629 Arianos
2568 1577 2881 1632 tractatum
2911 1577 3172 1634 oﬂ‘endes
3202 1578 3305 1636 lib.
3338 1597 3417 1646 ιν,
3447 1583 3505 1636 et
3533 1582 3712 1653 epist.

2068 1661 2167 1715 141
2202 1662 2272 1716 ad
2316 1662 2724 1733 Caesarienses,
2753 1670 2811 1721 et
2859 1669 3014 1739 apud
3065 1667 3479 1739 Athanasium,
3509 1675 3656 1727 orat.
3686 1675 3724 1727 2

2067 1750 2332 1806 adversus
2380 1754 2635 1824 Arianos,
2685 1772 2743 1826 p.
2800 1756 2896 1811 181
2933 1754 3150 1831 εἈλλά
3209 1755 3409 1829 μείζων
3455 1758 3596 1814 εἶπεν
3658 1758 3720 1815 οὐ

2073 1840 2281 1914 μεγέθει
2313 1837 2439 1895 οὐδὲ
2469 1841 2678 1917 χρόνῳ,
2715 1841 2861 1905 ἀλλά
2888 1842 2977 1899 διὰ
3005 1848 3106 1914 τήν
3153 1845 3202 1919 ἐξ
3248 1846 3413 1903 αὐτοῦ
3460 1852 3557 1904 τοῦ
3606 1855 3716 1904 Πα-

2063 1929 2192 2004 τρὸς
2223 1928 2494 2004 γέννησιν·
2528 1954 2556 1983 ‹‹
2583 1933 2769 2004 Major
2799 1951 2893 1990 me
2922 1940 3013 1991 est
3041 1953 3159 1992 non
3200 1937 3441 2009 quidem
3484 1941 3714 2013 magni-

2064 2020 2271 2076 tudine
2302 2026 2403 2076 aut
2433 2026 2618 2093 (state,
2651 2024 2754 2079 sed
2786 2025 2928 2096 quia
2957 2043 3025 2082 ex
3062 2026 3162 2082 illo
3202 2031 3396 2084 ortum
3450 2028 3648 2101 habet,
3681 2053 3711 2082 ››

2067 2115 2124 2167 et
2156 2111 2213 2165 in
2246 2111 2396 2166 libro
2420 2114 2495 2168 De
2522 2113 2769 2170 humana
2792 2123 2997 2171 natura
3024 2121 3294 2189 suscepta,
3324 2122 3381 2173 et
3425 2120 3581 2191 apud
3612 2119 3715 2175 Hi-

2067 2199 2280 2256 larium
2314 2200 2415 2256 lib.
2450 2218 2506 2256 Ix
2536 2204 2613 2259 De
2646 2204 2930 2276 Trinitate,
2963 2210 3021 2261 et
3050 2204 3108 2260 in
3140 2205 3291 2263 libro
3338 2208 3415 2264 De
3456 2209 3714 2281 synodis,

2068 2296 2126 2347 et
2154 2293 2323 2363 Greg.
2357 2291 2491 2348 Naz.
2526 2296 2672 2349 orat.
2704 2294 2737 2348 4
2767 2294 2837 2350 de
2866 2294 3181 2369 theologia.
3198 2295 3345 2353 Vide
3375 2297 3554 2354 etiam
3585 2298 3718 2356 Bel-

2067 2381 2389 2437 larminum
2412 2383 2570 2439 card.
2595 2381 2923 2455 illustriss.,
2955 2384 3060 2442 lib.
3083 2403 3102 2441 1
3124 2387 3199 2443 De
3228 2385 3465 2457 Christo,
3484 2405 3611 2461 cap.
3633 2390 3720 2444 16.

2139 2488 2259 2545 Col.
2317 2490 2422 2544 570
2476 2495 2539 2544 B.
2573 2490 2975 2563 Comparative.
3008 2493 3161 2570 Non,
3221 2495 3719 2566 comparationem

2070 2578 2334 2651 majoris,
2359 2584 2425 2636 ut
2444 2581 2706 2638 ediderat
2726 2581 3035 2654 interpres,
3060 2584 3183 2655 sed,
3208 2585 3427 2656 majus,
3451 2585 3608 2657 quod
3655 2602 3725 2642 ex

2069 2669 2506 2741 comparatione
2536 2668 2774 2741 dicitur,
2807 2676 2864 2726 et
2892 2671 3080 2728 solam
3113 2672 3509 2730 diversitatem
3564 2674 3723 2746 prin-

2070 2757 2207 2830 cipii
2235 2757 2323 2815 vel
2354 2758 2599 2831 originis
2626 2758 2867 2828 indicat,
2895 2762 3051 2834 quod
3085 2762 3365 2819 nimirum
3398 2764 3719 2821 essentiam

2069 2866 2102 2903 a
2128 2850 2292 2904 Patre
2323 2848 2539 2905 habeat
2564 2849 2765 2921 Filius,
2785 2868 2899 2907 non
2924 2852 3091 2908 Pater
3119 2852 3439 2910 essentiam
3471 2854 3601 2911 Filii
3625 2871 3723 2912 es-

2067 2939 2259 2994 sentia
2290 2939 2596 3010 majorem.
2640 3001 2645 3005 ,

2139 3028 2284 3083 lbid.
2308 3032 2370 3085 D.
2390 3028 2511 3084 Tale
2530 3044 2789 3102 namque.
2806 3027 3285 3104 Ἀπροσπὲλαστον
3318 3048 3434 3088 non
3457 3033 3602 3090 satis
3619 3049 3718 3090 ex-

2065 3132 2336 3187 pressum
2358 3122 2484 3173 erat
2499 3116 2609 3174 hoc
2627 3119 2801 3175 modo
2827 3136 2839 3174 :
2869 3140 2897 3172 α
2916 3118 3054 3176 Tale
3068 3136 3324 3193 namque
3337 3121 3720 3195 incompara-

2066 3204 2181 3260 bile
2201 3209 2310 3277 est,
2330 3209 2396 3261 ut
2417 3207 2486 3262 ab
2511 3207 2787 3264 omnibus
2810 3208 3028 3280 pariter
3048 3209 3330 3282 distet,|et
3357 3210 3509 3268 nulli
3530 3213 3609 3269 sit
3626 3229 3722 3271 ac-

2065 3293 2554 3361 cessibile.Quare
2567 3295 2616 3353 si
2630 3297 2934 3370 aequaliter
2949 3298 3082 3355 aliis
3096 3317 3130 3356 a
3147 3303 3320 3358 Patre
3338 3300 3518 3358 Filius
3535 3303 3723 3376 deest,

2064 3384 2305 3458 aequalis
2318 3384 2434 3441 illis
2447 3389 2557 3453 est,
2572 3386 2927 3459 quibuscum
2944 3389 3128 3446 deest.
3140 3412 3169 3441 »
3181 3388 3602 3446 Ἀπολείπεσθαι
3629 3391 3723 3448 hic

2065 3478 2237 3532 sonat
2250 3475 2455 3532 abesse
2474 3476 2547 3532 ab
2568 3476 2765 3549 aliquo
2790 3476 2879 3535 vel
2899 3478 2971 3534 ab
2993 3478 3093 3536 illo
3120 3480 3360 3538 distare.
3377 3482 3460 3538 Ib.
3478 3499 3583 3555 pro
3604 3501 3726 3557 συγ-

2064 3562 2304 3639 κρίνοιτο
2364 3582 2471 3622 ms.
2507 3566 2574 3621 H.
2608 3565 2838 3639 legebat
2896 3567 3254 3643 συγκρίνεται,
3303 3577 3360 3627 et
3410 3569 3724 3644 μνημονεύ-

2068 3673 2271 3727 σωμεν,
2306 3671 2409 3726 pro
2434 3654 2909 3729 μνημονεύσομεν.
2938 3659 3202 3717 Subinde
3237 3658 3397 3723 οὗτος
3430 3656 3509 3719 δὲ.
3542 3662 3722 3719 Recta

2067 3744 2262 3813 lectio,
2287 3744 2841 3818 etlegitima,quam
2872 3751 2945 3804 Η.
2980 3749 3198 3822 Regius
3229 3752 3409 3807 codex
3437 3752 3724 3825 suppedi-

2069 3838 2179 3906 tat,
2207 3839 2309 3903 τῆς
2337 3831 2397 3888 ἐκ
2426 3830 2637 3908 φύσεως
2666 3834 2813 3908 αὐτῷ
2866 3837 3243 3914 ὑπαρχούσης,
3273 3857 3391 3897 non
3436 3845 3502 3898 ut
3547 3840 3717 3915 Ven.,

2070 3924 2249 3980 Basil.
2297 3932 2351 3981 et
2395 3925 2677 3997 Stephani
2718 3928 3026 3997 editiones,
3057 3929 3156 3999 τὴν
3200 3928 3260 3984 ἐκ
3307 3928 3514 4005 φύσι-,ως
3563 3930 3714 4004 αὐτῷ

2074 4011 2428 4089 ὑπάρχουσαν
2463 4012 2791 4085 οἰκειότητα.
2810 4019 2968 4075 Solet
2989 4019 3147 4075 enim
3179 4037 3247 4076 ex
3273 4020 3494 4091 regulis
3523 4038 3722 4094 gram-

2076 4103 2321 4159 matices
2353 4103 2555 4179 στερὲω
2585 4106 2842 4178 genitivo
2864 4108 3160 4181 reijuagi,
3185 4126 3299 4181 qua
3331 4111 3597 4182 privatur
3615 4110 3724 4166 ali-

2077 4194 2230 4265 quis,
2266 4197 2331 4248 ut
2360 4194 2661 4267 στερεῖσθαι
2695 4202 2958 4270 κεφαλῆς,
2991 4201 3290 4271 στερεῖσθαι
3334 4204 3436 4267 τῆς
3480 4195 3724 4268 πόλεως,

2078 4285 2256 4355 capite
2285 4284 2369 4340 vel
2398 4284 2534 4341 urbe
2560 4288 2798 4356 privari.
2836 4286 2984 4343 Beza
3012 4304 3127 4344 non
3169 4287 3313 4345 satis
3343 4289 3634 4362 expressit
3658 4288 3730 4345 il-

2080 4373 2206 4442 lud,
2241 4369 2302 4426 ἐκ
2326 4372 2535 4449 φύσεως
2575 4371 2949 4447 ὑπαρχούσης·
2985 4398 3013 4426 ‹‹
3055 4376 3248 4433 Privat
3276 4394 3345 4435 ea
3389 4378 3519 4450 ipsa
3558 4378 3739 4436 insita

2085 4461 2540 4533 necessitudine,
2575 4478 2702 4534 quae
2734 4462 2848 4535 ipsi
2888 4480 3024 4520 cum
3072 4470 3314 4536 parente
3343 4466 3672 4538 intercedit.
3705 4489 3736 4518 »

2086 4552 2167 4606 Ex
2187 4552 2393 4608 eodem
2424 4551 2600 4624 Regio
2623 4552 2822 4609 codice
2843 4554 3181 4610 addendum
3203 4555 3335 4626 fuit,
3357 4557 3516 4628 quod
3533 4557 3605 4613 ab
3635 4574 3739 4615 ex-

332 4651 649 4723 scripserat
677 4654 912 4723 Trapez.
947 4651 1095 4708 Nam
1125 4650 1271 4727 παρά
1314 4652 1405 4707 τὸν
1447 4653 1696 4709 κάνθωνα
1737 4656 1977 4713 deduci.
2007 4645 2055 4710 D
2087 4642 2246 4698 cusis
2276 4640 2781 4707 aberat,clausula
2804 4642 3085 4700 nimirum
3110 4644 3228 4708 illa,
3248 4661 3423 4717 quam
3447 4646 3738 4718 interpres

333 4745 432 4795 tur
464 4757 679 4798 nomen
708 4740 994 4814 κάνθαρος,
1026 4743 1182 4814 quod
1204 4744 1523 4809 scarabeus
1554 4761 1624 4801 ex
1655 4746 1807 4802 asini
1830 4751 1982 4803 ster-

334 4845 467 4885 core
492 4834 792 4902 nascatur,
825 4835 891 4886 ut
915 4829 1531 4905 xzvﬁapdc,scarabeus
1555 4833 1657 4904 qui
1686 4834 1987 4890 frumenta

335 4919 543 4975 erodit.
567 4920 703 4976 Post
725 4936 910 4992 pauca
936 4920 997 4976 in
1022 4921 1498 4994 interpretatione
1528 4924 1840 4981 verborum
1874 4927 1984 4979 Eu-

339 5009 521 5065 nomii
552 5009 672 5066 haec
703 5010 1079 5082 sustulimus,
1095 5034 1123 5062 «
1139 5013 1317 5085 Atqui
1339 5012 1483 5069 dicit
1512 5030 1617 5069 nec
1651 5019 1715 5070 ut
1734 5013 1990 5087 qualitas

338 5105 442 5155 aut
470 5099 675 5169 moles,
709 5105 811 5157 aut
841 5102 1140 5172 quantitas
1169 5101 1229 5157 in
1263 5102 1597 5160 substantia
1626 5104 1730 5160 Dei
1778 5103 1993 5177 poterit

339 5189 647 5245 inhaerere.
681 5189 957 5247 Liberum
1007 5190 1164 5248 enim
1221 5192 1294 5248 ab
1350 5192 1513 5248 omni
1569 5194 1994 5265 compositione

346 5282 530 5335 Deum
556 5296 687 5336 esse
717 5296 957 5338 necesse
985 5286 1093 5338 est.
1128 5304 1155 5333 ››
1187 5282 1300 5338 Sed
1348 5281 1410 5338 in
1448 5283 1641 5340 verbis
1696 5284 1995 5358 Evangelii

347 5368 652 5441 legebatur
708 5386 778 5426 ex
835 5388 946 5426 ms.
987 5371 1055 5438 H,
1089 5370 1116 5425 ὁ
1146 5370 1365 5444 πέμψας
1421 5390 1487 5443 με
1534 5372 1722 5445 Πατὴρ
1773 5373 1994 5447 μείζων,

348 5475 465 5514 non
498 5462 564 5513 ut
585 5458 646 5513 in
678 5475 893 5515 excuso
923 5460 950 5513 6
981 5462 1166 5534 Πατὴρ
1190 5460 1217 5514 ὁ
1248 5461 1490 5535 πεμψας,
1522 5468 1579 5517 et
1608 5463 1688 5519 ita
1717 5464 2000 5522 collocan-

347 5553 446 5604 tur
473 5547 596 5603 haec
624 5549 974 5619 verba,cum
1005 5550 1185 5606 simul
1209 5552 1547 5624 junguntur
1578 5553 1635 5608 in
1654 5553 1996 5626 Evangelio:

352 5655 485 5695 nam
518 5637 764 5694 Joannis
795 5639 1035 5711 quidem
1066 5657 1181 5706 xw,
1210 5643 1304 5709 28,
1344 5647 1576 5698 tantum
1610 5642 1731 5700 haec
1776 5644 2000 5702 haben-

354 5733 475 5802 tur,
509 5728 631 5785 ’Ότι
664 5727 692 5782 ὁ
724 5729 909 5801 Πατήρ
967 5742 1074 5803 μου
1130 5729 1335 5803 μείζων
1390 5751 1493 5803 μου
1550 5730 1681 5803 ἐστί,
1720 5735 1862 5803 Quia
1888 5739 2003 5794 Ρα-

2094 4730 2307 4803 adjecit
2324 4730 2645 4788 Latinitate
2672 4734 2967 4801 donatam,
3000 4730 3148 4788 ἀλλὰ
3191 4732 3282 4789 καὶ
3314 4732 3444 4789 αὐτὸ
3474 4734 3647 4805 ἑαυτῷ
3677 4733 3740 4789 οὗ

2091 4822 2302 4896 γένοιτο
2361 4818 2707 4893 λυτρωθῆναι
2755 4824 2905 4895 ἡμᾶς
2965 4823 3155 4897 χάριτι
3208 4826 3306 4877 τοῦ
3353 4823 3554 4897 Κυρίου
3583 4825 3746 4895 ἡμῶν

2096 4910 2279 4979 Ἰησοῦ
2309 4912 2565 4983 Χριστοῦ,
2602 4911 2719 4984 μεθ’
2752 4911 2814 4967 οὗ
2861 4916 2942 4985 τῷ
2990 4910 3213 4988 ἀνάρχῳ
3260 4912 3430 4987 ΙΙατρὶ
3485 4908 3610 4983 δόξα
3651 4910 3747 4968 σὺν

2099 4998 2242 5074 ἁγίῳ
2275 4997 2543 5074 Πνεύματι
2576 5005 2691 5070 νῦν,
2721 5001 2814 5057 καὶ
2845 5002 2948 5072 ἀεὶ,
2979 5001 3069 5057 καὶ
3102 5001 3179 5064 εἰς
3205 5000 3333 5063 τοὺς
3390 5000 3593 5065 αἰῶνας
3638 5002 3747 5058 τῶν

2101 5087 2337 5147 αἰώνων.
2396 5089 2597 5162 Ἀμήν.
2630 5096 2882 5148 Tantum
2930 5092 3100 5160 illud,
3139 5090 3386 5166 ἆνάρχῳ,
3424 5115 3446 5142 ι
3479 5092 3754 5166 principii

2102 5183 2356 5252 experte,
2390 5202 2418 5231 »
2448 5180 2536 5236 vel
2569 5198 2685 5238 non
2716 5180 2877 5254 legit,
2908 5180 2998 5237 vel
3019 5180 3273 5253 neglexit
3300 5181 3610 5253 interpres.

2175 5286 2291 5343 Col.
2319 5289 2427 5343 573
2456 5287 2516 5343 in
2566 5287 2781 5344 titulo:
2817 5287 2948 5362 Περὶ
3007 5287 3155 5356 rios,
3213 5290 3288 5344 De
3329 5289 3491 5345 Filio.
3527 5289 3632 5346 Hic
3687 5289 3757 5347 ti-

2104 5376 2265 5433 tulus
2295 5382 2386 5433 est
2415 5376 2547 5433 libri
2579 5378 2757 5448 hujus
2788 5377 2847 5432 in
2881 5376 3132 5447 excusis,
3155 5382 3212 5432 at
3268 5377 3327 5432 in
3378 5379 3443 5433 ll.
3479 5395 3591 5435 ms.
3624 5376 3755 5453 Περὶ

2110 5466 2237 5520 Υἱοῦ
2293 5462 2458 5540 λόγος
2516 5463 2784 5539 δεύτερος,
2818 5466 3094 5541 ἀνατροπή
3144 5469 3241 5520 τοῦ
3292 5463 3450 5521 ἀθέου
3483 5463 3759 5543 δόγματος

2109 5560 2204 5610 τοῦ
2234 5553 2528 5629 Εὐνομίου.
2566 5577 2594 5606 α
2628 5557 2800 5613 Liber
2827 5574 2868 5614 Il
2894 5559 2965 5613 de
2996 5556 3163 5624 Filio,
3196 5556 3472 5613 refutatio
3523 5559 3760 5630 dogma-

2118 5652 2241 5704 tum
2274 5646 2439 5719 impii
2472 5646 2813 5702 Eunomii.»
2843 5646 3219 5703 Subindezln
3247 5647 3447 5705 scholis
3474 5648 3765 5705 vanitu-

2106 5734 2467 5800 ὃασκαλείοις
2503 5735 2885 5810 ματαιότητος,
2919 5737 3005 5794 sic
3033 5736 3454 5810 interpretatus
3494 5740 3584 5795 est
3627 5736 3766 5794 Gor-
