  <div class='ocr_page' id='page_1' title='image "/cluster/home/n/w/nwhite01/storage/ocr_20150623/30:no.2/coo.31924054873116/533.png"; bbox 0 0 4156 6380; ppageno 0'>
   <div class='ocr_carea' id='block_1_1' title="bbox 389 419 548 484">
    <p class='ocr_par' dir='ltr' id='par_1_1' title="bbox 389 419 548 484">
     <span class='ocr_line' id='line_1_1' title="bbox 389 419 548 484; baseline 0.006 -1"><span class='ocrx_word' id='word_1_1' title='bbox 389 419 548 484; x_wconf 79' lang='grc'>1039</span> 
     </span>
    </p>
   </div>
   <div class='ocr_carea' id='block_1_2' title="bbox 1576 404 2616 476">
    <p class='ocr_par' dir='ltr' id='par_1_2' title="bbox 1576 404 2616 476">
     <span class='ocr_line' id='line_1_2' title="bbox 1576 404 2616 476; baseline -0.011 0"><span class='ocrx_word' id='word_1_2' title='bbox 1576 415 1627 476; x_wconf 85' lang='grc' dir='ltr'><strong>Ν</strong></span> <span class='ocrx_word' id='word_1_3' title='bbox 1634 413 1815 476; x_wconf 69' lang='grc' dir='ltr'><strong>ΟΤΛΕ</strong></span> <span class='ocrx_word' id='word_1_4' title='bbox 1857 408 2304 471; x_wconf 78' lang='lat' dir='ltr'><strong>FRONTONIS</strong></span> <span class='ocrx_word' id='word_1_5' title='bbox 2351 404 2616 468; x_wconf 69' lang='lat' dir='ltr'><strong>DUCEI</strong></span> 
     </span>
    </p>
   </div>
   <div class='ocr_carea' id='block_1_3' title="bbox 3656 397 3840 457">
    <p class='ocr_par' dir='ltr' id='par_1_3' title="bbox 3656 397 3840 457">
     <span class='ocr_line' id='line_1_3' title="bbox 3656 397 3840 457; baseline 0 0"><span class='ocrx_word' id='word_1_6' title='bbox 3656 397 3840 457; x_wconf 73' lang='grc'><strong>1040</strong></span> 
     </span>
    </p>
   </div>
   <div class='ocr_carea' id='block_1_4' title="bbox 391 523 2051 625">
    <p class='ocr_par' dir='ltr' id='par_1_4' title="bbox 391 540 2038 625">
     <span class='ocr_line' id='line_1_4' title="bbox 391 540 2038 625; baseline -0.009 -16"><span class='ocrx_word' id='word_1_7' title='bbox 391 552 787 624; x_wconf 87' lang='lat' dir='ltr'><strong>narius,quod</strong></span> <span class='ocrx_word' id='word_1_8' title='bbox 807 552 995 625; x_wconf 88' lang='lat' dir='ltr'><strong>magis</strong></span> <span class='ocrx_word' id='word_1_9' title='bbox 1019 550 1419 625; x_wconf 87' lang='lat' dir='ltr'><strong>plaeet,quam</strong></span> <span class='ocrx_word' id='word_1_10' title='bbox 1445 546 1598 619; x_wconf 90' lang='lat' dir='ltr'><strong>quod</strong></span> <span class='ocrx_word' id='word_1_11' title='bbox 1633 545 1898 615; x_wconf 88' lang='lat' dir='ltr'><strong>Trapez.,</strong></span> <span class='ocrx_word' id='word_1_12' title='bbox 1926 564 1947 590; x_wconf 80' lang='grc' dir='ltr'>ι</span> <span class='ocrx_word' id='word_1_13' title='bbox 1976 540 2038 595; x_wconf 93' lang='lat' dir='ltr'><strong>In</strong></span> 
     </span>
    </p>
   </div>
   <div class='ocr_carea' id='block_1_5' title="bbox 2167 523 3835 625">
    <p class='ocr_par' dir='ltr' id='par_1_5' title="bbox 2167 523 3835 604">
     <span class='ocr_line' id='line_1_5' title="bbox 2167 523 3835 604; baseline -0.008 -11"><span class='ocrx_word' id='word_1_14' title='bbox 2167 555 2287 594; x_wconf 86' lang='lat' dir='ltr'><strong>rum</strong></span> <span class='ocrx_word' id='word_1_15' title='bbox 2313 553 2447 593; x_wconf 91' lang='lat' dir='ltr'><strong>cum</strong></span> <span class='ocrx_word' id='word_1_16' title='bbox 2469 537 2527 591; x_wconf 92' lang='lat' dir='ltr'><strong>in</strong></span> <span class='ocrx_word' id='word_1_17' title='bbox 2551 535 2745 592; x_wconf 79' lang='lat' dir='ltr'><strong>verbis</strong></span> <span class='ocrx_word' id='word_1_18' title='bbox 2766 532 3059 602; x_wconf 88' lang='lat' dir='ltr'><strong>Eunomii,</strong></span> <span class='ocrx_word' id='word_1_19' title='bbox 3085 531 3186 586; x_wconf 77' lang='grc' dir='ltr'><strong>οὐκ</strong></span> <span class='ocrx_word' id='word_1_20' title='bbox 3212 527 3373 585; x_wconf 76' lang='grc' dir='ltr'>οὖσαν</span> <span class='ocrx_word' id='word_1_21' title='bbox 3400 528 3507 604; x_wconf 83' lang='grc' dir='ltr'><strong>πρὸ</strong></span> <span class='ocrx_word' id='word_1_22' title='bbox 3537 534 3640 598; x_wconf 80' lang='grc' dir='ltr'><strong>τῆς</strong></span> <span class='ocrx_word' id='word_1_23' title='bbox 3671 523 3835 588; x_wconf 79' lang='grc' dir='ltr'>ἰδίας</span> 
     </span>
    </p>
   </div>
   <div class='ocr_carea' id='block_1_6' title="bbox 389 631 2043 707">
    <p class='ocr_par' dir='ltr' id='par_1_6' title="bbox 389 631 2043 707">
     <span class='ocr_line' id='line_1_6' title="bbox 389 631 2043 707; baseline -0.007 -11"><span class='ocrx_word' id='word_1_24' title='bbox 389 641 558 698; x_wconf 90' lang='lat' dir='ltr'><strong>vanis</strong></span> <span class='ocrx_word' id='word_1_25' title='bbox 584 642 893 699; x_wconf 82' lang='lat' dir='ltr'><strong>auditoriis</strong></span> <span class='ocrx_word' id='word_1_26' title='bbox 919 642 989 697; x_wconf 91' lang='lat' dir='ltr'><strong>ad</strong></span> <span class='ocrx_word' id='word_1_27' title='bbox 1034 638 1478 697; x_wconf 79' lang='lat' dir='ltr'><strong>meditationem</strong></span> <span class='ocrx_word' id='word_1_28' title='bbox 1519 636 1673 707; x_wconf 84' lang='lat' dir='ltr'><strong>ejus,</strong></span> <span class='ocrx_word' id='word_1_29' title='bbox 1696 633 1852 706; x_wconf 90' lang='lat' dir='ltr'><strong>quod</strong></span> <span class='ocrx_word' id='word_1_30' title='bbox 1889 631 1949 687; x_wconf 91' lang='lat' dir='ltr'><strong>in</strong></span> <span class='ocrx_word' id='word_1_31' title='bbox 1982 645 2043 685; x_wconf 90' lang='lat' dir='ltr'><strong>re</strong></span> 
     </span>
    </p>
   </div>
   <div class='ocr_carea' id='block_1_7' title="bbox 392 723 2042 800">
    <p class='ocr_par' dir='ltr' id='par_1_7' title="bbox 392 723 2042 800">
     <span class='ocr_line' id='line_1_7' title="bbox 392 723 2042 800; baseline -0.008 -13"><span class='ocrx_word' id='word_1_32' title='bbox 392 732 543 789; x_wconf 85' lang='lat' dir='ltr'><strong>falsa</strong></span> <span class='ocrx_word' id='word_1_33' title='bbox 570 732 893 788; x_wconf 82' lang='lat' dir='ltr'><strong>verisimile</strong></span> <span class='ocrx_word' id='word_1_34' title='bbox 913 736 999 787; x_wconf 89' lang='lat' dir='ltr'><strong>est</strong></span> <span class='ocrx_word' id='word_1_35' title='bbox 1024 748 1037 796; x_wconf 91' lang='lat'><strong>;</strong></span> <span class='ocrx_word' id='word_1_36' title='bbox 1070 751 1098 780; x_wconf 84' lang='lat'><strong>»</strong></span> <span class='ocrx_word' id='word_1_37' title='bbox 1121 728 1211 784; x_wconf 89' lang='lat' dir='ltr'><strong>vel</strong></span> <span class='ocrx_word' id='word_1_38' title='bbox 1244 727 1399 800; x_wconf 88' lang='lat' dir='ltr'><strong>quod</strong></span> <span class='ocrx_word' id='word_1_39' title='bbox 1427 727 1596 796; x_wconf 89' lang='lat' dir='ltr'><strong>Beza,</strong></span> <span class='ocrx_word' id='word_1_40' title='bbox 1632 723 2042 796; x_wconf 86' lang='lat' dir='ltr'><strong>paraphastem</strong></span> 
     </span>
    </p>
   </div>
   <div class='ocr_carea' id='block_1_8' title="bbox 393 810 2045 892">
    <p class='ocr_par' dir='ltr' id='par_1_8' title="bbox 393 810 2045 892">
     <span class='ocr_line' id='line_1_8' title="bbox 393 810 2045 892; baseline -0.008 -14"><span class='ocrx_word' id='word_1_41' title='bbox 393 821 592 892; x_wconf 87' lang='lat' dir='ltr'><strong>potius</strong></span> <span class='ocrx_word' id='word_1_42' title='bbox 613 837 815 892; x_wconf 85' lang='lat' dir='ltr'><strong>agens,</strong></span> <span class='ocrx_word' id='word_1_43' title='bbox 839 842 861 869; x_wconf 78' lang='grc' dir='ltr'>ι</span> <span class='ocrx_word' id='word_1_44' title='bbox 891 820 952 875; x_wconf 89' lang='lat' dir='ltr'><strong>In</strong></span> <span class='ocrx_word' id='word_1_45' title='bbox 993 818 1172 884; x_wconf 90' lang='lat' dir='ltr'><strong>ludis,</strong></span> <span class='ocrx_word' id='word_1_46' title='bbox 1202 817 1300 872; x_wconf 91' lang='lat' dir='ltr'><strong>ubi</strong></span> <span class='ocrx_word' id='word_1_47' title='bbox 1342 817 1587 871; x_wconf 89' lang='lat' dir='ltr'><strong>docetur</strong></span> <span class='ocrx_word' id='word_1_48' title='bbox 1613 814 1866 878; x_wconf 81' lang='lat' dir='ltr'><strong>vanitas,</strong></span> <span class='ocrx_word' id='word_1_49' title='bbox 1900 810 2045 866; x_wconf 90' lang='lat' dir='ltr'><strong>ado-</strong></span> 
     </span>
    </p>
   </div>
   <div class='ocr_carea' id='block_1_9' title="bbox 392 899 2043 980">
    <p class='ocr_par' dir='ltr' id='par_1_9' title="bbox 392 899 2043 980">
     <span class='ocr_line' id='line_1_9' title="bbox 392 899 2043 980; baseline -0.008 -15"><span class='ocrx_word' id='word_1_50' title='bbox 392 910 750 967; x_wconf 89' lang='lat' dir='ltr'><strong>lescentibus</strong></span> <span class='ocrx_word' id='word_1_51' title='bbox 780 911 1214 980; x_wconf 88' lang='lat' dir='ltr'><strong>proponuntur.</strong></span> <span class='ocrx_word' id='word_1_52' title='bbox 1259 927 1285 956; x_wconf 81' lang='grc' dir='ltr'><strong>ι)</strong></span> <span class='ocrx_word' id='word_1_53' title='bbox 1316 904 1731 961; x_wconf 87' lang='lat' dir='ltr'><strong>Conservanda</strong></span> <span class='ocrx_word' id='word_1_54' title='bbox 1765 899 2043 956; x_wconf 83' lang='lat' dir='ltr'><strong>fuitloeu-</strong></span> 
     </span>
    </p>
   </div>
   <div class='ocr_carea' id='block_1_10' title="bbox 392 986 2047 1069">
    <p class='ocr_par' dir='ltr' id='par_1_10' title="bbox 392 986 2047 1069">
     <span class='ocr_line' id='line_1_10' title="bbox 392 986 2047 1069; baseline -0.01 -14"><span class='ocrx_word' id='word_1_55' title='bbox 392 1001 476 1055; x_wconf 89' lang='lat' dir='ltr'><strong>tio</strong></span> <span class='ocrx_word' id='word_1_56' title='bbox 535 999 849 1069; x_wconf 70' lang='lat' dir='ltr'><strong>Scripturae</strong></span> <span class='ocrx_word' id='word_1_57' title='bbox 909 997 1145 1067; x_wconf 87' lang='lat' dir='ltr'><strong>similis,</strong></span> <span class='ocrx_word' id='word_1_58' title='bbox 1175 994 1332 1052; x_wconf 87' lang='lat' dir='ltr'><strong>Psal.</strong></span> <span class='ocrx_word' id='word_1_59' title='bbox 1381 1012 1513 1065; x_wconf 89' lang='lat' dir='ltr'><strong>xxv,</strong></span> <span class='ocrx_word' id='word_1_60' title='bbox 1546 995 1577 1048; x_wconf 89' lang='grc'>4</span> <span class='ocrx_word' id='word_1_61' title='bbox 1611 1009 1625 1048; x_wconf 89' lang='lat'><strong>:</strong></span> <span class='ocrx_word' id='word_1_62' title='bbox 1658 989 1773 1048; x_wconf 78' lang='grc' dir='ltr'><strong>Οὐκ</strong></span> <span class='ocrx_word' id='word_1_63' title='bbox 1828 986 2047 1051; x_wconf 74' lang='grc' dir='ltr'>ἐκάθισα</span> 
     </span>
    </p>
   </div>
   <div class='ocr_carea' id='block_1_11' title="bbox 397 1080 2047 1162">
    <p class='ocr_par' dir='ltr' id='par_1_11' title="bbox 397 1080 2047 1162">
     <span class='ocr_line' id='line_1_11' title="bbox 397 1080 2047 1162; baseline -0.007 -21"><span class='ocrx_word' id='word_1_64' title='bbox 397 1087 532 1160; x_wconf 85' lang='grc' dir='ltr'><strong>μετά</strong></span> <span class='ocrx_word' id='word_1_65' title='bbox 582 1083 861 1162; x_wconf 77' lang='grc' dir='ltr'>συνεδρίου</span> <span class='ocrx_word' id='word_1_66' title='bbox 905 1080 1295 1157; x_wconf 83' lang='grc' dir='ltr'><strong>ματαιότητος,</strong></span> <span class='ocrx_word' id='word_1_67' title='bbox 1348 1086 1463 1140; x_wconf 88' lang='lat' dir='ltr'><strong>Non</strong></span> <span class='ocrx_word' id='word_1_68' title='bbox 1518 1083 1638 1139; x_wconf 79' lang='lat' dir='ltr'><strong>sedi</strong></span> <span class='ocrx_word' id='word_1_69' title='bbox 1688 1097 1809 1136; x_wconf 85' lang='lat' dir='ltr'><strong>cum</strong></span> <span class='ocrx_word' id='word_1_70' title='bbox 1857 1080 2047 1134; x_wconf 83' lang='lat' dir='ltr'><strong>consi-</strong></span> 
     </span>
    </p>
   </div>
   <div class='ocr_carea' id='block_1_12' title="bbox 394 1165 2049 1247">
    <p class='ocr_par' dir='ltr' id='par_1_12' title="bbox 394 1165 2049 1247">
     <span class='ocr_line' id='line_1_12' title="bbox 394 1165 2049 1247; baseline -0.005 -17"><span class='ocrx_word' id='word_1_71' title='bbox 394 1178 468 1232; x_wconf 86' lang='lat' dir='ltr'><strong>lio</strong></span> <span class='ocrx_word' id='word_1_72' title='bbox 494 1178 786 1247; x_wconf 70' lang='lat' dir='ltr'><strong>vanitatis,</strong></span> <span class='ocrx_word' id='word_1_73' title='bbox 819 1176 921 1232; x_wconf 91' lang='lat' dir='ltr'><strong>ubi</strong></span> <span class='ocrx_word' id='word_1_74' title='bbox 951 1192 1059 1231; x_wconf 94' lang='lat' dir='ltr'><strong>vox</strong></span> <span class='ocrx_word' id='word_1_75' title='bbox 1089 1176 1331 1230; x_wconf 76' lang='lat' dir='ltr'><strong>Hebraea</strong></span> <span class='ocrx_word' id='word_1_76' title='bbox 1360 1178 1471 1241; x_wconf 86' lang='lat' dir='ltr'><strong>est,</strong></span> <span class='ocrx_word' id='word_1_77' title='bbox 1504 1187 1681 1243; x_wconf 90' lang='lat' dir='ltr'><strong>quam</strong></span> <span class='ocrx_word' id='word_1_78' title='bbox 1725 1168 1863 1225; x_wconf 85' lang='lat' dir='ltr'><strong>alibi</strong></span> <span class='ocrx_word' id='word_1_79' title='bbox 1913 1165 2049 1222; x_wconf 85' lang='lat' dir='ltr'><strong>LXX</strong></span> 
     </span>
    </p>
   </div>
   <div class='ocr_carea' id='block_1_13' title="bbox 391 1257 2044 1339">
    <p class='ocr_par' dir='ltr' id='par_1_13' title="bbox 391 1257 2044 1339">
     <span class='ocr_line' id='line_1_13' title="bbox 391 1257 2044 1339; baseline -0.007 -19"><span class='ocrx_word' id='word_1_80' title='bbox 391 1270 626 1320; x_wconf 85' lang='lat' dir='ltr'><strong>vertunt</strong></span> <span class='ocrx_word' id='word_1_81' title='bbox 655 1258 788 1339; x_wconf 78' lang='grc' dir='ltr'>ἔργα</span> <span class='ocrx_word' id='word_1_82' title='bbox 825 1263 1069 1336; x_wconf 83' lang='grc' dir='ltr'><strong>ἀνόμων,</strong></span> <span class='ocrx_word' id='word_1_83' title='bbox 1099 1264 1211 1319; x_wconf 86' lang='lat' dir='ltr'><strong>Job</strong></span> <span class='ocrx_word' id='word_1_84' title='bbox 1258 1280 1341 1329; x_wconf 79' lang='lat' dir='ltr'><strong>x1,</strong></span> <span class='ocrx_word' id='word_1_85' title='bbox 1387 1263 1476 1327; x_wconf 92' lang='lat'><strong>11,</strong></span> <span class='ocrx_word' id='word_1_86' title='bbox 1508 1276 1676 1333; x_wconf 81' lang='lat' dir='ltr'><strong>opera</strong></span> <span class='ocrx_word' id='word_1_87' title='bbox 1726 1257 2044 1329; x_wconf 86' lang='lat' dir='ltr'><strong>impiornm.</strong></span> 
     </span>
    </p>
   </div>
   <div class='ocr_carea' id='block_1_14' title="bbox 394 1345 2048 1426">
    <p class='ocr_par' dir='ltr' id='par_1_14' title="bbox 394 1345 2048 1426">
     <span class='ocr_line' id='line_1_14' title="bbox 394 1345 2048 1426; baseline -0.007 -17"><span class='ocrx_word' id='word_1_88' title='bbox 394 1355 498 1410; x_wconf 89' lang='lat' dir='ltr'><strong>llic</strong></span> <span class='ocrx_word' id='word_1_89' title='bbox 528 1371 765 1426; x_wconf 91' lang='lat' dir='ltr'><strong>quoque</strong></span> <span class='ocrx_word' id='word_1_90' title='bbox 795 1354 1116 1424; x_wconf 90' lang='lat' dir='ltr'><strong>impiorum</strong></span> <span class='ocrx_word' id='word_1_91' title='bbox 1148 1351 1235 1408; x_wconf 86' lang='lat' dir='ltr'><strong>vel</strong></span> <span class='ocrx_word' id='word_1_92' title='bbox 1297 1351 1678 1424; x_wconf 87' lang='lat' dir='ltr'><strong>profanorum</strong></span> <span class='ocrx_word' id='word_1_93' title='bbox 1736 1345 2048 1419; x_wconf 84' lang='lat' dir='ltr'><strong>gentilium</strong></span> 
     </span>
    </p>
   </div>
   <div class='ocr_carea' id='block_1_15' title="bbox 394 1431 2046 1514">
    <p class='ocr_par' dir='ltr' id='par_1_15' title="bbox 394 1431 2046 1514">
     <span class='ocr_line' id='line_1_15' title="bbox 394 1431 2046 1514; baseline -0.009 -15"><span class='ocrx_word' id='word_1_94' title='bbox 394 1442 629 1498; x_wconf 82' lang='lat' dir='ltr'><strong>scholas</strong></span> <span class='ocrx_word' id='word_1_95' title='bbox 660 1442 951 1514; x_wconf 83' lang='lat' dir='ltr'><strong>designat,</strong></span> <span class='ocrx_word' id='word_1_96' title='bbox 981 1442 1042 1496; x_wconf 90' lang='lat' dir='ltr'><strong>in</strong></span> <span class='ocrx_word' id='word_1_97' title='bbox 1083 1441 1302 1512; x_wconf 90' lang='lat' dir='ltr'><strong>quibus</strong></span> <span class='ocrx_word' id='word_1_98' title='bbox 1356 1438 1755 1510; x_wconf 87' lang='lat' dir='ltr'><strong>sophistarum</strong></span> <span class='ocrx_word' id='word_1_99' title='bbox 1804 1431 2046 1506; x_wconf 71' lang='grc' dir='ltr'>μελέται,</span> 
     </span>
    </p>
   </div>
   <div class='ocr_carea' id='block_1_16' title="bbox 395 1525 2049 1600">
    <p class='ocr_par' dir='ltr' id='par_1_16' title="bbox 395 1525 2049 1600">
     <span class='ocr_line' id='line_1_16' title="bbox 395 1525 2049 1600; baseline -0.007 -12"><span class='ocrx_word' id='word_1_100' title='bbox 395 1531 857 1589; x_wconf 85' lang='lat' dir='ltr'><strong>declamationes</strong></span> <span class='ocrx_word' id='word_1_101' title='bbox 887 1530 1495 1600; x_wconf 85' lang='lat' dir='ltr'><strong>cxercebantjuvenes</strong></span> <span class='ocrx_word' id='word_1_102' title='bbox 1526 1525 1743 1583; x_wconf 89' lang='lat' dir='ltr'><strong>studiis</strong></span> <span class='ocrx_word' id='word_1_103' title='bbox 1771 1526 2049 1594; x_wconf 88' lang='lat' dir='ltr'><strong>eloquen-</strong></span> 
     </span>
    </p>
   </div>
   <div class='ocr_carea' id='block_1_17' title="bbox 395 1606 2050 1695">
    <p class='ocr_par' dir='ltr' id='par_1_17' title="bbox 395 1606 2050 1695">
     <span class='ocr_line' id='line_1_17' title="bbox 395 1606 2050 1695; baseline -0.008 -19"><span class='ocrx_word' id='word_1_104' title='bbox 395 1623 510 1677; x_wconf 66' lang='lat' dir='ltr'><strong>tiae.</strong></span> <span class='ocrx_word' id='word_1_105' title='bbox 545 1622 628 1677; x_wconf 90' lang='lat' dir='ltr'><strong>Ib.</strong></span> <span class='ocrx_word' id='word_1_106' title='bbox 660 1620 895 1695; x_wconf 75' lang='grc' dir='ltr'>γέγονεν.</span> <span class='ocrx_word' id='word_1_107' title='bbox 931 1621 1039 1676; x_wconf 88' lang='lat' dir='ltr'><strong>Ms.</strong></span> <span class='ocrx_word' id='word_1_108' title='bbox 1095 1620 1162 1676; x_wconf 91' lang='lat' dir='ltr'><strong>H.</strong></span> <span class='ocrx_word' id='word_1_109' title='bbox 1214 1615 1512 1693; x_wconf 71' lang='grc' dir='ltr'><strong>ἐγγέγονεν,</strong></span> <span class='ocrx_word' id='word_1_110' title='bbox 1544 1623 1601 1672; x_wconf 83' lang='lat' dir='ltr'><strong>et</strong></span> <span class='ocrx_word' id='word_1_111' title='bbox 1643 1630 1776 1688; x_wconf 79' lang='lat' dir='ltr'><strong>pag.</strong></span> <span class='ocrx_word' id='word_1_112' title='bbox 1806 1611 1936 1679; x_wconf 80' lang='lat'><strong>239,</strong></span> <span class='ocrx_word' id='word_1_113' title='bbox 1968 1606 2050 1663; x_wconf 86' lang='grc' dir='ltr'><strong>δι-</strong></span> 
     </span>
    </p>
   </div>
   <div class='ocr_carea' id='block_1_18' title="bbox 396 1702 2050 1783">
    <p class='ocr_par' dir='ltr' id='par_1_18' title="bbox 396 1702 2050 1783">
     <span class='ocr_line' id='line_1_18' title="bbox 396 1702 2050 1783; baseline -0.008 -18"><span class='ocrx_word' id='word_1_114' title='bbox 396 1709 702 1783; x_wconf 82' lang='grc' dir='ltr'>καιότερος.</span> <span class='ocrx_word' id='word_1_115' title='bbox 742 1711 804 1765; x_wconf 81' lang='grc' dir='ltr'><strong>Η.</strong></span> <span class='ocrx_word' id='word_1_116' title='bbox 838 1714 897 1766; x_wconf 80' lang='lat' dir='ltr'><strong>et</strong></span> <span class='ocrx_word' id='word_1_117' title='bbox 944 1708 1147 1780; x_wconf 85' lang='lat' dir='ltr'><strong>Steph.</strong></span> <span class='ocrx_word' id='word_1_118' title='bbox 1180 1704 1538 1779; x_wconf 82' lang='grc' dir='ltr'><strong>δικαιότερον.</strong></span> <span class='ocrx_word' id='word_1_119' title='bbox 1572 1705 1711 1759; x_wconf 83' lang='lat' dir='ltr'><strong>Pad.</strong></span> <span class='ocrx_word' id='word_1_120' title='bbox 1766 1702 1893 1756; x_wconf 82' lang='lat'><strong>238.</strong></span> <span class='ocrx_word' id='word_1_121' title='bbox 1921 1718 2050 1753; x_wconf 87' lang='grc' dir='ltr'>κατ-</span> 
     </span>
    </p>
   </div>
   <div class='ocr_carea' id='block_1_19' title="bbox 399 1793 2051 1875">
    <p class='ocr_par' dir='ltr' id='par_1_19' title="bbox 399 1793 2051 1875">
     <span class='ocr_line' id='line_1_19' title="bbox 399 1793 2051 1875; baseline -0.008 -20"><span class='ocrx_word' id='word_1_122' title='bbox 399 1800 639 1874; x_wconf 83' lang='grc' dir='ltr'>ηγόρους</span> <span class='ocrx_word' id='word_1_123' title='bbox 676 1799 751 1871; x_wconf 77' lang='grc' dir='ltr'>μὴ</span> <span class='ocrx_word' id='word_1_124' title='bbox 787 1798 1118 1875; x_wconf 76' lang='grc' dir='ltr'>ὑφεστῶτας,</span> <span class='ocrx_word' id='word_1_125' title='bbox 1142 1805 1485 1853; x_wconf 86' lang='lat' dir='ltr'><strong>accusatores</strong></span> <span class='ocrx_word' id='word_1_126' title='bbox 1511 1794 1609 1866; x_wconf 84' lang='lat' dir='ltr'><strong>qui</strong></span> <span class='ocrx_word' id='word_1_127' title='bbox 1634 1809 1747 1848; x_wconf 78' lang='lat' dir='ltr'><strong>non</strong></span> <span class='ocrx_word' id='word_1_128' title='bbox 1774 1794 1923 1855; x_wconf 77' lang='lat' dir='ltr'><strong>sunt,</strong></span> <span class='ocrx_word' id='word_1_129' title='bbox 1955 1793 2051 1844; x_wconf 77' lang='lat' dir='ltr'><strong>aut</strong></span> 
     </span>
    </p>
   </div>
   <div class='ocr_carea' id='block_1_20' title="bbox 397 1874 2387 1977">
    <p class='ocr_par' dir='ltr' id='par_1_20' title="bbox 397 1874 2387 1977">
     <span class='ocr_line' id='line_1_20' title="bbox 397 1874 2387 1977; baseline -0.009 -33"><span class='ocrx_word' id='word_1_130' title='bbox 397 1892 730 1956; x_wconf 81' lang='lat' dir='ltr'><strong>subsistunt,</strong></span> <span class='ocrx_word' id='word_1_131' title='bbox 762 1874 1048 1954; x_wconf 76' lang='lat' dir='ltr'><strong>diximus,</strong></span> <span class='ocrx_word' id='word_1_132' title='bbox 1081 1903 1195 1943; x_wconf 89' lang='lat' dir='ltr'><strong>non</strong></span> <span class='ocrx_word' id='word_1_133' title='bbox 1247 1890 1315 1941; x_wconf 92' lang='lat' dir='ltr'><strong>ut</strong></span> <span class='ocrx_word' id='word_1_134' title='bbox 1369 1884 1678 1954; x_wconf 85' lang='lat' dir='ltr'><strong>interpres,</strong></span> <span class='ocrx_word' id='word_1_135' title='bbox 1708 1882 2047 1936; x_wconf 76' lang='lat' dir='ltr'><strong>accusatores</strong></span> <span class='ocrx_word' id='word_1_136' title='bbox 2079 1911 2127 1977; x_wconf 80' lang='grc' dir='ltr'><strong>Β</strong></span> <span class='ocrx_word' id='word_1_137' title='bbox 2159 1891 2262 1939; x_wconf 83' lang='lat' dir='ltr'><strong>vn,</strong></span> <span class='ocrx_word' id='word_1_138' title='bbox 2322 1874 2387 1928; x_wconf 91' lang='lat'><strong>17</strong></span> 
     </span>
    </p>
   </div>
   <div class='ocr_carea' id='block_1_21' title="bbox 397 1976 1251 2047">
    <p class='ocr_par' dir='ltr' id='par_1_21' title="bbox 397 1976 1251 2047">
     <span class='ocr_line' id='line_1_21' title="bbox 397 1976 1251 2047; baseline -0.006 -12"><span class='ocrx_word' id='word_1_139' title='bbox 397 1996 509 2036; x_wconf 80' lang='lat' dir='ltr'><strong>non</strong></span> <span class='ocrx_word' id='word_1_140' title='bbox 536 1980 859 2034; x_wconf 85' lang='lat' dir='ltr'><strong>constitutos</strong></span> <span class='ocrx_word' id='word_1_141' title='bbox 890 1976 960 2032; x_wconf 88' lang='lat' dir='ltr'><strong>ad</strong></span> <span class='ocrx_word' id='word_1_142' title='bbox 985 1992 1251 2047; x_wconf 78' lang='lat' dir='ltr'><strong>pugnam.</strong></span> 
     </span>
    </p>
   </div>
   <div class='ocr_carea' id='block_1_22' title="bbox 468 2053 2044 2136">
    <p class='ocr_par' dir='ltr' id='par_1_22' title="bbox 468 2053 2044 2136">
     <span class='ocr_line' id='line_1_22' title="bbox 468 2053 2044 2136; baseline -0.008 -13"><span class='ocrx_word' id='word_1_143' title='bbox 468 2067 587 2123; x_wconf 90' lang='lat' dir='ltr'><strong>Col.</strong></span> <span class='ocrx_word' id='word_1_144' title='bbox 632 2068 758 2123; x_wconf 83' lang='lat'><strong>576.</strong></span> <span class='ocrx_word' id='word_1_145' title='bbox 813 2069 879 2121; x_wconf 91' lang='lat' dir='ltr'><strong>A.</strong></span> <span class='ocrx_word' id='word_1_146' title='bbox 939 2063 1212 2136; x_wconf 79' lang='grc' dir='ltr'>Γέννημα.</span> <span class='ocrx_word' id='word_1_147' title='bbox 1261 2063 1385 2118; x_wconf 91' lang='lat' dir='ltr'><strong>Non</strong></span> <span class='ocrx_word' id='word_1_148' title='bbox 1445 2065 1509 2117; x_wconf 90' lang='lat' dir='ltr'><strong>ut</strong></span> <span class='ocrx_word' id='word_1_149' title='bbox 1562 2060 1622 2115; x_wconf 92' lang='lat' dir='ltr'><strong>in</strong></span> <span class='ocrx_word' id='word_1_150' title='bbox 1672 2058 1903 2114; x_wconf 84' lang='lat' dir='ltr'><strong>excusis</strong></span> <span class='ocrx_word' id='word_1_151' title='bbox 1959 2053 2044 2129; x_wconf 76' lang='grc' dir='ltr'><strong>γὲ-</strong></span> 
     </span>
    </p>
   </div>
   <div class='ocr_carea' id='block_1_23' title="bbox 397 2144 2049 2228">
    <p class='ocr_par' dir='ltr' id='par_1_23' title="bbox 397 2144 2049 2228">
     <span class='ocr_line' id='line_1_23' title="bbox 397 2144 2049 2228; baseline -0.007 -18"><span class='ocrx_word' id='word_1_152' title='bbox 397 2175 567 2228; x_wconf 80' lang='grc' dir='ltr'>νημαι,</span> <span class='ocrx_word' id='word_1_153' title='bbox 610 2157 766 2227; x_wconf 92' lang='lat' dir='ltr'><strong>quod</strong></span> <span class='ocrx_word' id='word_1_154' title='bbox 796 2155 1036 2226; x_wconf 88' lang='lat' dir='ltr'><strong>vulgata</strong></span> <span class='ocrx_word' id='word_1_155' title='bbox 1065 2154 1248 2209; x_wconf 85' lang='lat' dir='ltr'><strong>lexica</strong></span> <span class='ocrx_word' id='word_1_156' title='bbox 1276 2169 1393 2207; x_wconf 90' lang='lat' dir='ltr'><strong>non</strong></span> <span class='ocrx_word' id='word_1_157' title='bbox 1427 2153 1775 2223; x_wconf 86' lang='lat' dir='ltr'><strong>agnoscunt,</strong></span> <span class='ocrx_word' id='word_1_158' title='bbox 1792 2147 1894 2204; x_wconf 89' lang='lat' dir='ltr'><strong>sed</strong></span> <span class='ocrx_word' id='word_1_159' title='bbox 1927 2144 2049 2219; x_wconf 70' lang='grc' dir='ltr'>γὲν-</span> 
     </span>
    </p>
   </div>
   <div class='ocr_carea' id='block_1_24' title="bbox 397 2240 1735 2316">
    <p class='ocr_par' dir='ltr' id='par_1_24' title="bbox 397 2240 1735 2316">
     <span class='ocr_line' id='line_1_24' title="bbox 397 2240 1735 2316; baseline -0.006 -17"><span class='ocrx_word' id='word_1_160' title='bbox 397 2264 569 2316; x_wconf 87' lang='grc' dir='ltr'>νημα,</span> <span class='ocrx_word' id='word_1_161' title='bbox 605 2245 755 2316; x_wconf 89' lang='lat' dir='ltr'><strong>quod</strong></span> <span class='ocrx_word' id='word_1_162' title='bbox 774 2245 1027 2315; x_wconf 87' lang='lat' dir='ltr'><strong>genitum</strong></span> <span class='ocrx_word' id='word_1_163' title='bbox 1048 2252 1153 2308; x_wconf 86' lang='lat' dir='ltr'><strong>est,</strong></span> <span class='ocrx_word' id='word_1_164' title='bbox 1187 2245 1253 2296; x_wconf 89' lang='lat' dir='ltr'><strong>ut</strong></span> <span class='ocrx_word' id='word_1_165' title='bbox 1281 2240 1490 2296; x_wconf 84' lang='lat' dir='ltr'><strong>habuit</strong></span> <span class='ocrx_word' id='word_1_166' title='bbox 1520 2256 1632 2295; x_wconf 92' lang='lat' dir='ltr'><strong>ms.</strong></span> <span class='ocrx_word' id='word_1_167' title='bbox 1668 2242 1735 2292; x_wconf 87' lang='lat' dir='ltr'><strong>H.</strong></span> 
     </span>
    </p>
   </div>
   <div class='ocr_carea' id='block_1_25' title="bbox 469 2328 1940 2407">
    <p class='ocr_par' dir='ltr' id='par_1_25' title="bbox 469 2328 1940 2407">
     <span class='ocr_line' id='line_1_25' title="bbox 469 2328 1940 2407; baseline -0.007 -17"><span class='ocrx_word' id='word_1_168' title='bbox 469 2334 620 2390; x_wconf 90' lang='lat' dir='ltr'><strong>Ibid.</strong></span> <span class='ocrx_word' id='word_1_169' title='bbox 643 2333 686 2388; x_wconf 92' lang='lat' dir='ltr'>B</span> <span class='ocrx_word' id='word_1_170' title='bbox 713 2334 769 2387; x_wconf 92' lang='lat'><strong>6.</strong></span> <span class='ocrx_word' id='word_1_171' title='bbox 801 2328 1323 2407; x_wconf 77' lang='grc' dir='ltr'>Μεταρῥυθμίζοντα</span> <span class='ocrx_word' id='word_1_172' title='bbox 1352 2328 1495 2402; x_wconf 85' lang='lat' dir='ltr'><strong>legit</strong></span> <span class='ocrx_word' id='word_1_173' title='bbox 1535 2328 1693 2382; x_wconf 87' lang='lat' dir='ltr'><strong>idem</strong></span> <span class='ocrx_word' id='word_1_174' title='bbox 1723 2330 1791 2381; x_wconf 89' lang='lat' dir='ltr'><strong>H.</strong></span> <span class='ocrx_word' id='word_1_175' title='bbox 1828 2340 1940 2380; x_wconf 85' lang='lat' dir='ltr'><strong>ms.</strong></span> 
     </span>
    </p>
   </div>
   <div class='ocr_carea' id='block_1_26' title="bbox 469 2430 2050 2509">
    <p class='ocr_par' dir='ltr' id='par_1_26' title="bbox 469 2430 2050 2509">
     <span class='ocr_line' id='line_1_26' title="bbox 469 2430 2050 2509; baseline -0.009 -12"><span class='ocrx_word' id='word_1_176' title='bbox 469 2439 592 2497; x_wconf 88' lang='lat' dir='ltr'><strong>Col.</strong></span> <span class='ocrx_word' id='word_1_177' title='bbox 615 2441 723 2495; x_wconf 87' lang='grc'><strong>579</strong></span> <span class='ocrx_word' id='word_1_178' title='bbox 741 2444 809 2494; x_wconf 86' lang='grc' dir='ltr'><strong>Α.</strong></span> <span class='ocrx_word' id='word_1_179' title='bbox 832 2441 987 2496; x_wconf 71' lang='lat' dir='ltr'><strong>lanae</strong></span> <span class='ocrx_word' id='word_1_180' title='bbox 1023 2438 1233 2509; x_wconf 81' lang='lat' dir='ltr'><strong>ﬁlium.</strong></span> <span class='ocrx_word' id='word_1_181' title='bbox 1250 2434 1696 2508; x_wconf 88' lang='lat' dir='ltr'><strong>Trapezuntius,</strong></span> <span class='ocrx_word' id='word_1_182' title='bbox 1725 2454 1749 2485; x_wconf 71' lang='grc' dir='ltr'><strong>σι</strong></span> <span class='ocrx_word' id='word_1_183' title='bbox 1773 2430 2050 2503; x_wconf 86' lang='lat' dir='ltr'><strong>intelligi-</strong></span> 
     </span>
    </p>
   </div>
   <div class='ocr_carea' id='block_1_27' title="bbox 400 2521 2049 2597">
    <p class='ocr_par' dir='ltr' id='par_1_27' title="bbox 400 2521 2049 2597">
     <span class='ocr_line' id='line_1_27' title="bbox 400 2521 2049 2597; baseline -0.007 -11"><span class='ocrx_word' id='word_1_184' title='bbox 400 2546 536 2586; x_wconf 90' lang='lat' dir='ltr'><strong>mus</strong></span> <span class='ocrx_word' id='word_1_185' title='bbox 555 2529 789 2585; x_wconf 85' lang='lat' dir='ltr'><strong>Jonam.</strong></span> <span class='ocrx_word' id='word_1_186' title='bbox 816 2548 839 2579; x_wconf 75' lang='grc' dir='ltr'><strong>ν</strong></span> <span class='ocrx_word' id='word_1_187' title='bbox 867 2528 990 2583; x_wconf 92' lang='lat' dir='ltr'><strong>Imo</strong></span> <span class='ocrx_word' id='word_1_188' title='bbox 1030 2527 1220 2582; x_wconf 82' lang='lat' dir='ltr'><strong>ﬁlium</strong></span> <span class='ocrx_word' id='word_1_189' title='bbox 1239 2526 1423 2597; x_wconf 76' lang='lat' dir='ltr'><strong>Jonas,</strong></span> <span class='ocrx_word' id='word_1_190' title='bbox 1447 2524 1605 2579; x_wconf 91' lang='lat' dir='ltr'><strong>unde</strong></span> <span class='ocrx_word' id='word_1_191' title='bbox 1637 2521 1891 2578; x_wconf 64' lang='lat' dir='ltr'><strong>Matthei</strong></span> <span class='ocrx_word' id='word_1_192' title='bbox 1932 2537 2049 2587; x_wconf 74' lang='lat' dir='ltr'><strong>xvr,</strong></span> 
     </span>
    </p>
   </div>
   <div class='ocr_carea' id='block_1_28' title="bbox 403 2611 2051 2692">
    <p class='ocr_par' dir='ltr' id='par_1_28' title="bbox 403 2611 2051 2692">
     <span class='ocr_line' id='line_1_28' title="bbox 403 2611 2051 2692; baseline -0.007 -18"><span class='ocrx_word' id='word_1_193' title='bbox 403 2621 492 2686; x_wconf 86' lang='grc'><strong>17,</strong></span> <span class='ocrx_word' id='word_1_194' title='bbox 529 2617 813 2692; x_wconf 83' lang='grc' dir='ltr'><strong>Μακάριος</strong></span> <span class='ocrx_word' id='word_1_195' title='bbox 860 2616 926 2683; x_wconf 79' lang='grc' dir='ltr'>εἴ,</span> <span class='ocrx_word' id='word_1_196' title='bbox 962 2614 1148 2687; x_wconf 85' lang='grc' dir='ltr'>Σίμων</span> <span class='ocrx_word' id='word_1_197' title='bbox 1191 2614 1496 2687; x_wconf 79' lang='grc' dir='ltr'><strong>Βὰρ-Ἰωνᾶ,</strong></span> <span class='ocrx_word' id='word_1_198' title='bbox 1530 2616 1726 2669; x_wconf 78' lang='lat' dir='ltr'><strong>Beatus</strong></span> <span class='ocrx_word' id='word_1_199' title='bbox 1755 2627 1829 2683; x_wconf 89' lang='lat' dir='ltr'><strong>es,</strong></span> <span class='ocrx_word' id='word_1_200' title='bbox 1863 2611 2051 2666; x_wconf 82' lang='lat' dir='ltr'><strong>Simon</strong></span> 
     </span>
    </p>
   </div>
   <div class='ocr_carea' id='block_1_29' title="bbox 400 2698 2050 2779">
    <p class='ocr_par' dir='ltr' id='par_1_29' title="bbox 400 2698 2050 2779">
     <span class='ocr_line' id='line_1_29' title="bbox 400 2698 2050 2779; baseline -0.007 -16"><span class='ocrx_word' id='word_1_201' title='bbox 400 2709 704 2776; x_wconf 72' lang='lat' dir='ltr'><strong>Itur-Iona,</strong></span> <span class='ocrx_word' id='word_1_202' title='bbox 739 2709 891 2779; x_wconf 93' lang='lat' dir='ltr'><strong>quod</strong></span> <span class='ocrx_word' id='word_1_203' title='bbox 952 2712 1066 2762; x_wconf 74' lang='lat' dir='ltr'><strong>est~</strong></span> <span class='ocrx_word' id='word_1_204' title='bbox 1094 2704 1339 2762; x_wconf 82' lang='lat' dir='ltr'><strong>Joannis</strong></span> <span class='ocrx_word' id='word_1_205' title='bbox 1390 2721 1429 2771; x_wconf 84' lang='grc' dir='ltr'>ι,</span> <span class='ocrx_word' id='word_1_206' title='bbox 1464 2704 1554 2769; x_wconf 79' lang='grc'>42,</span> <span class='ocrx_word' id='word_1_207' title='bbox 1586 2699 1660 2755; x_wconf 79' lang='grc' dir='ltr'>Σὺ</span> <span class='ocrx_word' id='word_1_208' title='bbox 1708 2701 1759 2755; x_wconf 70' lang='grc' dir='ltr'><strong>εἴ</strong></span> <span class='ocrx_word' id='word_1_209' title='bbox 1802 2699 1987 2772; x_wconf 80' lang='grc' dir='ltr'>Σίμων</span> <span class='ocrx_word' id='word_1_210' title='bbox 2022 2698 2050 2752; x_wconf 85' lang='grc' dir='ltr'>ὁ</span> 
     </span>
    </p>
   </div>
   <div class='ocr_carea' id='block_1_30' title="bbox 403 2788 2054 2865">
    <p class='ocr_par' dir='ltr' id='par_1_30' title="bbox 403 2788 2054 2865">
     <span class='ocr_line' id='line_1_30' title="bbox 403 2788 2054 2865; baseline -0.004 -15"><span class='ocrx_word' id='word_1_211' title='bbox 403 2796 518 2858; x_wconf 74' lang='grc' dir='ltr'>υἱὸς</span> <span class='ocrx_word' id='word_1_212' title='bbox 548 2799 645 2849; x_wconf 84' lang='grc' dir='ltr'>τοῖ’)</span> <span class='ocrx_word' id='word_1_213' title='bbox 677 2796 852 2865; x_wconf 82' lang='grc' dir='ltr'>Ἰωνᾶ,</span> <span class='ocrx_word' id='word_1_214' title='bbox 888 2797 960 2850; x_wconf 81' lang='lat' dir='ltr'><strong>Tu</strong></span> <span class='ocrx_word' id='word_1_215' title='bbox 989 2811 1044 2851; x_wconf 88' lang='lat' dir='ltr'><strong>es</strong></span> <span class='ocrx_word' id='word_1_216' title='bbox 1074 2795 1265 2850; x_wconf 80' lang='lat' dir='ltr'><strong>Simon</strong></span> <span class='ocrx_word' id='word_1_217' title='bbox 1315 2794 1467 2864; x_wconf 76' lang='lat' dir='ltr'><strong>ﬁlius</strong></span> <span class='ocrx_word' id='word_1_218' title='bbox 1511 2794 1669 2848; x_wconf 76' lang='lat' dir='ltr'><strong>Iona.</strong></span> <span class='ocrx_word' id='word_1_219' title='bbox 1706 2793 1911 2861; x_wconf 87' lang='lat' dir='ltr'><strong>Itaque</strong></span> <span class='ocrx_word' id='word_1_220' title='bbox 1958 2788 2054 2844; x_wconf 89' lang='lat' dir='ltr'><strong>hic</strong></span> 
     </span>
    </p>
   </div>
   <div class='ocr_carea' id='block_1_31' title="bbox 401 2877 2055 2959">
    <p class='ocr_par' dir='ltr' id='par_1_31' title="bbox 401 2877 2055 2959">
     <span class='ocr_line' id='line_1_31' title="bbox 401 2877 2055 2959; baseline -0.007 -17"><span class='ocrx_word' id='word_1_221' title='bbox 401 2887 567 2942; x_wconf 89' lang='lat' dir='ltr'><strong>locus</strong></span> <span class='ocrx_word' id='word_1_222' title='bbox 597 2885 897 2959; x_wconf 84' lang='lat' dir='ltr'><strong>vulgatam</strong></span> <span class='ocrx_word' id='word_1_223' title='bbox 921 2884 1225 2941; x_wconf 82' lang='lat' dir='ltr'><strong>lectionem</strong></span> <span class='ocrx_word' id='word_1_224' title='bbox 1251 2883 1581 2947; x_wconf 82' lang='lat' dir='ltr'><strong>conﬁrmat,</strong></span> <span class='ocrx_word' id='word_1_225' title='bbox 1613 2897 1729 2936; x_wconf 87' lang='lat' dir='ltr'><strong>non</strong></span> <span class='ocrx_word' id='word_1_226' title='bbox 1761 2895 1963 2934; x_wconf 91' lang='lat' dir='ltr'><strong>eorum</strong></span> <span class='ocrx_word' id='word_1_227' title='bbox 1991 2877 2055 2931; x_wconf 88' lang='lat' dir='ltr'><strong>li-</strong></span> 
     </span>
    </p>
   </div>
   <div class='ocr_carea' id='block_1_32' title="bbox 403 2968 2050 3048">
    <p class='ocr_par' dir='ltr' id='par_1_32' title="bbox 403 2968 2050 3048">
     <span class='ocr_line' id='line_1_32' title="bbox 403 2968 2050 3048; baseline -0.008 -15"><span class='ocrx_word' id='word_1_228' title='bbox 403 2976 667 3042; x_wconf 87' lang='lat' dir='ltr'><strong>brorum,</strong></span> <span class='ocrx_word' id='word_1_229' title='bbox 700 2976 799 3048; x_wconf 85' lang='lat' dir='ltr'><strong>qui</strong></span> <span class='ocrx_word' id='word_1_230' title='bbox 834 2976 1040 3048; x_wconf 87' lang='lat' dir='ltr'><strong>legunt</strong></span> <span class='ocrx_word' id='word_1_231' title='bbox 1086 2974 1185 3027; x_wconf 78' lang='grc' dir='ltr'>τοῖ’)</span> <span class='ocrx_word' id='word_1_232' title='bbox 1215 2969 1464 3029; x_wconf 81' lang='grc' dir='ltr'>Ἰωάννου</span> <span class='ocrx_word' id='word_1_233' title='bbox 1519 2969 1608 3026; x_wconf 89' lang='lat' dir='ltr'><strong>vel</strong></span> <span class='ocrx_word' id='word_1_234' title='bbox 1663 2971 1759 3022; x_wconf 80' lang='grc' dir='ltr'><strong>τοῦ</strong></span> <span class='ocrx_word' id='word_1_235' title='bbox 1808 2968 2050 3034; x_wconf 82' lang='grc' dir='ltr'>Ἰωαννᾶ,</span> 
     </span>
    </p>
   </div>
   <div class='ocr_carea' id='block_1_33' title="bbox 402 3058 2054 3137">
    <p class='ocr_par' dir='ltr' id='par_1_33' title="bbox 402 3058 2054 3137">
     <span class='ocr_line' id='line_1_33' title="bbox 402 3058 2054 3137; baseline -0.006 -15"><span class='ocrx_word' id='word_1_236' title='bbox 402 3071 470 3122; x_wconf 90' lang='lat' dir='ltr'><strong>ut</strong></span> <span class='ocrx_word' id='word_1_237' title='bbox 498 3068 570 3121; x_wconf 87' lang='lat' dir='ltr'><strong>de</strong></span> <span class='ocrx_word' id='word_1_238' title='bbox 599 3065 959 3137; x_wconf 88' lang='lat' dir='ltr'><strong>quibusdam</strong></span> <span class='ocrx_word' id='word_1_239' title='bbox 988 3067 1244 3119; x_wconf 74' lang='lat' dir='ltr'><strong>testatur</strong></span> <span class='ocrx_word' id='word_1_240' title='bbox 1274 3061 1664 3134; x_wconf 80' lang='lat' dir='ltr'><strong>Hieronymus</strong></span> <span class='ocrx_word' id='word_1_241' title='bbox 1691 3074 1706 3115; x_wconf 89' lang='lat'><strong>:</strong></span> <span class='ocrx_word' id='word_1_242' title='bbox 1742 3058 2054 3115; x_wconf 82' lang='lat' dir='ltr'><strong>conﬁrmat</strong></span> 
     </span>
    </p>
   </div>
   <div class='ocr_carea' id='block_1_34' title="bbox 404 3148 2055 3226">
    <p class='ocr_par' dir='ltr' id='par_1_34' title="bbox 404 3148 2055 3226">
     <span class='ocr_line' id='line_1_34' title="bbox 404 3148 2055 3226; baseline -0.006 -15"><span class='ocrx_word' id='word_1_243' title='bbox 404 3156 669 3212; x_wconf 83' lang='lat' dir='ltr'><strong>eamdem</strong></span> <span class='ocrx_word' id='word_1_244' title='bbox 695 3158 752 3210; x_wconf 89' lang='lat' dir='ltr'><strong>et</strong></span> <span class='ocrx_word' id='word_1_245' title='bbox 783 3155 965 3226; x_wconf 81' lang='lat' dir='ltr'><strong>Syrus</strong></span> <span class='ocrx_word' id='word_1_246' title='bbox 988 3153 1301 3224; x_wconf 86' lang='lat' dir='ltr'><strong>interpres,</strong></span> <span class='ocrx_word' id='word_1_247' title='bbox 1325 3151 1532 3207; x_wconf 90' lang='lat' dir='ltr'><strong>Matth.</strong></span> <span class='ocrx_word' id='word_1_248' title='bbox 1556 3166 1672 3205; x_wconf 76' lang='lat' dir='ltr'><strong>xw.</strong></span> <span class='ocrx_word' id='word_1_249' title='bbox 1696 3148 1877 3204; x_wconf 90' lang='lat' dir='ltr'><strong>Paulo</strong></span> <span class='ocrx_word' id='word_1_250' title='bbox 1924 3149 2055 3218; x_wconf 86' lang='lat' dir='ltr'><strong>post</strong></span> 
     </span>
    </p>
   </div>
   <div class='ocr_carea' id='block_1_35' title="bbox 407 3240 2130 3348">
    <p class='ocr_par' dir='ltr' id='par_1_35' title="bbox 407 3240 2130 3348">
     <span class='ocr_line' id='line_1_35' title="bbox 407 3240 2130 3348; baseline -0.005 -51"><span class='ocrx_word' id='word_1_251' title='bbox 407 3265 431 3297; x_wconf 82' lang='grc'><strong>‹‹</strong></span> <span class='ocrx_word' id='word_1_252' title='bbox 466 3245 527 3300; x_wconf 89' lang='lat' dir='ltr'><strong>in</strong></span> <span class='ocrx_word' id='word_1_253' title='bbox 558 3244 821 3314; x_wconf 89' lang='lat' dir='ltr'><strong>seipsum</strong></span> <span class='ocrx_word' id='word_1_254' title='bbox 853 3242 1074 3313; x_wconf 86' lang='lat' dir='ltr'><strong>recepit</strong></span> <span class='ocrx_word' id='word_1_255' title='bbox 1109 3264 1130 3291; x_wconf 77' lang='grc' dir='ltr'>ι</span> <span class='ocrx_word' id='word_1_256' title='bbox 1166 3240 1539 3311; x_wconf 80' lang='lat' dir='ltr'><strong>scripsimus,</strong></span> <span class='ocrx_word' id='word_1_257' title='bbox 1573 3254 1687 3293; x_wconf 90' lang='lat' dir='ltr'><strong>non</strong></span> <span class='ocrx_word' id='word_1_258' title='bbox 1722 3243 1788 3291; x_wconf 91' lang='lat' dir='ltr'><strong>ut</strong></span> <span class='ocrx_word' id='word_1_259' title='bbox 1832 3240 2052 3307; x_wconf 40' lang='lat' dir='ltr'><strong>.Trape-</strong></span> <span class='ocrx_word' id='word_1_260' title='bbox 2086 3280 2130 3348; x_wconf 61' lang='grc' dir='ltr'>α</span> 
     </span>
     <span class='ocr_line' id='line_1_36' title="bbox 526 3326 2050 3348; baseline 0 0"><span class='ocrx_word' id='word_1_261' title='bbox 526 3332 561 3348; x_wconf 75' lang='grc' dir='ltr'><strong>ι·</strong></span> <span class='ocrx_word' id='word_1_262' title='bbox 841 3331 1105 3348; x_wconf 54' lang='lat'><strong><em>,,,,&#39;,,,,--</em></strong></span> <span class='ocrx_word' id='word_1_263' title='bbox 1141 3328 1709 3348; x_wconf 63' lang='lat' dir='ltr'><strong>-3L2_-j:n--a:-_-__</strong></span> <span class='ocrx_word' id='word_1_264' title='bbox 1738 3326 1995 3348; x_wconf 58' lang='lat' dir='ltr'><strong>_-_-_-_:L</strong></span> <span class='ocrx_word' id='word_1_265' title='bbox 2028 3344 2050 3348; x_wconf 32' lang='grc' dir='ltr'><em>Α</em></span> 
     </span>
    </p>
   </div>
   <div class='ocr_carea' id='block_1_36' title="bbox 403 3326 2055 3401">
    <p class='ocr_par' dir='ltr' id='par_1_36' title="bbox 403 3326 2055 3401">
     <span class='ocr_line' id='line_1_37' title="bbox 403 3326 2055 3401; baseline -0.009 -12"><span class='ocrx_word' id='word_1_266' title='bbox 403 3332 662 3401; x_wconf 89' lang='lat' dir='ltr'><strong>zuntius,</strong></span> <span class='ocrx_word' id='word_1_267' title='bbox 680 3353 709 3382; x_wconf 89' lang='grc'><strong>‹‹</strong></span> <span class='ocrx_word' id='word_1_268' title='bbox 733 3331 1113 3386; x_wconf 87' lang='lat' dir='ltr'><strong>commissam</strong></span> <span class='ocrx_word' id='word_1_269' title='bbox 1137 3329 1248 3385; x_wconf 89' lang='lat' dir='ltr'><strong>sibi</strong></span> <span class='ocrx_word' id='word_1_270' title='bbox 1267 3328 1714 3384; x_wconf 68' lang='lat' dir='ltr'><strong>aediﬁcationem</strong></span> <span class='ocrx_word' id='word_1_271' title='bbox 1737 3326 2055 3397; x_wconf 80' lang='lat' dir='ltr'><strong>suscepit,»</strong></span> 
     </span>
    </p>
   </div>
   <div class='ocr_carea' id='block_1_37' title="bbox 406 3413 2059 3494">
    <p class='ocr_par' dir='ltr' id='par_1_37' title="bbox 406 3413 2059 3494">
     <span class='ocr_line' id='line_1_38' title="bbox 406 3413 2059 3494; baseline -0.006 -17"><span class='ocrx_word' id='word_1_272' title='bbox 406 3438 481 3477; x_wconf 88' lang='lat' dir='ltr'><strong>ne</strong></span> <span class='ocrx_word' id='word_1_273' title='bbox 501 3420 636 3494; x_wconf 90' lang='lat' dir='ltr'><strong>quis</strong></span> <span class='ocrx_word' id='word_1_274' title='bbox 664 3419 1103 3476; x_wconf 89' lang='lat' dir='ltr'><strong>Dominicorum</strong></span> <span class='ocrx_word' id='word_1_275' title='bbox 1125 3433 1367 3490; x_wconf 89' lang='lat' dir='ltr'><strong>operum</strong></span> <span class='ocrx_word' id='word_1_276' title='bbox 1392 3416 1729 3488; x_wconf 78' lang='lat' dir='ltr'><strong>praefectum</strong></span> <span class='ocrx_word' id='word_1_277' title='bbox 1751 3414 1839 3471; x_wconf 91' lang='lat' dir='ltr'><strong>vel</strong></span> <span class='ocrx_word' id='word_1_278' title='bbox 1864 3413 2059 3470; x_wconf 87' lang='lat' dir='ltr'><strong>archi-</strong></span> 
     </span>
    </p>
   </div>
   <div class='ocr_carea' id='block_1_38' title="bbox 406 3505 2057 3579">
    <p class='ocr_par' dir='ltr' id='par_1_38' title="bbox 406 3505 2057 3579">
     <span class='ocr_line' id='line_1_39' title="bbox 406 3505 2057 3579; baseline -0.004 -14"><span class='ocrx_word' id='word_1_279' title='bbox 406 3515 628 3566; x_wconf 88' lang='lat' dir='ltr'><strong>tectum</strong></span> <span class='ocrx_word' id='word_1_280' title='bbox 650 3525 780 3565; x_wconf 88' lang='lat' dir='ltr'><strong>esse</strong></span> <span class='ocrx_word' id='word_1_281' title='bbox 799 3510 1171 3579; x_wconf 85' lang='lat' dir='ltr'><strong>designatum</strong></span> <span class='ocrx_word' id='word_1_282' title='bbox 1200 3506 1494 3562; x_wconf 87' lang='lat' dir='ltr'><strong>existimet</strong></span> <span class='ocrx_word' id='word_1_283' title='bbox 1527 3506 1780 3573; x_wconf 89' lang='lat' dir='ltr'><strong>Petrum,</strong></span> <span class='ocrx_word' id='word_1_284' title='bbox 1803 3505 1888 3558; x_wconf 89' lang='lat' dir='ltr'><strong>vel</strong></span> <span class='ocrx_word' id='word_1_285' title='bbox 1920 3518 2057 3559; x_wconf 88' lang='lat' dir='ltr'><strong>eum</strong></span> 
     </span>
    </p>
   </div>
   <div class='ocr_carea' id='block_1_39' title="bbox 407 3590 2057 3663">
    <p class='ocr_par' dir='ltr' id='par_1_39' title="bbox 407 3590 2057 3663">
     <span class='ocr_line' id='line_1_40' title="bbox 407 3590 2057 3663; baseline -0.005 -8"><span class='ocrx_word' id='word_1_286' title='bbox 407 3599 520 3655; x_wconf 87' lang='lat' dir='ltr'><strong>hoc</strong></span> <span class='ocrx_word' id='word_1_287' title='bbox 549 3597 861 3654; x_wconf 68' lang='lat' dir='ltr'><strong>(editicium</strong></span> <span class='ocrx_word' id='word_1_288' title='bbox 890 3596 1219 3652; x_wconf 80' lang='lat' dir='ltr'><strong>faciendum</strong></span> <span class='ocrx_word' id='word_1_289' title='bbox 1246 3596 1506 3661; x_wconf 88' lang='lat' dir='ltr'><strong>locasse;</strong></span> <span class='ocrx_word' id='word_1_290' title='bbox 1538 3609 1740 3649; x_wconf 88' lang='lat' dir='ltr'><strong>verum</strong></span> <span class='ocrx_word' id='word_1_291' title='bbox 1772 3590 2057 3663; x_wconf 88' lang='lat' dir='ltr'><strong>superip-</strong></span> 
     </span>
    </p>
   </div>
   <div class='ocr_carea' id='block_1_40' title="bbox 407 3676 2056 3752">
    <p class='ocr_par' dir='ltr' id='par_1_40' title="bbox 407 3676 2056 3752">
     <span class='ocr_line' id='line_1_41' title="bbox 407 3676 2056 3752; baseline -0.008 -8"><span class='ocrx_word' id='word_1_292' title='bbox 407 3705 542 3744; x_wconf 88' lang='lat' dir='ltr'><strong>sum</strong></span> <span class='ocrx_word' id='word_1_293' title='bbox 601 3687 947 3742; x_wconf 68' lang='lat' dir='ltr'><strong>aedificatam</strong></span> <span class='ocrx_word' id='word_1_294' title='bbox 1008 3685 1190 3740; x_wconf 89' lang='lat' dir='ltr'><strong>fuisse</strong></span> <span class='ocrx_word' id='word_1_295' title='bbox 1248 3683 1605 3739; x_wconf 84' lang='lat' dir='ltr'><strong>Ecclesiam:</strong></span> <span class='ocrx_word' id='word_1_296' title='bbox 1638 3680 1759 3737; x_wconf 84' lang='grc' dir='ltr'><strong>Ἐπὶ</strong></span> <span class='ocrx_word' id='word_1_297' title='bbox 1792 3676 1959 3752; x_wconf 77' lang='grc' dir='ltr'>ταύτῃ</span> <span class='ocrx_word' id='word_1_298' title='bbox 1985 3681 2056 3751; x_wconf 81' lang='grc' dir='ltr'><strong>τῇ</strong></span> 
     </span>
    </p>
   </div>
   <div class='ocr_carea' id='block_1_41' title="bbox 406 3768 2053 3852">
    <p class='ocr_par' dir='ltr' id='par_1_41' title="bbox 406 3768 2053 3852">
     <span class='ocr_line' id='line_1_42' title="bbox 406 3768 2053 3852; baseline -0.006 -20"><span class='ocrx_word' id='word_1_299' title='bbox 406 3775 576 3852; x_wconf 72' lang='grc' dir='ltr'>πέτρᾳ</span> <span class='ocrx_word' id='word_1_300' title='bbox 606 3772 960 3847; x_wconf 69' lang='grc' dir='ltr'><strong>οἰκοδομήσω</strong></span> <span class='ocrx_word' id='word_1_301' title='bbox 1005 3793 1110 3845; x_wconf 83' lang='grc' dir='ltr'><strong>μου</strong></span> <span class='ocrx_word' id='word_1_302' title='bbox 1157 3773 1256 3841; x_wconf 74' lang='grc' dir='ltr'>τὴν</span> <span class='ocrx_word' id='word_1_303' title='bbox 1309 3768 1659 3841; x_wconf 80' lang='grc' dir='ltr'><strong>Ἐκκλησίαν,</strong></span> <span class='ocrx_word' id='word_1_304' title='bbox 1696 3769 1903 3825; x_wconf 84' lang='lat' dir='ltr'><strong>Matth.</strong></span> <span class='ocrx_word' id='word_1_305' title='bbox 1936 3785 2053 3837; x_wconf 78' lang='lat' dir='ltr'><strong>XVI,</strong></span> 
     </span>
    </p>
   </div>
   <div class='ocr_carea' id='block_1_42' title="bbox 406 3858 2050 3935">
    <p class='ocr_par' dir='ltr' id='par_1_42' title="bbox 406 3858 2050 3935">
     <span class='ocr_line' id='line_1_43' title="bbox 406 3858 2050 3935; baseline -0.007 -13"><span class='ocrx_word' id='word_1_306' title='bbox 406 3869 493 3922; x_wconf 92' lang='lat'><strong>18.</strong></span> <span class='ocrx_word' id='word_1_307' title='bbox 526 3864 876 3930; x_wconf 69' lang='lat' dir='ltr'><strong>EtBasilius</strong></span> <span class='ocrx_word' id='word_1_308' title='bbox 906 3863 1034 3935; x_wconf 90' lang='lat' dir='ltr'><strong>ipse</strong></span> <span class='ocrx_word' id='word_1_309' title='bbox 1063 3863 1122 3917; x_wconf 91' lang='lat' dir='ltr'><strong>in</strong></span> <span class='ocrx_word' id='word_1_310' title='bbox 1172 3878 1302 3933; x_wconf 87' lang='lat' dir='ltr'><strong>cap.</strong></span> <span class='ocrx_word' id='word_1_311' title='bbox 1335 3877 1376 3916; x_wconf 81' lang='grc' dir='ltr'>ιι</span> <span class='ocrx_word' id='word_1_312' title='bbox 1409 3860 1599 3925; x_wconf 66' lang='lat' dir='ltr'><strong>Isaim,</strong></span> <span class='ocrx_word' id='word_1_313' title='bbox 1630 3864 1775 3914; x_wconf 84' lang='lat' dir='ltr'><strong>tom.</strong></span> <span class='ocrx_word' id='word_1_314' title='bbox 1827 3858 1870 3923; x_wconf 88' lang='grc' dir='ltr'>Ι,</span> <span class='ocrx_word' id='word_1_315' title='bbox 1917 3873 2050 3929; x_wconf 88' lang='lat' dir='ltr'><strong>pag.</strong></span> 
     </span>
    </p>
   </div>
   <div class='ocr_carea' id='block_1_43' title="bbox 401 3944 2052 4025">
    <p class='ocr_par' dir='ltr' id='par_1_43' title="bbox 401 3944 2052 4025">
     <span class='ocr_line' id='line_1_44' title="bbox 401 3944 2052 4025; baseline -0.007 -14"><span class='ocrx_word' id='word_1_316' title='bbox 401 3957 527 4023; x_wconf 84' lang='grc'><strong>427,</strong></span> <span class='ocrx_word' id='word_1_317' title='bbox 560 3955 653 4011; x_wconf 81' lang='grc' dir='ltr'><strong>Ἐκ</strong></span> <span class='ocrx_word' id='word_1_318' title='bbox 706 3956 814 4006; x_wconf 81' lang='grc' dir='ltr'>τῶν</span> <span class='ocrx_word' id='word_1_319' title='bbox 865 3949 1031 4025; x_wconf 72' lang='grc' dir='ltr'>ὀρέων</span> <span class='ocrx_word' id='word_1_320' title='bbox 1082 3950 1148 4018; x_wconf 79' lang='grc' dir='ltr'>ἦν</span> <span class='ocrx_word' id='word_1_321' title='bbox 1184 3950 1212 4004; x_wconf 87' lang='grc' dir='ltr'>ὁ</span> <span class='ocrx_word' id='word_1_322' title='bbox 1244 3947 1469 4022; x_wconf 72' lang='grc' dir='ltr'>Πέτρος,</span> <span class='ocrx_word' id='word_1_323' title='bbox 1501 3946 1579 4023; x_wconf 80' lang='grc' dir='ltr'><strong>ἐφ’</strong></span> <span class='ocrx_word' id='word_1_324' title='bbox 1608 3948 1677 4015; x_wconf 71' lang='grc' dir='ltr'>ἧς</span> <span class='ocrx_word' id='word_1_325' title='bbox 1705 3946 1793 4000; x_wconf 80' lang='grc' dir='ltr'><strong>καὶ</strong></span> <span class='ocrx_word' id='word_1_326' title='bbox 1852 3944 2052 4021; x_wconf 75' lang='grc' dir='ltr'>πέτρας</span> 
     </span>
    </p>
   </div>
   <div class='ocr_carea' id='block_1_44' title="bbox 402 4033 2052 4119">
    <p class='ocr_par' dir='ltr' id='par_1_44' title="bbox 402 4033 2052 4119">
     <span class='ocr_line' id='line_1_45' title="bbox 402 4033 2052 4119; baseline -0.003 -21"><span class='ocrx_word' id='word_1_327' title='bbox 402 4040 764 4119; x_wconf 80' lang='grc' dir='ltr'>ἐπηγγείλατο</span> <span class='ocrx_word' id='word_1_328' title='bbox 805 4036 1194 4112; x_wconf 76' lang='grc' dir='ltr'>οἰκοδομήσειν</span> <span class='ocrx_word' id='word_1_329' title='bbox 1247 4036 1417 4092; x_wconf 82' lang='grc' dir='ltr'>αὐτοῦ</span> <span class='ocrx_word' id='word_1_330' title='bbox 1472 4037 1571 4103; x_wconf 79' lang='grc' dir='ltr'><strong>τὴν</strong></span> <span class='ocrx_word' id='word_1_331' title='bbox 1602 4033 1946 4099; x_wconf 81' lang='grc' dir='ltr'>Ἐκκλησίαν.</span> <span class='ocrx_word' id='word_1_332' title='bbox 1982 4038 2052 4093; x_wconf 82' lang='lat' dir='ltr'><strong>Et</strong></span> 
     </span>
    </p>
   </div>
   <div class='ocr_carea' id='block_1_45' title="bbox 398 4127 2050 4205">
    <p class='ocr_par' dir='ltr' id='par_1_45' title="bbox 398 4127 2050 4205">
     <span class='ocr_line' id='line_1_46' title="bbox 398 4127 2050 4205; baseline -0.005 -15"><span class='ocrx_word' id='word_1_333' title='bbox 398 4136 460 4190; x_wconf 91' lang='lat' dir='ltr'><strong>in</strong></span> <span class='ocrx_word' id='word_1_334' title='bbox 520 4132 798 4205; x_wconf 81' lang='lat' dir='ltr'><strong>procemio</strong></span> <span class='ocrx_word' id='word_1_335' title='bbox 833 4136 910 4188; x_wconf 88' lang='lat' dir='ltr'><strong>De</strong></span> <span class='ocrx_word' id='word_1_336' title='bbox 940 4130 1147 4199; x_wconf 85' lang='lat' dir='ltr'><strong>iudicio</strong></span> <span class='ocrx_word' id='word_1_337' title='bbox 1180 4130 1274 4185; x_wconf 87' lang='lat' dir='ltr'><strong>Dei</strong></span> <span class='ocrx_word' id='word_1_338' title='bbox 1295 4128 1518 4183; x_wconf 84' lang='lat' dir='ltr'><strong>caeteris</strong></span> <span class='ocrx_word' id='word_1_339' title='bbox 1548 4127 1627 4181; x_wconf 90' lang='lat' dir='ltr'><strong>ait</strong></span> <span class='ocrx_word' id='word_1_340' title='bbox 1653 4141 1786 4182; x_wconf 91' lang='lat' dir='ltr'><strong>eum</strong></span> <span class='ocrx_word' id='word_1_341' title='bbox 1812 4132 2050 4198; x_wconf 90' lang='lat' dir='ltr'><strong>aposto-</strong></span> 
     </span>
    </p>
   </div>
   <div class='ocr_carea' id='block_1_46' title="bbox 399 4217 2052 4288">
    <p class='ocr_par' dir='ltr' id='par_1_46' title="bbox 399 4217 2052 4288">
     <span class='ocr_line' id='line_1_47' title="bbox 399 4217 2052 4288; baseline -0.005 -8"><span class='ocrx_word' id='word_1_342' title='bbox 399 4224 474 4281; x_wconf 90' lang='lat' dir='ltr'><strong>lis</strong></span> <span class='ocrx_word' id='word_1_343' title='bbox 504 4222 829 4279; x_wconf 86' lang='lat' dir='ltr'><strong>antelatum</strong></span> <span class='ocrx_word' id='word_1_344' title='bbox 859 4218 1064 4285; x_wconf 83' lang='lat' dir='ltr'><strong>fuisse,</strong></span> <span class='ocrx_word' id='word_1_345' title='bbox 1095 4224 1153 4274; x_wconf 91' lang='lat' dir='ltr'><strong>et</strong></span> <span class='ocrx_word' id='word_1_346' title='bbox 1185 4218 1434 4274; x_wconf 88' lang='lat' dir='ltr'><strong>Homilia</strong></span> <span class='ocrx_word' id='word_1_347' title='bbox 1473 4217 1548 4273; x_wconf 86' lang='lat' dir='ltr'><strong>De</strong></span> <span class='ocrx_word' id='word_1_348' title='bbox 1583 4218 1907 4288; x_wconf 73' lang='lat' dir='ltr'><strong>paenitentia</strong></span> <span class='ocrx_word' id='word_1_349' title='bbox 1958 4233 2052 4288; x_wconf 86' lang='lat' dir='ltr'><strong>pe-</strong></span> 
     </span>
    </p>
   </div>
   <div class='ocr_carea' id='block_1_47' title="bbox 397 4302 2053 4380">
    <p class='ocr_par' dir='ltr' id='par_1_47' title="bbox 397 4302 2053 4380">
     <span class='ocr_line' id='line_1_48' title="bbox 397 4302 2053 4380; baseline -0.006 -13"><span class='ocrx_word' id='word_1_350' title='bbox 397 4316 550 4367; x_wconf 91' lang='lat' dir='ltr'><strong>tram</strong></span> <span class='ocrx_word' id='word_1_351' title='bbox 582 4311 766 4367; x_wconf 88' lang='lat' dir='ltr'><strong>fuisse</strong></span> <span class='ocrx_word' id='word_1_352' title='bbox 795 4311 993 4380; x_wconf 90' lang='lat' dir='ltr'><strong>ipsum</strong></span> <span class='ocrx_word' id='word_1_353' title='bbox 1023 4307 1126 4375; x_wconf 89' lang='lat' dir='ltr'><strong>ait,</strong></span> <span class='ocrx_word' id='word_1_354' title='bbox 1150 4304 1286 4360; x_wconf 87' lang='lat' dir='ltr'><strong>licet</strong></span> <span class='ocrx_word' id='word_1_355' title='bbox 1305 4304 1640 4360; x_wconf 89' lang='lat' dir='ltr'><strong>inferiorem</strong></span> <span class='ocrx_word' id='word_1_356' title='bbox 1672 4302 1856 4359; x_wconf 89' lang='lat' dir='ltr'><strong>altera</strong></span> <span class='ocrx_word' id='word_1_357' title='bbox 1887 4308 2053 4375; x_wconf 87' lang='lat' dir='ltr'><strong>petra</strong></span> 
     </span>
    </p>
   </div>
   <div class='ocr_carea' id='block_1_48' title="bbox 398 4400 649 4457">
    <p class='ocr_par' dir='ltr' id='par_1_48' title="bbox 398 4400 649 4457">
     <span class='ocr_line' id='line_1_49' title="bbox 398 4400 649 4457; baseline -0.004 -1"><span class='ocrx_word' id='word_1_358' title='bbox 398 4400 649 4457; x_wconf 86' lang='lat' dir='ltr'><strong>Christo.</strong></span> 
     </span>
    </p>
   </div>
   <div class='ocr_carea' id='block_1_49' title="bbox 468 4480 2049 4558">
    <p class='ocr_par' dir='ltr' id='par_1_49' title="bbox 468 4480 2049 4558">
     <span class='ocr_line' id='line_1_50' title="bbox 468 4480 2049 4558; baseline -0.005 -13"><span class='ocrx_word' id='word_1_359' title='bbox 468 4489 587 4558; x_wconf 77' lang='lat' dir='ltr'><strong>Col,</strong></span> <span class='ocrx_word' id='word_1_360' title='bbox 611 4488 739 4558; x_wconf 86' lang='lat'><strong>586,</strong></span> <span class='ocrx_word' id='word_1_361' title='bbox 761 4489 808 4542; x_wconf 84' lang='lat' dir='ltr'>A</span> <span class='ocrx_word' id='word_1_362' title='bbox 845 4486 900 4540; x_wconf 89' lang='grc'>6.</span> <span class='ocrx_word' id='word_1_363' title='bbox 944 4485 1328 4541; x_wconf 82' lang='lat' dir='ltr'><strong>Retinuerunt.</strong></span> <span class='ocrx_word' id='word_1_364' title='bbox 1364 4480 1759 4554; x_wconf 83' lang='grc' dir='ltr'>Μιτεκόμισαν,</span> <span class='ocrx_word' id='word_1_365' title='bbox 1796 4502 1821 4535; x_wconf 78' lang='grc' dir='ltr'><strong>α</strong></span> <span class='ocrx_word' id='word_1_366' title='bbox 1854 4486 2049 4538; x_wconf 88' lang='lat' dir='ltr'><strong>trans-</strong></span> 
     </span>
    </p>
   </div>
   <div class='ocr_carea' id='block_1_50' title="bbox 395 4573 2051 4652">
    <p class='ocr_par' dir='ltr' id='par_1_50' title="bbox 395 4573 2051 4652">
     <span class='ocr_line' id='line_1_51' title="bbox 395 4573 2051 4652; baseline -0.006 -17"><span class='ocrx_word' id='word_1_367' title='bbox 395 4582 741 4652; x_wconf 89' lang='lat' dir='ltr'><strong>posuerunt,</strong></span> <span class='ocrx_word' id='word_1_368' title='bbox 758 4598 786 4626; x_wconf 87' lang='lat'>»</span> <span class='ocrx_word' id='word_1_369' title='bbox 804 4575 977 4631; x_wconf 86' lang='lat' dir='ltr'><strong>vertit</strong></span> <span class='ocrx_word' id='word_1_370' title='bbox 996 4574 1370 4644; x_wconf 87' lang='lat' dir='ltr'><strong>Trapezunt.,</strong></span> <span class='ocrx_word' id='word_1_371' title='bbox 1389 4580 1447 4629; x_wconf 91' lang='lat' dir='ltr'><strong>et</strong></span> <span class='ocrx_word' id='word_1_372' title='bbox 1465 4573 1803 4640; x_wconf 83' lang='lat' dir='ltr'><strong>Cornarius,</strong></span> <span class='ocrx_word' id='word_1_373' title='bbox 1822 4591 1847 4623; x_wconf 79' lang='grc' dir='ltr'><strong>α</strong></span> <span class='ocrx_word' id='word_1_374' title='bbox 1860 4574 2051 4626; x_wconf 88' lang='lat' dir='ltr'><strong>trans-</strong></span> 
     </span>
    </p>
   </div>
   <div class='ocr_carea' id='block_1_51' title="bbox 2155 619 3834 691">
    <p class='ocr_par' dir='ltr' id='par_1_51' title="bbox 2155 619 3834 691">
     <span class='ocr_line' id='line_1_52' title="bbox 2155 619 3834 691; baseline -0.005 -11"><span class='ocrx_word' id='word_1_375' title='bbox 2155 624 2481 691; x_wconf 78' lang='grc' dir='ltr'>συστάσεως,</span> <span class='ocrx_word' id='word_1_376' title='bbox 2504 624 2765 691; x_wconf 91' lang='lat' dir='ltr'><strong>verterit,</strong></span> <span class='ocrx_word' id='word_1_377' title='bbox 2791 646 2820 675; x_wconf 82' lang='lat'><strong><em>«</em></strong></span> <span class='ocrx_word' id='word_1_378' title='bbox 2839 639 2971 679; x_wconf 88' lang='lat' dir='ltr'><strong>cum</strong></span> <span class='ocrx_word' id='word_1_379' title='bbox 2996 639 3113 678; x_wconf 91' lang='lat' dir='ltr'><strong>non</strong></span> <span class='ocrx_word' id='word_1_380' title='bbox 3150 629 3300 678; x_wconf 81' lang='lat' dir='ltr'><strong>esset</strong></span> <span class='ocrx_word' id='word_1_381' title='bbox 3322 625 3457 676; x_wconf 91' lang='lat' dir='ltr'><strong>ante</strong></span> <span class='ocrx_word' id='word_1_382' title='bbox 3483 619 3834 674; x_wconf 87' lang='lat' dir='ltr'><strong>subsisten-</strong></span> 
     </span>
    </p>
   </div>
   <div class='ocr_carea' id='block_1_52' title="bbox 2155 710 3834 786">
    <p class='ocr_par' dir='ltr' id='par_1_52' title="bbox 2155 710 3834 786">
     <span class='ocr_line' id='line_1_53' title="bbox 2155 710 3834 786; baseline -0.005 -14"><span class='ocrx_word' id='word_1_383' title='bbox 2155 718 2296 772; x_wconf 88' lang='lat' dir='ltr'><strong>tiam</strong></span> <span class='ocrx_word' id='word_1_384' title='bbox 2329 732 2520 786; x_wconf 84' lang='lat' dir='ltr'><strong>suam,</strong></span> <span class='ocrx_word' id='word_1_385' title='bbox 2549 737 2575 765; x_wconf 84' lang='lat'>»</span> <span class='ocrx_word' id='word_1_386' title='bbox 2599 715 2800 771; x_wconf 89' lang='lat' dir='ltr'><strong>eadem</strong></span> <span class='ocrx_word' id='word_1_387' title='bbox 2834 714 3010 769; x_wconf 91' lang='lat' dir='ltr'><strong>etiam</strong></span> <span class='ocrx_word' id='word_1_388' title='bbox 3041 712 3219 768; x_wconf 90' lang='lat' dir='ltr'><strong>verba</strong></span> <span class='ocrx_word' id='word_1_389' title='bbox 3250 711 3345 765; x_wconf 91' lang='lat' dir='ltr'><strong>hic</strong></span> <span class='ocrx_word' id='word_1_390' title='bbox 3376 710 3619 765; x_wconf 82' lang='lat' dir='ltr'><strong>fuerunt</strong></span> <span class='ocrx_word' id='word_1_391' title='bbox 3649 723 3834 780; x_wconf 85' lang='lat' dir='ltr'><strong>repe—</strong></span> 
     </span>
    </p>
   </div>
   <div class='ocr_carea' id='block_1_53' title="bbox 2155 797 3834 875">
    <p class='ocr_par' dir='ltr' id='par_1_53' title="bbox 2155 797 3834 875">
     <span class='ocr_line' id='line_1_54' title="bbox 2155 797 3834 875; baseline -0.005 -14"><span class='ocrx_word' id='word_1_392' title='bbox 2155 808 2352 862; x_wconf 85' lang='lat' dir='ltr'><strong>tenda.</strong></span> <span class='ocrx_word' id='word_1_393' title='bbox 2388 804 2569 860; x_wconf 91' lang='lat' dir='ltr'><strong>Paulo</strong></span> <span class='ocrx_word' id='word_1_394' title='bbox 2620 807 2753 875; x_wconf 90' lang='lat' dir='ltr'><strong>post</strong></span> <span class='ocrx_word' id='word_1_395' title='bbox 2781 802 3233 858; x_wconf 89' lang='lat' dir='ltr'><strong>immutavimus</strong></span> <span class='ocrx_word' id='word_1_396' title='bbox 3260 800 3407 855; x_wconf 87' lang='lat' dir='ltr'><strong>illud</strong></span> <span class='ocrx_word' id='word_1_397' title='bbox 3444 817 3457 856; x_wconf 91' lang='lat'><strong>:</strong></span> <span class='ocrx_word' id='word_1_398' title='bbox 3490 819 3519 849; x_wconf 84' lang='lat'><strong>«</strong></span> <span class='ocrx_word' id='word_1_399' title='bbox 3551 797 3834 854; x_wconf 80' lang='lat' dir='ltr'><strong>melioris</strong></span> 
     </span>
    </p>
   </div>
   <div class='ocr_carea' id='block_1_54' title="bbox 2154 888 3832 965">
    <p class='ocr_par' dir='ltr' id='par_1_54' title="bbox 2154 888 3832 965">
     <span class='ocr_line' id='line_1_55' title="bbox 2154 888 3832 965; baseline -0.005 -15"><span class='ocrx_word' id='word_1_400' title='bbox 2154 895 2519 965; x_wconf 77' lang='lat' dir='ltr'><strong>ignoratione</strong></span> <span class='ocrx_word' id='word_1_401' title='bbox 2549 899 2652 949; x_wconf 89' lang='lat' dir='ltr'><strong>aut</strong></span> <span class='ocrx_word' id='word_1_402' title='bbox 2683 892 3042 964; x_wconf 65' lang='lat' dir='ltr'><strong>impotentia</strong></span> <span class='ocrx_word' id='word_1_403' title='bbox 3082 891 3240 946; x_wconf 91' lang='lat' dir='ltr'><strong>hunc</strong></span> <span class='ocrx_word' id='word_1_404' title='bbox 3291 888 3475 945; x_wconf 84' lang='lat' dir='ltr'><strong>fuisse</strong></span> <span class='ocrx_word' id='word_1_405' title='bbox 3520 888 3832 943; x_wconf 79' lang='lat' dir='ltr'><strong>defectum</strong></span> 
     </span>
    </p>
   </div>
   <div class='ocr_carea' id='block_1_55' title="bbox 2156 977 3838 1055">
    <p class='ocr_par' dir='ltr' id='par_1_55' title="bbox 2156 977 3838 1055">
     <span class='ocr_line' id='line_1_56' title="bbox 2156 977 3838 1055; baseline -0.005 -16"><span class='ocrx_word' id='word_1_406' title='bbox 2156 983 2688 1039; x_wconf 78' lang='lat' dir='ltr'><strong>ratiocinabuntur.</strong></span> <span class='ocrx_word' id='word_1_407' title='bbox 2716 1003 2745 1033; x_wconf 84' lang='lat'>»</span> <span class='ocrx_word' id='word_1_408' title='bbox 2779 980 2884 1037; x_wconf 87' lang='lat' dir='ltr'><strong>Hic</strong></span> <span class='ocrx_word' id='word_1_409' title='bbox 2913 980 3066 1037; x_wconf 87' lang='lat' dir='ltr'><strong>enim</strong></span> <span class='ocrx_word' id='word_1_410' title='bbox 3095 977 3408 1055; x_wconf 78' lang='grc' dir='ltr'>λογίζεσθαι</span> <span class='ocrx_word' id='word_1_411' title='bbox 3447 994 3567 1033; x_wconf 91' lang='lat' dir='ltr'><strong>non</strong></span> <span class='ocrx_word' id='word_1_412' title='bbox 3600 981 3694 1032; x_wconf 90' lang='lat' dir='ltr'><strong>est</strong></span> <span class='ocrx_word' id='word_1_413' title='bbox 3724 993 3838 1032; x_wconf 89' lang='lat' dir='ltr'><strong>ra—</strong></span> 
     </span>
    </p>
   </div>
   <div class='ocr_carea' id='block_1_56' title="bbox 2157 1064 3833 1139">
    <p class='ocr_par' dir='ltr' id='par_1_56' title="bbox 2157 1064 3833 1139">
     <span class='ocr_line' id='line_1_57' title="bbox 2157 1064 3833 1139; baseline -0.004 -12"><span class='ocrx_word' id='word_1_414' title='bbox 2157 1072 2451 1139; x_wconf 87' lang='lat' dir='ltr'><strong>tiocinari,</strong></span> <span class='ocrx_word' id='word_1_415' title='bbox 2484 1072 2584 1127; x_wconf 91' lang='lat' dir='ltr'><strong>sed</strong></span> <span class='ocrx_word' id='word_1_416' title='bbox 2621 1070 2681 1127; x_wconf 91' lang='lat' dir='ltr'><strong>in</strong></span> <span class='ocrx_word' id='word_1_417' title='bbox 2731 1069 3038 1127; x_wconf 90' lang='lat' dir='ltr'><strong>ratiocinio</strong></span> <span class='ocrx_word' id='word_1_418' title='bbox 3086 1069 3171 1124; x_wconf 92' lang='lat' dir='ltr'><strong>vel</strong></span> <span class='ocrx_word' id='word_1_419' title='bbox 3223 1073 3388 1124; x_wconf 85' lang='lat' dir='ltr'><strong>extra</strong></span> <span class='ocrx_word' id='word_1_420' title='bbox 3438 1064 3833 1122; x_wconf 84' lang='lat' dir='ltr'><strong>ratiocinium</strong></span> 
     </span>
    </p>
   </div>
   <div class='ocr_carea' id='block_1_57' title="bbox 2157 1157 3831 1232">
    <p class='ocr_par' dir='ltr' id='par_1_57' title="bbox 2157 1157 3831 1232">
     <span class='ocr_line' id='line_1_58' title="bbox 2157 1157 3831 1232; baseline -0.005 -16"><span class='ocrx_word' id='word_1_421' title='bbox 2157 1162 2454 1232; x_wconf 84' lang='lat' dir='ltr'><strong>imputare</strong></span> <span class='ocrx_word' id='word_1_422' title='bbox 2483 1160 2734 1232; x_wconf 90' lang='lat' dir='ltr'><strong>aliquid,</strong></span> <span class='ocrx_word' id='word_1_423' title='bbox 2765 1160 2886 1214; x_wconf 87' lang='lat' dir='ltr'><strong>sive</strong></span> <span class='ocrx_word' id='word_1_424' title='bbox 2919 1163 3226 1228; x_wconf 84' lang='lat' dir='ltr'><strong>acceptum</strong></span> <span class='ocrx_word' id='word_1_425' title='bbox 3262 1157 3433 1225; x_wconf 80' lang='lat' dir='ltr'><strong>ferre,</strong></span> <span class='ocrx_word' id='word_1_426' title='bbox 3467 1158 3533 1210; x_wconf 91' lang='lat' dir='ltr'><strong>ut</strong></span> <span class='ocrx_word' id='word_1_427' title='bbox 3571 1158 3831 1210; x_wconf 81' lang='lat' dir='ltr'><strong>Roman.</strong></span> 
     </span>
    </p>
   </div>
   <div class='ocr_carea' id='block_1_58' title="bbox 2159 1242 3832 1322">
    <p class='ocr_par' dir='ltr' id='par_1_58' title="bbox 2159 1242 3832 1322">
     <span class='ocr_line' id='line_1_59' title="bbox 2159 1242 3832 1322; baseline -0.005 -16"><span class='ocrx_word' id='word_1_428' title='bbox 2159 1268 2235 1318; x_wconf 90' lang='lat' dir='ltr'><strong>Iv,</strong></span> <span class='ocrx_word' id='word_1_429' title='bbox 2260 1251 2293 1303; x_wconf 92' lang='lat'>3</span> <span class='ocrx_word' id='word_1_430' title='bbox 2319 1267 2330 1304; x_wconf 92' lang='lat'><strong>:</strong></span> <span class='ocrx_word' id='word_1_431' title='bbox 2358 1245 2652 1322; x_wconf 76' lang='grc' dir='ltr'>Ἐλογίσθη</span> <span class='ocrx_word' id='word_1_432' title='bbox 2685 1245 2833 1319; x_wconf 82' lang='grc' dir='ltr'>αὖτῷ</span> <span class='ocrx_word' id='word_1_433' title='bbox 2863 1244 2939 1309; x_wconf 79' lang='grc' dir='ltr'><strong>εἷς</strong></span> <span class='ocrx_word' id='word_1_434' title='bbox 2967 1242 3338 1316; x_wconf 79' lang='grc' dir='ltr'>δικαιοσύνην,</span> <span class='ocrx_word' id='word_1_435' title='bbox 3372 1245 3710 1316; x_wconf 85' lang='lat' dir='ltr'><strong>Reputatum</strong></span> <span class='ocrx_word' id='word_1_436' title='bbox 3740 1248 3832 1299; x_wconf 77' lang='lat' dir='ltr'><strong>est</strong></span> 
     </span>
    </p>
   </div>
   <div class='ocr_carea' id='block_1_59' title="bbox 2157 1340 2686 1412">
    <p class='ocr_par' dir='ltr' id='par_1_59' title="bbox 2157 1340 2686 1412">
     <span class='ocr_line' id='line_1_60' title="bbox 2157 1340 2686 1412; baseline -0.004 -17"><span class='ocrx_word' id='word_1_437' title='bbox 2157 1341 2251 1395; x_wconf 74' lang='lat' dir='ltr'><strong>illi</strong></span> <span class='ocrx_word' id='word_1_438' title='bbox 2278 1340 2355 1396; x_wconf 89' lang='lat' dir='ltr'><strong>ad</strong></span> <span class='ocrx_word' id='word_1_439' title='bbox 2380 1340 2686 1412; x_wconf 74' lang='lat' dir='ltr'><strong>justitiam.</strong></span> 
     </span>
    </p>
   </div>
   <div class='ocr_carea' id='block_1_60' title="bbox 2229 1419 3814 1497">
    <p class='ocr_par' dir='ltr' id='par_1_60' title="bbox 2229 1419 3814 1497">
     <span class='ocr_line' id='line_1_61' title="bbox 2229 1419 3814 1497; baseline -0.004 -13"><span class='ocrx_word' id='word_1_440' title='bbox 2229 1428 2349 1484; x_wconf 87' lang='lat' dir='ltr'><strong>Col.</strong></span> <span class='ocrx_word' id='word_1_441' title='bbox 2380 1429 2489 1484; x_wconf 80' lang='grc'><strong>594</strong></span> <span class='ocrx_word' id='word_1_442' title='bbox 2519 1428 2560 1483; x_wconf 94' lang='grc' dir='ltr'>Β</span> <span class='ocrx_word' id='word_1_443' title='bbox 2614 1428 2668 1482; x_wconf 89' lang='grc'><strong>3.</strong></span> <span class='ocrx_word' id='word_1_444' title='bbox 2701 1425 3079 1483; x_wconf 83' lang='lat' dir='ltr'><strong>Adversarios.</strong></span> <span class='ocrx_word' id='word_1_445' title='bbox 3114 1424 3259 1497; x_wconf 81' lang='grc' dir='ltr'><strong>Πρὸς</strong></span> <span class='ocrx_word' id='word_1_446' title='bbox 3302 1420 3432 1484; x_wconf 79' lang='grc' dir='ltr'>τοὺς</span> <span class='ocrx_word' id='word_1_447' title='bbox 3484 1419 3691 1483; x_wconf 77' lang='grc' dir='ltr'>αἰτίους</span> <span class='ocrx_word' id='word_1_448' title='bbox 3741 1422 3814 1478; x_wconf 78' lang='lat' dir='ltr'><strong>ad</strong></span> 
     </span>
    </p>
   </div>
   <div class='ocr_carea' id='block_1_61' title="bbox 2158 1510 3819 1584">
    <p class='ocr_par' dir='ltr' id='par_1_61' title="bbox 2158 1510 3819 1584">
     <span class='ocr_line' id='line_1_62' title="bbox 2158 1510 3819 1584; baseline -0.004 -13"><span class='ocrx_word' id='word_1_449' title='bbox 2158 1519 2399 1573; x_wconf 89' lang='lat' dir='ltr'><strong>verbum</strong></span> <span class='ocrx_word' id='word_1_450' title='bbox 2426 1524 2535 1584; x_wconf 91' lang='lat' dir='ltr'><strong>est,</strong></span> <span class='ocrx_word' id='word_1_451' title='bbox 2566 1538 2590 1569; x_wconf 77' lang='grc' dir='ltr'><strong>α</strong></span> <span class='ocrx_word' id='word_1_452' title='bbox 2625 1518 2695 1571; x_wconf 90' lang='lat' dir='ltr'><strong>ad</strong></span> <span class='ocrx_word' id='word_1_453' title='bbox 2731 1532 2871 1571; x_wconf 89' lang='lat' dir='ltr'><strong>suos</strong></span> <span class='ocrx_word' id='word_1_454' title='bbox 2902 1519 3196 1581; x_wconf 88' lang='lat' dir='ltr'><strong>auctores,</strong></span> <span class='ocrx_word' id='word_1_455' title='bbox 3230 1534 3260 1563; x_wconf 87' lang='lat'><strong>»</strong></span> <span class='ocrx_word' id='word_1_456' title='bbox 3290 1518 3356 1567; x_wconf 90' lang='lat' dir='ltr'><strong>ut</strong></span> <span class='ocrx_word' id='word_1_457' title='bbox 3399 1512 3577 1568; x_wconf 88' lang='lat' dir='ltr'><strong>vertit</strong></span> <span class='ocrx_word' id='word_1_458' title='bbox 3602 1510 3819 1566; x_wconf 83' lang='lat' dir='ltr'><strong>Cerna-</strong></span> 
     </span>
    </p>
   </div>
   <div class='ocr_carea' id='block_1_62' title="bbox 2159 1600 3822 1676">
    <p class='ocr_par' dir='ltr' id='par_1_62' title="bbox 2159 1600 3822 1676">
     <span class='ocr_line' id='line_1_63' title="bbox 2159 1600 3822 1676; baseline -0.005 -14"><span class='ocrx_word' id='word_1_459' title='bbox 2159 1608 2306 1673; x_wconf 89' lang='lat' dir='ltr'><strong>rius,</strong></span> <span class='ocrx_word' id='word_1_460' title='bbox 2337 1606 2427 1662; x_wconf 88' lang='lat' dir='ltr'><strong>vel</strong></span> <span class='ocrx_word' id='word_1_461' title='bbox 2461 1614 2524 1661; x_wconf 89' lang='lat' dir='ltr'><strong>ut</strong></span> <span class='ocrx_word' id='word_1_462' title='bbox 2552 1607 2717 1676; x_wconf 88' lang='lat' dir='ltr'><strong>Beza,</strong></span> <span class='ocrx_word' id='word_1_463' title='bbox 2754 1626 2782 1655; x_wconf 87' lang='lat'><strong><em>«</em></strong></span> <span class='ocrx_word' id='word_1_464' title='bbox 2829 1604 2888 1660; x_wconf 88' lang='lat' dir='ltr'><strong>in</strong></span> <span class='ocrx_word' id='word_1_465' title='bbox 2928 1620 3132 1659; x_wconf 89' lang='lat' dir='ltr'><strong>eorum</strong></span> <span class='ocrx_word' id='word_1_466' title='bbox 3184 1607 3361 1673; x_wconf 90' lang='lat' dir='ltr'><strong>caput</strong></span> <span class='ocrx_word' id='word_1_467' title='bbox 3406 1605 3687 1668; x_wconf 81' lang='lat' dir='ltr'><strong>vertatur,</strong></span> <span class='ocrx_word' id='word_1_468' title='bbox 3711 1600 3822 1671; x_wconf 87' lang='lat' dir='ltr'><strong>qui</strong></span> 
     </span>
    </p>
   </div>
   <div class='ocr_carea' id='block_1_63' title="bbox 2160 1689 3822 1767">
    <p class='ocr_par' dir='ltr' id='par_1_63' title="bbox 2160 1689 3822 1767">
     <span class='ocr_line' id='line_1_64' title="bbox 2160 1689 3822 1767; baseline -0.004 -16"><span class='ocrx_word' id='word_1_469' title='bbox 2160 1702 2300 1752; x_wconf 91' lang='lat' dir='ltr'><strong>sunt</strong></span> <span class='ocrx_word' id='word_1_470' title='bbox 2328 1696 2458 1767; x_wconf 88' lang='lat' dir='ltr'><strong>ejus</strong></span> <span class='ocrx_word' id='word_1_471' title='bbox 2479 1701 2769 1750; x_wconf 89' lang='lat' dir='ltr'><strong>auctores.</strong></span> <span class='ocrx_word' id='word_1_472' title='bbox 2790 1715 2811 1742; x_wconf 77' lang='grc' dir='ltr'>ι</span> <span class='ocrx_word' id='word_1_473' title='bbox 2830 1695 3255 1764; x_wconf 87' lang='lat' dir='ltr'><strong>Interpretatus</strong></span> <span class='ocrx_word' id='word_1_474' title='bbox 3282 1696 3372 1745; x_wconf 88' lang='lat' dir='ltr'><strong>est</strong></span> <span class='ocrx_word' id='word_1_475' title='bbox 3389 1689 3822 1762; x_wconf 82' lang='lat' dir='ltr'><strong>Trapezuntius</strong></span> 
     </span>
    </p>
   </div>
   <div class='ocr_carea' id='block_1_64' title="bbox 2160 1777 3823 1857">
    <p class='ocr_par' dir='ltr' id='par_1_64' title="bbox 2160 1777 3823 1857">
     <span class='ocr_line' id='line_1_65' title="bbox 2160 1777 3823 1857; baseline -0.005 -17"><span class='ocrx_word' id='word_1_476' title='bbox 2160 1784 2331 1857; x_wconf 86' lang='lat' dir='ltr'><strong>quasi</strong></span> <span class='ocrx_word' id='word_1_477' title='bbox 2354 1784 2591 1853; x_wconf 73' lang='lat' dir='ltr'><strong>legisset</strong></span> <span class='ocrx_word' id='word_1_478' title='bbox 2611 1782 2749 1857; x_wconf 85' lang='grc' dir='ltr'>πρὸς</span> <span class='ocrx_word' id='word_1_479' title='bbox 2772 1778 2900 1841; x_wconf 79' lang='grc' dir='ltr'>τοὺς</span> <span class='ocrx_word' id='word_1_480' title='bbox 2923 1778 3370 1840; x_wconf 71' lang='grc' dir='ltr'>ὲναντίους.Τ81θ</span> <span class='ocrx_word' id='word_1_481' title='bbox 3390 1777 3538 1833; x_wconf 88' lang='lat' dir='ltr'><strong>illud</strong></span> <span class='ocrx_word' id='word_1_482' title='bbox 3561 1777 3823 1835; x_wconf 88' lang='lat' dir='ltr'><strong>estPsal.</strong></span> 
     </span>
    </p>
   </div>
   <div class='ocr_carea' id='block_1_65' title="bbox 2440 1864 3828 1946">
    <p class='ocr_par' dir='ltr' id='par_1_65' title="bbox 2440 1864 3828 1946">
     <span class='ocr_line' id='line_1_66' title="bbox 2440 1864 3828 1946; baseline -0.006 -17"><span class='ocrx_word' id='word_1_483' title='bbox 2440 1891 2452 1929; x_wconf 92' lang='lat'>:</span> <span class='ocrx_word' id='word_1_484' title='bbox 2499 1870 2845 1946; x_wconf 77' lang='grc' dir='ltr'>Ἐπιστρὲψει</span> <span class='ocrx_word' id='word_1_485' title='bbox 2904 1871 2931 1925; x_wconf 89' lang='grc' dir='ltr'>ὁ</span> <span class='ocrx_word' id='word_1_486' title='bbox 2988 1868 3157 1930; x_wconf 84' lang='grc' dir='ltr'>πόνος</span> <span class='ocrx_word' id='word_1_487' title='bbox 3215 1867 3382 1922; x_wconf 78' lang='grc' dir='ltr'>αὐτοῦ</span> <span class='ocrx_word' id='word_1_488' title='bbox 3442 1866 3517 1928; x_wconf 77' lang='grc' dir='ltr'>εἰς</span> <span class='ocrx_word' id='word_1_489' title='bbox 3574 1864 3828 1940; x_wconf 77' lang='grc' dir='ltr'>κεφαλὴν</span> 
     </span>
    </p>
   </div>
   <div class='ocr_carea' id='block_1_66' title="bbox 2159 1957 3826 2031">
    <p class='ocr_par' dir='ltr' id='par_1_66' title="bbox 2159 1957 3826 2031">
     <span class='ocr_line' id='line_1_67' title="bbox 2159 1957 3826 2031; baseline -0.003 -15"><span class='ocrx_word' id='word_1_490' title='bbox 2159 1960 2345 2016; x_wconf 77' lang='grc' dir='ltr'>αὐτοῦ·</span> <span class='ocrx_word' id='word_1_491' title='bbox 2379 1962 2733 2017; x_wconf 84' lang='lat' dir='ltr'><strong>Convertetur</strong></span> <span class='ocrx_word' id='word_1_492' title='bbox 2762 1961 2922 2017; x_wconf 77' lang='lat' dir='ltr'><strong>dolor</strong></span> <span class='ocrx_word' id='word_1_493' title='bbox 2968 1959 3089 2031; x_wconf 89' lang='lat' dir='ltr'><strong>ejus</strong></span> <span class='ocrx_word' id='word_1_494' title='bbox 3129 1961 3191 2014; x_wconf 81' lang='lat' dir='ltr'><strong>in</strong></span> <span class='ocrx_word' id='word_1_495' title='bbox 3236 1960 3404 2030; x_wconf 82' lang='lat' dir='ltr'><strong>caput</strong></span> <span class='ocrx_word' id='word_1_496' title='bbox 3443 1959 3581 2029; x_wconf 87' lang='lat' dir='ltr'><strong>ejus.</strong></span> <span class='ocrx_word' id='word_1_497' title='bbox 3615 1957 3826 2012; x_wconf 85' lang='lat' dir='ltr'><strong>Hiero-</strong></span> 
     </span>
    </p>
   </div>
   <div class='ocr_carea' id='block_1_67' title="bbox 2159 2046 3830 2121">
    <p class='ocr_par' dir='ltr' id='par_1_67' title="bbox 2159 2046 3830 2121">
     <span class='ocr_line' id='line_1_68' title="bbox 2159 2046 3830 2121; baseline -0.004 -14"><span class='ocrx_word' id='word_1_498' title='bbox 2159 2068 2396 2121; x_wconf 85' lang='lat' dir='ltr'><strong>nymus,</strong></span> <span class='ocrx_word' id='word_1_499' title='bbox 2431 2052 2749 2107; x_wconf 72' lang='lat' dir='ltr'><strong>Revertatur</strong></span> <span class='ocrx_word' id='word_1_500' title='bbox 2786 2050 2949 2105; x_wconf 82' lang='lat' dir='ltr'><strong>dolor</strong></span> <span class='ocrx_word' id='word_1_501' title='bbox 2983 2064 3113 2104; x_wconf 78' lang='lat' dir='ltr'><strong>suus</strong></span> <span class='ocrx_word' id='word_1_502' title='bbox 3153 2049 3215 2103; x_wconf 84' lang='lat' dir='ltr'><strong>in</strong></span> <span class='ocrx_word' id='word_1_503' title='bbox 3263 2052 3429 2118; x_wconf 87' lang='lat' dir='ltr'><strong>caput</strong></span> <span class='ocrx_word' id='word_1_504' title='bbox 3478 2046 3616 2115; x_wconf 77' lang='lat' dir='ltr'><strong>eius,</strong></span> <span class='ocrx_word' id='word_1_505' title='bbox 3647 2053 3699 2101; x_wconf 84' lang='lat' dir='ltr'><strong>et</strong></span> <span class='ocrx_word' id='word_1_506' title='bbox 3727 2061 3830 2101; x_wconf 85' lang='lat' dir='ltr'><strong>su-</strong></span> 
     </span>
    </p>
   </div>
   <div class='ocr_carea' id='block_1_68' title="bbox 2153 2136 3444 2214">
    <p class='ocr_par' dir='ltr' id='par_1_68' title="bbox 2153 2136 3444 2214">
     <span class='ocr_line' id='line_1_69' title="bbox 2153 2136 3444 2214; baseline -0.004 -18"><span class='ocrx_word' id='word_1_507' title='bbox 2153 2157 2258 2214; x_wconf 82' lang='lat' dir='ltr'><strong>per</strong></span> <span class='ocrx_word' id='word_1_508' title='bbox 2284 2142 2540 2196; x_wconf 82' lang='lat' dir='ltr'><strong>verticem</strong></span> <span class='ocrx_word' id='word_1_509' title='bbox 2561 2140 2679 2211; x_wconf 85' lang='lat' dir='ltr'><strong>ejus</strong></span> <span class='ocrx_word' id='word_1_510' title='bbox 2707 2140 2979 2211; x_wconf 79' lang='lat' dir='ltr'><strong>iniquitas</strong></span> <span class='ocrx_word' id='word_1_511' title='bbox 3008 2155 3107 2193; x_wconf 88' lang='lat' dir='ltr'><strong>sua</strong></span> <span class='ocrx_word' id='word_1_512' title='bbox 3138 2136 3444 2193; x_wconf 78' lang='lat' dir='ltr'><strong>descendet.</strong></span> 
     </span>
    </p>
   </div>
   <div class='ocr_carea' id='block_1_69' title="bbox 2230 2237 3824 2316">
    <p class='ocr_par' dir='ltr' id='par_1_69' title="bbox 2230 2237 3824 2316">
     <span class='ocr_line' id='line_1_70' title="bbox 2230 2237 3824 2316; baseline -0.006 -15"><span class='ocrx_word' id='word_1_513' title='bbox 2230 2249 2350 2302; x_wconf 91' lang='lat' dir='ltr'><strong>Col.</strong></span> <span class='ocrx_word' id='word_1_514' title='bbox 2382 2247 2488 2301; x_wconf 83' lang='lat'><strong>596</strong></span> <span class='ocrx_word' id='word_1_515' title='bbox 2517 2246 2559 2301; x_wconf 88' lang='grc' dir='ltr'>Β</span> <span class='ocrx_word' id='word_1_516' title='bbox 2590 2246 2643 2301; x_wconf 90' lang='lat'><strong>3.</strong></span> <span class='ocrx_word' id='word_1_517' title='bbox 2676 2245 2772 2301; x_wconf 83' lang='grc' dir='ltr'><strong>Ἐκ</strong></span> <span class='ocrx_word' id='word_1_518' title='bbox 2805 2245 2881 2316; x_wconf 75' lang='grc' dir='ltr'><strong>μὴ</strong></span> <span class='ocrx_word' id='word_1_519' title='bbox 2916 2238 3109 2299; x_wconf 75' lang='grc' dir='ltr'>ὅντων.</span> <span class='ocrx_word' id='word_1_520' title='bbox 3145 2243 3211 2299; x_wconf 86' lang='grc' dir='ltr'><strong>Η.</strong></span> <span class='ocrx_word' id='word_1_521' title='bbox 3238 2238 3493 2302; x_wconf 56' lang='lat' dir='ltr'><strong>mest:on</strong></span> <span class='ocrx_word' id='word_1_522' title='bbox 3522 2237 3582 2294; x_wconf 70' lang='grc' dir='ltr'>ἆκ</span> <span class='ocrx_word' id='word_1_523' title='bbox 3608 2242 3706 2293; x_wconf 81' lang='grc' dir='ltr'>τοῦ</span> <span class='ocrx_word' id='word_1_524' title='bbox 3740 2241 3824 2313; x_wconf 70' lang='grc' dir='ltr'><strong>μή</strong></span> 
     </span>
    </p>
   </div>
   <div class='ocr_carea' id='block_1_70' title="bbox 2161 2330 3825 2405">
    <p class='ocr_par' dir='ltr' id='par_1_70' title="bbox 2161 2330 3825 2405">
     <span class='ocr_line' id='line_1_71' title="bbox 2161 2330 3825 2405; baseline -0.004 -16"><span class='ocrx_word' id='word_1_525' title='bbox 2161 2330 2335 2397; x_wconf 73' lang='grc' dir='ltr'>ὄντος·</span> <span class='ocrx_word' id='word_1_526' title='bbox 2371 2335 2468 2390; x_wconf 87' lang='lat' dir='ltr'><strong>sed</strong></span> <span class='ocrx_word' id='word_1_527' title='bbox 2502 2338 2793 2405; x_wconf 88' lang='lat' dir='ltr'><strong>receptam</strong></span> <span class='ocrx_word' id='word_1_528' title='bbox 2828 2332 3140 2389; x_wconf 84' lang='lat' dir='ltr'><strong>lectionem</strong></span> <span class='ocrx_word' id='word_1_529' title='bbox 3201 2330 3548 2396; x_wconf 77' lang='lat' dir='ltr'><strong>Stephanaaa</strong></span> <span class='ocrx_word' id='word_1_530' title='bbox 3595 2332 3825 2395; x_wconf 80' lang='lat' dir='ltr'><strong>tuetur,</strong></span> 
     </span>
    </p>
   </div>
   <div class='ocr_carea' id='block_1_71' title="bbox 2161 2413 3818 2494">
    <p class='ocr_par' dir='ltr' id='par_1_71' title="bbox 2161 2413 3818 2494">
     <span class='ocr_line' id='line_1_72' title="bbox 2161 2413 3818 2494; baseline -0.006 -14"><span class='ocrx_word' id='word_1_531' title='bbox 2161 2428 2218 2480; x_wconf 91' lang='lat' dir='ltr'><strong>et</strong></span> <span class='ocrx_word' id='word_1_532' title='bbox 2247 2422 2561 2479; x_wconf 90' lang='lat' dir='ltr'><strong>concilium</strong></span> <span class='ocrx_word' id='word_1_533' title='bbox 2594 2422 2892 2477; x_wconf 82' lang='lat' dir='ltr'><strong>Nicamum</strong></span> <span class='ocrx_word' id='word_1_534' title='bbox 2924 2421 2987 2477; x_wconf 90' lang='lat' dir='ltr'><strong>in</strong></span> <span class='ocrx_word' id='word_1_535' title='bbox 3016 2420 3291 2494; x_wconf 79' lang='lat' dir='ltr'><strong>Symbolo</strong></span> <span class='ocrx_word' id='word_1_536' title='bbox 3327 2434 3340 2475; x_wconf 91' lang='lat'>:</span> <span class='ocrx_word' id='word_1_537' title='bbox 3369 2416 3507 2479; x_wconf 82' lang='grc' dir='ltr'>Τοὺς</span> <span class='ocrx_word' id='word_1_538' title='bbox 3537 2413 3596 2471; x_wconf 68' lang='grc' dir='ltr'><strong>δὲ</strong></span> <span class='ocrx_word' id='word_1_539' title='bbox 3627 2415 3818 2491; x_wconf 72' lang='grc' dir='ltr'>λέγον-</span> 
     </span>
    </p>
   </div>
   <div class='ocr_carea' id='block_1_72' title="bbox 2158 2502 3818 2586">
    <p class='ocr_par' dir='ltr' id='par_1_72' title="bbox 2158 2502 3818 2586">
     <span class='ocr_line' id='line_1_73' title="bbox 2158 2502 3818 2586; baseline -0.004 -20"><span class='ocrx_word' id='word_1_540' title='bbox 2158 2532 2276 2580; x_wconf 88' lang='grc' dir='ltr'>τας,</span> <span class='ocrx_word' id='word_1_541' title='bbox 2310 2510 2441 2586; x_wconf 76' lang='grc' dir='ltr'>Πρὶν</span> <span class='ocrx_word' id='word_1_542' title='bbox 2474 2510 2800 2586; x_wconf 79' lang='grc' dir='ltr'>γεννηθῆναι</span> <span class='ocrx_word' id='word_1_543' title='bbox 2836 2508 2938 2564; x_wconf 81' lang='grc' dir='ltr'><strong>οὐκ</strong></span> <span class='ocrx_word' id='word_1_544' title='bbox 2991 2507 3084 2578; x_wconf 81' lang='grc' dir='ltr'>ἦν,</span> <span class='ocrx_word' id='word_1_545' title='bbox 3115 2506 3206 2563; x_wconf 82' lang='grc' dir='ltr'><strong>καὶ</strong></span> <span class='ocrx_word' id='word_1_546' title='bbox 3257 2504 3340 2561; x_wconf 75' lang='grc' dir='ltr'><strong>ὅτι</strong></span> <span class='ocrx_word' id='word_1_547' title='bbox 3388 2503 3439 2579; x_wconf 77' lang='grc' dir='ltr'><strong>ἐξ</strong></span> <span class='ocrx_word' id='word_1_548' title='bbox 3500 2505 3603 2561; x_wconf 81' lang='grc' dir='ltr'><strong>οὐκ</strong></span> <span class='ocrx_word' id='word_1_549' title='bbox 3640 2502 3818 2561; x_wconf 71' lang='grc' dir='ltr'>ὄντων</span> 
     </span>
    </p>
   </div>
   <div class='ocr_carea' id='block_1_73' title="bbox 2161 2598 3821 2676">
    <p class='ocr_par' dir='ltr' id='par_1_73' title="bbox 2161 2598 3821 2676">
     <span class='ocr_line' id='line_1_74' title="bbox 2161 2598 3821 2676; baseline -0.002 -20"><span class='ocrx_word' id='word_1_550' title='bbox 2161 2599 2387 2676; x_wconf 73' lang='grc' dir='ltr'>ἐγένετο·</span> <span class='ocrx_word' id='word_1_551' title='bbox 2430 2620 2452 2649; x_wconf 76' lang='grc' dir='ltr'><em>α</em></span> <span class='ocrx_word' id='word_1_552' title='bbox 2486 2601 2597 2656; x_wconf 87' lang='lat' dir='ltr'><strong>Eos</strong></span> <span class='ocrx_word' id='word_1_553' title='bbox 2628 2604 2824 2656; x_wconf 89' lang='lat' dir='ltr'><strong>autem</strong></span> <span class='ocrx_word' id='word_1_554' title='bbox 2857 2598 2958 2671; x_wconf 90' lang='lat' dir='ltr'><strong>qui</strong></span> <span class='ocrx_word' id='word_1_555' title='bbox 2988 2599 3213 2655; x_wconf 87' lang='lat' dir='ltr'><strong>dicunt.</strong></span> <span class='ocrx_word' id='word_1_556' title='bbox 3245 2600 3573 2670; x_wconf 86' lang='lat' dir='ltr'><strong>Antequam</strong></span> <span class='ocrx_word' id='word_1_557' title='bbox 3609 2613 3821 2653; x_wconf 89' lang='lat' dir='ltr'><strong>nasce-</strong></span> 
     </span>
    </p>
   </div>
   <div class='ocr_carea' id='block_1_74' title="bbox 2162 2686 3819 2761">
    <p class='ocr_par' dir='ltr' id='par_1_74' title="bbox 2162 2686 3819 2761">
     <span class='ocr_line' id='line_1_75' title="bbox 2162 2686 3819 2761; baseline -0.002 -14"><span class='ocrx_word' id='word_1_558' title='bbox 2162 2696 2324 2747; x_wconf 89' lang='lat' dir='ltr'><strong>retur</strong></span> <span class='ocrx_word' id='word_1_559' title='bbox 2352 2708 2469 2746; x_wconf 92' lang='lat' dir='ltr'><strong>non</strong></span> <span class='ocrx_word' id='word_1_560' title='bbox 2503 2693 2645 2759; x_wconf 88' lang='lat' dir='ltr'><strong>erat,</strong></span> <span class='ocrx_word' id='word_1_561' title='bbox 2665 2694 2723 2745; x_wconf 92' lang='lat' dir='ltr'><strong>et</strong></span> <span class='ocrx_word' id='word_1_562' title='bbox 2753 2689 2893 2761; x_wconf 89' lang='lat' dir='ltr'><strong>quia</strong></span> <span class='ocrx_word' id='word_1_563' title='bbox 2924 2705 2991 2744; x_wconf 88' lang='lat' dir='ltr'><strong>ex</strong></span> <span class='ocrx_word' id='word_1_564' title='bbox 3021 2688 3093 2744; x_wconf 88' lang='lat' dir='ltr'><strong>iis</strong></span> <span class='ocrx_word' id='word_1_565' title='bbox 3125 2704 3254 2760; x_wconf 80' lang='lat' dir='ltr'><strong>quae</strong></span> <span class='ocrx_word' id='word_1_566' title='bbox 3286 2703 3401 2742; x_wconf 90' lang='lat' dir='ltr'><strong>non</strong></span> <span class='ocrx_word' id='word_1_567' title='bbox 3434 2690 3597 2754; x_wconf 88' lang='lat' dir='ltr'><strong>sunt,</strong></span> <span class='ocrx_word' id='word_1_568' title='bbox 3621 2686 3819 2743; x_wconf 87' lang='lat' dir='ltr'><strong>factus</strong></span> 
     </span>
    </p>
   </div>
   <div class='ocr_carea' id='block_1_75' title="bbox 2163 2776 3818 2852">
    <p class='ocr_par' dir='ltr' id='par_1_75' title="bbox 2163 2776 3818 2852">
     <span class='ocr_line' id='line_1_76' title="bbox 2163 2776 3818 2852; baseline -0.003 -16"><span class='ocrx_word' id='word_1_569' title='bbox 2163 2784 2269 2836; x_wconf 87' lang='lat' dir='ltr'><strong>est.</strong></span> <span class='ocrx_word' id='word_1_570' title='bbox 2309 2801 2332 2832; x_wconf 74' lang='grc' dir='ltr'><strong>ι)</strong></span> <span class='ocrx_word' id='word_1_571' title='bbox 2367 2780 2759 2852; x_wconf 82' lang='lat' dir='ltr'><strong>Hieronymus</strong></span> <span class='ocrx_word' id='word_1_572' title='bbox 2787 2779 3047 2835; x_wconf 82' lang='lat' dir='ltr'><strong>adversus</strong></span> <span class='ocrx_word' id='word_1_573' title='bbox 3078 2777 3492 2850; x_wconf 81' lang='lat' dir='ltr'><strong>Lueiferianos,</strong></span> <span class='ocrx_word' id='word_1_574' title='bbox 3531 2796 3557 2828; x_wconf 78' lang='grc' dir='ltr'><strong><em>α</em></strong></span> <span class='ocrx_word' id='word_1_575' title='bbox 3590 2776 3649 2832; x_wconf 91' lang='lat' dir='ltr'><strong>Si</strong></span> <span class='ocrx_word' id='word_1_576' title='bbox 3681 2776 3818 2848; x_wconf 89' lang='lat' dir='ltr'><strong>quis</strong></span> 
     </span>
    </p>
   </div>
   <div class='ocr_carea' id='block_1_76' title="bbox 2163 2865 3815 2936">
    <p class='ocr_par' dir='ltr' id='par_1_76' title="bbox 2163 2865 3815 2936">
     <span class='ocr_line' id='line_1_77' title="bbox 2163 2865 3815 2936; baseline -0.004 -9"><span class='ocrx_word' id='word_1_577' title='bbox 2163 2870 2372 2927; x_wconf 84' lang='lat' dir='ltr'><strong>dixerit</strong></span> <span class='ocrx_word' id='word_1_578' title='bbox 2395 2870 2467 2925; x_wconf 91' lang='lat' dir='ltr'><strong>de</strong></span> <span class='ocrx_word' id='word_1_579' title='bbox 2498 2868 2677 2924; x_wconf 90' lang='lat' dir='ltr'><strong>nullis</strong></span> <span class='ocrx_word' id='word_1_580' title='bbox 2708 2867 3078 2924; x_wconf 82' lang='lat' dir='ltr'><strong>exstantibus</strong></span> <span class='ocrx_word' id='word_1_581' title='bbox 3108 2866 3344 2936; x_wconf 88' lang='lat' dir='ltr'><strong>Filium,</strong></span> <span class='ocrx_word' id='word_1_582' title='bbox 3370 2869 3425 2922; x_wconf 90' lang='lat' dir='ltr'><strong>et</strong></span> <span class='ocrx_word' id='word_1_583' title='bbox 3457 2883 3576 2923; x_wconf 91' lang='lat' dir='ltr'><strong>non</strong></span> <span class='ocrx_word' id='word_1_584' title='bbox 3601 2866 3671 2922; x_wconf 90' lang='lat' dir='ltr'><strong>de</strong></span> <span class='ocrx_word' id='word_1_585' title='bbox 3699 2865 3815 2921; x_wconf 88' lang='lat' dir='ltr'><strong>Deo</strong></span> 
     </span>
    </p>
   </div>
   <div class='ocr_carea' id='block_1_77' title="bbox 2162 2955 3815 3026">
    <p class='ocr_par' dir='ltr' id='par_1_77' title="bbox 2162 2955 3815 3026">
     <span class='ocr_line' id='line_1_78' title="bbox 2162 2955 3815 3026; baseline -0.004 -11"><span class='ocrx_word' id='word_1_586' title='bbox 2162 2960 2353 3026; x_wconf 88' lang='lat' dir='ltr'><strong>Patre,</strong></span> <span class='ocrx_word' id='word_1_587' title='bbox 2379 2958 2697 3014; x_wconf 78' lang='lat' dir='ltr'><strong>anathema</strong></span> <span class='ocrx_word' id='word_1_588' title='bbox 2730 2957 2825 3012; x_wconf 85' lang='lat' dir='ltr'><strong>sit.</strong></span> <span class='ocrx_word' id='word_1_589' title='bbox 2858 2979 2887 3007; x_wconf 84' lang='lat'><strong>»</strong></span> <span class='ocrx_word' id='word_1_590' title='bbox 2908 2956 3223 3013; x_wconf 79' lang='lat' dir='ltr'><strong>Cornarius</strong></span> <span class='ocrx_word' id='word_1_591' title='bbox 3245 2955 3412 3023; x_wconf 88' lang='lat' dir='ltr'><strong>dixit,</strong></span> <span class='ocrx_word' id='word_1_592' title='bbox 3440 2975 3469 3005; x_wconf 91' lang='grc'><strong>‹‹</strong></span> <span class='ocrx_word' id='word_1_593' title='bbox 3500 2971 3570 3011; x_wconf 89' lang='lat' dir='ltr'><strong>ex</strong></span> <span class='ocrx_word' id='word_1_594' title='bbox 3595 2971 3703 3010; x_wconf 90' lang='lat' dir='ltr'><strong>non</strong></span> <span class='ocrx_word' id='word_1_595' title='bbox 3720 2970 3815 3009; x_wconf 87' lang='lat' dir='ltr'><strong>ex-</strong></span> 
     </span>
    </p>
   </div>
   <div class='ocr_carea' id='block_1_78' title="bbox 2163 3044 3826 3118">
    <p class='ocr_par' dir='ltr' id='par_1_78' title="bbox 2163 3044 3826 3118">
     <span class='ocr_line' id='line_1_79' title="bbox 2163 3044 3826 3118; baseline -0.004 -13"><span class='ocrx_word' id='word_1_596' title='bbox 2163 3049 2511 3105; x_wconf 87' lang='lat' dir='ltr'><strong>sistentibus</strong></span> <span class='ocrx_word' id='word_1_597' title='bbox 2532 3046 2829 3118; x_wconf 89' lang='lat' dir='ltr'><strong>Unigeniti</strong></span> <span class='ocrx_word' id='word_1_598' title='bbox 2851 3046 3168 3101; x_wconf 88' lang='lat' dir='ltr'><strong>essentiam</strong></span> <span class='ocrx_word' id='word_1_599' title='bbox 3185 3045 3542 3117; x_wconf 91' lang='lat' dir='ltr'><strong>producunt.</strong></span> <span class='ocrx_word' id='word_1_600' title='bbox 3567 3066 3594 3095; x_wconf 85' lang='lat'><strong><em>»</em></strong></span> <span class='ocrx_word' id='word_1_601' title='bbox 3610 3044 3826 3113; x_wconf 84' lang='lat' dir='ltr'><strong>Trape-</strong></span> 
     </span>
    </p>
   </div>
   <div class='ocr_carea' id='block_1_79' title="bbox 2162 3128 3828 3200">
    <p class='ocr_par' dir='ltr' id='par_1_79' title="bbox 2162 3128 3828 3200">
     <span class='ocr_line' id='line_1_80' title="bbox 2162 3128 3828 3200; baseline -0.006 -6"><span class='ocrx_word' id='word_1_602' title='bbox 2162 3139 2421 3200; x_wconf 88' lang='lat' dir='ltr'><strong>zuntius,</strong></span> <span class='ocrx_word' id='word_1_603' title='bbox 2446 3158 2470 3189; x_wconf 82' lang='grc' dir='ltr'><strong>‹ι</strong></span> <span class='ocrx_word' id='word_1_604' title='bbox 2494 3153 2562 3193; x_wconf 89' lang='lat' dir='ltr'><strong>ex</strong></span> <span class='ocrx_word' id='word_1_605' title='bbox 2585 3153 2699 3191; x_wconf 92' lang='lat' dir='ltr'><strong>non</strong></span> <span class='ocrx_word' id='word_1_606' title='bbox 2722 3151 2852 3191; x_wconf 88' lang='lat' dir='ltr'><strong>esse</strong></span> <span class='ocrx_word' id='word_1_607' title='bbox 2874 3136 3081 3191; x_wconf 90' lang='lat' dir='ltr'><strong>dicunt</strong></span> <span class='ocrx_word' id='word_1_608' title='bbox 3103 3133 3321 3189; x_wconf 91' lang='lat' dir='ltr'><strong>Filium</strong></span> <span class='ocrx_word' id='word_1_609' title='bbox 3351 3149 3365 3190; x_wconf 89' lang='lat'><strong>:</strong></span> <span class='ocrx_word' id='word_1_610' title='bbox 3391 3155 3419 3184; x_wconf 84' lang='lat'><strong>»</strong></span> <span class='ocrx_word' id='word_1_611' title='bbox 3444 3138 3507 3189; x_wconf 88' lang='lat' dir='ltr'><strong>at</strong></span> <span class='ocrx_word' id='word_1_612' title='bbox 3526 3150 3641 3189; x_wconf 90' lang='lat' dir='ltr'><strong>non</strong></span> <span class='ocrx_word' id='word_1_613' title='bbox 3665 3132 3746 3188; x_wconf 88' lang='lat' dir='ltr'><strong>ait</strong></span> <span class='ocrx_word' id='word_1_614' title='bbox 3767 3128 3828 3185; x_wconf 71' lang='grc' dir='ltr'>ἐκ</span> 
     </span>
    </p>
   </div>
   <div class='ocr_carea' id='block_1_80' title="bbox 2163 3217 3822 3303">
    <p class='ocr_par' dir='ltr' id='par_1_80' title="bbox 2163 3217 3822 3303">
     <span class='ocr_line' id='line_1_81' title="bbox 2163 3217 3822 3303; baseline -0.002 -24"><span class='ocrx_word' id='word_1_615' title='bbox 2163 3229 2261 3279; x_wconf 81' lang='grc' dir='ltr'>τοῦ</span> <span class='ocrx_word' id='word_1_616' title='bbox 2278 3226 2355 3297; x_wconf 79' lang='grc' dir='ltr'><strong>μὴ</strong></span> <span class='ocrx_word' id='word_1_617' title='bbox 2371 3224 2526 3293; x_wconf 83' lang='grc' dir='ltr'>εἶναι,</span> <span class='ocrx_word' id='word_1_618' title='bbox 2542 3225 2643 3280; x_wconf 88' lang='lat' dir='ltr'><strong>sed</strong></span> <span class='ocrx_word' id='word_1_619' title='bbox 2666 3221 2841 3277; x_wconf 74' lang='grc' dir='ltr'>ἐκτῶν</span> <span class='ocrx_word' id='word_1_620' title='bbox 2861 3223 2937 3295; x_wconf 79' lang='grc' dir='ltr'><strong>μὴ</strong></span> <span class='ocrx_word' id='word_1_621' title='bbox 2953 3217 3312 3303; x_wconf 72' lang='grc' dir='ltr'>ὄντων,(]υοὰ</span> <span class='ocrx_word' id='word_1_622' title='bbox 3326 3226 3436 3290; x_wconf 89' lang='lat' dir='ltr'><strong>est,</strong></span> <span class='ocrx_word' id='word_1_623' title='bbox 3454 3242 3480 3275; x_wconf 71' lang='grc' dir='ltr'><strong><em>α</em></strong></span> <span class='ocrx_word' id='word_1_624' title='bbox 3494 3238 3567 3278; x_wconf 84' lang='lat' dir='ltr'><strong>ex</strong></span> <span class='ocrx_word' id='word_1_625' title='bbox 3580 3221 3787 3277; x_wconf 86' lang='lat' dir='ltr'><strong>nihilo.</strong></span> <span class='ocrx_word' id='word_1_626' title='bbox 3800 3242 3822 3270; x_wconf 74' lang='grc' dir='ltr'>ι</span> 
     </span>
    </p>
   </div>
   <div class='ocr_carea' id='block_1_81' title="bbox 2238 3327 3828 3402">
    <p class='ocr_par' dir='ltr' id='par_1_81' title="bbox 2238 3327 3828 3402">
     <span class='ocr_line' id='line_1_82' title="bbox 2238 3327 3828 3402; baseline -0.003 -14"><span class='ocrx_word' id='word_1_627' title='bbox 2238 3333 2355 3389; x_wconf 85' lang='lat' dir='ltr'><strong>Col.</strong></span> <span class='ocrx_word' id='word_1_628' title='bbox 2390 3332 2496 3387; x_wconf 88' lang='lat'><strong>598</strong></span> <span class='ocrx_word' id='word_1_629' title='bbox 2546 3336 2591 3385; x_wconf 88' lang='lat' dir='ltr'><strong>A</strong></span> <span class='ocrx_word' id='word_1_630' title='bbox 2622 3332 2676 3387; x_wconf 86' lang='lat'><strong>6.</strong></span> <span class='ocrx_word' id='word_1_631' title='bbox 2713 3330 2992 3386; x_wconf 83' lang='lat' dir='ltr'><strong>Creaturis</strong></span> <span class='ocrx_word' id='word_1_632' title='bbox 3031 3331 3235 3402; x_wconf 87' lang='lat' dir='ltr'><strong>ipsum.</strong></span> <span class='ocrx_word' id='word_1_633' title='bbox 3282 3327 3464 3385; x_wconf 89' lang='lat' dir='ltr'><strong>Paulo</strong></span> <span class='ocrx_word' id='word_1_634' title='bbox 3510 3327 3828 3384; x_wconf 89' lang='lat' dir='ltr'><strong>obscurius</strong></span> 
     </span>
    </p>
   </div>
   <div class='ocr_carea' id='block_1_82' title="bbox 2166 3416 3829 3493">
    <p class='ocr_par' dir='ltr' id='par_1_82' title="bbox 2166 3416 3829 3493">
     <span class='ocr_line' id='line_1_83' title="bbox 2166 3416 3829 3493; baseline -0.005 -14"><span class='ocrx_word' id='word_1_635' title='bbox 2166 3427 2292 3479; x_wconf 85' lang='lat' dir='ltr'><strong>erat</strong></span> <span class='ocrx_word' id='word_1_636' title='bbox 2320 3422 2461 3477; x_wconf 91' lang='lat' dir='ltr'><strong>illud</strong></span> <span class='ocrx_word' id='word_1_637' title='bbox 2496 3419 2833 3493; x_wconf 87' lang='lat' dir='ltr'><strong>interpretis</strong></span> <span class='ocrx_word' id='word_1_638' title='bbox 2866 3435 2878 3474; x_wconf 89' lang='lat'><strong>:</strong></span> <span class='ocrx_word' id='word_1_639' title='bbox 2915 3420 2975 3475; x_wconf 82' lang='lat' dir='ltr'><strong>in</strong></span> <span class='ocrx_word' id='word_1_640' title='bbox 2999 3418 3374 3491; x_wconf 71' lang='lat' dir='ltr'><strong>praeponenda</strong></span> <span class='ocrx_word' id='word_1_641' title='bbox 3399 3418 3675 3474; x_wconf 83' lang='lat' dir='ltr'><strong>creaturis</strong></span> <span class='ocrx_word' id='word_1_642' title='bbox 3701 3416 3829 3488; x_wconf 79' lang='lat' dir='ltr'><strong>glo-</strong></span> 
     </span>
    </p>
   </div>
   <div class='ocr_carea' id='block_1_83' title="bbox 2166 3505 3827 3581">
    <p class='ocr_par' dir='ltr' id='par_1_83' title="bbox 2166 3505 3827 3581">
     <span class='ocr_line' id='line_1_84' title="bbox 2166 3505 3827 3581; baseline -0.005 -12"><span class='ocrx_word' id='word_1_643' title='bbox 2166 3513 2319 3569; x_wconf 83' lang='lat' dir='ltr'><strong>riam</strong></span> <span class='ocrx_word' id='word_1_644' title='bbox 2350 3512 2404 3567; x_wconf 88' lang='lat' dir='ltr'><strong>ei</strong></span> <span class='ocrx_word' id='word_1_645' title='bbox 2429 3514 2739 3567; x_wconf 79' lang='lat' dir='ltr'><strong>attestatur.</strong></span> <span class='ocrx_word' id='word_1_646' title='bbox 2762 3508 2827 3563; x_wconf 89' lang='lat' dir='ltr'><strong>In</strong></span> <span class='ocrx_word' id='word_1_647' title='bbox 2846 3509 2975 3581; x_wconf 88' lang='lat' dir='ltr'><strong>ejus</strong></span> <span class='ocrx_word' id='word_1_648' title='bbox 2993 3507 3187 3564; x_wconf 90' lang='lat' dir='ltr'><strong>locum</strong></span> <span class='ocrx_word' id='word_1_649' title='bbox 3206 3506 3626 3564; x_wconf 88' lang='lat' dir='ltr'><strong>substituimus</strong></span> <span class='ocrx_word' id='word_1_650' title='bbox 3645 3505 3827 3561; x_wconf 90' lang='lat' dir='ltr'><strong>verba</strong></span> 
     </span>
    </p>
   </div>
   <div class='ocr_carea' id='block_1_84' title="bbox 2165 3594 3827 3670">
    <p class='ocr_par' dir='ltr' id='par_1_84' title="bbox 2165 3594 3827 3670">
     <span class='ocr_line' id='line_1_85' title="bbox 2165 3594 3827 3670; baseline -0.005 -13"><span class='ocrx_word' id='word_1_651' title='bbox 2165 3600 2419 3657; x_wconf 84' lang='lat' dir='ltr'><strong>Cornarii</strong></span> <span class='ocrx_word' id='word_1_652' title='bbox 2439 3617 2452 3667; x_wconf 91' lang='lat'><strong>;</strong></span> <span class='ocrx_word' id='word_1_653' title='bbox 2476 3599 2623 3655; x_wconf 88' lang='lat' dir='ltr'><strong>Beza</strong></span> <span class='ocrx_word' id='word_1_654' title='bbox 2642 3615 2778 3655; x_wconf 89' lang='lat' dir='ltr'><strong>vero</strong></span> <span class='ocrx_word' id='word_1_655' title='bbox 2805 3597 3083 3670; x_wconf 89' lang='lat' dir='ltr'><strong>scripsit:</strong></span> <span class='ocrx_word' id='word_1_656' title='bbox 3110 3617 3135 3650; x_wconf 77' lang='grc' dir='ltr'>ι</span> <span class='ocrx_word' id='word_1_657' title='bbox 3165 3595 3416 3654; x_wconf 87' lang='lat' dir='ltr'><strong>Gloriam</strong></span> <span class='ocrx_word' id='word_1_658' title='bbox 3448 3595 3639 3666; x_wconf 88' lang='lat' dir='ltr'><strong>ipsius</strong></span> <span class='ocrx_word' id='word_1_659' title='bbox 3664 3594 3724 3648; x_wconf 90' lang='lat' dir='ltr'><strong>in</strong></span> <span class='ocrx_word' id='word_1_660' title='bbox 3753 3609 3827 3650; x_wconf 89' lang='lat' dir='ltr'><strong>eo</strong></span> 
     </span>
    </p>
   </div>
   <div class='ocr_carea' id='block_1_85' title="bbox 2167 3683 3827 3760">
    <p class='ocr_par' dir='ltr' id='par_1_85' title="bbox 2167 3683 3827 3760">
     <span class='ocr_line' id='line_1_86' title="bbox 2167 3683 3827 3760; baseline -0.005 -13"><span class='ocrx_word' id='word_1_661' title='bbox 2167 3692 2404 3747; x_wconf 90' lang='lat' dir='ltr'><strong>demum</strong></span> <span class='ocrx_word' id='word_1_662' title='bbox 2428 3693 2700 3755; x_wconf 88' lang='lat' dir='ltr'><strong>testatur,</strong></span> <span class='ocrx_word' id='word_1_663' title='bbox 2736 3688 2889 3760; x_wconf 89' lang='lat' dir='ltr'><strong>quod</strong></span> <span class='ocrx_word' id='word_1_664' title='bbox 2923 3686 3018 3756; x_wconf 88' lang='lat' dir='ltr'><strong>iis,</strong></span> <span class='ocrx_word' id='word_1_665' title='bbox 3043 3702 3174 3760; x_wconf 67' lang='lat' dir='ltr'><strong>quae</strong></span> <span class='ocrx_word' id='word_1_666' title='bbox 3205 3686 3277 3742; x_wconf 90' lang='lat' dir='ltr'><strong>ab</strong></span> <span class='ocrx_word' id='word_1_667' title='bbox 3304 3701 3371 3741; x_wconf 92' lang='lat' dir='ltr'><strong>eo</strong></span> <span class='ocrx_word' id='word_1_668' title='bbox 3400 3683 3635 3740; x_wconf 83' lang='lat' dir='ltr'><strong>condita</strong></span> <span class='ocrx_word' id='word_1_669' title='bbox 3655 3687 3827 3754; x_wconf 88' lang='lat' dir='ltr'><strong>sunt,</strong></span> 
     </span>
    </p>
   </div>
   <div class='ocr_carea' id='block_1_86' title="bbox 2165 3773 3829 3852">
    <p class='ocr_par' dir='ltr' id='par_1_86' title="bbox 2165 3773 3829 3852">
     <span class='ocr_line' id='line_1_87' title="bbox 2165 3773 3829 3852; baseline -0.005 -15"><span class='ocrx_word' id='word_1_670' title='bbox 2165 3781 2361 3852; x_wconf 88' lang='lat' dir='ltr'><strong>ipsum</strong></span> <span class='ocrx_word' id='word_1_671' title='bbox 2395 3781 2731 3850; x_wconf 88' lang='lat' dir='ltr'><strong>anteponat.</strong></span> <span class='ocrx_word' id='word_1_672' title='bbox 2768 3799 2796 3826; x_wconf 85' lang='lat'>»</span> <span class='ocrx_word' id='word_1_673' title='bbox 2826 3777 3043 3832; x_wconf 89' lang='lat' dir='ltr'><strong>Verum</strong></span> <span class='ocrx_word' id='word_1_674' title='bbox 3097 3774 3241 3831; x_wconf 90' lang='lat' dir='ltr'><strong>illud</strong></span> <span class='ocrx_word' id='word_1_675' title='bbox 3273 3797 3302 3826; x_wconf 91' lang='grc'><strong>‹‹</strong></span> <span class='ocrx_word' id='word_1_676' title='bbox 3335 3774 3406 3831; x_wconf 86' lang='lat' dir='ltr'><strong>ab</strong></span> <span class='ocrx_word' id='word_1_677' title='bbox 3445 3790 3534 3840; x_wconf 87' lang='lat' dir='ltr'><strong>eo,</strong></span> <span class='ocrx_word' id='word_1_678' title='bbox 3569 3792 3595 3824; x_wconf 69' lang='grc' dir='ltr'><strong>ι</strong></span> <span class='ocrx_word' id='word_1_679' title='bbox 3625 3773 3829 3829; x_wconf 71' lang='lat' dir='ltr'><strong>Grazca</strong></span> 
     </span>
    </p>
   </div>
   <div class='ocr_carea' id='block_1_87' title="bbox 2166 3863 3825 3942">
    <p class='ocr_par' dir='ltr' id='par_1_87' title="bbox 2166 3863 3825 3942">
     <span class='ocr_line' id='line_1_88' title="bbox 2166 3863 3825 3942; baseline -0.005 -16"><span class='ocrx_word' id='word_1_680' title='bbox 2166 3887 2279 3926; x_wconf 89' lang='lat' dir='ltr'><strong>non</strong></span> <span class='ocrx_word' id='word_1_681' title='bbox 2329 3873 2676 3942; x_wconf 87' lang='lat' dir='ltr'><strong>agnoscunt.</strong></span> <span class='ocrx_word' id='word_1_682' title='bbox 2710 3867 3101 3938; x_wconf 84' lang='lat' dir='ltr'><strong>Hieronymus</strong></span> <span class='ocrx_word' id='word_1_683' title='bbox 3151 3864 3278 3921; x_wconf 90' lang='lat' dir='ltr'><strong>loco</strong></span> <span class='ocrx_word' id='word_1_684' title='bbox 3322 3863 3585 3936; x_wconf 85' lang='lat' dir='ltr'><strong>proxime</strong></span> <span class='ocrx_word' id='word_1_685' title='bbox 3642 3863 3825 3918; x_wconf 87' lang='lat' dir='ltr'><strong>citato</strong></span> 
     </span>
    </p>
   </div>
   <div class='ocr_carea' id='block_1_88' title="bbox 2165 3952 3826 4016">
    <p class='ocr_par' dir='ltr' id='par_1_88' title="bbox 2165 3952 3826 4016">
     <span class='ocr_line' id='line_1_89' title="bbox 2165 3952 3826 4016; baseline -0.005 0"><span class='ocrx_word' id='word_1_686' title='bbox 2165 3958 2730 4016; x_wconf 88' lang='lat' dir='ltr'><strong>anathematismum</strong></span> <span class='ocrx_word' id='word_1_687' title='bbox 2762 3956 2823 4011; x_wconf 89' lang='lat' dir='ltr'><strong>in</strong></span> <span class='ocrx_word' id='word_1_688' title='bbox 2846 3955 3095 4011; x_wconf 85' lang='lat' dir='ltr'><strong>concilio</strong></span> <span class='ocrx_word' id='word_1_689' title='bbox 3117 3954 3478 4010; x_wconf 86' lang='lat' dir='ltr'><strong>Ariminensi</strong></span> <span class='ocrx_word' id='word_1_690' title='bbox 3500 3953 3572 4009; x_wconf 89' lang='lat' dir='ltr'><strong>ab</strong></span> <span class='ocrx_word' id='word_1_691' title='bbox 3588 3952 3826 4007; x_wconf 86' lang='lat' dir='ltr'><strong>Arianis</strong></span> 
     </span>
    </p>
   </div>
   <div class='ocr_carea' id='block_1_89' title="bbox 2163 4043 3822 4123">
    <p class='ocr_par' dir='ltr' id='par_1_89' title="bbox 2163 4043 3822 4123">
     <span class='ocr_line' id='line_1_90' title="bbox 2163 4043 3822 4123; baseline -0.005 -18"><span class='ocrx_word' id='word_1_692' title='bbox 2163 4048 2459 4123; x_wconf 87' lang='lat' dir='ltr'><strong>prolatum</strong></span> <span class='ocrx_word' id='word_1_693' title='bbox 2493 4047 2579 4102; x_wconf 90' lang='lat' dir='ltr'><strong>sic</strong></span> <span class='ocrx_word' id='word_1_694' title='bbox 2610 4046 2777 4101; x_wconf 77' lang='lat' dir='ltr'><strong>effert</strong></span> <span class='ocrx_word' id='word_1_695' title='bbox 2810 4061 2823 4100; x_wconf 90' lang='lat'><strong>:</strong></span> <span class='ocrx_word' id='word_1_696' title='bbox 2856 4064 2881 4097; x_wconf 76' lang='grc' dir='ltr'>ι</span> <span class='ocrx_word' id='word_1_697' title='bbox 2930 4044 2988 4100; x_wconf 90' lang='lat' dir='ltr'><strong>Si</strong></span> <span class='ocrx_word' id='word_1_698' title='bbox 3044 4047 3179 4116; x_wconf 91' lang='lat' dir='ltr'><strong>quis</strong></span> <span class='ocrx_word' id='word_1_699' title='bbox 3230 4043 3443 4098; x_wconf 85' lang='lat' dir='ltr'><strong>dixerit</strong></span> <span class='ocrx_word' id='word_1_700' title='bbox 3488 4046 3822 4098; x_wconf 87' lang='lat' dir='ltr'><strong>creaturam</strong></span> 
     </span>
    </p>
   </div>
   <div class='ocr_carea' id='block_1_90' title="bbox 2162 4130 3820 4199">
    <p class='ocr_par' dir='ltr' id='par_1_90' title="bbox 2162 4130 3820 4199">
     <span class='ocr_line' id='line_1_91' title="bbox 2162 4130 3820 4199; baseline -0.008 -4"><span class='ocrx_word' id='word_1_701' title='bbox 2162 4138 2377 4195; x_wconf 91' lang='lat' dir='ltr'><strong>Filium</strong></span> <span class='ocrx_word' id='word_1_702' title='bbox 2400 4136 2605 4196; x_wconf 83' lang='lat' dir='ltr'><strong>Dei.th</strong></span> <span class='ocrx_word' id='word_1_703' title='bbox 2620 4141 2758 4190; x_wconf 87' lang='lat' dir='ltr'><strong>sunt</strong></span> <span class='ocrx_word' id='word_1_704' title='bbox 2776 4138 2993 4189; x_wconf 62' lang='lat' dir='ltr'><strong>caeteras</strong></span> <span class='ocrx_word' id='word_1_705' title='bbox 3010 4137 3308 4199; x_wconf 69' lang='lat' dir='ltr'><strong>creaturae,</strong></span> <span class='ocrx_word' id='word_1_706' title='bbox 3326 4131 3641 4187; x_wconf 89' lang='lat' dir='ltr'><strong>anathema</strong></span> <span class='ocrx_word' id='word_1_707' title='bbox 3665 4130 3760 4185; x_wconf 88' lang='lat' dir='ltr'><strong>sit.</strong></span> <span class='ocrx_word' id='word_1_708' title='bbox 3793 4149 3820 4181; x_wconf 70' lang='grc' dir='ltr'><strong><em>ι</em></strong></span> 
     </span>
    </p>
   </div>
   <div class='ocr_carea' id='block_1_91' title="bbox 2159 4220 3826 4297">
    <p class='ocr_par' dir='ltr' id='par_1_91' title="bbox 2159 4220 3826 4297">
     <span class='ocr_line' id='line_1_92' title="bbox 2159 4220 3826 4297; baseline -0.006 -13"><span class='ocrx_word' id='word_1_709' title='bbox 2159 4228 2373 4284; x_wconf 91' lang='lat' dir='ltr'><strong>Filium</strong></span> <span class='ocrx_word' id='word_1_710' title='bbox 2397 4229 2724 4282; x_wconf 81' lang='lat' dir='ltr'><strong>creaturam</strong></span> <span class='ocrx_word' id='word_1_711' title='bbox 2756 4240 2873 4281; x_wconf 90' lang='lat' dir='ltr'><strong>non</strong></span> <span class='ocrx_word' id='word_1_712' title='bbox 2908 4224 3221 4297; x_wconf 87' lang='lat' dir='ltr'><strong>negabant,</strong></span> <span class='ocrx_word' id='word_1_713' title='bbox 3238 4222 3339 4278; x_wconf 92' lang='lat' dir='ltr'><strong>sed</strong></span> <span class='ocrx_word' id='word_1_714' title='bbox 3369 4220 3627 4277; x_wconf 90' lang='lat' dir='ltr'><strong>similem</strong></span> <span class='ocrx_word' id='word_1_715' title='bbox 3659 4224 3826 4275; x_wconf 68' lang='lat' dir='ltr'><strong>ciete-</strong></span> 
     </span>
    </p>
   </div>
   <div class='ocr_carea' id='block_1_92' title="bbox 2161 4314 2581 4373">
    <p class='ocr_par' dir='ltr' id='par_1_92' title="bbox 2161 4314 2581 4373">
     <span class='ocr_line' id='line_1_93' title="bbox 2161 4314 2581 4373; baseline -0.01 0"><span class='ocrx_word' id='word_1_716' title='bbox 2161 4318 2242 4373; x_wconf 90' lang='lat' dir='ltr'><strong>ris</strong></span> <span class='ocrx_word' id='word_1_717' title='bbox 2275 4314 2581 4372; x_wconf 89' lang='lat' dir='ltr'><strong>creaturis.</strong></span> 
     </span>
    </p>
   </div>
   <div class='ocr_carea' id='block_1_93' title="bbox 2232 4399 3829 4474">
    <p class='ocr_par' dir='ltr' id='par_1_93' title="bbox 2232 4399 3829 4474">
     <span class='ocr_line' id='line_1_94' title="bbox 2232 4399 3829 4474; baseline -0.006 -13"><span class='ocrx_word' id='word_1_718' title='bbox 2232 4405 2381 4461; x_wconf 91' lang='lat' dir='ltr'><strong>Ibid.</strong></span> <span class='ocrx_word' id='word_1_719' title='bbox 2416 4403 2457 4459; x_wconf 90' lang='grc' dir='ltr'>Β</span> <span class='ocrx_word' id='word_1_720' title='bbox 2486 4405 2541 4460; x_wconf 89' lang='grc'>6.</span> <span class='ocrx_word' id='word_1_721' title='bbox 2573 4401 2882 4471; x_wconf 77' lang='grc' dir='ltr'>Γεννήσιως</span> <span class='ocrx_word' id='word_1_722' title='bbox 2914 4400 3122 4473; x_wconf 84' lang='lat' dir='ltr'><strong>scripsi</strong></span> <span class='ocrx_word' id='word_1_723' title='bbox 3155 4416 3224 4456; x_wconf 84' lang='lat' dir='ltr'><strong>ex</strong></span> <span class='ocrx_word' id='word_1_724' title='bbox 3266 4399 3445 4474; x_wconf 85' lang='lat' dir='ltr'><strong>Regio</strong></span> <span class='ocrx_word' id='word_1_725' title='bbox 3475 4402 3543 4456; x_wconf 85' lang='grc' dir='ltr'><strong>Η.</strong></span> <span class='ocrx_word' id='word_1_726' title='bbox 3578 4413 3682 4471; x_wconf 92' lang='lat' dir='ltr'><strong>pro</strong></span> <span class='ocrx_word' id='word_1_727' title='bbox 3731 4416 3829 4473; x_wconf 74' lang='grc' dir='ltr'><strong>γι-</strong></span> 
     </span>
    </p>
   </div>
   <div class='ocr_carea' id='block_1_94' title="bbox 2159 4488 3828 4564">
    <p class='ocr_par' dir='ltr' id='par_1_94' title="bbox 2159 4488 3828 4564">
     <span class='ocr_line' id='line_1_95' title="bbox 2159 4488 3828 4564; baseline -0.004 -14"><span class='ocrx_word' id='word_1_728' title='bbox 2159 4493 2375 4555; x_wconf 80' lang='grc' dir='ltr'>νέσεως.</span> <span class='ocrx_word' id='word_1_729' title='bbox 2403 4493 2899 4564; x_wconf 85' lang='lat' dir='ltr'><strong>Trapezuntius,«</strong></span> <span class='ocrx_word' id='word_1_730' title='bbox 2932 4491 3380 4564; x_wconf 68' lang='lat' dir='ltr'><strong>generationem</strong></span> <span class='ocrx_word' id='word_1_731' title='bbox 3414 4504 3551 4545; x_wconf 89' lang='lat' dir='ltr'><strong>nam</strong></span> <span class='ocrx_word' id='word_1_732' title='bbox 3570 4492 3629 4543; x_wconf 88' lang='lat' dir='ltr'><strong>et</strong></span> <span class='ocrx_word' id='word_1_733' title='bbox 3645 4488 3828 4560; x_wconf 86' lang='lat' dir='ltr'><strong>paulo</strong></span> 
     </span>
    </p>
   </div>
   <div class='ocr_carea' id='block_1_95' title="bbox 2163 4577 3824 4657">
    <p class='ocr_par' dir='ltr' id='par_1_95' title="bbox 2163 4577 3824 4657">
     <span class='ocr_line' id='line_1_96' title="bbox 2163 4577 3824 4657; baseline -0.006 -17"><span class='ocrx_word' id='word_1_734' title='bbox 2163 4588 2296 4657; x_wconf 86' lang='lat' dir='ltr'><strong>post</strong></span> <span class='ocrx_word' id='word_1_735' title='bbox 2316 4582 2660 4639; x_wconf 85' lang='lat' dir='ltr'><strong>Basiliensis</strong></span> <span class='ocrx_word' id='word_1_736' title='bbox 2696 4580 2927 4651; x_wconf 83' lang='lat' dir='ltr'><strong>habuit,</strong></span> <span class='ocrx_word' id='word_1_737' title='bbox 2960 4577 3327 4649; x_wconf 75' lang='grc' dir='ltr'>ἐξακουόντων</span> <span class='ocrx_word' id='word_1_738' title='bbox 3355 4583 3456 4646; x_wconf 85' lang='grc' dir='ltr'>τῆς</span> <span class='ocrx_word' id='word_1_739' title='bbox 3489 4577 3824 4651; x_wconf 78' lang='grc' dir='ltr'>γεννήσεως.</span> 
     </span>
    </p>
   </div>
   <div class='ocr_carea' id='block_1_96' title="bbox 395 4656 2051 4742">
    <p class='ocr_par' dir='ltr' id='par_1_96' title="bbox 395 4658 2051 4735">
     <span class='ocr_line' id='line_1_97' title="bbox 395 4658 2051 4735; baseline -0.007 -11"><span class='ocrx_word' id='word_1_740' title='bbox 395 4669 697 4735; x_wconf 87' lang='lat' dir='ltr'><strong>tulerunt;</strong></span> <span class='ocrx_word' id='word_1_741' title='bbox 724 4687 751 4715; x_wconf 82' lang='lat'>»</span> <span class='ocrx_word' id='word_1_742' title='bbox 776 4666 846 4720; x_wconf 89' lang='lat' dir='ltr'><strong>ad</strong></span> <span class='ocrx_word' id='word_1_743' title='bbox 882 4663 1147 4729; x_wconf 90' lang='lat' dir='ltr'><strong>verbum,</strong></span> <span class='ocrx_word' id='word_1_744' title='bbox 1173 4684 1202 4712; x_wconf 86' lang='grc'><strong>‹‹</strong></span> <span class='ocrx_word' id='word_1_745' title='bbox 1227 4666 1713 4717; x_wconf 86' lang='lat' dir='ltr'><strong>transvexerunt:</strong></span> <span class='ocrx_word' id='word_1_746' title='bbox 1742 4680 1766 4712; x_wconf 72' lang='grc' dir='ltr'><strong>ν</strong></span> <span class='ocrx_word' id='word_1_747' title='bbox 1791 4659 1893 4716; x_wconf 90' lang='lat' dir='ltr'><strong>sed</strong></span> <span class='ocrx_word' id='word_1_748' title='bbox 1918 4658 2051 4730; x_wconf 88' lang='lat' dir='ltr'><strong>quia</strong></span> 
     </span>
    </p>
   </div>
   <div class='ocr_carea' id='block_1_97' title="bbox 2167 4656 3827 4742">
    <p class='ocr_par' dir='ltr' id='par_1_97' title="bbox 2167 4656 3827 4742">
     <span class='ocr_line' id='line_1_98' title="bbox 2167 4656 3827 4742; baseline -0.007 -13"><span class='ocrx_word' id='word_1_749' title='bbox 2167 4656 2466 4730; x_wconf 74' lang='lat' dir='ltr'><strong>Postremo</strong></span> <span class='ocrx_word' id='word_1_750' title='bbox 2492 4672 2602 4728; x_wconf 89' lang='lat' dir='ltr'><strong>sub</strong></span> <span class='ocrx_word' id='word_1_751' title='bbox 2634 4671 2811 4726; x_wconf 84' lang='lat' dir='ltr'><strong>finem</strong></span> <span class='ocrx_word' id='word_1_752' title='bbox 2836 4685 2967 4742; x_wconf 87' lang='lat' dir='ltr'><strong>pag.</strong></span> <span class='ocrx_word' id='word_1_753' title='bbox 3006 4668 3416 4740; x_wconf 74' lang='grc' dir='ltr'>ὑπομνήσομεν,</span> <span class='ocrx_word' id='word_1_754' title='bbox 3434 4666 3653 4735; x_wconf 80' lang='lat' dir='ltr'><strong>Regius</strong></span> <span class='ocrx_word' id='word_1_755' title='bbox 3677 4665 3827 4721; x_wconf 82' lang='lat' dir='ltr'><strong>scri-</strong></span> 
     </span>
    </p>
   </div>
   <div class='ocr_carea' id='block_1_98' title="bbox 396 4748 2053 4819">
    <p class='ocr_par' dir='ltr' id='par_1_98' title="bbox 396 4748 2053 4819">
     <span class='ocr_line' id='line_1_99' title="bbox 396 4748 2053 4819; baseline -0.007 -6"><span class='ocrx_word' id='word_1_756' title='bbox 396 4756 701 4813; x_wconf 86' lang='lat' dir='ltr'><strong>transl‘erri</strong></span> <span class='ocrx_word' id='word_1_757' title='bbox 726 4753 940 4810; x_wconf 91' lang='lat' dir='ltr'><strong>dicitur</strong></span> <span class='ocrx_word' id='word_1_758' title='bbox 960 4769 1029 4808; x_wconf 85' lang='lat' dir='ltr'><strong>ex</strong></span> <span class='ocrx_word' id='word_1_759' title='bbox 1053 4768 1167 4807; x_wconf 90' lang='lat' dir='ltr'><strong>uno</strong></span> <span class='ocrx_word' id='word_1_760' title='bbox 1187 4751 1464 4807; x_wconf 85' lang='lat' dir='ltr'><strong>idiomale</strong></span> <span class='ocrx_word' id='word_1_761' title='bbox 1487 4750 1545 4805; x_wconf 90' lang='lat' dir='ltr'><strong>in</strong></span> <span class='ocrx_word' id='word_1_762' title='bbox 1570 4749 1753 4817; x_wconf 90' lang='lat' dir='ltr'><strong>aliud,</strong></span> <span class='ocrx_word' id='word_1_763' title='bbox 1771 4748 1925 4819; x_wconf 91' lang='lat' dir='ltr'><strong>quod</strong></span> <span class='ocrx_word' id='word_1_764' title='bbox 1951 4764 2053 4819; x_wconf 90' lang='lat' dir='ltr'><strong>per</strong></span> 
     </span>
    </p>
   </div>
   <div class='ocr_carea' id='block_1_99' title="bbox 395 4835 2051 4919">
    <p class='ocr_par' dir='ltr' id='par_1_99' title="bbox 395 4835 2051 4919">
     <span class='ocr_line' id='line_1_100' title="bbox 395 4835 2051 4919; baseline -0.007 -17"><span class='ocrx_word' id='word_1_765' title='bbox 395 4844 937 4919; x_wconf 88' lang='lat' dir='ltr'><strong>interpretationem</strong></span> <span class='ocrx_word' id='word_1_766' title='bbox 957 4838 1327 4913; x_wconf 81' lang='lat' dir='ltr'><strong>exprimitur,</strong></span> <span class='ocrx_word' id='word_1_767' title='bbox 1348 4845 1407 4894; x_wconf 89' lang='lat' dir='ltr'><strong>et</strong></span> <span class='ocrx_word' id='word_1_768' title='bbox 1428 4839 1522 4894; x_wconf 92' lang='lat' dir='ltr'><strong>hic</strong></span> <span class='ocrx_word' id='word_1_769' title='bbox 1543 4837 1799 4894; x_wconf 88' lang='lat' dir='ltr'><strong>Basilius</strong></span> <span class='ocrx_word' id='word_1_770' title='bbox 1826 4835 1955 4891; x_wconf 88' lang='lat' dir='ltr'><strong>vult</strong></span> <span class='ocrx_word' id='word_1_771' title='bbox 1983 4852 2051 4892; x_wconf 89' lang='lat' dir='ltr'><strong>ea</strong></span> 
     </span>
    </p>
   </div>
   <div class='ocr_carea' id='block_1_100' title="bbox 395 4924 2050 5002">
    <p class='ocr_par' dir='ltr' id='par_1_100' title="bbox 395 4924 2050 5002">
     <span class='ocr_line' id='line_1_101' title="bbox 395 4924 2050 5002; baseline -0.008 -8"><span class='ocrx_word' id='word_1_772' title='bbox 395 4937 639 4993; x_wconf 88' lang='lat' dir='ltr'><strong>nomina</strong></span> <span class='ocrx_word' id='word_1_773' title='bbox 667 4935 795 4991; x_wconf 90' lang='lat' dir='ltr'><strong>sine</strong></span> <span class='ocrx_word' id='word_1_774' title='bbox 824 4929 1332 5002; x_wconf 86' lang='lat' dir='ltr'><strong>interpretatione,</strong></span> <span class='ocrx_word' id='word_1_775' title='bbox 1368 4933 1545 5000; x_wconf 82' lang='lat' dir='ltr'><strong>prout</strong></span> <span class='ocrx_word' id='word_1_776' title='bbox 1600 4926 1891 4984; x_wconf 84' lang='lat' dir='ltr'><strong>sonabant</strong></span> <span class='ocrx_word' id='word_1_777' title='bbox 1936 4924 2050 4981; x_wconf 89' lang='lat' dir='ltr'><strong>He-</strong></span> 
     </span>
    </p>
   </div>
   <div class='ocr_carea' id='block_1_101' title="bbox 392 5016 2048 5094">
    <p class='ocr_par' dir='ltr' id='par_1_101' title="bbox 392 5016 2048 5094">
     <span class='ocr_line' id='line_1_102' title="bbox 392 5016 2048 5094; baseline -0.009 -10"><span class='ocrx_word' id='word_1_778' title='bbox 392 5027 611 5094; x_wconf 88' lang='lat' dir='ltr'><strong>braice,</strong></span> <span class='ocrx_word' id='word_1_779' title='bbox 640 5022 856 5080; x_wconf 81' lang='lat' dir='ltr'><strong>Graecis</strong></span> <span class='ocrx_word' id='word_1_780' title='bbox 887 5017 1331 5076; x_wconf 88' lang='lat' dir='ltr'><strong>characteribus</strong></span> <span class='ocrx_word' id='word_1_781' title='bbox 1363 5016 1546 5073; x_wconf 83' lang='lat' dir='ltr'><strong>fuisse</strong></span> <span class='ocrx_word' id='word_1_782' title='bbox 1584 5031 1882 5087; x_wconf 79' lang='lat' dir='ltr'><strong>expressa,</strong></span> <span class='ocrx_word' id='word_1_783' title='bbox 1917 5031 2048 5084; x_wconf 89' lang='lat' dir='ltr'><strong>pro-</strong></span> 
     </span>
    </p>
   </div>
   <div class='ocr_carea' id='block_1_102' title="bbox 391 5106 2047 5190">
    <p class='ocr_par' dir='ltr' id='par_1_102' title="bbox 391 5106 2047 5190">
     <span class='ocr_line' id='line_1_103' title="bbox 391 5106 2047 5190; baseline -0.013 -17"><span class='ocrx_word' id='word_1_784' title='bbox 391 5122 597 5190; x_wconf 87' lang='lat' dir='ltr'><strong>pterea</strong></span> <span class='ocrx_word' id='word_1_785' title='bbox 626 5111 881 5170; x_wconf 86' lang='lat' dir='ltr'><strong>contenti</strong></span> <span class='ocrx_word' id='word_1_786' title='bbox 915 5110 1137 5164; x_wconf 83' lang='lat' dir='ltr'><strong>fuimus</strong></span> <span class='ocrx_word' id='word_1_787' title='bbox 1172 5106 1279 5161; x_wconf 88' lang='lat' dir='ltr'><strong>hoc</strong></span> <span class='ocrx_word' id='word_1_788' title='bbox 1307 5106 1505 5172; x_wconf 84' lang='lat' dir='ltr'><strong>verbo,</strong></span> <span class='ocrx_word' id='word_1_789' title='bbox 1538 5127 1568 5155; x_wconf 83' lang='lat'><strong>«</strong></span> <span class='ocrx_word' id='word_1_790' title='bbox 1600 5107 1992 5170; x_wconf 85' lang='lat' dir='ltr'><strong>retinuerunt,</strong></span> <span class='ocrx_word' id='word_1_791' title='bbox 2018 5124 2047 5153; x_wconf 81' lang='lat'>»</span> 
     </span>
    </p>
   </div>
   <div class='ocr_carea' id='block_1_103' title="bbox 390 5193 2047 5277">
    <p class='ocr_par' dir='ltr' id='par_1_103' title="bbox 390 5193 2047 5277">
     <span class='ocr_line' id='line_1_104' title="bbox 390 5193 2047 5277; baseline -0.008 -17"><span class='ocrx_word' id='word_1_792' title='bbox 390 5209 451 5260; x_wconf 87' lang='lat' dir='ltr'><strong>et</strong></span> <span class='ocrx_word' id='word_1_793' title='bbox 480 5204 854 5277; x_wconf 85' lang='lat' dir='ltr'><strong>scripsimus,</strong></span> <span class='ocrx_word' id='word_1_794' title='bbox 890 5217 916 5253; x_wconf 73' lang='grc' dir='ltr'><strong>α</strong></span> <span class='ocrx_word' id='word_1_795' title='bbox 948 5196 1094 5267; x_wconf 88' lang='lat' dir='ltr'><strong>Eloi,</strong></span> <span class='ocrx_word' id='word_1_796' title='bbox 1125 5214 1156 5248; x_wconf 67' lang='grc' dir='ltr'><strong>ι)</strong></span> <span class='ocrx_word' id='word_1_797' title='bbox 1188 5211 1303 5250; x_wconf 91' lang='lat' dir='ltr'><strong>non</strong></span> <span class='ocrx_word' id='word_1_798' title='bbox 1343 5217 1365 5247; x_wconf 75' lang='grc' dir='ltr'><strong><em>α</em></strong></span> <span class='ocrx_word' id='word_1_799' title='bbox 1399 5193 1608 5260; x_wconf 92' lang='lat' dir='ltr'><strong>Eloim,</strong></span> <span class='ocrx_word' id='word_1_800' title='bbox 1643 5214 1672 5244; x_wconf 80' lang='lat'><strong>»</strong></span> <span class='ocrx_word' id='word_1_801' title='bbox 1706 5196 1771 5248; x_wconf 89' lang='lat' dir='ltr'><strong>ut</strong></span> <span class='ocrx_word' id='word_1_802' title='bbox 1799 5198 1923 5249; x_wconf 86' lang='lat' dir='ltr'><strong>erat</strong></span> <span class='ocrx_word' id='word_1_803' title='bbox 1948 5209 2047 5247; x_wconf 89' lang='lat' dir='ltr'><strong>an-</strong></span> 
     </span>
    </p>
   </div>
   <div class='ocr_carea' id='block_1_104' title="bbox 386 5281 2046 5354">
    <p class='ocr_par' dir='ltr' id='par_1_104' title="bbox 386 5281 2046 5354">
     <span class='ocr_line' id='line_1_105' title="bbox 386 5281 2046 5354; baseline -0.009 -4"><span class='ocrx_word' id='word_1_804' title='bbox 386 5296 502 5350; x_wconf 85' lang='lat' dir='ltr'><strong>tea.</strong></span> <span class='ocrx_word' id='word_1_805' title='bbox 523 5292 675 5349; x_wconf 89' lang='lat' dir='ltr'><strong>Lieet</strong></span> <span class='ocrx_word' id='word_1_806' title='bbox 694 5291 852 5347; x_wconf 90' lang='lat' dir='ltr'><strong>enim</strong></span> <span class='ocrx_word' id='word_1_807' title='bbox 878 5302 1065 5343; x_wconf 89' lang='lat' dir='ltr'><strong>unum</strong></span> <span class='ocrx_word' id='word_1_808' title='bbox 1083 5300 1151 5339; x_wconf 84' lang='lat' dir='ltr'><strong>ex</strong></span> <span class='ocrx_word' id='word_1_809' title='bbox 1177 5285 1376 5343; x_wconf 87' lang='lat' dir='ltr'><strong>decem</strong></span> <span class='ocrx_word' id='word_1_810' title='bbox 1405 5283 1748 5339; x_wconf 89' lang='lat' dir='ltr'><strong>nominibus</strong></span> <span class='ocrx_word' id='word_1_811' title='bbox 1770 5281 1894 5354; x_wconf 88' lang='lat' dir='ltr'><strong>Dei,</strong></span> <span class='ocrx_word' id='word_1_812' title='bbox 1919 5298 2046 5354; x_wconf 68' lang='lat' dir='ltr'><strong>quas</strong></span> 
     </span>
    </p>
   </div>
   <div class='ocr_carea' id='block_1_105' title="bbox 387 5355 2045 5454">
    <p class='ocr_par' dir='ltr' id='par_1_105' title="bbox 387 5355 2045 5454">
     <span class='ocr_line' id='line_1_106' title="bbox 387 5355 2045 5454; baseline -0.008 -16"><span class='ocrx_word' id='word_1_813' title='bbox 387 5382 609 5454; x_wconf 82' lang='lat' dir='ltr'><strong>profert</strong></span> <span class='ocrx_word' id='word_1_814' title='bbox 629 5380 689 5437; x_wconf 88' lang='lat' dir='ltr'><strong>S.</strong></span> <span class='ocrx_word' id='word_1_815' title='bbox 727 5382 1137 5450; x_wconf 79' lang='lat' dir='ltr'><strong>Hieronymus,</strong></span> <span class='ocrx_word' id='word_1_816' title='bbox 1160 5373 1336 5445; x_wconf 86' lang='lat' dir='ltr'><strong>epist.</strong></span> <span class='ocrx_word' id='word_1_817' title='bbox 1373 5356 1498 5439; x_wconf 73' lang='grc'><strong>436,</strong></span> <span class='ocrx_word' id='word_1_818' title='bbox 1524 5373 1603 5428; x_wconf 87' lang='lat' dir='ltr'><strong>sit</strong></span> <span class='ocrx_word' id='word_1_819' title='bbox 1629 5355 1822 5432; x_wconf 53' lang='lat' dir='ltr'><strong>ambs</strong></span> <span class='ocrx_word' id='word_1_820' title='bbox 1852 5393 1882 5422; x_wconf 90' lang='grc'><strong>‹‹</strong></span> <span class='ocrx_word' id='word_1_821' title='bbox 1914 5370 2045 5426; x_wconf 89' lang='lat' dir='ltr'><strong>Elo-</strong></span> 
     </span>
    </p>
   </div>
   <div class='ocr_carea' id='block_1_106' title="bbox 388 5454 2047 5539">
    <p class='ocr_par' dir='ltr' id='par_1_106' title="bbox 388 5454 2047 5539">
     <span class='ocr_line' id='line_1_107' title="bbox 388 5454 2047 5539; baseline -0.008 -13"><span class='ocrx_word' id='word_1_822' title='bbox 388 5471 541 5539; x_wconf 87' lang='lat' dir='ltr'><strong>him;</strong></span> <span class='ocrx_word' id='word_1_823' title='bbox 571 5489 598 5521; x_wconf 74' lang='grc' dir='ltr'>ι</span> <span class='ocrx_word' id='word_1_824' title='bbox 632 5473 829 5525; x_wconf 85' lang='lat' dir='ltr'><strong>tamen</strong></span> <span class='ocrx_word' id='word_1_825' title='bbox 862 5465 1051 5535; x_wconf 82' lang='lat' dir='ltr'><strong>IReg.</strong></span> <span class='ocrx_word' id='word_1_826' title='bbox 1092 5479 1132 5533; x_wconf 85' lang='lat'><strong>1,</strong></span> <span class='ocrx_word' id='word_1_827' title='bbox 1180 5462 1269 5529; x_wconf 88' lang='lat'><strong>11,</strong></span> <span class='ocrx_word' id='word_1_828' title='bbox 1319 5462 1609 5532; x_wconf 86' lang='lat' dir='ltr'><strong>scriptum</strong></span> <span class='ocrx_word' id='word_1_829' title='bbox 1667 5467 1760 5517; x_wconf 89' lang='lat' dir='ltr'><strong>est</strong></span> <span class='ocrx_word' id='word_1_830' title='bbox 1805 5454 2047 5516; x_wconf 78' lang='grc' dir='ltr'>Ἀδωναῒ</span> 
     </span>
    </p>
   </div>
   <div class='ocr_carea' id='block_1_107' title="bbox 389 5546 1505 5635">
    <p class='ocr_par' dir='ltr' id='par_1_107' title="bbox 389 5546 1505 5635">
     <span class='ocr_line' id='line_1_108' title="bbox 389 5546 1505 5635; baseline -0.009 -19"><span class='ocrx_word' id='word_1_831' title='bbox 389 5548 592 5635; x_wconf 80' lang='grc' dir='ltr'>Κύριος</span> <span class='ocrx_word' id='word_1_832' title='bbox 624 5552 796 5613; x_wconf 70' lang='grc' dir='ltr'>Ἐλωὶ</span> <span class='ocrx_word' id='word_1_833' title='bbox 826 5548 1082 5622; x_wconf 76' lang='grc' dir='ltr'>Σαϐαὼθ,</span> <span class='ocrx_word' id='word_1_834' title='bbox 1117 5567 1234 5608; x_wconf 87' lang='lat' dir='ltr'><strong>non</strong></span> <span class='ocrx_word' id='word_1_835' title='bbox 1268 5546 1505 5622; x_wconf 75' lang='grc' dir='ltr'>Ἐλωΐμ..</span> 
     </span>
    </p>
   </div>
   <div class='ocr_carea' id='block_1_108' title="bbox 458 5657 2046 5725">
    <p class='ocr_par' dir='ltr' id='par_1_108' title="bbox 458 5657 2046 5725">
     <span class='ocr_line' id='line_1_109' title="bbox 458 5657 2046 5725; baseline -0.008 -1"><span class='ocrx_word' id='word_1_836' title='bbox 458 5662 582 5725; x_wconf 88' lang='lat' dir='ltr'><strong>Col.</strong></span> <span class='ocrx_word' id='word_1_837' title='bbox 611 5663 720 5721; x_wconf 83' lang='lat'><strong>592</strong></span> <span class='ocrx_word' id='word_1_838' title='bbox 746 5660 791 5718; x_wconf 90' lang='lat' dir='ltr'><strong>B</strong></span> <span class='ocrx_word' id='word_1_839' title='bbox 823 5662 911 5717; x_wconf 80' lang='grc'><strong>14.</strong></span> <span class='ocrx_word' id='word_1_840' title='bbox 942 5659 1050 5721; x_wconf 83' lang='lat' dir='ltr'><strong>Sed</strong></span> <span class='ocrx_word' id='word_1_841' title='bbox 1099 5661 1230 5714; x_wconf 85' lang='lat' dir='ltr'><strong>ante</strong></span> <span class='ocrx_word' id='word_1_842' title='bbox 1274 5673 1455 5714; x_wconf 86' lang='lat' dir='ltr'><strong>suam.</strong></span> <span class='ocrx_word' id='word_1_843' title='bbox 1487 5658 1804 5715; x_wconf 85' lang='lat' dir='ltr'><strong>Contentus</strong></span> <span class='ocrx_word' id='word_1_844' title='bbox 1852 5657 2046 5714; x_wconf 86' lang='lat' dir='ltr'><strong>fuerat</strong></span> 
     </span>
    </p>
   </div>
   <div class='ocr_carea' id='block_1_109' title="bbox 381 5746 2046 5825">
    <p class='ocr_par' dir='ltr' id='par_1_109' title="bbox 381 5746 2046 5825">
     <span class='ocr_line' id='line_1_110' title="bbox 381 5746 2046 5825; baseline -0.006 -12"><span class='ocrx_word' id='word_1_845' title='bbox 381 5757 682 5825; x_wconf 79' lang='lat' dir='ltr'><strong>interpres</strong></span> <span class='ocrx_word' id='word_1_846' title='bbox 710 5750 922 5818; x_wconf 87' lang='lat' dir='ltr'><strong>dicere,</strong></span> <span class='ocrx_word' id='word_1_847' title='bbox 961 5767 990 5802; x_wconf 72' lang='grc' dir='ltr'><strong>ο</strong></span> <span class='ocrx_word' id='word_1_848' title='bbox 1017 5748 1121 5804; x_wconf 86' lang='lat' dir='ltr'><strong>sed</strong></span> <span class='ocrx_word' id='word_1_849' title='bbox 1145 5750 1463 5819; x_wconf 85' lang='lat' dir='ltr'><strong>antequam</strong></span> <span class='ocrx_word' id='word_1_850' title='bbox 1494 5746 1625 5819; x_wconf 88' lang='lat' dir='ltr'><strong>ipsa</strong></span> <span class='ocrx_word' id='word_1_851' title='bbox 1652 5752 1846 5804; x_wconf 86' lang='lat' dir='ltr'><strong>esset:</strong></span> <span class='ocrx_word' id='word_1_852' title='bbox 1883 5767 1909 5800; x_wconf 74' lang='grc' dir='ltr'><strong><em>ι</em></strong></span> <span class='ocrx_word' id='word_1_853' title='bbox 1941 5763 2046 5804; x_wconf 90' lang='lat' dir='ltr'><strong>ve-</strong></span> 
     </span>
    </p>
   </div>
   <div class='ocr_carea' id='block_1_110' title="bbox 2162 4756 3821 4833">
    <p class='ocr_par' dir='ltr' id='par_1_110' title="bbox 2162 4756 3821 4833">
     <span class='ocr_line' id='line_1_111' title="bbox 2162 4756 3821 4833; baseline -0.007 -12"><span class='ocrx_word' id='word_1_854' title='bbox 2162 4764 2339 4821; x_wconf 90' lang='lat' dir='ltr'><strong>bebat</strong></span> <span class='ocrx_word' id='word_1_855' title='bbox 2364 4760 2790 4833; x_wconf 79' lang='grc' dir='ltr'>ὑπομνήσωμεν,</span> <span class='ocrx_word' id='word_1_856' title='bbox 2823 4758 3256 4832; x_wconf 82' lang='lat' dir='ltr'><strong>Trapezuntius</strong></span> <span class='ocrx_word' id='word_1_857' title='bbox 3285 4758 3368 4813; x_wconf 90' lang='lat' dir='ltr'><strong>ita</strong></span> <span class='ocrx_word' id='word_1_858' title='bbox 3398 4756 3623 4830; x_wconf 88' lang='lat' dir='ltr'><strong>legerat</strong></span> <span class='ocrx_word' id='word_1_859' title='bbox 3652 4778 3679 4806; x_wconf 87' lang='grc'><strong>‹‹</strong></span> <span class='ocrx_word' id='word_1_860' title='bbox 3714 4756 3821 4810; x_wconf 84' lang='lat' dir='ltr'><strong>ad-</strong></span> 
     </span>
    </p>
   </div>
   <div class='ocr_carea' id='block_1_111' title="bbox 2162 4867 2585 4908">
    <p class='ocr_par' dir='ltr' id='par_1_111' title="bbox 2162 4867 2585 4908">
     <span class='ocr_line' id='line_1_112' title="bbox 2162 4867 2585 4908; baseline -0.012 0"><span class='ocrx_word' id='word_1_861' title='bbox 2162 4867 2526 4908; x_wconf 89' lang='lat' dir='ltr'><strong>moneamus.</strong></span> <span class='ocrx_word' id='word_1_862' title='bbox 2559 4870 2585 4902; x_wconf 68' lang='grc' dir='ltr'>δ)</span> 
     </span>
    </p>
   </div>
   <div class='ocr_carea' id='block_1_112' title="bbox 2234 4933 3818 5007">
    <p class='ocr_par' dir='ltr' id='par_1_112' title="bbox 2234 4933 3818 5007">
     <span class='ocr_line' id='line_1_113' title="bbox 2234 4933 3818 5007; baseline -0.007 -9"><span class='ocrx_word' id='word_1_863' title='bbox 2234 4942 2382 4998; x_wconf 80' lang='lat' dir='ltr'><strong>Ibid.</strong></span> <span class='ocrx_word' id='word_1_864' title='bbox 2413 4940 2572 4997; x_wconf 86' lang='lat' dir='ltr'><strong>C13.</strong></span> <span class='ocrx_word' id='word_1_865' title='bbox 2607 4940 2702 4994; x_wconf 84' lang='lat' dir='ltr'><strong>His</strong></span> <span class='ocrx_word' id='word_1_866' title='bbox 2750 4937 2979 4994; x_wconf 85' lang='lat' dir='ltr'><strong>duabus.</strong></span> <span class='ocrx_word' id='word_1_867' title='bbox 3027 4937 3234 4992; x_wconf 88' lang='lat' dir='ltr'><strong>Totam</strong></span> <span class='ocrx_word' id='word_1_868' title='bbox 3292 4935 3446 4992; x_wconf 87' lang='lat' dir='ltr'><strong>hanc</strong></span> <span class='ocrx_word' id='word_1_869' title='bbox 3503 4933 3818 5007; x_wconf 89' lang='lat' dir='ltr'><strong>periodum</strong></span> 
     </span>
    </p>
   </div>
   <div class='ocr_carea' id='block_1_113' title="bbox 2158 5023 3822 5100">
    <p class='ocr_par' dir='ltr' id='par_1_113' title="bbox 2158 5023 3822 5100">
     <span class='ocr_line' id='line_1_114' title="bbox 2158 5023 3822 5100; baseline -0.007 -12"><span class='ocrx_word' id='word_1_870' title='bbox 2158 5032 2439 5088; x_wconf 89' lang='lat' dir='ltr'><strong>omiserat</strong></span> <span class='ocrx_word' id='word_1_871' title='bbox 2467 5028 2757 5100; x_wconf 83' lang='lat' dir='ltr'><strong>interpres</strong></span> <span class='ocrx_word' id='word_1_872' title='bbox 2782 5026 3209 5099; x_wconf 87' lang='lat' dir='ltr'><strong>Trapezuntius</strong></span> <span class='ocrx_word' id='word_1_873' title='bbox 3239 5042 3251 5082; x_wconf 87' lang='lat'><strong>:</strong></span> <span class='ocrx_word' id='word_1_874' title='bbox 3289 5026 3387 5081; x_wconf 91' lang='lat' dir='ltr'><strong>sed</strong></span> <span class='ocrx_word' id='word_1_875' title='bbox 3422 5040 3490 5081; x_wconf 84' lang='lat' dir='ltr'><strong>ex</strong></span> <span class='ocrx_word' id='word_1_876' title='bbox 3523 5023 3655 5080; x_wconf 88' lang='lat' dir='ltr'><strong>aliis</strong></span> <span class='ocrx_word' id='word_1_877' title='bbox 3688 5038 3822 5078; x_wconf 90' lang='lat' dir='ltr'><strong>eam</strong></span> 
     </span>
    </p>
   </div>
   <div class='ocr_carea' id='block_1_114' title="bbox 2160 5111 3819 5189">
    <p class='ocr_par' dir='ltr' id='par_1_114' title="bbox 2160 5111 3819 5189">
     <span class='ocr_line' id='line_1_115' title="bbox 2160 5111 3819 5189; baseline -0.007 -11"><span class='ocrx_word' id='word_1_878' title='bbox 2160 5119 2558 5189; x_wconf 87' lang='lat' dir='ltr'><strong>restituimus,</strong></span> <span class='ocrx_word' id='word_1_879' title='bbox 2581 5134 2760 5189; x_wconf 90' lang='lat' dir='ltr'><strong>quam</strong></span> <span class='ocrx_word' id='word_1_880' title='bbox 2783 5121 2840 5172; x_wconf 91' lang='lat' dir='ltr'><strong>et</strong></span> <span class='ocrx_word' id='word_1_881' title='bbox 2862 5116 3082 5189; x_wconf 82' lang='lat' dir='ltr'><strong>Regius</strong></span> <span class='ocrx_word' id='word_1_882' title='bbox 3105 5115 3467 5188; x_wconf 84' lang='lat' dir='ltr'><strong>agnoscit,ex</strong></span> <span class='ocrx_word' id='word_1_883' title='bbox 3500 5130 3617 5185; x_wconf 93' lang='lat' dir='ltr'><strong>quo</strong></span> <span class='ocrx_word' id='word_1_884' title='bbox 3640 5111 3819 5168; x_wconf 87' lang='lat' dir='ltr'><strong>etiam</strong></span> 
     </span>
    </p>
   </div>
   <div class='ocr_carea' id='block_1_115' title="bbox 2158 5202 3823 5274">
    <p class='ocr_par' dir='ltr' id='par_1_115' title="bbox 2158 5202 3823 5274">
     <span class='ocr_line' id='line_1_116' title="bbox 2158 5202 3823 5274; baseline -0.008 -6"><span class='ocrx_word' id='word_1_885' title='bbox 2158 5209 2608 5268; x_wconf 87' lang='lat' dir='ltr'><strong>immutavimus</strong></span> <span class='ocrx_word' id='word_1_886' title='bbox 2639 5208 2698 5262; x_wconf 92' lang='lat' dir='ltr'><strong>in</strong></span> <span class='ocrx_word' id='word_1_887' title='bbox 2731 5205 2987 5262; x_wconf 90' lang='lat' dir='ltr'><strong>editione</strong></span> <span class='ocrx_word' id='word_1_888' title='bbox 3020 5204 3328 5261; x_wconf 89' lang='lat' dir='ltr'><strong>Basiliensi</strong></span> <span class='ocrx_word' id='word_1_889' title='bbox 3370 5208 3424 5259; x_wconf 85' lang='lat' dir='ltr'><strong>et</strong></span> <span class='ocrx_word' id='word_1_890' title='bbox 3471 5202 3823 5274; x_wconf 77' lang='lat' dir='ltr'><strong>Stephantea</strong></span> 
     </span>
    </p>
   </div>
   <div class='ocr_carea' id='block_1_116' title="bbox 2158 5290 3821 5372">
    <p class='ocr_par' dir='ltr' id='par_1_116' title="bbox 2158 5290 3821 5372">
     <span class='ocr_line' id='line_1_117' title="bbox 2158 5290 3821 5372; baseline -0.005 -18"><span class='ocrx_word' id='word_1_891' title='bbox 2158 5299 2326 5364; x_wconf 89' lang='lat' dir='ltr'><strong>illud,</strong></span> <span class='ocrx_word' id='word_1_892' title='bbox 2361 5295 2510 5367; x_wconf 79' lang='grc' dir='ltr'><strong>εἷ’περ</strong></span> <span class='ocrx_word' id='word_1_893' title='bbox 2562 5291 2687 5372; x_wconf 74' lang='grc' dir='ltr'><strong>ἔχοι</strong></span> <span class='ocrx_word' id='word_1_894' title='bbox 2735 5314 2787 5350; x_wconf 88' lang='grc' dir='ltr'><strong>τι</strong></span> <span class='ocrx_word' id='word_1_895' title='bbox 2839 5295 3037 5359; x_wconf 68' lang='grc' dir='ltr'>ἑαυτῆς</span> <span class='ocrx_word' id='word_1_896' title='bbox 3089 5291 3355 5366; x_wconf 69' lang='grc' dir='ltr'>ἐξωτέρω.</span> <span class='ocrx_word' id='word_1_897' title='bbox 3391 5294 3502 5349; x_wconf 90' lang='lat' dir='ltr'><strong>Ms.</strong></span> <span class='ocrx_word' id='word_1_898' title='bbox 3533 5290 3821 5363; x_wconf 78' lang='grc' dir='ltr'>ἐξώτερον.</span> 
     </span>
    </p>
   </div>
   <div class='ocr_carea' id='block_1_117' title="bbox 2158 5381 3828 5459">
    <p class='ocr_par' dir='ltr' id='par_1_117' title="bbox 2158 5381 3828 5459">
     <span class='ocr_line' id='line_1_118' title="bbox 2158 5381 3828 5459; baseline -0.005 -16"><span class='ocrx_word' id='word_1_899' title='bbox 2158 5388 2588 5459; x_wconf 88' lang='lat' dir='ltr'><strong>Trapezuntius</strong></span> <span class='ocrx_word' id='word_1_900' title='bbox 2617 5387 2699 5443; x_wconf 91' lang='lat' dir='ltr'><strong>ita</strong></span> <span class='ocrx_word' id='word_1_901' title='bbox 2727 5385 2973 5457; x_wconf 87' lang='lat' dir='ltr'><strong>legerat:</strong></span> <span class='ocrx_word' id='word_1_902' title='bbox 2994 5406 3020 5435; x_wconf 81' lang='grc' dir='ltr'><strong>ι(</strong></span> <span class='ocrx_word' id='word_1_903' title='bbox 3054 5384 3111 5439; x_wconf 92' lang='lat' dir='ltr'><strong>Si</strong></span> <span class='ocrx_word' id='word_1_904' title='bbox 3148 5384 3287 5456; x_wconf 89' lang='lat' dir='ltr'><strong>quid</strong></span> <span class='ocrx_word' id='word_1_905' title='bbox 3324 5388 3460 5439; x_wconf 85' lang='lat' dir='ltr'><strong>ante</strong></span> <span class='ocrx_word' id='word_1_906' title='bbox 3486 5398 3547 5438; x_wconf 92' lang='lat' dir='ltr'><strong>se</strong></span> <span class='ocrx_word' id='word_1_907' title='bbox 3576 5381 3828 5436; x_wconf 88' lang='lat' dir='ltr'><strong>haberet</strong></span> 
     </span>
    </p>
   </div>
   <div class='ocr_carea' id='block_1_118' title="bbox 2156 5470 3819 5548">
    <p class='ocr_par' dir='ltr' id='par_1_118' title="bbox 2156 5470 3819 5548">
     <span class='ocr_line' id='line_1_119' title="bbox 2156 5470 3819 5548; baseline -0.007 -15"><span class='ocrx_word' id='word_1_908' title='bbox 2156 5476 2501 5548; x_wconf 73' lang='lat' dir='ltr'><strong>superius,»</strong></span> <span class='ocrx_word' id='word_1_909' title='bbox 2532 5476 2924 5532; x_wconf 73' lang='lat' dir='ltr'><strong>Cornariuszu</strong></span> <span class='ocrx_word' id='word_1_910' title='bbox 2959 5472 3015 5528; x_wconf 92' lang='lat' dir='ltr'><strong>Si</strong></span> <span class='ocrx_word' id='word_1_911' title='bbox 3050 5472 3191 5544; x_wconf 90' lang='lat' dir='ltr'><strong>quid</strong></span> <span class='ocrx_word' id='word_1_912' title='bbox 3225 5471 3380 5528; x_wconf 89' lang='lat' dir='ltr'><strong>ultra</strong></span> <span class='ocrx_word' id='word_1_913' title='bbox 3410 5488 3475 5527; x_wconf 88' lang='lat' dir='ltr'><strong>se</strong></span> <span class='ocrx_word' id='word_1_914' title='bbox 3504 5470 3769 5532; x_wconf 82' lang='lat' dir='ltr'><strong>haberet,</strong></span> <span class='ocrx_word' id='word_1_915' title='bbox 3791 5491 3819 5521; x_wconf 65' lang='lat' dir='ltr'><strong>in</strong></span> 
     </span>
    </p>
   </div>
   <div class='ocr_carea' id='block_1_119' title="bbox 2154 5560 3821 5632">
    <p class='ocr_par' dir='ltr' id='par_1_119' title="bbox 2154 5560 3821 5632">
     <span class='ocr_line' id='line_1_120' title="bbox 2154 5560 3821 5632; baseline -0.004 -10"><span class='ocrx_word' id='word_1_916' title='bbox 2154 5567 2303 5623; x_wconf 90' lang='lat' dir='ltr'><strong>Beza</strong></span> <span class='ocrx_word' id='word_1_917' title='bbox 2326 5567 2397 5621; x_wconf 89' lang='lat' dir='ltr'><strong>ad</strong></span> <span class='ocrx_word' id='word_1_918' title='bbox 2430 5567 2696 5630; x_wconf 87' lang='lat' dir='ltr'><strong>verbum,</strong></span> <span class='ocrx_word' id='word_1_919' title='bbox 2730 5565 2828 5620; x_wconf 83' lang='lat' dir='ltr'><strong>sed</strong></span> <span class='ocrx_word' id='word_1_920' title='bbox 2865 5561 3063 5618; x_wconf 88' lang='lat' dir='ltr'><strong>minus</strong></span> <span class='ocrx_word' id='word_1_921' title='bbox 3090 5567 3243 5619; x_wconf 90' lang='lat' dir='ltr'><strong>recte</strong></span> <span class='ocrx_word' id='word_1_922' title='bbox 3276 5577 3289 5616; x_wconf 90' lang='lat'><strong>:</strong></span> <span class='ocrx_word' id='word_1_923' title='bbox 3330 5580 3354 5609; x_wconf 73' lang='grc' dir='ltr'><strong>ε</strong></span> <span class='ocrx_word' id='word_1_924' title='bbox 3385 5562 3446 5617; x_wconf 92' lang='lat' dir='ltr'><strong>Si</strong></span> <span class='ocrx_word' id='word_1_925' title='bbox 3477 5560 3619 5632; x_wconf 91' lang='lat' dir='ltr'><strong>quid</strong></span> <span class='ocrx_word' id='word_1_926' title='bbox 3651 5565 3821 5615; x_wconf 86' lang='lat' dir='ltr'><strong>extra</strong></span> 
     </span>
    </p>
   </div>
   <div class='ocr_carea' id='block_1_120' title="bbox 2155 5648 3824 5725">
    <p class='ocr_par' dir='ltr' id='par_1_120' title="bbox 2155 5648 3824 5725">
     <span class='ocr_line' id='line_1_121' title="bbox 2155 5648 3824 5725; baseline -0.005 -11"><span class='ocrx_word' id='word_1_927' title='bbox 2155 5671 2285 5714; x_wconf 86' lang='lat' dir='ltr'><strong>sese</strong></span> <span class='ocrx_word' id='word_1_928' title='bbox 2306 5656 2584 5723; x_wconf 79' lang='lat' dir='ltr'><strong>haberet;</strong></span> <span class='ocrx_word' id='word_1_929' title='bbox 2612 5677 2639 5707; x_wconf 63' lang='grc' dir='ltr'><strong>ω</strong></span> <span class='ocrx_word' id='word_1_930' title='bbox 2666 5652 2802 5709; x_wconf 86' lang='lat' dir='ltr'><strong>ferri</strong></span> <span class='ocrx_word' id='word_1_931' title='bbox 2826 5656 3026 5707; x_wconf 90' lang='lat' dir='ltr'><strong>tamen</strong></span> <span class='ocrx_word' id='word_1_932' title='bbox 3048 5655 3242 5725; x_wconf 88' lang='lat' dir='ltr'><strong>potest</strong></span> <span class='ocrx_word' id='word_1_933' title='bbox 3270 5648 3515 5725; x_wconf 70' lang='grc' dir='ltr'>ἐξωτὲρω</span> <span class='ocrx_word' id='word_1_934' title='bbox 3545 5667 3561 5705; x_wconf 83' lang='lat'><strong>:</strong></span> <span class='ocrx_word' id='word_1_935' title='bbox 3592 5666 3727 5705; x_wconf 90' lang='lat' dir='ltr'><strong>nam</strong></span> <span class='ocrx_word' id='word_1_936' title='bbox 3758 5656 3824 5706; x_wconf 89' lang='lat' dir='ltr'><strong>et</strong></span> 
     </span>
    </p>
   </div>
   <div class='ocr_carea' id='block_1_121' title="bbox 2157 5738 3041 5819">
    <p class='ocr_par' dir='ltr' id='par_1_121' title="bbox 2157 5738 3041 5819">
     <span class='ocr_line' id='line_1_122' title="bbox 2157 5738 3041 5819; baseline -0.009 -15"><span class='ocrx_word' id='word_1_937' title='bbox 2157 5746 2429 5817; x_wconf 90' lang='lat' dir='ltr'><strong>sequitur</strong></span> <span class='ocrx_word' id='word_1_938' title='bbox 2455 5738 3041 5819; x_wconf 47' lang='grc' dir='ltr'>τὰηὲξωτὲρωραύτης.</span> 
     </span>
    </p>
   </div>
  </div>
