4156 6364
319 305 470 365 1041

1395 301 1474 362 IN
1519 300 1800 360 LIBROS
1845 297 2160 360 CONTRA
2205 301 2658 364 EUNOMIUM.

3593 297 3746 359 1042

389 433 510 493 Col.
544 434 650 487 600
683 433 720 488 Β
749 433 844 504 Τῷ
873 425 1246 504 ἀνυπερϐάτῳ.
1284 432 1346 487 In
1379 430 1691 486 Basiliensi
1743 434 1800 484 et
1838 428 1969 484 aliis

2109 427 2274 498 ιιόσοις,
2305 431 2462 506 γέρας
2513 430 2629 505 εἶχε
2676 434 2848 504 κρεῶν
2891 450 3011 484 τινα
3051 430 3376 504 περιφορὰν,
3425 429 3452 482 ὁ
3503 425 3560 482 δὲ
3611 425 3740 481 ἀδυ-

319 529 446 580 erat
477 522 822 596 ἀνυπερθέτῳ
852 540 865 578 :
902 523 1003 578 sed
1037 523 1258 594 Regius
1288 525 1356 576 Η.
1381 522 1464 577 sic
1493 521 1720 588 habuit,
1753 525 1809 574 ct
1838 525 1979 574 Tra-

322 614 797 686 pezuntius,cum
818 613 1204 684 insuperabili
1223 611 1330 667 hoc
1345 611 1793 683 principio.»Sic
1809 608 1980 680 paulo

324 709 457 758 ante
491 703 662 768 dixit,
698 706 824 774 μιᾶς
852 693 1225 775 ἀνυπερϐάτου
1256 700 1341 754 καὶ
1376 700 1558 774 ἑτέρας
1589 692 1906 752 ἀνεκῦάτου.

400 810 547 866 Ibid.
578 810 618 863 B
649 811 702 864 5.
728 814 795 866 In
828 811 1054 876 regione
1083 809 1353 865 Ausitide.
1394 809 1711 878 Interpres,
1749 807 1858 860 «In
1892 821 1980 860 re-

322 901 493 972 gione
510 899 686 967 Hus,»
705 905 880 968 atque
895 900 972 953 ita
991 900 1230 969 quidem
1247 898 1495 969 Vulgata
1513 897 1862 952 LatinaJob.
1881 897 1977 959 1,1:

326 1011 351 1041 α
388 989 492 1043 Vir
521 993 644 1044 erat
677 989 734 1042 in
787 994 945 1043 terra
992 988 1116 1042 Hus
1165 987 1404 1043 nomine
1450 988 1560 1042 Job
1589 1004 1601 1054 ;
1630 1008 1657 1035 »
1690 986 1789 1040 sed
1827 983 1980 1054 apud

323 1079 556 1134 Graecos
613 1079 964 1147 interpretes
1024 1075 1296 1149 legimus,
1332 1075 1660 1149 Ἀνθρωπος
1706 1094 1789 1136 τις
1826 1072 1891 1140 ἧν
1927 1071 1978 1126 ἐν

322 1169 392 1240 τῇ
425 1166 586 1240 χώρᾳ
613 1163 881 1230 Αὐσίτιδι,
917 1164 962 1236 ᾧ
994 1160 1170 1236 ὄνομα
1219 1159 1364 1220 Ἰώϐ.
1411 1167 1585 1220 Homo
1630 1174 1750 1220 erat
1801 1165 1866 1219 in
1895 1178 1981 1218 re-

323 1259 484 1328 gione
511 1255 779 1326 Ansz’tute,
802 1257 894 1311 cui
913 1271 1112 1311 nomen.
1139 1257 1256 1311 Job.
1283 1256 1765 1327 Chrysostomus,
1794 1253 1853 1307 in
1881 1255 1983 1309 Ca-

326 1351 460 1401 tena
517 1345 768 1401 Nicetes:
803 1344 1124 1416 Ἄνθρωπον
1177 1343 1309 1397 εἶναι
1367 1363 1528 1420 φησιν
1585 1341 1636 1396 ἐν
1698 1341 1859 1416 χώρᾳ
1913 1345 1981 1415 τῇ

325 1430 595 1501 Αὐσίτιδι,
629 1433 907 1487 καὶτοῦτο
961 1431 1096 1508 μέγα
1144 1431 1440 1508 ἐγκώμιον.
1476 1433 1553 1488 Τὸ
1598 1432 1699 1505 γὰρ
1737 1431 1787 1485 ἂν
1816 1437 1984 1506 ’Δρα-

327 1517 421 1593 ϐίᾳ
451 1520 623 1584 οὕτως
674 1521 809 1576 εἶναί
856 1542 978 1577 τινα
1028 1519 1279 1593 δόκιμον,
1314 1517 1440 1575 ἔνθα
1489 1519 1684 1582 πάντες
1735 1518 1985 1596 διεφθαρ-

334 1612 510 1684 μὲνοι,
542 1607 666 1674 ἔνθα
705 1608 856 1665 οὐδὲν
913 1608 1221 1684 ὑπόδειγμα
1267 1611 1334 1679 ἦν
1382 1609 1658 1682 εὐνομίας,
1708 1613 1868 1664 τοῦτο
1917 1611 1984 1677 ἧν

332 1699 662 1772 Θαυμαστόν.
718 1723 738 1749 α
780 1701 1090 1756 Hominem
1141 1700 1311 1755 illum
1344 1700 1404 1754 in
1453 1699 1719 1755 Ausitide
1751 1699 1987 1770 regione

2090 522 2344 589 νατήσας,
2392 519 2578 592 ἅλμης
2625 523 2887 596 ποτήριον
2941 519 3166 574 ἐκπιεῖν’
3205 543 3224 568 ιι
3263 520 3744 591 Compotatorum

2092 609 2334 680 insuper
2364 616 2452 665 est
2482 612 2725 679 aenigma
2755 617 2811 665 et
2831 611 3076 682 griphus
3103 628 3115 677 ;
3141 613 3198 664 et
3227 609 3372 663 illud
3397 608 3742 679 quidemjo-

2091 717 2246 765 cum,
2283 701 2375 755 hic
2407 718 2537 756 vero
2568 708 2623 755 et
2654 701 2951 756 solertiam
2987 699 3196 755 habet:
3233 703 3411 768 atque
3445 698 3598 751 hunc
3624 697 3744 767 qui-

2092 791 2225 843 dem
2257 791 2356 859 qui
2388 789 2673 858 solvebat,
2705 791 2969 845 carnium
3005 789 3242 860 aliquod
3279 786 3562 841 ferculum
3596 785 3742 840 acci-

2094 878 2289 945 piebat
2321 880 2377 932 in
2413 880 2718 950 praemium
2746 898 2760 948 ;
2787 882 2885 950 qui
2908 897 3022 933 non
3048 875 3622 949 poterat,salsuginis
3647 891 3747 946 po-

2094 967 2293 1022 culum
2319 969 2609 1022 ebibebat.
2634 989 2660 1016 »
2684 969 2862 1022 Addit
2881 968 3231 1022 scholiastes
3255 965 3589 1036 exemplum
3615 980 3754 1034 sup-

2095 1056 2358 1127 peditare
2378 1056 2680 1112 Samsonis
2696 1056 3135 1130 historiam,qui
3156 1056 3213 1109 in
3236 1054 3458 1126 nuptiis
3477 1054 3602 1108 suis
3622 1069 3751 1123 pro-

2094 1147 2299 1216 posuit
2325 1146 2712 1216 quaastionem
2737 1146 2806 1199 de
2827 1145 3201 1215 generatione
3219 1160 3418 1214 apum.
3445 1141 3756 1196 Athenaeus

2092 1233 2196 1287 lib.
2219 1252 2272 1299 x,
2304 1251 2434 1305 pag.
2462 1235 2565 1287 457
2593 1252 2604 1288 :
2630 1233 2751 1287 Τῶν
2787 1231 2996 1308 γρίφων
3030 1233 3064 1299 ἡ
3100 1233 3323 1299 ζήτησις
3356 1229 3454 1282 οὐκ
3485 1227 3756 1303 ἀλλοτρία

2093 1319 2422 1398 φιλοσοφίας
2457 1320 2591 1389 ἐστὶ,
2622 1319 2711 1374 καὶ
2743 1321 2799 1373 οὶ
2830 1318 3058 1374 παλαιοὶ
3079 1321 3177 1388 τὴν
3210 1326 3309 1387 τῆς
3343 1315 3589 1378 παιδείας
3620 1317 3753 1371 ἀπό-

2095 1408 2253 1482 δειξιν
2282 1412 2332 1465 ἐν
2355 1411 2569 1473 τούτοις
2595 1411 2898 1466 ἐποιοῦντο.
2927 1435 2954 1461 ‹‹
2982 1412 3337 1482 Griphorum
3371 1410 3753 1482 perscrutatio

2096 1503 2287 1558 aliena
2302 1521 2414 1558 non
2434 1509 2520 1558 est
2535 1521 2566 1558 a
2586 1501 3188 1575 phi1030phia,itaque
3204 1500 3551 1556 eruditionis
3573 1499 3754 1571 speci-

2098 1609 2229 1647 men
2265 1597 2486 1648 veteres
2510 1592 2571 1647 in
2605 1592 2697 1646 his
2721 1595 3075 1646 statuerunt.
3105 1612 3132 1638 »
3158 1590 3540 1644 Proferuntur
3561 1605 3752 1644 exem-

2100 1681 2194 1752 pla
2227 1682 2443 1736 ibidem
2473 1685 2530 1736 et
2563 1697 2695 1752 pag.
2721 1681 2922 1746 4l8,ex
2952 1695 3212 1734 veterum
3243 1679 3612 1733 Comicorum
3636 1679 3756 1732 fra-

334 1765 517 1846 fuisse
547 1790 710 1856 dicit,
743 1795 799 1845 et
850 1790 960 1845 hoc
1007 1791 1216 1861 ingens
1269 1791 1649 1861 praeconium.
1685 1765 1986 1858 Siquidem
2023 1805 2067 1868 Β
2100 1767 3334 1868 ἔφθηίίδῬδιυίφιροεῖίαῖίῖψίίιγίηλιυείυυά
3358 1789 3385 1817 ί(
3410 1765 3755 1868 ίοῖθηέοξιίω

335 1880 396 1935 in
427 1880 642 1934 Arabia
673 1883 793 1934 tam
825 1880 1073 1950 probum
1099 1879 1357 1949 aliquem
1384 1878 1752 1949 reperiri,ubi
1787 1893 1991 1932 omnes

344 1967 605 2038 corrupti
654 1972 859 2038 erant,
912 1968 1010 2022 ubi
1062 1967 1294 2022 nullum
1347 1969 1612 2022 exstabat
1658 1966 1993 2036 exemplum

340 2057 756 2128 aequitatis,est
778 2057 1169 2112 admiratione
1186 2073 1469 2127 perquam
1492 2056 1996 2126 dignum.»0lym-

341 2147 622 2218 piodorus
645 2146 864 2202 ibidem
889 2148 960 2201 ab
979 2148 1099 2200 Aus
1122 2163 1238 2201 uno
1262 2161 1330 2200 ex
1353 2145 1488 2201 liliis
1509 2146 1662 2200 Esau
1688 2145 1900 2199 dictam
1925 2144 1994 2197 il-

336 2237 456 2291 lam
488 2237 666 2291 tradit
705 2235 1028 2307 regionem,
1061 2251 1238 2304 quam
1271 2235 1368 2289 alii
1401 2235 1460 2288 in
1494 2235 1770 2301 Idumaea,
1803 2234 1901 2289 alii
1935 2234 1992 2288 in

337 2325 556 2379 ﬁnibus
582 2324 807 2379 Arabiae
831 2329 889 2380 et
912 2324 1178 2378 Idumaaaa
1205 2324 1509 2380 collocant.
1539 2324 1996 2393 S.Hieronymus

334 2413 479 2486 apud
525 2415 822 2470 Ieremiam
867 2413 1044 2469 etiam
1075 2430 1201 2485 cap.
1231 2414 1542 2480 xxv,vertit
1573 2429 1636 2469 ζα
1670 2414 1737 2468 Ει
1765 2412 1994 2468 cunctis

337 2504 576 2574 regibus
608 2509 770 2559 terres
800 2502 1086 2558 Ausitidis
1111 2522 1124 2571 ;
1163 2526 1184 2552 ι
1229 2510 1286 2559 et
1315 2504 1459 2558 citat
1489 2520 1557 2558 ex
1591 2508 1750 2560 textu
1775 2502 1992 2570 Graeco,

337 2615 365 2643 «
400 2592 582 2648 Homo
617 2592 860 2663 quidam
891 2596 1016 2646 erat
1043 2591 1102 2646 in
1126 2592 1361 2663 regione
1390 2592 1697 2659 Ausitidis,
1724 2609 1854 2664 quae
1885 2591 1993 2646 He-

340 2681 537 2736 braice
585 2681 920 2752 appellatur
972 2682 1129 2749 llus;
1163 2689 1220 2736 et
1252 2685 1446 2737 tamen
1491 2682 1796 2737 sciendum
1838 2671 1996 2736 hunc

341 2770 702 2825 versiculum
723 2771 877 2842 apud
897 2770 1050 2824 LXX
1071 2787 1184 2824 non
1213 2770 1478 2825 haberi.»
1501 2771 1714 2826 Eodem
1741 2771 1911 2825 modo
1934 2770 1996 2824 in

340 2858 592 2931 Vulgata
617 2859 985 2914 Ramathaim
1010 2859 1247 2930 Sophim
1274 2860 1559 2930 scriptum
1583 2865 1673 2914 est
1695 2859 1715 2913 1
1743 2860 1878 2929 Reg.
1895 2861 1994 2928 1,1,

346 2948 452 3003 sed
485 2947 666 3002 Graeci
696 2948 969 3017 eﬂ'erunt,
995 2945 1043 3018 ἐξ
1078 2945 1394 3020 Ἀρμαθαίμ
1425 2946 1584 3024 Σιφά,
1622 2969 1650 2998 ‹‹
1681 2965 1748 3003 ex
1787 2950 1995 3002 Arma-

345 3037 534 3093 thaim
564 3037 763 3108 Sipha.
799 3057 823 3087 ν
852 3037 998 3092 Ibid.
1032 3036 1268 3110 ἄχρονον
1295 3042 1383 3092 est
1416 3057 1440 3088 α
1465 3037 1750 3108 temporis
1767 3053 1996 3107 expers,

339 3125 626 3197 temporis
661 3124 1189 3195 nescium,absque
1222 3129 1540 3195 tempore,»
1574 3141 1689 3179 non
1725 3131 1788 3180 ut
1817 3125 1993 3180 inter-

341 3231 497 3285 pres,
526 3236 553 3264 ‹‹
593 3213 749 3269 nullo
780 3218 1042 3284 tempore
1073 3215 1414 3271 obnoxium.
1446 3235 1476 3263 »

411 3303 532 3358 Col.
568 3305 674 3358 603
706 3308 748 3356 A
794 3305 879 3358 15.
913 3305 1050 3358 Nam
1079 3322 1112 3359 a
1142 3307 1390 3360 veritate.
1428 3305 1495 3358 Et
1545 3304 1789 3360 obscure
1834 3320 1996 3359 versa

339 3397 397 3447 et
419 3391 572 3448 male
611 3393 986 3463 interpuncta
1011 3391 1306 3463 periodus,
1332 3400 1585 3449 mentem
1620 3392 1874 3448 auctoris
1905 3409 1998 3448 oc-

339 3481 623 3537 cultabat.
649 3505 676 3532 «
711 3482 858 3537 Nam
883 3498 1057 3537 casus
1107 3501 1138 3538 a
1170 3483 1410 3538 veritate
1441 3484 1850 3546 mentis,visus
1876 3482 1994 3552 pri-

340 3571 494 3634 vatio
524 3575 578 3626 et
601 3572 834 3626 czecitas
855 3576 963 3627 est.
990 3593 1017 3621 »
1047 3572 1272 3628 Rursus
1294 3589 1398 3643 pro
1418 3569 1756 3643 τετύφλωται
1783 3572 1997 3643 legisse

338 3659 574 3714 videtur
619 3661 1063 3731 Trapezuntius,
1095 3665 1158 3716 ut
1198 3665 1325 3716 erat
1374 3662 1434 3715 in
1469 3663 1556 3728 H.,
1589 3660 1890 3738 τετύφωται
1919 3663 1996 3731 τῷ

343 3746 457 3799 δντι
497 3741 690 3817 μηδέν,
723 3748 812 3802 vel
861 3747 1189 3824 necpém,rac,
1223 3771 1251 3799 ‹‹
1285 3754 1340 3804 et
1370 3750 1573 3806 inﬂatu
1605 3751 1748 3806 nihil
1782 3749 1994 3806 intelli-

343 3837 449 3908 git,
475 3858 500 3884 ››
525 3841 588 3914 et,
611 3835 785 3907 paulo
816 3842 948 3908 post
969 3854 1072 3908 pro
1111 3856 1132 3886 ι
1166 3837 1225 3892 in
1257 3854 1436 3893 sensu
1478 3839 1872 3910 phrenetico»
1907 3857 1998 3895 re-

343 3926 652 3996 posuimus
681 3947 704 3976 a
725 3926 785 3980 in
805 3927 1021 3982 mentis
1044 3943 1146 3998 per
1163 3926 1554 3998 phrenitidem
1574 3929 1916 3983 emotionezn
1945 3925 1999 3980 ἐν

343 4013 584 4067 ἐκστάσει
619 4017 1049 4090 φρενιτικῇ,ῐιοῐ1
1085 4013 1353 4084 αἰσθήσει.
1387 4015 1496 4070 Alii
1530 4016 1732 4072 dicunt
1759 4040 1786 4066 «
1819 4017 1999 4072 furio-

343 4105 448 4169 sis,
477 4121 608 4159 cum
643 4105 794 4175 apud
832 4120 894 4159 se
928 4121 1042 4160 non
1075 4109 1236 4160 sunt.
1273 4126 1300 4154 »

415 4211 563 4265 Ibid.
590 4215 629 4263 C
657 4212 710 4265 8.
746 4212 785 4265 A
816 4211 1230 4283 quaestionibus.
1262 4212 1585 4268 Restitutus
1608 4219 1697 4269 est
1716 4214 1810 4269 hic
1835 4213 2000 4270 locus

343 4316 414 4354 ex
448 4299 628 4371 Regio
661 4316 771 4355 ms.
800 4301 890 4369 H.,
915 4317 1049 4356 cum
1083 4307 1258 4357 antea
1277 4319 1583 4374 perperam
1606 4303 1665 4358 in
1688 4302 1910 4359 Veneta
1941 4310 1999 4360 et

345 4387 654 4444 Basiliensi
688 4395 846 4444 esset
871 4385 904 4441 ἃ
933 4393 1041 4442 τῶν
1070 4393 1290 4464 γραφῶν
1327 4387 1501 4446 οὐδέν.
1535 4393 1614 4447 Ex
1645 4409 1760 4464 quo
1791 4393 2002 4449 extulit

345 4477 861 4549 Cornariuscquae
904 4477 1050 4533 nihil
1096 4479 1316 4534 absunt
1363 4480 1436 4535 ab
1467 4480 1539 4535 iis
1580 4481 1837 4554 scriptis,
1871 4499 1998 4554 qua:

2108 1862 2198 1916 nis
2214 1866 2423 1915 natura
2437 1860 2693 1914 motibus
2718 1859 2930 1913 mentis
2949 1859 3076 1913 sine
3092 1862 3356 1928 tempore
3380 1856 3760 1912 constituta.»

2177 1967 2295 2021 Col.
2329 1969 2434 2020 (306
2471 1968 2532 2021 Ο.
2578 1967 3041 2036 Respo-ndeamus.
3096 1965 3375 2020 Mendum
3407 1963 3762 2019 sustulimus

2104 2059 2380 2115 editionis
2416 2057 2810 2122 Basiliens.,in
2845 2074 2960 2128 qua
2992 2056 3299 2127 legebatur
3327 2051 3759 2124 ἀποκλινόμεθα,

2103 2149 2162 2202 in
2187 2148 2406 2203 Neneta
2425 2163 2558 2202 vero
2582 2145 3010 2221 ἀποκρινόμεοα,
3038 2167 3062 2197 α
3089 2145 3573 2216 respondemusu
3601 2143 3760 2197 idem

2101 2238 2449 2308 Stephanaea
2479 2240 2535 2290 et
2565 2235 2904 2303 Cornarius,
2939 2235 3040 2288 sed
3075 2233 3140 2288 H.
3177 2250 3290 2287 ms.
3326 2237 3390 2287 ut
3441 2231 3757 2286 edidimus.

2105 2325 2531 2396 'l‘rapezuntius
2592 2325 2825 2379 videtur
2873 2323 3235 2394 expressisse
3294 2319 3756 2393 ἀποκρινοῦμεθαο

2111 2435 2133 2467 α
2168 2414 2672 2486 Respondebimus
2703 2429 2862 2482 ergo,
2896 2411 3014 2467 imo
3047 2411 3323 2481 quoniam
3358 2427 3474 2465 non
3497 2413 3760 2478 est,erat,

2105 2520 2220 2558 non
2254 2503 2601 2558 innascibile
2639 2503 2881 2569 habens,
2917 2502 3073 2572 quod
3122 2505 3248 2556 est:
3283 2515 3387 2555 ens
3436 2515 3570 2554 vero
3601 2514 3757 2554 sem-

2105 2610 2208 2665 per
2236 2598 2293 2648 et
2323 2593 2705 2648 coexsistens.
2740 2612 2769 2641 »

2175 2681 2295 2736 Col.
2341 2682 2445 2735 607
2481 2681 2521 2736 B
2575 2681 2626 2736 4.
2670 2681 2889 2750 Quoque
2940 2681 3233 2734 rationem.
3285 2677 3643 2733 Addidimus
3691 2693 3761 2732 ex

2108 2773 2358 2826 ms.H.et
2387 2768 2816 2840 Ewozav,quam
2847 2769 3276 2840 Trapezuntius
3297 2789 3322 2819 α
3353 2767 3704 2823 sententiam
3731 2789 3759 2815 »

2106 2865 2448 2926 verterat,et
2477 2859 2790 2914 Cornarius
2820 2882 2848 2908 «
2885 2859 3207 2924 notionem,
3242 2880 3270 2908 »
3297 2858 3453 2929 quod
3479 2858 3759 2912 Venetam

2108 2951 2354 3005 fortasse
2386 2954 2595 3004 nactus
2618 2953 2776 3003 esset
2804 2947 3495 3018 editionem.Stephanaea
3517 2947 3655 3001 item
3681 2941 3759 2997 ἔν-

2103 3056 2251 3090 νοιαν
2285 3038 2457 3092 vertit
2484 3060 2511 3086 «
2545 3036 3022 3108 cogitationem.»
3047 3037 3125 3090 Ex
3147 3036 3351 3090 eodem
3386 3034 3760 3105 ms.scripsi-

2107 3143 2240 3180 mus
2272 3127 2677 3196 ἑπιζητῶν,ρτο
2705 3125 3011 3195 ὑποζητῶν,
3031 3129 3087 3179 et
3116 3124 3308 3179 locum
3344 3125 3414 3178 ab
3439 3124 3760 3194 interprete

2107 3215 2441 3271 mutilatum
2475 3215 2736 3286 pristinae
2769 3213 3090 3285 integritati
3118 3213 3752 3268 restituimusztantum

2102 3304 2258 3359 enim
2292 3305 2611 3375 scripserat
2635 3323 2651 3360 :
2673 3326 2701 3353 «
2731 3305 2840 3358 Sed
2865 3319 2970 3357 cur
3001 3301 3335 3357 amentibus
3357 3300 3758 3357 contradicen-

2103 3396 2242 3449 dum
2277 3393 2519 3449 est?ve1
2541 3394 2590 3448 si
2621 3393 2692 3448 ad
2717 3392 2940 3462 aliquid
2975 3407 3177 3447 eorum
3211 3407 3341 3462 qua)
3371 3394 3564 3446 sunt.»
3590 3389 3758 3445 Simi-

2103 3483 2176 3539 lis
2208 3483 2371 3539 locus
2402 3481 2720 3554 praeessit.

2176 3591 2297 3646 Col.
2329 3590 2435 3644 610
2464 3591 2502 3645 C
2531 3590 2585 3643 8.
2623 3589 2862 3646 Umisti.
2899 3583 3123 3656 Στήλην
3157 3587 3357 3643 Latine
3390 3589 3761 3658 expresserat

2106 3680 2394 3750 interpres
2444 3699 2474 3731 «
2506 3679 2784 3751 lapidem,
2820 3698 2845 3728 ν
2879 3695 2987 3734 nec
3035 3676 3205 3732 aliter
3244 3678 3408 3746 Beza,
3441 3675 3539 3747 qui
3567 3675 3658 3731 vel
3692 3691 3762 3730 ex

2108 3774 2434 3841 symmysta
2480 3785 2587 3823 suo
2623 3769 2791 3822 Henr.
2827 3766 3121 3838 Stephano
3167 3765 3392 3821 discere
3423 3764 3613 3837 potuit
3641 3781 3755 3819 non

2109 3858 2375 3931 quemvis
2396 3858 2644 3929 lapidem
2670 3873 2798 3913 esse
2813 3853 3153 3927 στήλην,εθ(1
3173 3853 3425 3926 lapidem
3438 3853 3757 3924 titularem,

2107 3947 2192 4004 vel
2226 3947 2380 4015 signi
2409 3947 2594 4016 gratia
2619 3945 2992 4016 erectum,vel
3025 3950 3177 4001 certe
3207 3943 3569 4009 columnam,
3605 3943 3760 3998 unde

2108 4038 2262 4108 apud
2319 4036 2630 4091 historicos
2685 4031 2996 4109 Ἡράκλειοι
3053 4031 3248 4101 στῆλαι
3296 4039 3436 4089 sunt
3475 4032 3761 4089 columna;

2110 4125 2394 4190 Herculis,
2422 4130 2478 4180 et
2509 4122 2718 4192 στήλην
2774 4121 3090 4198 ἀναγράφειν
3126 4124 3336 4177 Budaao
3380 4126 3469 4178 est
3499 4122 3557 4176 in
3589 4121 3760 4192 cippo

2108 4214 2491 4287 proscribere.
2522 4214 2806 4269 Vaticana
2829 4237 2855 4262 ‹‹
2882 4213 3122 4268 titulum
3158 4234 3186 4261 »
3218 4211 3388 4267 vertit
3421 4229 3434 4266 :
3460 4227 3562 4283 pro
3588 4211 3761 4282 cippo

2109 4304 2265 4358 enim
2308 4303 2584 4372 sumitur,
2616 4304 2676 4358 in
2717 4320 2832 4375 quo
2863 4302 2949 4358 vel
2985 4301 3392 4372 sepulcrorum
3424 4301 3761 4372 inscriptio-

2109 4411 2234 4462 nes,
2264 4394 2350 4449 vel
2404 4394 2684 4449 fmderum
2729 4391 3065 4447 testimonia
3095 4395 3152 4446 et
3199 4395 3584 4446 monumenta
3626 4407 3762 4462 per-

2111 4483 2540 4540 scribebantur.
2567 4482 2880 4537 Cornarius
2912 4485 3085 4550 recte,
3118 4485 3176 4535 et
3205 4480 3285 4535 ita
3317 4480 3758 4535 rescribendum

349 4567 421 4622 ad
457 4571 773 4638 utramque
805 4573 1031 4639 partem
1076 4568 1486 4641 scrupulosam
1528 4570 1866 4643 opinionem
1897 4573 2001 4627 ha-
2034 4557 2078 4620 D
2113 4573 2218 4628 hoc
2271 4573 2417 4643 loco,
2450 4595 2478 4623 α
2511 4572 2613 4644 qui
2663 4571 2907 4644 apparui
2957 4570 3067 4626 tibi
3112 4569 3170 4625 in
3226 4569 3353 4626 loco
3402 4571 3504 4626 ubi
3543 4569 3768 4625 unxisti

351 4657 543 4712 bent.»
573 4657 725 4712 Atin
768 4657 1134 4729 Stephanaaa,
1159 4653 1190 4710 ἂ
1219 4661 1324 4710 τῶν
1357 4663 1614 4732 γραπτῶν
1648 4657 1822 4718 οὐδέν.
1857 4662 2002 4720 Beza

349 4744 580 4812 vertit,¢
607 4761 733 4818 quas
757 4745 902 4801 nihil
921 4763 1160 4818 prorsus
1183 4747 1254 4802 ab
1277 4747 1350 4802 iis
1372 4750 1608 4820 scriptis
1628 4750 2001 4822 absunt,quzs

352 4833 414 4889 in
439 4835 722 4891 utramvis
744 4840 970 4907 partem
993 4835 1257 4907 accipere
1285 4836 1675 4908 periculosum
1696 4844 1843 4896 est.»
1867 4841 2004 4896 Tra-

352 4923 665 4994 pezuntius
691 4926 1026 4996 scripserat,
1062 4942 1193 4997 quae
1222 4926 1302 4981 nil
1336 4927 1407 4981 ab
1439 4927 1858 4986 insolubilibus
1899 4931 2005 4984 de-

351 5018 658 5081 sunt,cum
690 5015 763 5070 ad
813 5020 1124 5086 utramque
1171 5019 1400 5087 partem
1446 5017 1771 5088 periculum
1806 5025 2004 5076 osten-

352 5102 516 5158 dant.
546 5123 571 5153 n
603 5103 808 5176 Γρίπος
839 5108 896 5160 et
928 5103 1122 5181 γρίφος
1177 5105 1412 5176 proprie
1451 5112 1573 5162 rete
1605 5106 1695 5164 vel
1728 5126 2003 5179 sagenam

351 5195 542 5260 sonat,
578 5197 637 5248 et
668 5194 740 5248 ad
793 5195 1147 5265 quaestiones
1195 5193 1546 5252 conviviales
1580 5198 2002 5270 mnigmaticas,

353 5284 531 5351 atque
594 5283 664 5336 ad
717 5281 862 5339 alios
915 5301 1219 5340 sermones
1286 5284 1688 5357 aanigmaticos
1743 5289 2005 5344 extendi-

355 5379 469 5437 tur,
505 5374 681 5442 atque
731 5373 875 5427 adeo
920 5372 1190 5446 symbols
1237 5373 1367 5444 ipsa
1411 5374 1788 5447 Pythagorica
1835 5379 2006 5434 Athe-

359 5475 521 5514 naaus
565 5481 594 5509 «
628 5459 868 5533 griphos
902 5482 927 5513 ι
981 5461 1258 5534 appellat.
1307 5461 1510 5517 Pollux
1547 5462 1650 5520 lib.
1702 5483 1775 5532 v1,
1826 5483 1873 5522 c.
1919 5467 2005 5533 19,

357 5551 479 5602 Τῶν
524 5544 706 5620 μέντοι
749 5554 1097 5623 συμποτικῶν
1148 5549 1369 5626 αἴνιγμα
1412 5551 1501 5604 καὶ
1530 5551 1748 5626 γρίφος·
1795 5553 1857 5608 τὸ
1911 5555 2005 5628 μὲν

364 5633 584 5694 παιδιὰν
637 5636 805 5716 εἶχεν,
857 5640 884 5694 ὁ
935 5635 991 5694 δὲ
1033 5638 1225 5716 γρίφος
1269 5638 1360 5694 καὶ
1401 5637 1664 5715 σπουδήν,
1711 5643 1800 5698 καὶ
1851 5644 1878 5698 ὁ
1913 5644 2008 5716 μὶν

2114 4661 2255 4716 mihi
2291 4660 2650 4716 columnam.
2677 4681 2702 4709 »
2727 4664 2842 4716 Nec
2873 4659 2955 4713 ita
2985 4657 3170 4713 multo
3205 4663 3339 4729 post
3364 4660 3484 4717 τοῖς
3507 4652 3646 4724 οὖσι,
3671 4654 3764 4709 καὶ

2111 4754 2345 4810 πιστοῖς.
2379 4751 2802 4804 Admonendus
2833 4753 2924 4804 est
2953 4747 3136 4803 lector
3165 4746 3758 4818 nunc,Ephesior.I,l,

2115 4841 2267 4911 apud
2325 4839 2660 4910 Apostolum
2712 4838 2848 4910 legi,
2906 4841 3030 4896 Τοῖς
3082 4835 3256 4909 ἁγίοις
3325 4840 3442 4895 τοῖς
3502 4834 3648 4887 οὖσιν
3707 4831 3759 4886 ἐν

2112 4929 2346 5006 Ἐφέσῳ,
2405 4928 2493 4981 καὶ
2551 4930 2766 4988 πιστοῖς
2825 4925 2876 4980 ἐν
2924 4926 3161 5001 Χριστῷ.
3222 4925 3436 4980 Sanctis
3493 4926 3590 4996 qui
3629 4927 3767 4978 sunt

2115 5019 2390 5091 Ephesiet
2421 5017 2677 5088 ﬁdelibus
2699 5019 2758 5072 in
2791 5017 3020 5072 Christo.
3043 5015 3241 5070 Alium
3276 5016 3523 5070 fortasse
3553 5017 3762 5069 nactus

2115 5114 2202 5165 est
2234 5108 2491 5163 codicem
2528 5107 2792 5177 Basilius,
2830 5125 2861 5161 a
2894 5124 3007 5176 quo
3046 5105 3287 5160 aberant
3318 5104 3416 5157 illa
3448 5101 3498 5155 ἐν
3531 5102 3759 5178 Ἐφέσῳ.

2117 5198 2618 5270 quemadmodum
2671 5202 2728 5251 et
2779 5201 2979 5250 auctor
3025 5193 3287 5264 Vulgatae
3335 5195 3509 5248 vertit
3546 5192 3765 5248 ibidem

2117 5309 2146 5337 «
2176 5287 2452 5342 omnibus
2477 5286 2759 5355 sanctis,»
2783 5285 2937 5356 quod
2960 5283 3019 5338 in
3043 5285 3236 5338 Graeco
3259 5283 3508 5338 fortasse
3529 5281 3769 5353 legisset

2115 5374 2244 5430 πᾶσι
2286 5379 2399 5434 τοῖς
2448 5373 2647 5447 ἁγίοις·
2693 5374 3072 5444 quamobrem
3119 5373 3301 5428 miror
3349 5371 3620 5443 equidem
3661 5387 3767 5426 au-

2116 5465 2364 5531 daciam,
2400 5465 2486 5520 vel
2520 5464 2712 5535 potius
2745 5462 3172 5533 impudentiam
3206 5466 3384 5530 Bezae,
3417 5461 3515 5532 qni
3542 5475 3765 5516 meram

2118 5560 2174 5611 et
2204 5555 2439 5609 inanem
2471 5553 2763 5626 argutiam
2796 5567 2925 5607 esse
2969 5551 3130 5622 dicit,
3164 5567 3292 5622 quas
3324 5569 3357 5607 a
3388 5549 3764 5607 sanctissimo

2121 5647 2291 5701 Patre
2309 5646 2418 5701 hoc
2440 5643 2564 5700 loco
2581 5640 3098 5716 proferuntur-Sed
3117 5640 3397 5698 nimirum
3413 5642 3494 5696 ita
3514 5640 3767 5710 majores
