4156 6370
400 324 559 387 1043
1594 320 1831 383 ΝΟΤιΕ
1874 319 2093 380 FRON'

2208 318 2325 379 NlS
2371 318 2628 381 DUCIEI
3666 328 3828 388 1044

405 475 548 517 suos
578 459 896 518 tradidisse
924 459 1153 517 addidit
1181 459 1449 516 Ecclesiae
1479 458 1683 513 doctor
1698 454 1973 523 Basilius,
2006 456 2064 510 et
2091 514 2093 521 ,

2209 453 2521 510 oncinnius
2550 454 2664 527 legi
2696 455 2952 529 comperi
2985 454 3357 513 ἀναλλοίωτον
3391 458 3571 514 οὐσίαν
3601 480 3834 536 παρατι-

409 549 492 606 ita
522 566 585 606 se
617 550 678 605 in
708 550 960 608 vetustis
1004 549 1437 622 exemplaribus
1485 546 1841 619 comperisse
1870 561 1884 599 :
1920 561 2062 615 quo-
2173 540 2339 611 Οὲναι,
2374 565 2403 594 ‹‹
2436 560 2552 599 non
2602 545 2856 617 credere,
2911 562 3100 619 neque
3154 565 3287 605 cum
3319 549 3477 607 ﬂuxa
3506 554 3741 618 natura,
3773 555 3838 608 et

409 638 564 695 circa
595 639 795 696 mirari
823 640 1025 696 desino
1055 640 1201 695 istos
1243 641 1351 691 τῶν
1380 632 1752 711 παραδόσεων,
1796 634 2060 690 traditic-
2171 631 2500 689 innumeris
2534 634 2783 691 obnoxia
2813 637 3266 709 mutationibus,
3306 639 3739 697 immutabilem
3776 646 3841 697 et

413 744 556 784 num
583 728 869 801 hostes,et
889 747 1169 785 novarum
1194 727 1542 805 religionum
1567 726 1915 783 architectos
1937 722 2062 778 ina-
2171 720 2576 778 invariabilem
2609 740 2968 797 comparare.
3000 746 3029 778 ι

415 834 518 875 nes
549 819 812 892 argutias
860 824 1095 891 accepta
1124 836 1158 875 a
1189 818 1461 874 Patribus
1507 816 1784 889 dogmata
1826 829 2062 870 nuncu-

416 924 572 980 pare.

485 996 605 1054 Col.
664 998 770 1053 615
825 998 867 1053 C
913 999 966 1053 6.
1018 999 1128 1067 Qui
1175 997 1541 1054 commodius.
1607 996 1693 1050 Ita
1743 992 2063 1049 maluimus

414 1102 547 1141 cum
593 1086 869 1143 Cornario
917 1093 1164 1158 vertere,
1217 1103 1393 1159 quam
1442 1103 1574 1142 cum
1625 1082 2011 1155 Trapezuntio
2049 1125 2064 1149 ,

416 1192 441 1226 α
477 1172 580 1245 qui
612 1173 824 1231 melius
865 1175 1211 1232 Hebraicam
1261 1175 1522 1248 linguam
1553 1175 1887 1239 tenuerunt,
1912 1190 1936 1223 ν
1967 1174 2068 1227 aut

412 1279 549 1319 eum
602 1263 773 1333 Beza,
799 1286 824 1317 α
856 1264 1276 1322 Hebraicarum
1314 1281 1523 1321 vocum
1577 1260 2066 1335 signiﬁcationem

416 1352 675 1424 adeptos.
704 1373 729 1405 υ
774 1354 1055 1426 Designat
1102 1356 1258 1411 enim
1304 1353 1576 1426 Aquilam
1609 1352 1936 1419 Ponticum,
1970 1350 2066 1406 cui

2244 829 2361 885 Col.
2402 832 2661 888 621A2.
2716 830 2935 907 βώλους
2986 830 3204 909 δρόσου,
3250 838 3445 910 glebas
3486 841 3648 910 roris,
3683 839 3840 913 legi-

2174 935 2307 974 mus
2356 920 2427 984 in_
2464 921 2718 978 editione
2762 923 3065 996 Stephani,
3103 943 3209 981 nec
3262 926 3431 982 aliter
3480 928 3539 984 in
3574 946 3686 985 ms.
3722 946 3838 987 suo

2174 1008 2625 1080 Trapezuntius,
2672 1027 2857 1083 eaque
2905 1012 3076 1070 lectio
3126 1016 3510 1072 conﬁrmatur
3557 1018 3840 1075 editionis

2176 1097 2452 1155 Romana:
2484 1101 2833 1157 auctoritate
2879 1103 3035 1175 apud
3067 1105 3227 1174 LXX,
3249 1109 3305 1162 et
3337 1105 3739 1179 Olympiodori
3775 1108 3835 1164 in

2175 1190 2388 1243 Catena
2416 1188 2649 1261 Nicetis,
2677 1190 2772 1262 qui
2809 1188 3025 1265 βώλους
3066 1189 3262 1266 δρόσου
3293 1197 3531 1269 exponit
3557 1197 3835 1265 τουτέστι,

2175 1276 2271 1338 τὰς
2304 1278 2605 1351 συστάσεις,
2639 1303 2666 1330 ‹‹
2699 1278 2810 1336 hoc
2840 1285 2947 1350 est,
2996 1285 3398 1341 concretiones
3436 1304 3450 1342 :
3498 1308 3525 1336 »
3577 1292 3636 1343 at
3679 1288 3838 1345 Basi-

2174 1365 2381 1422 liensis
2411 1368 2589 1422 editio
2614 1368 2810 1425 Basilii
2844 1366 3045 1444 βόλους
3075 1368 3273 1446 δρόσου
3304 1372 3536 1442 habuit,
3557 1377 3834 1446 quemad-

415 1441 626 1497 tribuit
675 1442 825 1537 hanc
871 1443 1106 1500 laudem
1137 1448 1192 1499 S.
1215 1444 1637 1537 hieronymus,
1679 1441 2067 1537 quodqver-bo-
2179 1457 2422 1513 modum
2453 1461 2511 1513 et
2542 1458 2757 1530 Regius
2792 1441 2881 1528 Ηξ,
2917 1461 3073 1516 unde
3103 1441 3415 1518 Cornarius
3446 1441 3678 1529 vertit,«
3700 1469 3833 1537 gut-

420 1547 552 1587 rum
595 1533 1012 1604 proprietatem
1074 1533 1328 1590 maxime
1382 1533 1757 1606 expresserit,
1802 1535 1867 1587 ut
1896 1531 2065 1603 epist.

2208 1564 2267 1600 as
2296 1546 2465 1617 roris,
2501 1566 2524 1598 ι)
2563 1552 2737 1619 atque
2771 1548 2909 1605 huic
2940 1550 3177 1606 lectioni
3209 1552 3615 1624 suffragantur
3651 1531 3841 1610 Biblia

423 1620 516 1676 101
570 1621 641 1676 ad
667 1621 1043 1713 AMarcellam,
1072 1622 1348 1695 «Aquila,
1396 1628 1591 1713 autem
1641 1620 1972 1713 proselytus
2016 1623 2073 1713 et
2181 1635 2550 1692 Plantiniana
2581 1654 2663 1713 ex,
2697 1638 3219 1711 Complutensibus
3251 1620 3551 1713 expressa,
3584 1646 3640 1698 et
3671 1643 3841 1699 Basi-

423 1710 826 1767 contentiosus
870 1711 1180 1784 interpres,
1232 1713 1331 1785 qui
1364 1729 1479 1769 non
1512 1711 1703 1768 solum
1742 1711 1936 1781 verba,
1970 1710 2068 1766 sed

2208 1724 2409 1792 iensia,
2444 1724 2579 1781 licet
2609 1727 2669 1782 in
2716 1727 2808 1783 his
2851 1746 3157 1801 perperam
3189 1747 3425 1787 versum
3459 1732 3555 1799 sit,
3593 1732 3844 1803 «jactus

421 1800 803 1873 etymologiae
835 1817 1066 1873 quoque
1101 1802 1414 1858 verborum
1458 1803 1775 1858 transferre
1823 1804 2067 1857 conatus

2208 1815 2387 1869 oris.»
2403 1815 2657 1887 Vulgata
2688 1800 2895 1874 Lexica
2921 1815 3121 1893 βόλους
3143 1815 3339 1894 δρόσου
3361 1800 3661 1893 exponunt
3681 1823 3841 1894 apud

422 1894 533 1946 est.
563 1907 596 1942 ιι
626 1889 695 1945 Et
724 1889 894 1961 epist.
943 1891 1048 1946 139
1081 1907 1095 1949 :
1132 1912 1157 1944 «
1202 1891 1433 1964 Aquila,
1468 1892 1567 1963 qui
1599 1892 1910 1947 verborum
1952 1890 2067 1946 He-

2208 1904 2613 1959 iazianzenum
2651 1927 2678 1956 «
2710 1889 2929 1962 stillas
2954 1910 3127 1974 roris,
3150 1889 3185 1960 ››’
3218 1914 3281 1965 ut
3328 1910 3605 1967 admonet
3634 1916 3846 1968 auctor

420 1979 709 2073 διάῗονυω
740 1978 1586 2073 ἀίιξεθηιίεείωιιε,θεριίοαιρτ
1615 1985 1724 2037 θεῖο
1746 1980 2070 2073 »Εξίξικιικ
2180 1992 2357 2050 Graeci
2392 1994 2673 2061 Thesauri,
2703 1996 2802 2067 qui
2849 1995 3013 2053 locus
3054 2002 3144 2054 est
3173 2000 3433 2056 oratione
3463 2000 3553 2069 34,
3587 2018 3715 2073 quas
3747 2005 3845 2058 est

421 2067 790 2163 laniavera-
823 2069 952 2163 6:__«
987 2070 1065 2125 De
1092 2068 1438 2163 Agu‘ilanon
1465 2070 1669 2163 miror.
1702 2070 1861 2163 quad
1892 2069 2067 2163 homo
2180 2084 2439 2139 secunda
2487 2084 2558 2139 de
2602 2084 2943 2157 Theologia,
2994 2104 3051 2159 p.
3100 2089 3229 2155 557,
3280 2090 3381 2145 ubi
3413 2090 3509 2146 hic
3541 2067 3681 2163 rip-se
3710 2092 3845 2148 Jobi

417 2156 860 2214 eruditissimus
889 2157 1102 2232 lingua
1134 2159 1470 2229 Hebraaaa,et
1503 2160 1767 2226 verbum,
1792 2161 1864 2215 de
1895 2160 2069 2215 verbo

2208 2189 2386 2228 'ersus
2417 2172 2476 2227 in
2510 2164 2769 2229 medium
2803 2174 3065 2247 affertur,
3091 2175 3228 2233 licet
3259 2178 3851 2236 doctissimusinter-

419 2247 813 2319 exprimens.»
837 2252 1000 2305 Hunc
1030 2254 1225 2306 autem
1249 2249 1444 2306 locum
1478 2250 1926 2305 Proverbiorum
1947 2265 2069 2318 vm,

2208 2278 2317 2318 II'BS
2352 2258 2567 2336 βώλους
2600 2262 2812 2336 legisse
2843 2265 3124 2333 videatur,
3160 2282 3293 2323 cum
3332 2290 3360 2318 «
3392 2267 3592 2339 glebas
3626 2269 3782 2325 roris
3822 2290 3847 2323 ι

420 2337 514 2404 22,
557 2336 640 2393 ita
684 2337 926 2395 vertisse
980 2339 1278 2412 Aquilam,
1328 2343 1394 2396 ut
1437 2339 1738 2412 scripserit
1786 2337 2070 2408 ἐκτήσατο,

2208 2351 2384 2420 'ertit;
2419 2352 2672 2423 denique
2718 2352 2972 2425 Vulgata
3015 2355 3219 2411 Latina
3267 2336 3441 2423 favet,
3492 2379 3522 2408 ‹‹
3573 2358 3659 2414 vel
3711 2361 3855 2431 quis

422 2426 685 2499 Ροδδεάίίν
728 2426 828 2482 “bi
872 2426 1015 2483 LXX
1044 2428 1315 2484 dixerunt
1348 2424 1556 2513 inlisi
1607 2429 1775 2484 docet
1821 2427 2072 2500 Epipha'
2184 2442 2390 2513 genuit
2433 2441 2625 2497 stillas
2674 2424 2870 2499 roris?
2901 2464 2929 2493 »
2961 2444 3245 2501 Caeterum
3274 2445 3366 2503 his
3392 2448 3590 2503 verbis
3624 2424 3855 2505 abusus

429 2514 564 2572 nius
610 2514 818 2572 hmresi
844 2517 935 2585 69,
977 2534 1032 2588 p.
1065 2518 1170 2572 320
1202 2533 1214 2572 :
1240 2516 1310 2570 Τὸ
1341 2512 1399 2569 δὲ
1429 2511 1718 2585 Ἐϐραῖκὸν
1760 2513 1869 2590 οὐχ
1899 2515 2074 2576 οὕτως

2208 2532 2371 2588 'uisse
2403 2533 2701 2603 quondam
2730 2532 2975 2590 Arianos
3009 2536 3292 2592 adversus
3321 2536 3656 2595 Catholicos
3690 2543 3852 2596 Con-

429 2600 547 2678 ἔχει
582 2645 596 2673 ,
651 2602 770 2659 ὅθεν
816 2601 1055 2666 Ἀκύλας
1114 2603 1257 2680 λέγει
1294 2622 1305 2636 ·
1362 2603 1565 2678 Κύριος
1620 2603 1883 2675 ἐκτήσατὸ
1961 2624 2026 2677 με
2059 2646 2071 2659 .

2208 2621 2596 2678 mbslantialis
2643 2622 2979 2679 defensores
3029 2629 3255 2681 constat
3305 2643 3373 2682 ex
3415 2629 3855 2685 Commentario

431 2692 541 2750 Ἀεὶ
597 2688 655 2747 δὶ
711 2693 764 2747 oi.
817 2697 1102 2769 γεννῶντες
1150 2690 1350 2755 παῖδας
1400 2691 1672 2770 λέγουσίν,
1725 2691 2073 2765 Ἐκτησάμήν

2208 2710 2425 2782 )rigeni
2445 2710 2664 2766 tributo
2695 2712 2754 2767 in
2781 2712 2913 2783 Job,
2947 2714 3047 2768 ubi
3082 2714 3200 2770 haec
3226 2715 3461 2771 recitari
3484 2716 3667 2788 jubet
3692 2720 3850 2790 apud

430 2782 567 2838 υἱόν.
600 2804 629 2834 ‹‹
663 2783 971 2840 Hebrmum
995 2788 1191 2841 autem
1224 2802 1340 2840 non
1371 2785 1457 2840 sic
1487 2784 1849 2854 babet,unde
1868 2783 2081 2856 Aquila

2208 2800 2656 2868 domousiastas,
2690 2801 2790 2856 sed
2824 2800 2948 2857 haec
2978 2806 3176 2859 tamen
3206 2803 3492 2861 vocabula
3513 2826 3539 2858 α
3564 2806 3715 2862 uteri
3738 2831 3766 2858 ››
3795 2812 3855 2863 et

429 2871 594 2940 dicit,
623 2873 885 2929 Dominus
917 2873 1159 2946 possedit
1203 2889 1289 2930 me
1322 2890 1335 2928 :
1369 2890 1603 2945 semper
1633 2878 1830 2930 autem
1863 2873 1946 2943 hi,
1980 2873 2080 2945 qui

2208 2912 2221 2938 ‹
2243 2897 2441 2961 partus
2475 2909 2498 2940 ι)
2534 2895 2687 2945 recte
2718 2891 2996 2948 admonet
3025 2893 3085 2947 in
3117 2891 3263 2949 Filio
3300 2911 3416 2951 non
3450 2896 3844 2952 communica—

434 2960 585 3057 βξξοε
630 2967 939 3057 εθηίθνλαιξξ,
973 2964 1208 3057 Δὰίίὲιηδν
1260 2963 1499 3057 Ροεδᾳθάξ
1528 2963 1618 3019 νθί
1666 2965 1915 3057 δάθρξυε
1946 2978 2080 3057 (ium
2193 2960 2415 3034 tionem
2477 2983 2534 3034 et
2580 2979 2912 3051 interitum,
2967 2982 3066 3036 sed
3119 2986 3474 3054 potestatem
3522 2984 3842 3057 signiﬁcare

431 3051 642 3109 ﬁlium-
677 3073 707 3104 ”
733 3051 1016 3125 Ιυιουίείι
1062 3053 1239 3109 Evam
1290 3052 1691 3125 POtiSSimum:
1745 3055 1915 3125 cuius
1959 3052 2083 3108 hac
2195 3067 2754 3140 generationemque
2786 3087 2992 3142 puram
3026 3075 3082 3126 et
3114 3051 3396 3128 mundam
3425 3093 3439 3143 ;
3473 3080 3531 3130 et
3560 3051 3626 3129 e'x
3642 3078 3846 3130 Severo

434 3148 574 3201 sunt
630 3144 828 3215 verba,
887 3146 1097 3202 Genes.
1161 3161 1237 3212 1v,
1298 3146 1349 3214 1,
1384 3144 1609 3201 Possedi
1665 3145 1941 3201 hominem
1984 3160 2086 3216 per

2208 3157 2257 3212 in
2307 3158 2510 3213 eadem
2559 3162 2806 3215 Catena:
2840 3158 3065 3234 Ἑτέρως
3125 3160 3228 3235 γάρ
3285 3182 3369 3223 τις
3431 3160 3588 3217 ὖετοῦ
3650 3160 3857 3237 πατὲρα

436 3236 626 3305 Deum,
659 3237 793 3307 post
813 3208 1187 3291 nativitatem
1218 3208 1360 3290 Cain
1393 3235 1637 3307 prolata,
1662 3251 1909 3307 quaeque
1930 3208 2087 3289 Basi-

2208 3208 2257 3212 “’”
2314 3208 2510 3213 ””“””““
2568 3208 2805 3215 ⁷”’““”““”“
2855 3208 3063 3234 ’“⁷Τ”“’
3139 3208 3223 3235 1⁷⁷1⁷
3298 3208 3368 3223 ”’“⁵
3434 3208 3585 3217 ⁷⁷⁷⁷⁷
3657 3208 3857 3237 ”’””Γ”

2208 3245 2333 3300 Οεὸν
2379 3245 2585 3311 ἀκούει,
2630 3246 2720 3301 καὶ
2774 3247 2970 3323 ἑτέρως
3027 3250 3178 3317 1”ι,ὖ,
3229 3250 3323 3306 καὶ
3368 3251 3565 3306 τούτου
3615 3253 3869 3326 Μονογε-

437 3325 556 3382 lius
587 3326 791 3398 ipsein
822 3325 939 3382 ﬁne
958 3327 1185 3399 paginae
1215 3326 1396 3398 hujus
1423 3326 1720 3395 aﬂ'ert,ubi
1740 3330 1831 3382 est
1849 3326 2093 3382 verbum

2208 3339 2348 3407 νοῦς,
2408 3331 2542 3411 ὅπερ
2598 3333 2823 3411 διορίζει
2863 3338 2954 3391 τὸν
3011 3339 3368 3413 μονοτρόπως
3421 3342 3744 3416 γεννηθέντα
3801 3340 3866 3395 ἐκ

440 3426 567 3504 mp
598 3417 756 3487 quod
787 3416 847 3471 in
877 3417 1081 3473 eodem
1112 3417 1557 3472 Proverbiorum
1589 3415 1716 3472 loco
1747 3420 2094 3488 usurpatur,

448 3510 505 3563 et
533 3506 712 3577 quod,
746 3510 812 3561 ut
841 3510 1003 3562 notat
1047 3506 1442 3578 Hieronymus
1485 3506 1545 3561 in
1575 3522 1704 3578 cap.
1737 3522 1792 3562 ιν
1822 3505 2096 3572 Μὶοιιωω,

449 3594 764 3666 signiﬁcat,
796 3594 1051 3665 possedit,
1090 3594 1180 3651 vel
1218 3595 1429 3653 habuit.
1478 3599 1711 3651 Tractat
1748 3595 1906 3650 hunc
1935 3610 2100 3649 eum-

2205 3424 2437 3500 Πατρὸς,
2496 3426 2585 3479 καὶ
2644 3427 2752 3502 οὐχ
2809 3427 2863 3480 αἱ
2920 3428 3233 3500 ὁμωνυμίαι
3290 3450 3503 3492 παντως
3547 3430 3645 3498 τήν
3695 3431 3859 3508 φύσιν

2205 3518 2313 3568 τῶν
2393 3514 2728 3590 πραγμάτων
2808 3514 3164 3592 συνάπτουσι,
3224 3518 3399 3582 καθὼς
3468 3517 3863 3591 ὀνομάζονται·

2212 3628 2239 3655 ‹‹
2272 3603 2454 3659 Aliter
2484 3606 2639 3660 enim
2672 3606 2855 3661 Deum
2888 3608 3097 3679 pluviae
3148 3614 3365 3681 patrem
3392 3626 3523 3665 esse
3554 3610 3865 3680 audimus,

452 3684 583 3740 dem
612 3683 807 3740 locum
836 3686 1152 3758 Gregorius
1183 3685 1483 3759 Nyssenus
1514 3685 1616 3741 lib.
1652 3702 1670 3739 ι
1700 3686 1961 3740 adversus
1990 3684 2101 3737 Eu-
2212 3693 2381 3749 aliter
2425 3694 2572 3765 Filii,
2624 3699 2681 3749 et
2728 3695 2908 3767 hujus
2959 3696 3197 3768 quidem
3246 3697 3560 3771 unigeniii,
3594 3697 3653 3753 id
3702 3700 3868 3771 quod

450 3774 724 3843 nomium,
758 3776 961 3846 pag.31i
992 3776 1132 3831 edit.
1172 3775 1416 3842 Morelli,
1441 3775 1597 3846 apud
1623 3790 1798 3845 quem
1831 3771 2101 3829 fortassis

449 3864 884 3921 emendandum
909 3861 1196 3934 ἐκτήσατο,
1229 3881 1334 3937 pro
1364 3861 1631 3932 ἐκτίσατο,
1666 3862 1802 3919 licet
1830 3862 1891 3917 in
1924 3861 2101 3934 Regio

450 3969 680 4027 quoque
706 3956 782 4012 H.
822 3953 906 4011 ita
935 3955 1223 4026 scriptum
1257 3953 1336 4011 sit
1364 3952 1521 4025 apud
1554 3950 1857 4008 Basilium.

518 4060 638 4117 Col.
669 4062 775 4118 618
804 4066 845 4120 Β
877 4063 962 4118 11.
997 4064 1265 4135 Quamvis
1309 4077 1411 4118 nec
1439 4060 1506 4116 ab
1543 4061 1699 4133 ipsis.
1732 4059 1838 4116 Ms.
1874 4060 1940 4115 H.
1973 4075 2101 4115 vcr-

451 4152 592 4207 bum
624 4151 946 4224 repetebat,
980 4153 1135 4223 quod
1169 4152 1516 4223 adjecimus,
1543 4145 1668 4203 οὐδὲ
1695 4151 1856 4203 τοῦτο
1885 4147 1946 4202 τὸ
1979 4168 2102 4202 συν-

453 4240 775 4318 εφάψασθαι,
808 4261 835 4294 α
858 4240 1130 4313 quamvis
1161 4256 1232 4296 ne
1256 4241 1363 4296 hoc
1384 4238 1874 4313 quidem,aliquid
1896 4243 2102 4295 contu-

447 4330 613 4400 lisse,
649 4352 677 4381 »
707 4330 798 4388 vel
837 4350 859 4380 α
888 4346 1124 4402 operam
1166 4346 1337 4386 suam
1390 4330 1729 4386 adhibuisse
1776 4328 1988 4384 Filium
2028 4328 2100 4384 ab

2212 3782 2426 3838 Filium
2457 3801 2489 3839 a
2522 3782 2688 3839 Patre
2719 3784 3278 3858 singulariquodam
3311 3786 3483 3843 modo
3513 3791 3866 3860 generatum

2211 3888 2339 3928 esse
2370 3872 2649 3944 declarat,
2684 3890 2874 3945 neque
2904 3891 3101 3930 rerum
3133 3877 3418 3944 omnium,
3451 3893 3579 3948 quas
3612 3875 3869 3933 nomini-

2211 3963 2322 4018 bus
2350 3962 2722 4034 COpulantur,
2754 3965 2958 4020 eadem
2991 3963 3142 4020 solet
3172 3981 3300 4021 esse
3333 3970 3564 4022 natura.
3602 3988 3623 4014 ι

2282 4069 2403 4127 Col.
2437 4071 2545 4125 627
2576 4071 2615 4126 A
2647 4071 2733 4126 12.
2777 4072 2913 4141 Quae
2962 4074 3201 4129 rationi.
3252 4072 3547 4145 Interpres
3579 4073 3873 4139 ediderat,

2213 4184 2241 4214 ι(
2276 4178 2403 4234 qua:
2434 4161 2745 4234 cogitando
2770 4162 3115 4219 verisimilia
3135 4168 3366 4236 putant,
3391 4162 3873 4236 praedicationem

2213 4250 2468 4323 Spiritus
2515 4250 2924 4307 incredibilem
2957 4251 3161 4307 dicunt
3193 4270 3257 4309 ε»
3295 4251 3354 4308 in
3387 4268 3641 4325 quorum
3672 4254 3873 4308 locum

2212 4339 2536 4396 substituto
2558 4345 2647 4396 est
2676 4340 3082 4413 interpretatio
3129 4340 3422 4411 Cornarii,
3453 4343 3552 4413 qui
3585 4338 3873 4405 ἀπειθοῦσι

451 4419 599 4492 ipsis
629 4420 994 4476 concedatur.
1030 4440 1059 4470 »
1091 4422 1233 4475 Item
1280 4418 1425 4474 illud
1477 4420 1631 4491 quod
1678 4418 1967 4490 sequitur,
2019 4417 2103 4472 sic
2211 4430 2384 4485 vertit
2413 4452 2441 4480 α
2487 4429 2662 4485 ﬁdem
2705 4446 2821 4485 non
2873 4429 3153 4487 adhibent
3184 4447 3197 4486 ε
3234 4452 3262 4481 »
3296 4447 3434 4486 nam
3484 4435 3542 4486 et
3590 4432 3871 4499 Budaeus,

453 4509 619 4565 effert
648 4509 807 4566 idem
854 4525 964 4566 ms.
1014 4509 1215 4580 codex,
1251 4507 1519 4584 ὑπουγρὸν
1551 4507 1655 4583 γὰρ
1705 4505 1862 4561 αὐτὸν
1890 4502 2093 4559 τέλειον

2215 4519 2425 4591 Ephes.
2483 4520 2539 4589 5,
2597 4521 2651 4588 6,
2726 4516 2875 4581 υἱοὺς
2943 4525 3042 4589 τῆς
3117 4516 3393 4582 ἀπειθείας
3446 4519 3872 4593 interpretatur

451 4595 805 4671 ὄνομάζουσι,
843 4622 865 4650 ι
901 4599 1195 4672 siquidem
1229 4600 1549 4672 perfectum
1580 4615 1714 4654 eum
1762 4596 2093 4652 ministrum

2213 4577 2356 4682 ﬁtios
2404 4577 2749 4681 difﬁdentiae,
2803 4577 2892 4666 vel
2950 4577 3405 4677 incredulitatis,
3462 4577 3640 4682 prou‘t
3693 4610 3880 4667 habet

450 4693 716 4745 vocant.»
741 4687 921 4746 Paulo
952 4689 1551 4762 postimmutavimus
1573 4687 1719 4743 illud
1745 4685 2103 4758 interpretis,
2212 4702 2465 4775 Vulgata
2495 4702 2724 4769 Latina,
2757 4700 2894 4759 licet
2922 4706 3068 4759 Beza
3102 4702 3268 4759 mam
3298 4724 3327 4753 α
3360 4702 3634 4760 homines
3664 4709 3876 4760 contu-

450 4781 571 4851 Ipse
616 4778 781 4851 dixit,
806 4782 857 4835 et
902 4782 1056 4852 facta
1089 4788 1240 4849 sunt,
1287 4780 1441 4851 quod
1496 4783 1552 4834 et
1605 4776 1824 4849 Regius
1884 4791 1994 4830 ms.
2050 4779 2093 4831 et

2216 4808 2473 4860 maces,»
2492 4795 2547 4846 et
2563 4795 2763 4848 tamen
2784 4789 3019 4845 ἀπειθεῖν
3045 4809 3148 4865 pro
3173 4814 3200 4842 ‹‹
3225 4792 3492 4849 difﬁdere
3511 4812 3535 4845 η
3562 4797 3620 4849 et
3642 4815 3671 4844 «
3692 4792 3878 4848 ﬁdem

455 4868 796 4926 Basiliensis
824 4886 939 4941 prie
972 4886 1037 4926 se
1067 4870 1285 4926 ferrent
1314 4866 1699 4940 ἐγεννήθησαν·
1734 4869 1795 4920 at
1823 4864 2105 4937 Stephani

454 4958 631 5015 editio
664 4958 937 5017 convenit
978 4975 1114 5015 cum
1162 4956 1531 5014 Psalmorum
1585 4958 1767 5025 textu,
1797 4952 1888 5007 καὶ
1918 4950 2104 5030 ἐγενή-

456 5060 643 5121 θησαν,
675 5050 878 5124 itaque
908 5048 1310 5118 scribendum,
1335 5051 1401 5103 ut
1430 5050 1519 5103 est
1559 5043 1788 5118 psalmo
1816 5060 1995 5116 xxxn,
2026 5044 2061 5097 9
2091 5060 2104 5099 :

457 5144 578 5212 Ipse
631 5139 795 5207 dixit,
851 5147 903 5196 et
956 5140 1107 5210 facta
1161 5142 1314 5193 sunt.
1376 5139 1678 5192 Postremo
1748 5135 2108 5191 correximus

458 5225 728 5301 θελήματι
766 5223 939 5301 μόνῳ,
971 5250 999 5279 ‹‹
1032 5227 1160 5285 sola
1187 5227 1485 5283 voluntate
1516 5228 1691 5293 creat,
1726 5246 1754 5275 »
1804 5242 1908 5297 pro
1942 5221 2106 5293 θελή-

462 5337 588 5389 ματι
626 5319 811 5392 μόνον,
846 5336 915 5375 ex
943 5320 1145 5375 eodem
1178 5333 1290 5374 m8.
1325 5316 1393 5372 H.

530 5425 647 5481 Col.
679 5427 786 5481 622
826 5426 885 5484 Ο.
920 5428 1043 5483 Νοη
1073 5426 1224 5482 enim
1252 5423 1626 5480 conveniebat.
1659 5422 1789 5477 Haec
1834 5424 1899 5476 ut
1952 5418 2109 5476 dilu-

460 5513 678 5570 cidiora
706 5519 924 5585 essent,
955 5533 989 5571 a
1018 5514 1190 5572 nobis
1238 5514 1319 5569 ita
1349 5516 1568 5569 mutata
1599 5516 1760 5581 sunt,
1803 5508 2111 5582 expunctis

460 5602 601 5675 illis,
637 5623 659 5653 α
693 5606 836 5660 Cum
862 5622 979 5661 non
1027 5608 1293 5677 oporteat
1322 5604 1520 5659 minus
1570 5598 2109 5674 impassibilitatem

462 5691 566 5749 Dei
596 5692 857 5768 credere.
885 5714 913 5743 »
944 5693 1057 5749 Sed
1089 5698 1147 5749 et
1173 5694 1437 5766 inspecto
1466 5706 1674 5748 rursus
1704 5688 1883 5762 Regio
1911 5687 2109 5745 codice

2216 4899 2332 4937 non
2385 4881 2596 4937 habere
2644 4904 2672 4931 »
2726 4883 3050 4954 praesertim
3093 4883 3148 4937 in
3187 4881 3606 4939 ecclesiasticis
3636 4882 3882 4953 scriptis

2216 4969 2374 5027 sumi
2397 4969 2465 5025 Η.
2490 4969 2821 5042 Stephanus
2852 4971 3356 5045 agnoscit.Potest
3376 4975 3575 5028 autem
3606 4970 3717 5027 hoc
3747 4969 3881 5027 loco

2216 5059 2373 5132 apud
2402 5057 2686 5116 Basilium
2714 5060 2862 5117 verti
2910 5076 3045 5116 cum
3095 5062 3301 5117 eodem
3346 5065 3515 5131 Beza,
3551 5082 3580 5112 »
3614 5060 3772 5132 quod
3805 5059 3888 5115 iis

2218 5166 2345 5221 quae
2397 5149 2621 5205 ratione
2672 5150 2919 5223 liquent,
2971 5150 3236 5208 obsecuti
3289 5151 3580 5223 praeconio
3622 5149 3891 5222 Spiritus

2218 5236 2408 5293 sancti
2440 5237 2849 5312 immorigeros
2882 5255 2945 5295 se
2977 5239 3258 5312 praebent.
3289 5261 3309 5289 ι
3344 5244 3490 5296 Nam
3524 5242 3581 5294 et
3611 5238 3694 5294 ait
3726 5248 3893 5311 Apo-

2218 5325 2406 5383 stolus
2432 5327 2503 5384 de
2550 5328 2933 5401 quibusdam,
2985 5329 3230 5385 Roman.
3262 5346 3329 5401 ιι,
3361 5329 3395 5383 8
3428 5347 3441 5384 :
3470 5327 3568 5381 Καὶ
3599 5328 3895 5391 ἀπειθοῦσι

2215 5418 2284 5490 τῇ
2316 5414 2565 5488 ἀληθείᾳ,
2600 5419 2699 5474 ubi
2748 5418 3022 5491 Vulgata,
3056 5420 3162 5488 Qui
3208 5436 3319 5477 non
3347 5421 3702 5492 acquiescant
3747 5421 3897 5476 veri-

2219 5509 2327 5563 tati
2360 5550 2373 5564 .
2401 5512 2459 5563 et
2490 5510 2559 5564 ad
2622 5508 2879 5579 Galatas,
2928 5526 3015 5578 III,
3050 5509 3103 5579 1,
3133 5506 3225 5572 Τίς
3272 5509 3409 5583 ὑμᾶς
3441 5503 3705 5579 ἐϐάσκηνε
3736 5503 3896 5579 ἀλή-

2216 5595 2444 5670 Οείᾳξμή
2496 5596 2816 5669 πείθεσθαι;
2853 5600 2986 5668 Quis
3035 5616 3126 5658 vos
3172 5601 3474 5673 fascinavit
3520 5600 3744 5656 veritati
3772 5615 3900 5657 non

2215 5688 2432 5745 obedire
2457 5687 2485 5743 ?
2511 5688 2699 5745 Locus
2748 5689 2913 5746 Isaias
2943 5693 3034 5746 est
3065 5706 3193 5763 cap.
3227 5706 3283 5760 ν,
3314 5690 3380 5747 21
3421 5704 3433 5746 :
3467 5686 3605 5746 Οὐαὶ
3638 5686 3691 5743 ot
3723 5707 3901 5743 συνε-
