4156 6394
400 368 557 428 1045

1480 368 1558 426 ΙΝ
1606 363 1885 427 LIBROS
1929 362 2237 429 CONTRA
2283 366 2735 431 EUNOMIUM.
2822 401 2827 409 -

3658 369 3814 433 1046

396 498 484 552 τοὶ
542 494 593 552 ἐν
654 497 888 564 ἑαυτοῖς,
949 492 1043 549 nati
1113 493 1343 549 ἐνώπιον
1418 493 1594 550 αὐτῶν
1670 492 2054 566 ἐπιστήμονες.

2174 496 2527 557 inducimur.
2554 521 2582 550 ››
2608 500 2770 565 Quod
2791 502 2990 555 autem
3022 499 3179 555 idem
3218 498 3534 556 Carnarius
3564 497 3727 556 addit
3755 500 3816 556 in

398 591 494 645 Hae
524 590 622 662 qui
648 594 782 644 sunt
823 588 1016 657 arguti
1053 587 1114 641 in
1166 588 1488 658 semetipsis,
1518 590 1571 643 et
1622 602 1811 642 coram
1856 588 2056 639 semet-

402 681 540 751 ipsis
568 682 822 735 scientes.
855 678 1000 733 Beza
1030 692 1338 748 perperam
1387 676 1507 731 haec
1567 676 1722 747 apud
1772 673 2056 731 Basiliam

399 768 459 824 in
491 770 750 826 secunda
808 783 1059 839 persona
1108 766 1291 834 effert,
1328 787 1358 816 «
1406 765 1501 821 Vae
1533 765 1717 833 vobis,
1751 764 1851 836 qui
1899 763 2053 836 apud

401 876 503 915 vos
533 859 809 931 sapitis.»
830 856 1155 914 Dicendum
1184 856 1343 913 enim
1376 856 1586 912 fuisset
1615 853 1843 908 ἐνώπιον
1880 854 2055 926 ὑμῶν,

403 965 518 1006 non
551 945 782 1002 ἐνώπιον
817 945 1017 1002 αὐτῶν.
1049 946 1230 1002 Paula
1267 949 1398 1017 post
1433 945 1648 1018 Regius
1688 946 1870 1002 codex
1898 944 2054 999 inse-

401 1039 568 1095 rebat
593 1037 644 1092 ἐν
675 1039 744 1111 τῇ
777 1036 926 1110 ἀρχῇ
953 1038 1052 1090 τοῦ
1084 1032 1353 1111 παρόντος
1389 1032 1585 1109 λόγου,
1618 1057 1645 1086 ι(
1680 1036 1737 1089 in
1771 1033 2056 1106 principio

396 1127 534 1185 libri
567 1127 771 1199 hujus,
806 1148 834 1177 »
867 1127 968 1183 sed
1021 1126 1138 1182 haec
1188 1124 1350 1181 olent
1399 1124 1716 1198 glossema,
1746 1125 1900 1195 quod
1940 1123 2055 1179 for-

398 1217 586 1274 tassis
617 1233 687 1272 ex
715 1215 981 1289 margine
1013 1215 1073 1270 in
1105 1219 1330 1270 textum
1373 1214 1627 1287 irrepsit.

472 1306 594 1363 Col.
622 1306 729 1361 634
778 1306 821 1361 Β
862 1306 914 1359 4.
950 1305 1132 1374 Quare
1183 1306 1353 1361 sicut.
1401 1305 1463 1360 In
1520 1321 1633 1360 ms.
1669 1303 1734 1359 H.
1770 1301 2055 1375 scriptum

401 1395 513 1451 fuit
541 1398 638 1449 τοῦ
671 1393 856 1472 φωτὸς
886 1390 1217 1467 μεταδόσεις,
1248 1410 1362 1465 quo
1413 1396 1580 1463 pacta
1639 1391 1853 1463 legisse
1900 1392 2057 1446 vide-

396 1489 496 1542 tur
549 1489 608 1542 et
656 1484 1108 1557 Trapezuntius,
1169 1500 1305 1539 cum
1364 1482 1450 1538 sic
1496 1481 1982 1553 interpretaretur
2041 1495 2055 1534 :

398 1596 427 1626 «
463 1577 651 1642 Quare
682 1575 838 1631 sicut
868 1590 1178 1645 nunquam
1217 1571 1320 1645 qui
1361 1576 1539 1627 natus
1559 1575 1667 1641 est,
1695 1568 2059 1626 innascibili-

394 1664 536 1721 tatis
557 1664 668 1720 erit
687 1644 1104 1736 particeps,sic
1129 1644 1433 1734 nunquam
1456 1661 1571 1733 ipsi
1588 1661 1658 1717 de
1680 1660 1810 1716 luce
1830 1660 2057 1715 trades:

400 1758 456 1810 et
484 1753 570 1810 ita
591 1754 919 1810 secundum
951 1757 1007 1808 te
1037 1751 1337 1825 Unigeniti
1397 1751 1733 1808 substantia
1761 1748 2062 1821 aequaliter

397 1843 468 1898 ab
489 1840 754 1914 ingenito
773 1845 830 1897 et
850 1858 883 1898 a
905 1840 1035 1897 luce
1057 1839 1322 1897 distabit.
1346 1860 1376 1891 ››
1398 1843 1469 1895 At
1493 1840 1752 1895 Joannes
1774 1838 2129 1940 omiseratB

384 1930 567 1999 illud,
592 1933 834 1993 νοεῖσθαι
862 1928 952 1983 καὶ
985 1928 1345 2001 ὀνομάζεσθαι
1373 1946 1385 1959 °
1422 1928 1643 2001 alioqui
1685 1927 1820 1983 ferri
1851 1930 2048 2000 posset

396 2020 573 2077 etiam
604 2019 728 2077 haec
758 2019 952 2087 lectio,
987 2013 1339 2091 μεταδώσεις·
1376 2040 1403 2068 ‹‹
1437 2018 1625 2090 Igitur
1668 2017 1844 2073 sicuti
1891 2033 2046 2071 nun-

399 2127 576 2182 quam
606 2109 657 2166 is
687 2108 788 2182 qui
819 2109 1054 2181 genitus
1084 2112 1195 2176 est,
1228 2106 1709 2164 innascibilitatis
1755 2107 2048 2179 particeps

402 2200 536 2268 erit,
560 2199 645 2256 sic
668 2214 972 2270 nunquam
998 2196 1083 2253 illi
1103 2197 1298 2254 lucem
1325 2196 1629 2270 imperties
1649 2201 1672 2253 Ρ
1696 2217 1726 2248 »
1757 2196 1877 2251 Hoc
1909 2199 2000 2251 est
2030 2211 2044 2249 :

400 2310 430 2340 κ
464 2305 769 2360 nunquam
799 2304 935 2345 eum
968 2287 1277 2360 praeditum
1313 2303 1441 2343 esse
1472 2286 1602 2342 luce
1633 2285 1960 2343 concedes?
1980 2305 2008 2335 »

471 2397 621 2453 Ibid.
655 2397 700 2452 D
729 2400 782 2451 2.
818 2396 1026 2465 Quibus
1051 2396 1185 2467 ipse.
1221 2396 1351 2451 Haec
1397 2399 1488 2451 est
1539 2394 1709 2450 lectio
1762 2392 2048 2449 Basilien-

400 2488 484 2544 sis
514 2486 792 2543 editionis
817 2504 830 2541 :
859 2490 919 2541 at
936 2484 1226 2556 interpres
1246 2483 1305 2539 in
1339 2483 1748 2556 apographum
1769 2481 2048 2539 incidisse

399 2578 648 2647 videtur,
666 2576 821 2648 quod
847 2591 981 2631 cum
1005 2574 1206 2630 codice
1227 2573 1402 2645 Regio
1424 2573 1802 2644 conSpirabat
1837 2589 1850 2629 :
1878 2571 2049 2632 Οὗτος

399 2665 452 2721 ἐν
483 2665 786 2741 πανουργίᾳ
811 2660 989 2720 δολῶν
1020 2662 1113 2717 τὸν
1163 2660 1331 2738 λόγον
1370 2660 1915 2738 περικεκαλυμμὲνος
1961 2659 2045 2715 τό·

401 2778 431 2807 ‹‹
464 2756 688 2822 Quibus
716 2755 844 2826 ipse
874 2771 976 2826 per
1005 2753 1270 2809 dolosam
1286 2754 1609 2809 versutiam
1634 2751 1925 2808 malitiose
1945 2768 2051 2808 suo

398 2845 689 2901 velamine
714 2843 1038 2900 orationem
1064 2842 1430 2898 occultans.»
1453 2838 1657 2896 Δολοῦν
1690 2838 1852 2915 λόγον
1884 2841 2048 2912 dixit,

403 2938 470 2990 ut
487 2933 783 2990 Lucianus
803 2928 1000 2987 δολοῦν
1030 2930 1122 2985 τὸν
1155 2930 1321 2997 οἶνον,
1355 2954 1382 2982 ‹‹
1406 2932 1610 2988 vinum
1636 2931 1996 2987 adulterare:
2015 2952 2041 2984 ι

404 3024 496 3081 vel
528 3023 724 3097 potius
754 3040 824 3079 ex
854 3023 982 3093 ipsa
1005 3020 1277 3094 Apostolo
1299 3021 1527 3089 didicit,
1543 3024 1591 3078 Il
1607 3021 1866 3077 Corinth.
1889 3036 1964 3090 ιν,
1984 3022 2047 3075 2:

365 3113 496 3181 ,Μή
556 3113 982 3186 περιπατοῦντες
1050 3108 1101 3163 ἐν
1161 3107 1486 3183 πανουργίᾳ,
1550 3106 1690 3181 μηδὲ
1764 3105 2051 3169 δολοῦντες

401 3201 495 3256 τὸν
545 3197 710 3277 λόγον
753 3203 850 3298 τοῖ’)
881 3202 1037 3253 Θεοῦ·
1069 3220 1097 3249 ‹‹
1130 3203 1259 3255 Non
1290 3197 1660 3255 ambulantes
1704 3198 1765 3253 in
1813 3196 2053 3264 astutia,
2087 3230 2131 3298 ε

403 3303 594 3361 neque
639 3288 1043 3345 adulterantes
1090 3288 1335 3343 verbum
1388 3288 1567 3344 Dei.»
1604 3287 2057 3360 Chrysostomus

404 3379 663 3451 exponit,
692 3380 934 3430 τοιοῦτοι
997 3371 1168 3444 ὄντες,
1222 3377 1330 3430 οἷοι
1391 3376 1713 3448 φαινόμεθα,
1757 3374 1846 3431 καὶ
1897 3371 2054 3429 οὐδὲν

403 3462 622 3543 ἔχοντες
651 3466 1124 3540 συνεσκιασμένον,
1156 3464 1247 3519 καὶ
1278 3464 1380 3519 οὐκ
1408 3463 1458 3519 ἐν
1485 3468 1564 3536 τῷ
1588 3463 1694 3538 βίῳ
1724 3463 1888 3536 μόνον
1927 3461 2057 3518 τού-

400 3576 505 3628 τῳ,
550 3552 697 3610 ἀλλά
739 3553 829 3609 καὶ
882 3552 933 3608 ἐν
985 3552 1133 3626 αὐτῷ
1185 3557 1267 3625 τῷ
1311 3551 1649 3628 κηρύγματι·
1687 3555 1856 3621 «Qui
1913 3553 2060 3610 tales

405 3663 637 3715 sumus,
670 3645 872 3716 quales
901 3645 1173 3701 videmur
1204 3661 1217 3698 :
1251 3660 1357 3700 nec
1388 3645 1711 3716 quidquam
1739 3661 1856 3700 non
1888 3643 2062 3700 modo

407 3735 469 3791 in
503 3735 622 3790 vita
659 3738 862 3790 nostra
891 3750 958 3789 ac
1005 3733 1294 3804 moribus,
1326 3734 1427 3790 sed
1471 3749 1578 3790 nec
1624 3733 1685 3789 in
1728 3733 1858 3806 ipsa
1903 3733 2066 3789 verbi

410 3823 591 3880 divini
645 3822 1057 3896 praedicatione
1114 3827 1338 3879 tectum
1396 3828 1574 3895 atque
1642 3824 2063 3880 adumbratam

407 3913 708 3970 habentes.
743 3934 771 3962 »
806 3912 1101 3968 Postrema
1133 3912 1462 3968 notandum
1514 3911 1576 3968 in
1632 3912 1890 3968 editione
1937 3914 2064 3968 Ste-

408 4002 589 4074 phani
609 4000 882 4058 mutilam
904 4018 1033 4059 esse
1052 4001 1206 4057 hanc
1234 4000 1623 4071 sententiam;
1646 4005 1877 4057 tantum
1908 4001 2064 4057 enim

409 4096 519 4162 est,
552 4089 604 4145 ἐν
627 4087 928 4166 πανουργίᾳ
964 4093 1072 4144 τῶν
1105 4086 1287 4164 λόγων
1317 4088 1796 4165 ἀποκρυψάμενος.

483 4197 602 4253 Col.
630 4198 735 4252 638
771 4199 810 4253 C
844 4199 928 4252 11.
953 4196 1057 4253 Sed
1086 4196 1382 4253 evidentia.
1412 4199 1600 4262 Quam
1650 4196 2069 4253 addideramus

412 4288 473 4342 in
504 4286 770 4359 margine
801 4287 1298 4356 emendationem,
1332 4288 1392 4342 in
1425 4290 1654 4343 textum
1682 4304 1798 4343 nan
1829 4286 2071 4343 admisit

409 4376 812 4450 typagraphus
844 4393 859 4431 :
893 4376 979 4433 sic
1008 4375 1165 4433 enim
1199 4380 1290 4432 est
1319 4377 1375 4432 in
1398 4376 1489 4445 H.,
1512 4378 1582 4450 τῇ
1614 4374 1851 4452 ἐνεργείᾳ
1881 4372 1939 4430 δὶ
1961 4378 2066 4430 τῶν

408 4463 826 4540 γνωρισμάτων,
866 4486 895 4517 ‹‹
920 4466 1214 4522 evidentia
1246 4465 1620 4522 indiciorum.
1646 4488 1675 4516 ››
1694 4471 1795 4523 Est
1814 4467 1973 4524 enim
2003 4484 2071 4523 ea

410 4555 649 4629 propria
675 4554 1202 4625 lausindiciorum,
1222 4559 1288 4610 ut
1310 4556 1623 4612 manifesta
1653 4557 1774 4613 sint
1801 4561 1858 4613 et
1889 4556 2065 4613 clara.

414 4608 1001 4717 assistam
1016 4608 1219 4717 iaces,
1232 4608 2000 4718 ‘sng‘iiass‘masg'
2013 4608 2071 4704 ξι
2098 4608 2148 4670 θ

413 4734 772 4807 Stephanum
803 4733 942 4791 edit.
976 4752 1032 4807 p.
1063 4734 1195 4803 443,
1221 4750 1290 4790 ex
1338 4751 1456 4806 qua
1499 4735 1665 4804 Beza,
1699 4758 1729 4787 «
1775 4736 2073 4793 mentibus

415 4824 635 4881 nostris
652 4823 958 4881 nationum
982 4823 1324 4880 efﬁcacitate
1345 4822 1529 4881 illata.
1552 4847 1581 4875 »
1609 4826 1719 4882 Sed
1752 4830 1811 4883 et
1842 4826 2074 4882 videtur

416 4911 655 4989 ἐνεργείᾳ
684 4913 881 4987 potius
923 4913 1141 4986 legisse
1192 4914 1253 4970 in
1303 4915 1705 4988 manuscripto
1736 4916 2069 4989 Trapezun-

413 5004 554 5074 tius,
585 5005 688 5076 qui
738 5003 1077 5076 scripserat,
1111 5023 1140 5054 «
1188 5001 1581 5061 declarations
1628 5011 1826 5062 autem
1874 5006 2070 5062 natio-

412 5109 579 5150 num.
613 5117 634 5146 ι

483 5182 606 5239 Cal-
635 5182 741 5239 639
772 5187 816 5237 Α
846 5183 901 5239 6.
948 5183 1076 5252 Quae
1121 5181 1362 5239 vocibus.
1412 5183 1516 5240 His
1564 5184 1881 5242 maluimus
1929 5188 2068 5242 Cor-

414 5271 564 5328 narii
597 5272 787 5329 verbis
818 5272 927 5339 uti,
959 5288 1138 5344 quam
1175 5270 1296 5328 illis
1344 5273 1743 5345 Trapezuntii,
1776 5298 1804 5327 «
1837 5275 2067 5348 signiﬁ-

410 5362 673 5419 cationes
690 5363 904 5419 harum
925 5378 1136 5418 vocum
1161 5361 1454 5418 differre.»
1479 5364 1703 5423 Similis
1730 5367 1885 5439 apud
1918 5366 2064 5439 Nys~

404 5467 617 5508 senum
650 5452 891 5524 locutio,
932 5451 1035 5509 lib.
1072 5468 1137 5508 ιιι
1180 5460 1376 5509 contra
1417 5454 1772 5525 Eunomium,
1820 5473 1878 5527 p.
1912 5457 2015 5511 127
2048 5473 2061 5513 :

412 5537 581 5597 Οὐδὲν
642 5538 731 5596 διὰ
771 5546 873 5610 τῆς
919 5540 1208 5615 συναφείας
1253 5545 1362 5596 τῶν
1410 5540 1692 5615 ὀνομάτων
1726 5542 1803 5607 εἷς
1825 5544 1924 5613 τὴν
1955 5547 2063 5599 τῶν

416 5629 838 5705 σημαινομένων
890 5627 1154 5704 σύγχυσιν
1215 5629 1546 5704 ὑπαγόμεθα·
1592 5655 1621 5684 ‹‹
1669 5638 1779 5689 Per
1825 5650 2065 5706 compa-

418 5737 550 5795 gem
575 5719 882 5779 nominum
906 5720 979 5777 ad
1020 5718 1482 5793 eigniﬁcatorum
1510 5722 1918 5781 confusionem
1948 5740 2066 5781 non

2168 588 2450 660 margine,
2484 589 2592 645 Job
2623 606 2858 657 xxxvm,
2890 587 3229 661 suspicatus
3276 588 3510 644 videtur
3556 587 3820 645 alludere

2168 678 2451 734 Basilium
2482 680 2555 735 ad
2588 680 2733 735 illud
2764 680 2873 736 Job
2922 697 3159 747 xxxvm,
3193 680 3286 745 l9,
3318 680 3380 734 In
3427 696 3533 750 qua
3580 680 3669 734 via
3713 677 3819 733 tua:

2165 768 2396 839 habitet,
2426 771 2476 824 et
2503 773 2858 826 tenebrarum
2903 771 3023 841 quis
3060 776 3211 826 locus
3247 770 3356 831 sit;
3387 784 3638 838 quorum
3688 767 3814 824 loco

2166 858 2322 930 apud
2342 858 2480 914 LXX
2498 860 2781 932 scriptum
2797 864 2905 927 est,
2923 858 3064 929 ΙΙοίᾳ
3090 854 3147 911 δὲ
3176 859 3249 932 γῇ
3283 853 3558 922 αὐλίζεται
3589 854 3651 909 τό
3674 859 3814 931 φῶς,

2164 950 2335 1019 Quali
2363 953 2546 1005 autem
2575 951 2633 1005 in
2666 959 2818 1005 terra
2848 950 3169 1005 diversatur
3190 949 3329 1009 tum;
3359 963 3493 1003 cum
3533 963 3600 1002 ea
3649 962 3815 1018 spec-

2165 1039 2316 1091 taret
2345 1037 2542 1109 potius
2572 1041 2795 1107 auctor,
2832 1042 2851 1093 l
2882 1035 3138 1093 ’l‘imath.
3172 1036 3350 1109 v1,l(i,
3383 1034 3443 1091 '0
3478 1032 3642 1107 μόνος
3666 1028 3811 1107 ἔχων

2171 1123 2476 1195 ἀθανασίαν,
2530 1128 2645 1200 φῶς
2702 1124 2867 1180 οἰκῶν
2920 1124 3237 1199 ἀπρόσιτον,
3300 1126 3405 1194 Qui
3459 1125 3607 1181 solus
3656 1124 3819 1180 habet

2166 1216 2670 1287 immortalitatem,
2702 1224 2753 1272 et
2784 1216 2957 1272 lucem
3015 1214 3292 1272 inhabitat
3339 1214 3817 1275 inaccessibitem;

2169 1310 2227 1361 et
2253 1306 2481 1378 psalmo
2531 1323 2656 1376 cm,
2685 1308 2741 1374 2,
2775 1299 3220 1377 ἀναϐαλλόμενος
3279 1308 3392 1380 φῶς
3451 1303 3524 1363 ὡς
3572 1301 3816 1375 ἱμάτιον,

2167 1398 2404 1451 amictus
2460 1398 2672 1452 lumine
2721 1397 2867 1452 sicut
2921 1396 3260 1452 vestimento.
3294 1395 3663 1460 Quamobren
3721 1409 3819 1448 sa—

2166 1484 2243 1540 tis
2297 1486 2499 1541 mirari
2558 1503 2675 1541 non
2729 1501 2973 1558 possum
3023 1484 3320 1541 inscitiam
3367 1482 3455 1540 vel
3484 1487 3637 1539 certe
3669 1480 3816 1538 osci-

2169 1574 2419 1631 tantiam
2449 1580 2628 1645 Bezae,
2663 1574 2763 1647 qui
2794 1580 2915 1630 tam
2970 1573 3292 1630 insolenter
3338 1577 3637 1629 auctorem
3680 1571 3820 1629 Vul-

2168 1669 2314 1738 gatae
2368 1665 2584 1721 Latinas
2642 1664 2948 1737 imperitiae
3003 1668 3263 1732 accusat,
3319 1666 3377 1719 et
3432 1661 3527 1717 hic
3581 1653 3819 1714 ἀναϐάλ-

2169 1751 2355 1807 λεσθαι
2417 1756 2532 1830 φῶς
2590 1753 2764 1809 vertit
2821 1776 2850 1805 «
2906 1758 2963 1810 et
3017 1752 3210 1810 lucem
3272 1751 3559 1819 emittere,
3602 1771 3632 1800 »
3682 1766 3817 1807 cum

2170 1846 2471 1916 sequatur,
2522 1844 2620 1899 ubi
2686 1842 2809 1916 περὶ
2870 1839 3185 1917 ἀγεννησίας
3233 1842 3410 1898 verba
3477 1841 3648 1911 ﬁunt,
3694 1835 3820 1893 οὐδὲ

2158 1926 2349 2002 ἔξωθεν
2409 1930 2582 2003 ἐαυτῷ
2656 1928 3041 2007 περικειμένην
3112 1928 3297 2005 ἔχειν’
3362 1953 3391 1981 ‹‹
3450 1930 3813 1987 extrinsecus

2158 2022 2669 2094 circumvolutum,
2701 2042 2728 2073 η
2766 2021 2920 2094 quod
2946 2022 3263 2093 respondet
3293 2020 3367 2092 ei,
3393 2021 3549 2092 quod
3582 2020 3656 2076 de
3689 2018 3819 2076 luce

2158 2112 2383 2167 dictum
2417 2115 2526 2183 est,
2558 2134 2588 2163 ‹‹
2619 2127 2687 2168 ea
2715 2110 2902 2167 Deum
2948 2110 3233 2166 amictum
3285 2125 3436 2179 esse,
3472 2126 3591 2165 non
3651 2108 3817 2164 illam

2159 2202 2447 2259 emittere.
2484 2223 2512 2252 ››

2231 2290 2351 2347 Col.
2385 2291 2491 2346 642
2522 2290 2585 2345 Β.
2615 2291 2870 2347 Priorem
2916 2288 3144 2361 repello.
3182 2287 3632 2344 Emendandum
3678 2301 3812 2343 aen-

2160 2397 2258 2438 sea
2287 2380 2480 2436 locum
2510 2395 2579 2435 ex
2610 2379 2723 2435 ﬁde
2754 2377 3191 2447 codicisH.,ri,v
3216 2376 3353 2452 πρὸς
3380 2370 3563 2448 ἕτερον
3598 2371 3814 2451 σύγκρι-

2161 2489 2265 2538 σιν,
2310 2492 2336 2521 ‹‹
2370 2468 2867 2541 comparationem
2899 2485 3031 2525 cum
3064 2469 3244 2524 altera
3278 2485 3290 2523 :
3328 2489 3356 2518 »
3392 2466 3623 2522 videtur
3651 2463 3809 2520 enim

2160 2559 2658 2631 comparationem
2686 2575 2952 2615 noncum
2979 2557 3118 2613 Filia
3140 2557 3357 2628 solum,
3378 2556 3479 2612 sed
3502 2571 3637 2611 cum
3663 2569 3811 2626 quo-

2165 2650 2249 2705 vis
2280 2648 2461 2704 altero
2492 2647 2753 2719 rejicere,
2782 2647 2935 2704 unde
2967 2647 3183 2720 pagina
3230 2645 3499 2719 sequenti
3553 2642 3811 2701 Basilius

2162 2738 2308 2795 dixit
2340 2755 2352 2793 ε
2386 2736 2506 2813 Οὐχ
2534 2735 2778 2791 ἑκούσιον
2809 2728 3013 2810 ἔχουσα
3060 2734 3404 2809 ἀσύγκριτον,
3439 2757 3467 2787 ι(
3501 2751 3616 2791 non
3659 2733 3809 2788 libe-

2162 2846 2294 2884 rum
2324 2828 2561 2897 habere,
2593 2831 2658 2883 ut
2687 2826 2833 2882 nulli
2866 2826 3051 2898 possit
3093 2824 3442 2899 comparari,
3476 2845 3504 2878 ι»
3540 2827 3596 2880 et
3634 2820 3808 2895 paulo

2158 2923 2291 2990 post
2314 2918 2442 2991 ipse
2470 2916 2796 2973 Eunomius
2824 2916 3039 2972 iterum
3073 2933 3086 2971 :
3118 2910 3252 2969 Οὔτε
3278 2914 3378 2983 τὴν
3430 2912 3567 2989 πρὸς
3624 2906 3806 2986 ἕτερον

2163 3006 2436 3080 σύγκρισιν
2480 3002 2833 3079 ἐπιδέχεται·
2878 3026 2906 3056 ‹‹
2955 3006 3071 3061 Nec
3116 3003 3618 3078 comparationem
3674 3017 3810 3056 cum

2165 3096 2345 3152 altera
2371 3095 2648 3150 admittit.
2685 3116 2712 3144 »
2754 3094 2912 3151 Idem
2963 3111 3125 3151 error
3182 3094 3241 3149 in
3298 3091 3552 3149 editione
3604 3090 3805 3163 Steph.

2168 3185 2551 3258 corrigendus
2576 3200 2635 3256 p.
2666 3183 2791 3238 346.

2240 3272 2360 3330 Cal.
2405 3274 2512 3329 643
2568 3272 2629 3329 C.
2667 3273 2980 3344 Unigenito.
3027 3270 3098 3325 Τὸ
3153 3268 3410 3346 γεννητόν
3476 3269 3641 3341 dixit,
3700 3285 3816 3325 non

2164 3361 2255 3417 τὸν
2285 3360 2561 3438 γεννητόν,
2599 3366 2663 3418 ut
2709 3362 3016 3434 perperam
3066 3364 3253 3416 vertat
3302 3362 3463 3431 Beza,
3499 3380 3527 3411 ‹‹
3580 3363 3636 3415 et
3681 3374 3816 3414 eum

2169 3468 2346 3525 quem
2396 3451 2619 3524 genuit,
2662 3468 2697 3507 a
2750 3450 2842 3506 sui
2901 3449 3435 3506 communicatione
3489 3447 3822 3503 inconsulta

2169 3540 2475 3614 repellat,»
2502 3545 2559 3597 et
2589 3539 2769 3597 altera
2794 3538 2966 3613 lapsu
2997 3539 3196 3596 emisit
3225 3556 3423 3596 vocem
3454 3540 3550 3591 τοῦ
3580 3541 3822 3611 Μονογε-

2170 3635 2314 3693 νοῦς.
2348 3634 2459 3688 Sed
2490 3631 2923 3705 Trapezuntius
2980 3647 3213 3702 quoque
3274 3629 3680 3686 emendandus
3726 3626 3822 3683 hic

2173 3720 2319 3792 fuit;
2370 3722 2693 3794 scripserat
2742 3720 2900 3777 enim
2937 3738 2951 3775 ε
2989 3740 3015 3769 ‹‹
3046 3719 3167 3793 Ipsi
3226 3735 3458 3791 quoque
3516 3717 3827 3790 Unigenito

2173 3811 2648 3882 appropinquare
2678 3827 2795 3865 non
2826 3810 3034 3881 possit.
3066 3811 3144 3863 Ae
3172 3808 3560 3865 inconsonum
3592 3806 3829 3878 quidem

2174 3900 2234 3955 in
2267 3899 2338 3956 iis
2370 3916 2498 3972 quae
2532 3900 2603 3956 ab
2637 3899 2767 3972 ipso
2800 3899 3098 3967 dicuntur,
3128 3902 3364 3954 tantum
3396 3902 3506 3954 est.
3531 3918 3559 3948 »
3593 3895 3828 3971 ’Δπροσ-

2173 3985 2448 4050 πέλαστος
2479 3994 2588 4060 est,
2622 3994 2679 4046 et
2708 3985 3023 4063 ἀπρόσιτος,
3047 3989 3098 4044 is
3123 3988 3194 4044 ad
3228 4004 3405 4061 quem
3437 3986 3713 4044 accedere
3734 4001 3830 4042 ne-

2177 4096 2269 4135 mo
2302 4082 2514 4152 potest,
2541 4096 2657 4134 non
2678 4077 2870 4150 is,qui
2900 4078 2973 4133 ad
2998 4078 3144 4134 alios
3175 4096 3291 4134 non
3323 4080 3515 4151 potest
3534 4076 3830 4133 accedere.

2247 4185 2366 4241 Col.
2400 4186 2572 4240 646Α
2599 4186 2684 4242 11.
2719 4186 2900 4254 Quare
2932 4184 3017 4239 his
3046 4183 3158 4257 qui.
3192 4184 3377 4239 Lacus
3408 4188 3499 4240 est
3542 4183 3602 4238 in
3635 4183 3831 4239 Graaco

2178 4273 2446 4347 mutilus,
2463 4291 2568 4331 nec
2590 4275 2661 4330 ad
2685 4291 2820 4331 eum
2844 4274 3175 4330 sanandum
3198 4273 3343 4329 satis
3360 4273 3599 4344 adjuvat
3615 4272 3833 4344 Regius

2179 4382 2290 4421 ms.
2325 4364 2385 4420 in
2415 4381 2531 4436 quo
2562 4364 2715 4437 lego,
2747 4360 2821 4424 ὥς
2854 4382 2918 4437 γε
2943 4361 3159 4423 τούτοις
3193 4360 3497 4437 ἀντιλὲγκιν
3532 4359 3633 4415 οὐκ
3669 4353 3833 4435 ἔχου-

2179 4473 2287 4524 σιν,
2320 4453 2356 4522 ἢ
2383 4449 2599 4507 πολλοῦ
2629 4449 2689 4506 ἂν
2713 4451 3082 4525 τιμησαίμην.
3099 4453 3528 4525 Trapezuntius
3550 4450 3831 4521 ediderat,

2180 4542 2437 4601 similem
2489 4544 2740 4599 fortasse
2790 4544 3001 4598 nactus
3051 4540 3381 4611 lectionem,
3414 4562 3440 4595 α
3483 4543 3671 4607 Quare
3712 4539 3832 4597 his-

2180 4633 2580 4690 contradicere
2595 4649 2710 4688 non
2727 4636 3000 4702 possunt,
3018 4631 3289 4705 quamvis
3313 4630 3481 4687 multi
3504 4632 3776 4688 facerem.

2180 4722 2523 4779 Basiliensis
2554 4721 2733 4778 editio
2766 4727 2824 4778 et
2866 4721 3144 4793 Stephan.
3179 4722 3407 4777 addunt
3444 4718 3714 4793 παρέλκον
3770 4715 3830 4774 ἃν

2179 4808 2286 4883 εἴη,
2317 4812 2419 4868 sed
2453 4810 2579 4869 loco
2612 4829 2719 4869 suo
2760 4815 2997 4868 movent
3041 4811 3188 4867 illud
3229 4806 3382 4864 οὐδὲν
3413 4804 3654 4885 ἔχουσιν.
3688 4809 3837 4866 Beza,
3947 4856 3953 4865 .

2178 4903 2352 4960 vertit
2375 4920 2389 4959 :
2419 4923 2447 4953 «
2470 4903 2677 4975 Itaque
2699 4902 2831 4959 istis
2853 4901 2954 4974 qui
2981 4899 3131 4958 nihil
3153 4900 3393 4969 habent,
3419 4900 3573 4973 quod
3596 4917 3834 4974 respon-

2178 4994 2371 5061 deant,
2434 5009 2937 5066 supervacaneum
2983 4990 3156 5049 fuerit
3210 4990 3630 5048 contradicere.
3663 5012 3691 5042 ››
3745 4994 3834 5048 Ita

2176 5081 2493 5155 legendum
2527 5082 2721 5138 Greece
2769 5081 2864 5138 hic
2917 5085 3093 5150 esset,
3144 5078 3283 5134 ὥστε
3324 5077 3541 5142 τούτοις
3598 5079 3832 5153 ἀποκρί-

2175 5180 2363 5233 νασθαι
2397 5170 2500 5225 οὐκ
2531 5189 2775 5246 εχουσιν,
2803 5167 3076 5241 παρὲλκον
3106 5166 3165 5223 ἂν
3200 5165 3282 5238 εἷή
3318 5166 3634 5243 ἀντιλέγειν.

2245 5281 2365 5338 Col.
2397 5283 2504 5337 650
2530 5283 2577 5338 Α
2604 5283 2659 5338 9.
2690 5282 2988 5338 Dominum
3014 5283 3282 5353 priorum.
3314 5274 3599 5354 Προέλαϐε
3628 5297 3746 5354 pm
3767 5297 3832 5339 se

2175 5370 2442 5428 ferebant
2465 5372 2751 5428 editiones
2782 5373 2912 5427 duae
2941 5369 3285 5427 Basiliensis
3306 5371 3570 5444 etSteph.
3592 5373 3666 5428 ad
3689 5388 3832 5443 quas

2174 5461 2579 5533 interpretatio
2643 5461 3088 5518 accommodata
3158 5465 3270 5517 est.
3326 5463 3413 5516 Ita
3467 5461 3827 5519 Carnarius:

2179 5571 2203 5605 α
2227 5549 2353 5606 Non
2371 5549 2530 5607 enim
2553 5550 2811 5621 profecto
2833 5549 2974 5621 quia
2992 5549 3309 5607 Dominum
3332 5550 3442 5607 hac
3461 5550 3832 5624 blasphemia

2175 5636 2623 5711 praeoccupavit.
2639 5659 2670 5689 »
2691 5640 2766 5695 At
2790 5636 3250 5711 manuscriptus,
3265 5655 3382 5711 quo
3402 5637 3831 5710 Trapezuntius

2173 5731 2265 5784 est
2324 5742 2492 5799 usus,
2537 5741 2670 5782 cum
2732 5726 2912 5799 Regio
2979 5725 3274 5785 consentit
3323 5742 3337 5783 :
3386 5720 3691 5802 προσέλαϐε
3756 5727 3828 5800 τῇ
