4156 6372
387 366 542 429 104³7

389 589 569 644 miam
605 590 930 661 conjunxit.
967 613 995 640 »
1026 590 1446 646 Verumtamen
1490 597 1822 648 creaturam
1855 593 2052 648 Domi-

393 695 534 733 num
561 695 674 733 non
709 679 854 734 dixit
885 680 1109 750 primus
1150 679 1496 749 Eunomius,
1531 683 1630 737 sed
1667 687 1800 737 ante
1854 682 2050 753 ipsum

394 767 609 834 Arius;
644 768 925 839 Spiritum
961 773 1232 824 sanctum
1261 779 1585 826 creaturam
1619 771 1845 843 primus
1869 772 2050 826 Euno-

392 855 550 911 mius
582 857 1098 924 dixit,utBasilius
1128 858 1221 913 hic
1256 860 1576 929 contendit,
1602 878 1790 932 neque
1830 861 1886 915 in
1922 861 2054 916 aliis

387 945 801 1001 hmreticorum
828 946 993 1002 libris
1028 947 1149 1003 haec
1181 949 1633 1005 fueratinventa
1666 951 2047 1022 blasphemia.

387 1033 536 1089 Male
586 1034 802 1106 quippe
855 1040 1104 1092 verterat
1162 1038 1337 1109 paulo
1387 1043 1520 1110 post
1551 1044 1896 1112 Trapezunt,
1932 1037 1965 1108 ἢ
2001 1036 2051 1091 ἐν

385 1125 501 1184 τοῖς
530 1121 979 1201 καταληφθεῖσιν,
999 1149 1025 1175 ‹‹
1053 1126 1166 1182 nisi
1194 1128 1348 1198 quod
1374 1127 1430 1182 in
1464 1129 1885 1200 superstitibus
1909 1128 2056 1184 isto-

391 1230 523 1268 rum
557 1215 933 1270 sermonibus
965 1215 1116 1272 hanc
1149 1216 1602 1288 appellationem
1632 1218 1996 1274 invenimus.
2029 1240 2057 1267 ››

389 1307 469 1357 De
483 1302 924 1375 blasphemiain
942 1305 1228 1378 Spiritum
1250 1312 1522 1364 sanctum
1547 1326 1664 1364 non
1684 1308 2056 1369 remittenda:

386 1391 516 1447 vide
550 1392 760 1448 Matth.
793 1412 898 1465 xu,
929 1396 1022 1450 32.

457 1498 575 1555 Col.
606 1501 707 1555 651
741 1503 806 1556 A.
844 1503 1013 1558 Unius
1055 1503 1323 1559 Montani.
1363 1504 1793 1576 Trapezuntius
1843 1505 2050 1559 edide-

389 1592 518 1644 rat:
561 1608 583 1637 α
621 1589 932 1647 Montanus
963 1592 1124 1648 solus
1156 1598 1386 1649 tantum
1421 1595 1477 1649 in
1511 1595 1794 1666 Spiritum
1830 1593 2054 1648 insani-

387 1678 490 1746 vit,
505 1681 563 1732 et
583 1678 924 1736 nominibus
946 1681 1300 1752 vituperavit
1320 1683 1670 1752 humilibus,
1689 1700 1754 1738 ac
1781 1687 2053 1738 naturam

387 1765 578 1837 ipsius
610 1773 840 1824 tantum
885 1771 1240 1840 extenuavit,
1267 1778 1331 1826 ut
1374 1773 1600 1828 diceret
1632 1773 1935 1828 infamiam
1969 1773 2051 1827 af-

387 1854 536 1910 ferre
559 1856 786 1913 factori.
811 1879 838 1908 »
869 1857 1009 1913 Beza
1031 1859 1207 1915 etiam
1231 1861 1400 1931 pejus
1414 1860 1523 1916 hoc
1545 1862 1822 1916 ultimum
1846 1863 2041 1917 vertit:
2078 1881 2122 1945 Β

387 1967 414 1995 ‹‹
451 1943 523 2000 Ut
581 1945 758 2000 etiam
814 1947 1118 2003 infamiam
1178 1949 1381 2004 factori
1439 1967 1546 2006 suo
1599 1950 1830 2006 dicatur
1877 1952 2034 2006 affri-

384 2031 576 2089 cuisse
599 2051 612 2090 :
637 2056 664 2084 »
691 2036 858 2107 quasi
883 2035 992 2092 hoc
1023 2036 1196 2092 vellet
1239 2038 1513 2107 Basilius,
1537 2039 1878 2095 Montanum
1921 2041 2034 2096 dici

387 2121 692 2177 infamiam
723 2123 1054 2180 all‘ricuisse
1103 2126 1371 2182 creatori.
1403 2129 1772 2199 Epiphanius
1815 2134 2032 2197 tamen,

385 2210 595 2267 haeresi
625 2213 713 2284 48,
738 2212 1094 2286 Phrygastas
1133 2217 1251 2271 sive
1291 2219 1675 2274 Montanistas
1705 2219 1805 2287 ait,
1841 2219 1940 2290 qui
1974 2236 2035 2275 se

384 2299 730 2356 Montanum
764 2304 1080 2373 quemdam
1116 2305 1458 2376 prophetam
1482 2306 2033 2378 haberejactabant,

382 2390 452 2444 de
476 2393 646 2444 Patre
669 2394 723 2445 et
750 2391 893 2447 Filio
917 2409 981 2447 ac
1001 2393 1220 2464 Spiritu
1255 2400 1458 2449 sancto
1481 2394 1751 2451 similiter
1780 2398 2038 2452 sensisse

381 2477 542 2533 velut
578 2484 783 2535 sancta
835 2481 1123 2538 catholica
1169 2484 1350 2538 sentit
1391 2484 1664 2552 Ecclesia,
1688 2484 1811 2558 περὶ
1846 2481 1901 2538 δὲ
1937 2491 2039 2538 Πα-

381 2567 509 2640 τρὸς
541 2567 631 2621 καὶ
663 2569 791 2622 Υὶοῦ
819 2570 906 2623 καὶ
951 2571 1110 2645 ἁγίου
1162 2572 1474 2646 Πνεύματος
1522 2573 1730 2646 ὁμοίως
1778 2579 2038 2652 φρονοῦσι

382 2656 450 2727 τῇ
497 2653 626 2729 ἁγίᾳ
674 2656 940 2732 καθολικῇ
992 2659 1310 2733 Ἐκκλησίᾳ.
1363 2663 1441 2717 Ex
1504 2664 1737 2720 Ariauis
1795 2666 2035 2736 quidam

387 2746 664 2802 dixerunt
688 2748 971 2819 Spiritum
1005 2755 1277 2806 sanctum
1304 2770 1418 2807 non
1452 2770 1581 2808 esse
1610 2755 1768 2808 Patri
1807 2760 1863 2809 et
1898 2756 2038 2810 Filio

387 2834 979 2908 consubstantialem,
1012 2838 1130 2894 imo
1163 2856 1292 2896 esse
1310 2840 1455 2896 Filio
1481 2842 1766 2897 minorem
1793 2863 1807 2912 ;
1842 2844 1943 2899 sed
1970 2848 2040 2899 de

379 2924 523 2979 Filio
555 2924 932 2996 potissimum
967 2929 1250 2984 adversus
1283 2928 1413 2986 illos
1445 2936 1639 2986 actum
1673 2938 1783 3004 est,
1816 2934 1887 2989 de
1909 2934 2038 3005 Spi-

380 3013 497 3068 ritu
525 3019 728 3072 sancto
766 3015 826 3070 in
859 3017 1105 3073 concilio
1138 3036 1179 3074 11
1215 3021 1575 3076 oecumenico
1621 3021 2042 3078 Constantino-

380 3102 660 3173 politano,
678 3105 850 3176 cujus
878 3111 1196 3163 sectatores
1218 3111 1769 3180 Pneumatomachi,
1784 3112 2042 3185 siveSpi-

375 3191 524 3248 ritus
581 3192 1046 3265 impugnatores,
1106 3197 1383 3268 appellati
1454 3203 1614 3254 sunt.
1656 3200 2032 3273 Philastrius,

373 3296 504 3353 cap.
525 3282 616 3348 2|,
641 3282 1040 3340 Eunomianos
1073 3285 1252 3341 tradit
1282 3291 1607 3344 asseruisse
1640 3289 1865 3346 Patrem
1899 3293 2030 3362 qui-

374 3369 508 3424 dem
532 3369 741 3426 fecisse
773 3370 1005 3440 Filiutn,
1039 3380 1096 3429 et
1126 3374 1335 3431 iterum
1371 3375 1606 3445 Filium,
1642 3379 1742 3450 qui
1766 3380 1844 3435 sit
1874 3399 2040 3436 crea-

373 3461 524 3529 tura,
561 3459 770 3516 fecisse
791 3461 1108 3532 Spiritum:
1150 3466 1304 3536 quod
1335 3467 1600 3523 refutans
1632 3469 1886 3525 Basilius
1919 3471 2038 3526 hoc

370 3545 496 3603 loco
549 3549 814 3620 subjicit,
874 3547 1050 3604 ἐκεῖνο
1113 3549 1170 3606 δὲ
1214 3552 1318 3608 τίνι
1365 3557 1471 3608 τῶν
1524 3555 1738 3611 πάντων
1782 3555 2033 3628 ἄδηλονὶ

374 3657 403 3686 ‹‹
438 3636 590 3693 Illud
624 3656 755 3694 vero
787 3642 881 3696 cui
918 3659 1029 3696 non
1068 3649 1247 3714 patet,
1284 3646 1440 3715 quod
1494 3647 1656 3702 nulla
1714 3649 1843 3703 Filii
1896 3667 2033 3721 ope-

376 3725 522 3782 ratio
555 3744 588 3782 a
616 3730 784 3784 Patre
816 3730 1008 3786 divisa
1050 3733 1182 3788 est?
1214 3758 1236 3785 ι
1275 3737 1335 3789 In
1387 3752 1562 3806 quem
1614 3738 1806 3792 locum
1849 3757 2031 3794 anno-

373 3821 528 3872 tarat
559 3816 850 3890 interpres
888 3821 944 3874 in
998 3823 1282 3894 margine,
1317 3825 1410 3880 hic
1451 3826 1684 3896 probari
1745 3827 2031 3900 Spiritum

373 3910 648 3963 sanctum
681 3908 754 3964 ab
787 3912 1039 3982 utroque
1080 3914 1411 3983 procedere.
1443 3914 1589 3971 Nam
1644 3922 1708 3971 ut
1764 3917 1844 3973 ait
1896 3919 2031 3974 illu-

379 3993 712 4051 strissimus
743 3997 1058 4054 cardinalis
1098 3999 1511 4072 Bellarminus,
1549 4003 1651 4060 lib.
1685 4023 1746 4077 ιι,
1780 4024 1908 4080 cap.
1937 4010 2026 4080 25,

374 4083 447 4139 De
481 4082 715 4157 Christo,
749 4091 902 4142 certe
934 4089 1184 4146 Basilius
1217 4093 1472 4164 probans
1533 4112 1645 4149 non
1698 4096 1889 4153 solum
1938 4099 2027 4154 Fi-

374 4168 520 4226 lium
553 4188 682 4229 esse
711 4189 950 4231 causam
975 4176 1249 4248 Spiritus,
1271 4180 1370 4234 sed
1406 4179 1580 4237 etiam
1612 4181 1861 4252 Patrem,
1889 4186 2030 4257 quia

377 4260 578 4317 omnia
607 4279 732 4334 qua:
764 4263 940 4321 habet
972 4265 1150 4323 Filius
1189 4267 1364 4325 habet
1409 4275 1591 4338 Pater,
1626 4271 1803 4328 simul
1837 4275 2023 4341 docet,

367 4349 490 4406 imo
542 4368 644 4423 pro
694 4358 993 4426 comperto
1042 4361 1296 4413 assumit
1342 4358 1600 4431 Spiritus
1651 4378 1912 4436 causam,
1964 4370 2029 4420 ut

372 4439 555 4497 Graeci
587 4440 934 4515 loquuntur,
966 4463 1095 4502 esse
1119 4446 1360 4503 Filium.

445 4546 565 4603 Col.
598 4548 703 4604 654
732 4549 774 4605 Β
802 4551 853 4606 4.
899 4552 1228 4611 Conservam
1259 4557 1439 4612 a'octr.
1473 4558 1928 4617 Emendavimus
1958 4578 2025 4617 ex

1581 371 1814 431 NOTAE
1859 368 2304 431 FRONTONIS
2349 370 2612 432 DUCxEI

390 497 733 576 βλασφημίᾳ.
769 523 796 551 ‹‹
832 501 1145 557 Dominum
1195 518 1424 574 quoque
1472 503 1543 558 ad
1573 502 1722 558 hanc
1755 502 2035 575 blasphe-

2152 501 2300 557 libro
2350 502 2609 558 adversus
2648 503 2986 558 Eunomium
3017 521 3034 557 :
3065 499 3361 574 Ἀξιώματι
3415 501 3519 576 γὰρ
3563 497 3782 572 δεύτερο

3660 372 3823 430 1048

3793 479 3822 508 ν

2161 595 2257 644 τοῦ
2302 590 2427 643 Υίοῦ
2479 588 2528 660 ἐξ
2578 590 2743 644 arb-:05
2793 591 2855 644 τὸ
2906 589 3035 644 εἶναι
3091 588 3244 666 ἔχον,
3275 589 3363 644 καὶ
3396 588 3446 659 ἐξ
3479 588 3642 643 αὐτοῦ
3672 587 3822 664 λαμ-

2164 674 2323 732 ϐάνον
2383 678 2470 732 καὶ
2532 676 2866 754 ἀναγγέλλον
2924 681 3084 750 ἡμῖν,
3143 679 3233 733 καὶ
3292 677 3437 740 ὅλως
3494 686 3594 747 τῆς
3642 679 3821 741 αἰτίας

2162 767 2361 837 ταύτης
2418 766 2719 840 ἐξημμένον
2769 770 2795 822 ὁ
2853 775 2951 836 τῆς
3009 763 3278 831 εὐσεϐείας
3326 765 3666 844 παραδίδωσι
3719 768 3818 823 λό-

2161 875 2286 931 γος·
2322 856 2474 934 φύσει
2529 856 2587 910 δὲ
2623 859 2862 932 χρῆσθαι
2906 857 3083 933 τρίτῃ,
3119 854 3242 912 οὔτε
3289 859 3433 932 παρὰ
3479 863 3586 911 τῶν
3648 859 3818 933 ἁγίων

2166 943 2552 1018 διδασκόμεθα,
2588 943 2710 1001 οὕτε
2759 947 2818 1000 ἐκ
2853 951 2960 1000 τῶν
3005 945 3308 1023 εἷ’ρημένων
3362 945 3633 1019 δυνάμεθα
3686 946 3820 1002 συλ-

2165 1032 2477 1108 λογίσασθαι
2535 1036 2669 1091 κατὰ
2713 1037 2812 1104 τήν
2863 1035 3214 1099 ἀκολουθίαν·
3251 1061 3278 1088 ί(
3317 1037 3605 1109 Dignitate
3659 1041 3818 1094 enim

2166 1128 2484 1182 secundum
2520 1144 2650 1182 esse
2681 1144 2712 1182 a
2745 1126 2912 1192 Filio,
2935 1144 3068 1182 cum
3103 1127 3174 1182 ab
3205 1126 3332 1199 ipse
3365 1143 3494 1182 esse
3526 1144 3701 1182 suum
3724 1128 3825 1184 ha-

2166 1215 2320 1282 beat,
2353 1220 2409 1270 et
2465 1217 2536 1271 ab
2587 1217 2716 1288 ipso
2771 1216 3040 1287 accipiat,
3075 1220 3132 1272 et
3188 1215 3497 1270 annuntiet
3535 1217 3730 1282 nobis,
3765 1226 3823 1273 et

2166 1305 2404 1361 omnino
2436 1307 2507 1360 ab
2555 1306 2655 1361 illa
2713 1323 2890 1361 causa
2948 1307 3296 1378 dependeat,
3330 1323 3524 1362 sermo
3579 1307 3816 1378 pietatis

2165 1395 2345 1450 tradit
2369 1411 2381 1448 :
2404 1399 2614 1451 natura
2650 1412 2786 1451 vero
2811 1395 2983 1451 tertia
3024 1396 3129 1464 uti,
3156 1410 3346 1467 neque
3371 1412 3402 1450 a
3433 1395 3659 1451 sanctis
3688 1398 3818 1452 edo-

2165 1500 2390 1550 cemur,
2410 1501 2596 1557 neque
2619 1501 2685 1540 ex
2705 1485 2875 1540 dictis
2901 1489 2963 1539 ut
2993 1500 3360 1555 consequens
3383 1484 3660 1563 colligere
3689 1501 3820 1556 pos-

2165 1591 2392 1629 sumus.
2427 1596 2454 1624 »
2488 1574 2549 1629 In
2585 1590 2760 1646 quem
2789 1579 2983 1649 autem
3020 1573 3192 1629 tinem
3230 1573 3490 1644 prolatus
3523 1573 3602 1627 sit
3631 1573 3820 1644 locus,

2163 1664 2397 1736 exponit
2415 1664 2736 1736 praesertim
2766 1663 3029 1719 sessione
3053 1663 3138 1733 19,
3165 1680 3218 1734 p.
3241 1663 3346 1716 449
3366 1663 3506 1718 edit.
3525 1661 3818 1735 Romanae,

2163 1753 2314 1808 idem
2356 1753 2706 1808 Joannesza
2740 1753 2884 1808 Volo
2934 1753 3261 1808 necessaria
3316 1752 3818 1809 demonstratione

2161 1843 2573 1912 probare,cum
2599 1841 2818 1912 aliquid
2843 1859 2906 1896 ex
2932 1842 3126 1912 aliquo
3167 1840 3440 1910 dicimus,
3467 1840 3714 1912 intelligi
3746 1858 3816 1896 ex

2154 1931 2620 2002 persona,idque
2651 1931 2991 1988 demonstro
3024 1947 3126 2004 per
3157 1931 3378 1986 dictum
3414 1929 3634 1996 Basilii,
3669 1947 3804 1987 cum

2145 2021 2516 2093 aitSpiritum
2543 2021 2757 2076 habere
2786 2038 2958 2076 suum
2989 2038 3115 2076 esse
3141 2037 3206 2076 ex
3234 2019 3402 2085 Filio,
3436 2026 3492 2074 et
3524 2020 3596 2074 ab
3628 2037 3696 2075 eo
3713 2021 3810 2075 de-

2145 2111 2396 2182 pendere
2442 2116 2729 2182 tanquam
2762 2128 2829 2166 ex
2873 2128 3067 2167 causa.
3099 2111 3154 2166 Si
3194 2111 3376 2182 igitur
3405 2111 3668 2182 accipere
3715 2115 3810 2166 est

2146 2201 2360 2256 habere
2392 2200 2815 2271 esse,Spiritus
2847 2205 3088 2256 sanctus
3121 2201 3299 2256 habet
3321 2216 3473 2266 esse,
3506 2204 3564 2255 et
3589 2199 3812 2272 accipit

2146 2308 2214 2345 ex
2252 2289 2417 2358 Filio,
2453 2295 2508 2345 et
2540 2291 2612 2345 ab
2644 2307 2710 2346 eo
2743 2291 3031 2362 dependet
3063 2295 3127 2346 ut
3163 2307 3231 2345 ex
3269 2306 3446 2346 causa
3478 2306 3490 2344 :
3527 2305 3663 2362 ergo
3712 2307 3809 2345 se-

2147 2380 2368 2451 quitur,
2395 2385 2457 2434 ut
2479 2379 2526 2434 si
2556 2381 2809 2452 Spiritus
2835 2385 3074 2436 sanctus
3101 2380 3314 2452 accipit
3339 2396 3408 2434 ex
3458 2379 3626 2449 Filio,
3677 2396 3812 2450 pro-

2146 2471 2314 2526 cedat
2366 2469 2541 2526 etiam
2594 2487 2661 2525 ex
2691 2470 2838 2542 ipso.
2878 2492 2904 2519 ν
2937 2470 3281 2543 Opponehat
3327 2472 3560 2524 Marcus
3618 2469 3812 2539 Ephe-

2148 2562 2291 2626 sius,
2319 2561 2417 2632 qui
2479 2577 2580 2632 pro
2640 2560 2854 2616 Graecis
2913 2561 3277 2632 disputabat,
3333 2559 3809 2614 additamentum

2147 2651 2292 2705 illud
2325 2667 2355 2704 ει
2380 2650 2602 2705 Latinis
2623 2649 2913 2705 insertum
2939 2649 3152 2705 videri:
3180 2650 3278 2705 sed
3303 2649 3610 2721 respondit
3629 2648 3810 2704 Joan-

2149 2759 2253 2796 nes
2306 2745 2426 2795 tam
2477 2739 2784 2811 antiquum
2847 2739 3013 2794 illum
3055 2757 3184 2796 esse
3213 2739 3445 2804 librum,
3479 2743 3545 2794 ut
3581 2738 3807 2794 nullam

2149 2829 2490 2902 corruptelae
2521 2828 2916 2900 suspicionem
2942 2829 3191 2898 iniiciat,
3227 2845 3365 2884 cum
3399 2827 3624 2883 multos
3670 2833 3806 2883 ante

2148 2936 2356 2988 annos,
2397 2934 2574 2988 quam
2633 2917 2891 2973 schisma
2947 2918 3055 2973 hoc
3113 2917 3360 2974 oriretur
3388 2934 3456 2972 ac
3488 2916 3794 2972 dissidium

2151 3008 2564 3074 Ecclesiarum,
2598 3011 2872 3062 exaratus
2903 3011 3352 3079 appareret,nec
3383 3006 3507 3062 ulla
3537 3006 3588 3060 in
3620 3023 3682 3060 eo
3701 3022 3790 3059 ra-

2151 3115 2291 3154 sura
2315 3097 2404 3153 vel
2435 3096 2766 3169 depravatio
2793 3096 2880 3153 vel
2907 3114 3114 3153 manus
3139 3097 3388 3168 adjectio
3411 3095 3798 3168 deprehende-

2153 3195 2330 3243 retur.
2368 3187 2544 3242 Addit
2575 3186 3015 3244 illustrissimus
3047 3187 3364 3242 cardinalis
3386 3185 3804 3253 Bellarminus,

2067 3255 2109 3322 Ο
2149 3279 2250 3332 lib.
2279 3295 2318 3331 ιι
2340 3279 2412 3332 De
2447 3277 2690 3343 Christo,
2721 3294 2770 3332 c.
2792 3277 2880 3342 25,
2909 3277 3378 3332 additamentum
3401 3276 3547 3330 illud
3582 3273 3806 3330 codicis

2154 3367 2491 3423 Latinorum
2527 3384 2655 3421 esse
2689 3367 2897 3421 debere
2923 3367 2978 3420 in
3014 3371 3176 3421 textu
3228 3365 3313 3420 vel
3366 3370 3518 3421 certe
3557 3380 3804 3420 sensum

2147 3456 2376 3512 illorum
2411 3473 2422 3510 :
2461 3477 2488 3504 ‹‹
2545 3455 2692 3510 Dicit
2741 3456 2896 3511 enim
2948 3455 3197 3510 Basilius
3228 3455 3502 3527 Spiritum
3537 3470 3662 3508 esse
3713 3469 3807 3507 se-

2147 3547 2406 3602 cundum
2438 3562 2470 3599 a
2500 3544 2641 3599 Filio
2675 3545 2879 3600 ordine
2910 3549 2966 3599 et
2995 3545 3434 3616 dignitate,non
3457 3547 3652 3598 tamen
3690 3559 3802 3597 na-

2145 3641 2277 3690 tura
2307 3650 2321 3690 :
2357 3637 2412 3688 et
2443 3634 2669 3705 probat,
2705 3633 2841 3705 quia
2873 3634 3027 3690 sicut
3057 3634 3240 3690 Filius
3292 3636 3379 3688 est
3435 3632 3732 3688 secundus
3767 3649 3805 3685 a

2142 3725 2330 3790 Patre,
2356 3723 2495 3794 quia
2517 3723 2588 3777 ab
2621 3721 2720 3777 illo
2753 3722 2928 3778 habet
2959 3739 3108 3793 esse,
3140 3723 3222 3779 ita
3281 3738 3510 3794 quoque
3539 3720 3803 3793 Spiritus

2141 3817 2230 3869 est
2256 3815 2552 3868 secundus
2584 3829 2616 3868 e
2648 3812 2790 3867 Filio
2828 3829 2840 3868 :
2875 3813 2972 3868 ubi
3008 3813 3056 3869 si
3091 3831 3204 3870 non
3236 3813 3506 3879 addatur,
3538 3810 3625 3867 vel
3651 3811 3804 3866 sub-

2139 3902 2525 3974 intelligatur,
2561 3903 2713 3974 quod
2758 3907 2846 3958 est
2887 3902 2942 3958 in
2980 3904 3198 3959 nostris
3231 3902 3552 3969 codicibus,
3584 3899 3799 3956 videli-

2138 3999 2226 4050 cet
2257 3994 2541 4065 Spiritum
2567 3993 2782 4049 habere
2809 4009 2937 4050 esse
2964 4011 2997 4050 a
3029 3995 3189 4063 Filio,
3221 3995 3377 4050 sicut
3406 3993 3586 4050 Filius
3617 3993 3803 4048 habet

2138 4098 2267 4137 esse
2296 4099 2328 4138 ε.
2359 4083 2547 4149 Patre,
2573 4082 2718 4138 ratio
2747 4083 2945 4139 Basilii
2975 4083 3119 4139 nihil
3172 4083 3503 4148 concludat,
3537 4099 3643 4138 nec
3674 4081 3801 4136 ullo

2139 4171 2314 4225 modo
2341 4171 2574 4242 probari
2611 4172 2826 4242 poterit
2855 4172 3139 4243 Spiritum
3183 4178 3452 4228 sanctum
3517 4187 3648 4227 esse
3701 4188 3800 4227 se-

2137 4260 2395 4314 cundum
2433 4275 2464 4314 a
2497 4259 2662 4328 Filio,
2697 4265 2762 4315 ut
2789 4261 2969 4316 Filius
3008 4266 3098 4317 est
3147 4264 3445 4318 secundus
3477 4278 3511 4316 a
3540 4265 3726 4316 Patre.
3766 4283 3796 4310 ι»

2208 4381 2326 4438 Col.
2360 4383 2466 4438 655
2505 4387 2550 4437 A
2599 4384 2654 4442 3.
2713 4386 2904 4441 Sermo
2959 4389 3212 4458 fortasse.
3265 4390 3338 4445 Ut
3393 4385 3800 4458 interpretatio

2137 4488 2270 4526 cum
2306 4473 2500 4529 Graeco
2531 4478 2691 4529 textu
2727 4476 3060 4531 conveniret
3099 4476 3443 4534 Basiliensis
3491 4476 3800 4549 editionis,

2136 4561 2403 4618 additum
2437 4566 2525 4619 est
2559 4586 2586 4614 ‹‹
2622 4566 2890 4634 fortasse,
2922 4589 2950 4616 »
2986 4571 3042 4622 et
3071 4567 3223 4622 infra
3253 4584 3266 4624 :
3298 4589 3325 4618 ‹‹
3353 4572 3417 4622 ut
3473 4566 3618 4622 illud
3653 4584 3798 4622 con-

375 4640 440 4689 Π.
476 4634 768 4713 φυλάσσειν
829 4636 1200 4715 διδασκαλίαν,
1231 4651 1286 4700 et
1334 4643 1646 4719 ἀποσιωπᾷ,
1677 4664 1811 4704 cum
1860 4657 2031 4707 antea

2148 4652 2418 4708 :edamus
2435 4671 2448 4722 ;
2467 4675 2493 4702 υ
2518 4654 2617 4710 sed
2643 4653 2919 4710 lectorem
2942 4660 3130 4712 tamen
3158 4658 3543 4713 admonemus
3562 4660 3798 4712 utrum-

376 4723 669 4814 lcgeretur
727 4726 1015 4806 φυλάσσων
1045 4739 1104 4788 et
1134 4738 1331 4803 σιωπᾷ.
1367 4736 1647 4806 Sequitur
1676 4737 1849 4808 paulo
1898 4745 2033 4814 post

368 4812 533 4870 locus
565 4816 988 4876 celeberrimus
1020 4826 1076 4876 et
1107 4822 1166 4878 in
1202 4823 1392 4878 tribus
1433 4824 1666 4880 concilii
1711 4812 2028 4886 Florentini

368 4904 739 4964 sessionibus
771 4909 858 4978 18,
875 4909 944 4967 49
965 4915 1021 4965 et
1041 4912 1110 4965 20
1131 4911 1442 4984 diligenter
1463 4928 1768 4986 excussus,
1788 4934 1922 4974 cum
1945 4919 2030 4974 in-

358 4995 452 5047 ter
468 4992 684 5050 Latinaa
716 5001 774 5053 et
794 5002 999 5055 Graeca
1021 4999 1292 5056 Ecclesiae
1320 5002 1542 5074 legatos
1564 5004 1635 5059 de
1656 5009 2027 5075 processione

365 5082 626 5154 Spiritus
660 5088 852 5143 sancti
877 5088 1304 5161 disputaretur.
1332 5097 1410 5146 Ac
1434 5091 1649 5165 Regius
1670 5096 1905 5166 quidem
1929 5117 2023 5154 co-

367 5171 478 5226 dex
494 5188 627 5229 cum
649 5191 714 5230 eo
735 5179 1045 5246 consentit,
1064 5197 1179 5251 quo
1206 5195 1349 5236 usus
1373 5185 1460 5236 est
1480 5180 1788 5256 interpres,
1813 5190 2024 5244 etcum

365 5259 624 5351 editione
665 5265 996 5334 Basiliensi,
1044 5268 1377 5342 legiturque
1411 5287 1423 5326 :
1456 5269 1759 5345 Ἀξιώματι
1795 5275 1888 5346 μὲν
1921 5276 2022 5351 γὰρ

359 5342 692 5422 δευτερεύειν
752 5357 850 5408 τοῦ
912 5356 1043 5409 Υίοῦ
1100 5353 1472 5432 παραδίδωσιν
1506 5359 1534 5413 ὁ
1585 5366 1686 5430 τῆς
1747 5357 2021 5426 εὐσεϐείας

315 5476 320 5480 .
362 5431 551 5510 λόγος·
583 5444 643 5497 at
673 5442 929 5501 Joannes
963 5431 1187 5503 Latinae
1209 5449 1476 5505 Ecclesiae
1509 5451 1747 5506 nomine
1775 5453 2022 5524 protulit

361 5543 431 5581 ex
487 5531 893 5589 vetustissimo
953 5537 1149 5592 codice
1199 5538 1401 5595 Basilii
1455 5541 2022 5613 Constantinopolin

361 5614 604 5674 Nicolao
636 5618 869 5678 Cusano
909 5623 1123 5697 delato,
1156 5629 1256 5698 qui
1303 5632 1438 5683 ante
1488 5633 1794 5685 sexcentos
1835 5645 2019 5688 annos

358 5705 658 5764 videretur
679 5713 1398 5783 exaratus,testimonium
1422 5714 1580 5772 istud
1611 5731 1680 5774 ex
1709 5717 1819 5775 hoc
1848 5719 2018 5778 tertio

2140 4758 2252 4813 que
2271 4743 2534 4799 abfuisse
2556 4744 2627 4799 ab
2652 4744 3136 4816 interpretatione
3152 4747 3414 4819 Trapez.,
3432 4732 3498 4802 ac
3521 4747 3792 4819 proinde,

2138 4834 2204 4885 ut
2236 4831 2551 4887 verisimile
2581 4837 2692 4901 est,
2719 4849 2752 4888 a
2783 4834 2978 4890 codice
3011 4852 3124 4892 ms:
3168 4853 3284 4908 quo
3339 4835 3436 4892 ille
3484 4854 3632 4892 usus
3675 4841 3793 4907 est,

2136 4937 2269 4975 cum
2295 4925 2428 4975 ante
2449 4921 2702 4992 primam
2727 4923 3111 4980 Basiliensem
3134 4926 3451 4982 editionem
3479 4925 3588 4982 hos
3605 4926 3795 4982 libros

2134 5009 2372 5066 verterit
2404 5025 2417 5065 :
2453 5010 2662 5066 deinde
2721 5013 2982 5070 abfuisse
3030 5031 3266 5088 quoque
3298 5033 3331 5070 a
3363 5015 3540 5088 Regio
3587 5015 3792 5071 codice

2134 5098 2305 5165 illud,
2340 5093 2493 5165 ἴσως,
2525 5098 2661 5156 licet
2692 5118 2806 5158 non
2856 5103 3011 5159 absit
3053 5103 3301 5160 alterum
3355 5104 3524 5172 illud,
3551 5101 3642 5157 'iva
3695 5104 3791 5158 καὶ

2134 5183 2280 5247 ὅλως
2305 5189 2780 5262 ιτυγχιι›ρ·ιςσιι.›μεν⁹
2814 5191 3066 5265 denique
3097 5193 3157 5249 in
3189 5211 3255 5250 eo
3297 5194 3618 5267 legebatur,
3669 5210 3792 5251 non

2134 5273 2179 5328 εἰ
2228 5275 2316 5329 καὶ
2378 5272 2709 5352 ὑποϐέϐηκε,
2765 5283 2861 5338 sed
2921 5281 2967 5335 εί
3025 5282 3112 5336 καὶ
3175 5277 3544 5353 ὐποϐεϐηκὸς,
3596 5301 3794 5356 neque

2130 5364 2222 5418 καὶ
2295 5366 2356 5420 τὸ
2428 5365 2725 5423 ἀκόλουοον
2804 5369 3046 5443 ἐκεῖθεν,
3101 5375 3202 5430 sed
3272 5372 3482 5449 φύσεως
3555 5371 3788 5428 ἀκολου-

2133 5455 2279 5523 θοίη,
2313 5453 2510 5520 ἐκεῖθεν
2541 5453 2728 5526 δῆλον.
2763 5460 3206 5519 Observandum
3253 5469 3342 5520 est
3389 5468 3689 5536 praeterea,
3724 5466 3787 5521 in

2131 5545 2376 5602 concilio
2403 5547 2734 5605 Florentino
2766 5567 2834 5606 ex
2878 5550 3047 5608 libris
3091 5553 3426 5610 Graecorum
3476 5554 3557 5610 ita
3615 5555 3790 5611 citari

2129 5634 2285 5690 hunc
2335 5635 2525 5692 locum
2564 5655 2620 5710 p.
2665 5640 2789 5708 473,
2823 5645 2889 5696 ut
2915 5659 3030 5698 non
3062 5638 3320 5716 πρόοδος,
3355 5644 3456 5698 sed
3511 5639 3789 5717 πρόσοδος

2127 5719 2216 5778 καὶ
2246 5726 2582 5803 προσαγωγή
2616 5725 2862 5802 legatur,
2891 5729 3001 5789 hoc
3026 5736 3136 5804 est,
3169 5754 3199 5784 ‹‹
3233 5731 3431 5790 aditus
3477 5749 3788 5792 accessus-
