4156 6370
356 350 510 409 1049

1428 347 1507 406 ΙΝ
1553 344 1837 408 LIBROS
1883 345 2196 406 CONTRA
2245 348 2699 412 EUNUMIUM.

3617 348 3774 409 1050

354 494 489 548 que.
527 499 554 526 »
584 480 727 532 Item
763 482 891 546 post
945 476 1418 550 συγχωρήσωμεν,
1471 493 1586 531 non
1636 473 1809 528 οὐκέτ’
1839 473 1900 528 ἃν
1928 472 2001 526 εἱ-

2136 493 2166 530 ).
2202 477 2289 543 Μ,
2324 482 2380 532 et
2411 479 2468 532 in
2501 477 2703 534 Matth.
2741 496 2902 547 xvm,
2935 480 3020 546 10,
3056 480 3112 534 in
3157 480 3474 535 Harmonia
3501 479 3771 547 Evangel.

353 566 528 626 κότως
560 565 633 626 ὡς
665 564 975 638 ἀλλοτρίως
1010 563 1254 638 ὑπάρχον
1288 564 1517 640 φύσεως,
1550 567 1648 619 sed
1687 565 1878 636 potius
1902 563 2008 638 οὐχ

356 654 508 727 ὅμως
544 652 729 708 ἕπεται
776 653 866 708 καὶ
921 652 1218 728 ἀλλοτρίας
1267 653 1398 708 εἶναι
1450 653 1675 732 φύσεως·
1712 679 1738 706 ‹‹
1775 673 1885 710 non
1921 662 2008 710 ta-

357 764 490 801 men
541 748 809 817 sequitur
838 747 1038 800 alienae
1071 763 1199 801 esse
1242 753 1479 801 naturas.
1521 767 1544 797 ν
1580 750 1704 811 Qua
1733 749 2012 802 varietate

354 836 671 891 lectionum
705 835 1112 890 animadversa
1137 836 1342 890 merito
1366 839 1738 892 contendisse
1760 839 2008 892 arbitra-

353 927 548 980 bimur
566 926 850 980 Joannem
881 923 1301 979 Provinolalem
1329 927 1384 980 in
1409 926 1654 981 concilio
1680 926 2011 981 Florentino

354 1013 708 1085 particulam
741 1013 914 1081 hanc,
951 1007 1098 1081 ἴσως,
1139 1037 1165 1065 ιι
1211 1015 1476 1080 fortasse,
1516 1038 1536 1063 ι
1575 1032 1701 1085 ques
1754 1015 2012 1075 inﬂlihris

348 1104 684 1160 Graecorum
746 1102 1007 1168 additur,
1063 1102 1320 1174 itemque
1380 1103 1523 1158 illud
1575 1101 1665 1157 ἵνα
1721 1103 1810 1158 καὶ
1866 1103 2013 1166 ὅλως

346 1190 830 1265 συγχωρήσωμεν,
891 1208 1166 1264 magnam
1227 1193 1442 1248 Basilio
1510 1201 1708 1250 notam
1755 1195 2008 1252 inurere.

342 1280 483 1334 Vult
508 1281 665 1335 enim
701 1279 760 1334 in
787 1280 894 1335 hoc
917 1280 1111 1352 capite
1132 1281 1385 1337 Basilius
1417 1285 1897 1354 consequentiam
1922 1303 2010 1340 re-

349 1367 573 1437 fellere,
607 1385 729 1439 qua
761 1369 1035 1424 utebatur
1059 1370 1382 1426 Eunomius
1401 1371 1510 1427 hoc
1535 1373 1726 1428 modo:
1751 1375 1869 1428 Etsi
1897 1380 2012 1430 ter-

363 1458 480 1514 tius
510 1463 600 1514 est
628 1459 938 1530 dignitate,
972 1477 1086 1515 non
1119 1461 1287 1532 sequi
1319 1467 1513 1517 tamen
1550 1468 1615 1518 ut
1643 1468 1852 1519 natura
1870 1482 2013 1536 quo-

361 1564 476 1619 que
515 1547 590 1602 sit
620 1546 825 1602 tertius
847 1548 1099 1618 Spiritus
1132 1555 1391 1605 sanctus.
1417 1551 1474 1605 Si
1500 1568 1636 1623 ergo
1675 1554 1756 1608 ita
1778 1554 2013 1627 diceret,

363 1657 390 1684 «
425 1635 604 1690 tradit
633 1637 880 1690 fortasse
907 1636 1141 1708 pietatis
1159 1655 1372 1709 sermo,
1402 1661 1429 1688 »
1456 1641 1673 1697 mirum
1700 1643 2013 1712 videretur,

364 1723 560 1796 ipsum
593 1725 664 1779 de
695 1741 760 1780 eo
793 1726 1084 1796 dubitare,
1117 1728 1270 1800 quod
1304 1745 1634 1786 asseverare
1663 1732 1899 1790 deberet
1944 1737 2014 1791 ad

2121 566 2440 620 Conﬁrmat
2471 568 2577 622 hoc
2602 569 2794 638 ipsum
2824 569 3070 624 Severus
3094 568 3310 623 Catena
3330 568 3527 622 Graeca
3550 568 3608 622 in
3637 567 3776 621 Can-

2121 654 2234 710 tica
2268 655 2580 726 Scriptura:
2611 673 2623 710 :
2661 661 2795 709 Πᾶσι
2818 662 2936 717 τοῖς
2960 653 3129 711 ἔθνεσι
3155 654 3571 730 διαμερισθεῖσιν
3598 654 3773 727 ῗσαρί-

2122 753 2295 813 Ομους
2349 742 2610 817 ἀγγέλους
2667 743 2995 814 ἰπὲστησεν,
3055 744 3264 817 ἑκάστῳ
3321 745 3456 818 πρὸς
3524 741 3770 822 φυλακὴν

2123 831 2380 907 ἀφορίσας
2432 829 2524 885 ἕνα
2562 835 2700 888 τινὰ.
2752 834 2854 888 Καὶ
2907 835 3006 909 γὰρ
3061 835 3192 888 εἶναι
3253 833 3446 896 αὐτοὺς
3494 832 3774 906 πνεύματα

2122 917 2476 994 λειτουργικὰ
2529 921 2604 983 εἷς
2665 919 2931 977 διακονίαν
3004 921 3459 994 ἀποστελλόμενα
3509 919 3599 976 διὰ
3651 920 3776 981 τοὺς

2126 1008 2428 1080 μέλλοντας
2477 1009 2853 1084 κληρονομίαν
2904 1013 3194 1086 σωτηρίας,
3253 1012 3418 1066 πάλιν
3470 1011 3614 1086 παρὰ
3666 1011 3772 1064 τῶν

2123 1098 2494 1162 θεοπνεύστων
2546 1102 2889 1173 Γραμμάτων
2938 1101 3228 1174 ἀκούομεν’
3284 1101 3397 1156 ἐπεὶ
3447 1101 3535 1156 καὶ
3566 1101 3774 1172 ἑκάστῳ

2124 1185 2371 1242 δεδόσθαι
2433 1189 2567 1263 πρὸς
2617 1189 2866 1263 φυλακὴν
2916 1188 3149 1265 ἄγγελον
3201 1194 3236 1260 ἡ
3281 1195 3388 1244 τῶν
3430 1187 3772 1267 Εὐαγγελίων

2123 1277 2405 1331 πιστοῦται
2452 1281 2627 1355 φωνήο
2669 1304 2690 1330 α
2725 1281 3012 1336 Omnibus
3055 1282 3328 1353 gentibus
3363 1281 3566 1336 divisis
3597 1296 3776 1352 ange-

2125 1367 2214 1422 los
2246 1372 2571 1423 secundum
2622 1372 2896 1426 eumdem
2940 1387 3249 1425 numerum
3300 1371 3575 1441 praefecit,
3609 1370 3777 1424 attri-

2125 1456 2310 1511 buens
2357 1457 2616 1528 aliquem
2669 1459 2988 1530 unicuique
3033 1462 3100 1512 ad
3157 1460 3506 1514 custodiam.
3548 1459 3775 1514 Etenim

2126 1563 2254 1601 esse
2286 1546 2444 1616 ipsos
2475 1547 2719 1618 spiritus
2749 1548 3124 1603 ministrosin
3150 1549 3539 1603 ministerium
3565 1549 3781 1602 missos

2128 1640 2364 1705 propter
2394 1653 2492 1690 eos
2516 1639 2613 1706 qui
2639 1636 3038 1692 haereditatem
3071 1636 3278 1691 salutis
3299 1637 3595 1707 accepturi
3617 1641 3778 1700 sunt,

2127 1743 2161 1777 υ.
2193 1725 2514 1796 Scripturis
2544 1726 2826 1780 divinitus
2855 1726 3159 1797 inspiratis
3180 1726 3456 1781 audimus
3481 1725 3780 1796 :quoniam

369 1814 798 1868 confutandum
830 1815 1185 1870 Eunomium
1222 1834 1234 1871 :
1269 1834 1405 1872 nam
1459 1835 1558 1889 per
1588 1822 1816 1878 notiora
1848 1826 2021 1882 debe-
2053 1844 2100 1908 B
2131 1813 2308 1868 etiam
2341 1813 2583 1868 cuilibet
2611 1816 2885 1885 angelum
2919 1818 2990 1870 ad
3023 1815 3352 1871 custodiam
3377 1816 3577 1870 datum
3602 1815 3783 1870 fuisse

375 1920 507 1957 mus
540 1920 607 1957 ea
664 1920 791 1974 qua:
850 1905 1049 1960 minus
1105 1911 1246 1961 sunt
1298 1911 1432 1962 nota
1479 1911 1804 1969 ostendere.
1849 1921 2026 1978 Addit

373 1991 550 2045 etiam
581 1992 854 2046 eumdem
906 1993 965 2047 in
1007 1992 1251 2049 homilia
1285 1999 1363 2050 Ue
1405 1998 1611 2065 spiritu
1637 2008 1828 2059 sancte
1859 2024 2024 2066 asse-

375 2095 499 2134 rere
559 2095 572 2133 :
627 2083 882 2152 Φανερῶς
934 2080 1022 2133 καὶ
1079 2080 1615 2156 ἀποκεκαλυμμὲνως
1684 2089 1746 2144 τὸ
1808 2100 2026 2170 Πνεῦμα

374 2159 640 2236 λαμϐάνει
700 2166 844 2242 παρὰ
901 2171 1000 2220 τοῦ
1052 2170 1176 2223 ι”ιοῦ
1229 2170 1404 2246 χωρίς
1451 2193 1598 2236 τινος
1659 2159 2022 2256 ἀμφιϐολίας

372 2277 396 2303 ‹‹
433 2256 737 2312 Manifeste
769 2258 1192 2332 propalamque
1223 2261 1503 2334 Spiritum
1538 2275 1806 2326 sanctum
1833 2277 2024 2332 aFilio

369 2346 634 2417 accipere
682 2347 828 2402 citra
859 2348 1035 2403 ullam
1070 2349 1518 2409 haesitationem.
1555 2378 1582 2405 ››
1615 2359 1762 2415 Tum
1797 2379 1865 2418 ex
1896 2367 2025 2422 aliis

369 2436 624 2491 auctoris
657 2437 843 2492 nostri
865 2436 1009 2494 locis
1031 2457 1098 2494 ex
1121 2441 1227 2496 hoc
1246 2458 1418 2514 opere
1446 2450 1647 2502 contra
1670 2449 2024 2512 Eunomium

369 2523 701 2595 desumptis
753 2526 858 2582 hoc
911 2529 1041 2582 ﬁdei
1075 2531 1289 2602 dogma
1341 2535 1562 2605 probat,
1605 2554 1731 2609 quae
1777 2543 2026 2601 subinde

368 2627 502 2667 cum
535 2621 846 2671 occurrent
875 2617 1292 2676 indicabimus.

441 2718 560 2810 Col.
609 2721 714 2776 658
759 2724 826 2778 Α.
861 2723 1251 2782 Castrametub.
1309 2731 1737 2803 Trapezuntius
1770 2738 2026 2810 scripse-

371 2812 484 2877 rat,
521 2809 976 2902 Castrametatur,
1011 2819 1075 2870 ut
1106 2815 1164 2870 in
1197 2821 1471 2889 praesenti
1503 2824 1714 2880 extulit
1745 2809 2027 2902 Hierony-

379 2913 512 2991 mus
543 2915 612 2954 ex
644 2901 903 2974 Hebraeo,
936 2903 1251 2962 Circumdat
1282 2911 1516 2980 angelus
1537 2913 1761 2970 Domini
1790 2919 1851 2972 in
1889 2901 2027 2991 gyro

373 2987 622 3075 timentes
668 3006 815 3058 eum,
865 2993 1036 3063 quasi
1081 3001 1237 3051 esset
1283 2996 1476 3054 Greece
1524 2987 1943 3075 παρεμϐάλλειί
1967 3012 2029 3064 at

371 3074 548 3164 editio
589 3079 808 3132 Veneta
848 3079 1111 3136 omnium
1145 3083 1358 3154 prima,
1381 3091 1437 3141 et
1467 3074 1810 3147 Basiliensis
1831 3097 2025 3164 poste-

2133 1901 2581 1973 Evangeliorum
2613 1919 2719 1958 vox
2749 1909 3014 1959 testatur.
3050 1926 3079 1954 »

2208 2009 2352 2064 lbid.
2389 2009 2476 2065 42.
2519 2011 2735 2064 Restitit
2773 2010 2935 2066 mihi.
2970 2011 3055 2065 Ad
3089 2012 3329 2066 verbum
3366 2011 3593 2078 fuisset,
3633 2013 3784 2067 stetit

2135 2115 2205 2154 ex
2234 2099 2458 2153 adverso
2487 2101 2646 2164 mihi,
2684 2103 2742 2154 et
2771 2099 2943 2170 paulo
2977 2105 3128 2170 post,
3160 2099 3250 2153 καὶ
3281 2097 3440 2153 αὐτὸν
3462 2096 3783 2170 κατέλιπον,

2134 2192 2186 2242 et
2215 2190 2399 2256 ipsum
2427 2189 2633 2258 reliqui
2659 2206 2782 2243 cum
2811 2192 3062 2260 principe
3091 2193 3236 2258 regis
3265 2189 3374 2261 (vel
3414 2191 3594 2260 regni,
3628 2194 3693 2245 ut
3722 2189 3782 2245 in

2137 2277 2268 2332 aliis
2326 2276 2494 2332 libris
2548 2277 2782 2348 legitur,
2847 2276 3150 2351 βασιλείας)
3199 2281 3517 2335 Persarum.
3566 2283 3780 2349 Trape-

2135 2367 2371 2421 zuntius
2403 2365 2664 2438 Vulgata:
2699 2367 2913 2422 Latinae
2944 2370 3116 2423 verba
3142 2369 3466 2440 usurpavit,
3492 2369 3645 2438 quod
3679 2383 3781 2422 ne-

2136 2472 2299 2510 cesse
2348 2472 2459 2509 non
2514 2457 2641 2520 fuit,
2693 2473 2829 2511 cum
2879 2457 3295 2528 prophetarum
3346 2461 3540 2512 textus
3573 2472 3782 2511 secun-

2135 2546 2275 2599 dum
2311 2546 2467 2600 LXX
2493 2546 2923 2600 convertendus
2953 2550 3108 2600 esset
3139 2562 3169 2600 e
3199 2545 3418 2608 Graeco,
3451 2562 3552 2600 seu
3589 2546 3782 2616 potius

2135 2651 2202 2689 ex
2225 2635 2278 2689 S.
2310 2633 2644 2706 Hieronymi
2668 2635 3086 2690 commentario
3111 2634 3266 2690 Itala
3289 2635 3572 2689 versionis
3595 2638 3784 2690 textus

2135 2725 2557 2791 consulendus,
2602 2725 2754 2794 quod
2801 2724 2935 2779 fecit
2969 2723 3287 2779 Flaminius
3327 2723 3615 2792 Nobilius,
3647 2740 3778 2778 cum

2135 2817 2460 2869 Romanam
2491 2813 2806 2868 editionem
2840 2815 3170 2869 adornaret.
3199 2815 3260 2867 In
3294 2813 3470 2883 Regio
3493 2818 3688 2868 tamen
3712 2814 3778 2866 Η.

2133 2908 2364 2958 tantum
2415 2908 2539 2957 erat
2585 2901 2718 2972 μετά
2757 2905 2853 2955 τοῦ
2884 2898 3150 2974 ἄρχοντος
3182 2902 3423 2974 Περσῶν,
3459 2906 3516 2956 et
3545 2902 3602 2955 in
3635 2901 3778 2956 Vul-

2136 2998 2273 3063 gata
2292 2993 2456 3062 juxta
2485 3007 2664 3061 regem
2692 2993 3007 3046 Persarum.

2207 3097 2324 3152 Col.
2357 3099 2463 3151 659
2493 3099 2553 3152 Β.
2592 3103 2674 3153 Ex
2701 3100 3028 3154 attentione.
3066 3098 3517 3153 Immutavimus
3552 3097 3653 3152 illa
3699 3097 3785 3152 in-

371 3162 718 3272 rioprPasi'l'ii
775 3166 1026 3272 habent,‘
1060 3174 1124 3225 ut
1399 3175 1552 3272 Psal.
1602 3196 1800 3251 xxxm,
1833 3162 2027 3257 Smp-
2057 3205 2100 3272 ρ
2138 3187 2430 3259 torpretis,
2457 3211 2483 3238 ‹‹
2517 3204 2644 3258 quas
2675 3189 2745 3243 ad
2778 3187 3328 3259 obtemperandum,
3368 3192 3423 3243 et
3453 3185 3780 3257 diligenter,

369 3245 601 3322 εμϐαλεῐ
647 3253 866 3328 Κύριος,
913 3261 1415 3331 castrametabitur,
1450 3264 1594 3321 Beza
1646 3245 2027 3345 vero'perpe-

370 3357 518 3409 ram,
550 3343 744 3399 Castra
770 3349 1002 3402 metatus
1031 3359 1132 3405 est.

442 3440 585 3496 Ibid.
620 3443 659 3496 Α
694 3444 778 3498 10.
812 3445 1165 3515 Angelorum.
1201 3451 1368 3520 Apud
1414 3452 1550 3508 LXX
1584 3453 1857 3526 legimus,
1889 3459 2027 3512 κατὰ

368 3526 598 3602 ἀριθμὸν
648 3529 898 3606 ἀγγέλων
955 3539 1109 3606 Θεοῦ,
1173 3539 1333 3595 iuxta
1364 3558 1657 3599 numerum
1699 3548 2028 3618 angelorum

369 3619 486 3686 Dei,
523 3624 579 3673 et
611 3619 690 3675 ita
721 3621 1101 3696 Novatianus,
1131 3626 1232 3682 lib.
1257 3629 1330 3684 De
1362 3631 1639 3701 trinitate,
1671 3640 1728 3689 et
1758 3635 2025 3704 Ruﬁnus,

370 3705 517 3760 libro
566 3708 634 3761 De
676 3709 959 3780 Symbolo,
1010 3719 1067 3768 et
1114 3715 1521 3790 Hieronymus,
1575 3721 1672 3778 lib.
1727 3741 1768 3779 ιι
1820 3727 1881 3780 in
1923 3727 2028 3781 Mi-

368 3794 580 3886 chzeam
610 3816 623 3864 ;
659 3796 937 3870 Origenes
969 3818 1224 3874 quoque,
1258 3805 1496 3865 homilia
1534 3811 1604 3865 28
1644 3813 1704 3867 in
1734 3818 2026 3886 Numeros,

377 3904 397 3930 ι
434 3885 704 3940 Filiorum
737 3888 852 3954 Dei,
885 3889 994 3956 vel,
1030 3895 1092 3945 ut
1136 3892 1194 3946 in
1230 3893 1361 3950 aliis
1409 3899 1846 3970 exemplaribus
1877 3885 2026 3974 legi?-

372 3989 528 4040 mus,
560 3975 810 4043 ﬁliorum
857 3979 1072 4034 Israel:
1117 4003 1144 4030 ››
1178 3999 1353 4052 quam
1409 3987 1483 4040 ob
1533 4003 1776 4044 causam
1827 3992 2023 4062 suspi-

368 4069 578 4117 cantur
607 4066 848 4137 quidam
899 4067 958 4123 in
1009 4068 1364 4140 quibusdam
1404 4076 1838 4148 exemplaribus
1873 4079 2025 4136 LXX

367 4151 755 4225 interpretum
783 4155 866 4211 ita
896 4157 1180 4230 scriptum
1206 4161 1408 4229 fuisse,
1434 4168 1498 4218 ut
1527 4181 1596 4220 ex
1618 4166 1856 4224 Hebraeo
1888 4169 2024 4224 Vul-

366 4246 502 4311 gata
562 4243 788 4315 Latina,
845 4246 1092 4316 ﬁliorum
1149 4249 1339 4322 Israel,
1402 4253 1516 4309 nisi
1574 4255 1720 4313 forte
1768 4257 2020 4315 aliorum

365 4332 786 4402 exemplarium
822 4336 1056 4392 nomine
1087 4354 1154 4394 ea
1187 4341 1374 4395 Biblia
1400 4341 1689 4400 intellexit
1717 4347 2020 4420 Origenes,

366 4437 494 4491 quae
522 4437 887 4479 communem
908 4425 1166 4483 Graecam
1190 4431 1507 4488 editionem
1531 4439 1591 4489 et
1622 4435 1862 4492 mistam
1885 4455 2022 4493 con-

363 4509 632 4566 tinebant
652 4528 718 4567 ex
742 4512 873 4569 aliis
893 4513 1476 4588 interpretibus,cum
1501 4528 1728 4579 constet
1751 4526 2022 4597 Aquilam

2140 3293 2267 3348 quae
2299 3277 2617 3333 commissa
2647 3281 2806 3342 sunt,
2832 3275 3563 3339 curandum,sanctiﬁcatm
3587 3278 3780 3330 sunt.»

2138 3367 2397 3440 Προσοχή
2457 3367 2613 3422 enim
2672 3365 2831 3421 aliud
2893 3370 3081 3430 sonat,
3143 3364 3300 3420 aliud
3351 3364 3586 3433 ὑπακοή*
3643 3365 3784 3419 Beza

2135 3471 2292 3520 vero,
2327 3454 2424 3524 qui
2457 3454 2826 3526 Trapezuntii
2857 3453 3182 3508 versionem
3209 3452 3522 3507 emendare
3553 3450 3784 3506 inutilis

2136 3560 2263 3599 esse
2295 3543 2512 3598 laboris
2533 3543 2938 3615 dixit,longius
2965 3559 2998 3596 a
3019 3546 3213 3598 mente
3235 3543 3492 3597 auctoris
3515 3540 3785 3596 discessit

2137 3632 2423 3688 scribens.
2459 3655 2486 3683 ‹‹
2521 3633 2772 3704 Spiritus
2819 3649 2887 3688 ex
2935 3649 3001 3688 eo
3041 3632 3196 3703 quod
3237 3630 3351 3686 Deo
3381 3633 3596 3694 astant,
3629 3635 3685 3685 et
3714 3646 3783 3685 ex

2138 3721 2456 3777 functionis
2490 3739 2611 3777 sua)
2642 3722 2866 3776 ratione
2890 3721 3164 3792 prazditos
3186 3719 3394 3774 merito
3425 3736 3541 3774 non
3569 3719 3783 3776 dixeris

2137 3817 2346 3866 natura
2377 3815 2612 3866 sanctos
2643 3825 2793 3866 esse.
2824 3829 2850 3861 ι)
2889 3810 3167 3866 Homines
3197 3809 3415 3880 quippe
3445 3825 3604 3863 nova:
3650 3807 3782 3864 reli-

2135 3899 2326 3970 gionis
2359 3913 2674 3970 praecones,
2696 3899 2794 3970 qui
2818 3902 3035 3970 negant
3056 3898 3484 3953 incrementum
3506 3896 3704 3968 gratias
3727 3900 3784 3952 et

2135 3988 2660 4043 sanctiﬁcationem
2693 3989 2902 4043 mereri
2935 4005 3042 4044 nos
3069 4003 3257 4059 posse,
3291 3985 3640 4042 sententiam
3672 3989 3779 4040 Pa-

2132 4081 2289 4132 trum
2315 4094 2428 4132 non
2454 4077 2715 4148 capiunt,
2739 4093 2868 4132 cum
2897 4075 3249 4132 sanctiﬁcari
3271 4081 3570 4130 creaturas
3589 4075 3781 4129 studio

2133 4170 2189 4221 et
2219 4168 2540 4221 attentione
2569 4167 2860 4237 acquisita
2891 4166 3199 4220 sanctitate
3223 4165 3783 4234 concedunt,cujus-

2134 4255 2290 4310 modi
2332 4261 2414 4310 est
2447 4255 2544 4311 ille
2593 4257 2776 4311 nostri
2819 4255 2997 4325 hujus
3029 4254 3282 4309 auctoris
3337 4257 3542 4325 quaest.
3583 4253 3654 4307 53
3686 4254 3780 4308 Re-

2131 4346 2313 4416 gular.
2367 4345 2624 4402 brevior.:
2675 4343 2970 4418 Ἃγιασμὸς
3001 4340 3058 4397 δέ
3096 4341 3205 4397 ἐστι
3255 4341 3318 4396 τὸ
3367 4341 3672 4395 ἀνακεῖσθαι
3698 4344 3778 4395 τῶ

2133 4433 2268 4508 ἁγίῳ
2317 4438 2434 4506 Θεῷ
2495 4433 2546 4504 ἐξ
2603 4431 2918 4506 ὁλοκλήρου
2978 4432 3066 4486 καὶ
3119 4429 3455 4493 ἀδιαστάτως
3505 4429 3556 4485 ἐν
3615 4431 3773 4485 παντὶ

2135 4528 2309 4597 καιρῷ
2340 4520 2428 4577 ’διά
2457 4520 2742 4601 φροντίδος
2787 4522 2876 4576 καὶ
2909 4519 3150 4591 σπουδῆς
3175 4526 3286 4576 τῶν
3336 4521 3482 4592 αὐτῷ
3530 4518 3779 4593 ἀρεσκόν-

365 4604 422 4654 et
479 4600 904 4686 Symmachum
969 4574 1169 4662 Graece
1225 4574 2019 4686 edidisse"imitabili—iipr

2136 4632 2263 4668 των.
2295 4574 2610 4683 Propt‘erea
2641 4613 2856 4684 pagina
2882 4629 3114 4684 quoque
3160 4612 3429 4683 sequenti
3483 4608 3775 4683 ἀγιασμὸν,

366 4685 611 4758 Ἰσραήλ.
643 4690 790 4746 Beza
827 4709 1062 4766 quoque
1101 4695 1197 4752 hic
1246 4699 1397 4754 satis
1445 4704 1710 4757 attentus
1741 4720 1854 4759 non
1889 4685 2016 4774 fuit,

366 4792 471 4832 nec
502 4778 646 4834 vidit
692 4779 829 4834 κατά
875 4779 1132 4856 ἀριθμόν,
1183 4787 1472 4860 scriptum
1523 4790 1728 4857 fuisse,
1781 4809 1896 4848 non
1927 4791 2018 4846 καὶ

365 4865 619 4940 ἀριθμόν,
645 4871 820 4925 vertit
849 4873 1029 4939 enim,
1057 4882 1109 4929 et
1133 4891 1428 4932 numerum
1459 4881 1801 4950 angelorum.
1829 4882 2022 4938 Potuit

363 4959 582 5024 tamen,
615 4959 661 5013 si
698 4961 976 5015 attentior
1006 4961 1235 5035 fuisset,
1262 4965 1408 5021 illud
1439 4967 1618 5023 etiam
1650 4969 2020 5027 animadver-

362 5048 504 5113 tere,
537 5046 631 5101 hic
680 5047 1015 5104 conﬁrmari
1047 5051 1280 5124 dogma,
1311 5057 1466 5127 quod
1503 5062 1747 5127 cogente
1775 5059 2018 5116 veritate

360 5134 667 5191 confessus
695 5141 785 5192 est
815 5137 1078 5195 scribens
1110 5141 1168 5195 in
1201 5160 1329 5214 cap.
1370 5161 1510 5200 xvm
1543 5147 1748 5203 Matth.
1786 5149 1874 5217 10,
1909 5166 2017 5205 an-

357 5223 519 5294 gelos
555 5225 893 5282 hominibus
945 5230 1319 5300 peculiariter
1367 5234 1636 5291 adhiberi
1681 5238 1954 5294 custodes
1981 5256 2016 5296 a

356 5311 475 5369 Deo
506 5315 786 5370 adversus
835 5317 1108 5375 Satanam
1157 5325 1216 5375 et
1255 5321 1520 5396 impuros
1551 5324 1820 5397 spiritus,
1851 5331 1918 5383 ut
1947 5343 2015 5386 ex

359 5401 629 5473 pluribus
658 5405 888 5460 Veteris
921 5410 1244 5477 praesertim
1269 5413 1630 5470 Testamenti
1657 5415 2013 5474 testimoniis

360 5492 546 5566 liquet
579 5511 591 5548 :
615 5495 851 5550 tametsi
874 5495 1148 5555 Calvinus
1169 5500 1279 5558 hoc
1304 5507 1366 5558 ut
1381 5505 1694 5574 profanum
1717 5509 1776 5560 et
1795 5505 2012 5564 falsum

356 5587 749 5640 commentum
786 5584 1012 5653 irridet,
1045 5587 1309 5648 scribens
1338 5592 1397 5646 in
1425 5609 1502 5649 xv
1544 5597 1826 5650 Actorum
1861 5599 1920 5651 et
1950 5597 2009 5653 in

355 5674 653 5746 psalmum
699 5688 790 5745 xc,
823 5677 880 5732 et
909 5671 970 5729 in
1010 5673 1260 5736 dubium
1293 5686 1524 5740 revocat
1552 5682 1655 5739 lib.
1689 5699 1709 5739 ι
1737 5683 2008 5757 Institut.,

2136 4700 2301 4756 ἆθλον
2352 4707 2638 4774 προκοπῆς
2683 4699 2773 4754 καὶ
2821 4701 3222 4775 εὐαρεστήσεως
3267 4715 3396 4756 esse
3427 4699 3588 4769 dicit,
3621 4700 3776 4770 quod

2132 4793 2422 4864 interpres
2451 4796 2724 4863 verterat,
2759 4815 2787 4843 «
2817 4793 2900 4848 ita
2930 4797 3268 4866 comparata
3309 4796 3419 4858 est,
3447 4795 3512 4845 ut
3552 4788 3780 4845 virtutis

2131 4889 2188 4937 et
2215 4882 2425 4936 divina:
2458 4881 2790 4937 dilectionis
2832 4883 3136 4952 praemium
3179 4879 3645 4937 sanctiﬁcatione
3674 4878 3777 4934 ha-

2131 4972 2285 5026 beat.
2322 4993 2344 5020 ο

2206 5059 2354 5116 Ibid.
2390 5065 2448 5116 C.
2469 5062 2677 5129 Quibus
2701 5070 2904 5118 autem.
2928 5057 3568 5132 Interpretareclarius,
3591 5079 3618 5107 ‹‹
3647 5057 3781 5123 Qui-

2130 5150 2241 5206 bus
2263 5156 2458 5206 autem
2483 5151 2804 5206 adventitia
2824 5157 2878 5206 et
2899 5151 3137 5206 aliunde
3154 5148 3487 5205 contributa
3507 5147 3664 5203 inest
3685 5148 3779 5202 bo-

2127 5240 2304 5310 nitas,
2335 5257 2403 5296 ea
2433 5241 2737 5295 mutabilis
2770 5245 2908 5296 sunt
2940 5239 3394 5310 naturas.Neque
3425 5235 3583 5293 enim
3616 5237 3781 5309 Luci;

2126 5329 2213 5384 fer
2241 5329 2570 5397 cecidisset,
2604 5329 2705 5400 qui
2728 5345 2900 5384 mane
2921 5330 3239 5399 oriebatur,
3259 5343 3451 5399 neque
3483 5326 3542 5382 in
3563 5330 3776 5397 terra,»

2126 5427 2237 5474 etc.
2272 5419 2382 5474 Isa.
2416 5435 2531 5487 xiv,
2565 5419 2652 5472 12.

2199 5508 2346 5564 Ibid.
2405 5508 2451 5564 D
2491 5509 2545 5562 5.
2599 5511 2720 5579 Quo
2775 5513 2932 5579 pacto
2987 5512 3192 5566 tertiae.
3243 5508 3339 5564 Sic
3395 5507 3772 5563 emendatum

2122 5615 2156 5654 a
2188 5599 2356 5654 nobis
2387 5603 2478 5655 est
2523 5615 2592 5654 ex
2639 5598 2810 5670 Regio
2841 5599 2909 5655 H.
2957 5601 3014 5661 in
3066 5601 3264 5656 Graeco
3313 5603 3498 5665 textu,
3547 5616 3678 5654 cum
3707 5599 3769 5653 in

2119 5689 2430 5746 Basiliensi
2458 5688 2750 5762 legeretur
2790 5691 2909 5753 πῶς
2953 5687 3137 5765 τρίτον
3176 5711 3191 5764 ;
3224 5695 3283 5749 et
3311 5691 3372 5747 in
3421 5686 3769 5760 Stephanasa
