4156 6362
403 350 559 409 1051

1594 346 1829 408 NOTAE
1874 346 2326 409 FRONTONIS
2370 348 2633 410 DUCIEI

3678 348 3864 410 1052

407 496 664 552 quoque,
697 498 763 536 ac
814 481 956 537 Beza
986 481 1156 553 pejus
1186 478 1605 550 interpretatus
1643 481 1821 547 esset,
1856 500 1884 528 ‹‹
1917 494 2061 550 quo-
2090 479 2146 546 Α
2178 482 2417 552 Πνεῦμα.
2450 482 2514 538 Si
2562 480 2701 553 quid
2755 482 2953 538 arcani
3000 496 3126 538 cum
3184 481 3288 537 Deo
3333 495 3628 537 commune
3676 479 3867 535 habet

403 571 579 625 modo
609 570 848 626 tertium
881 574 971 626 est
991 570 1018 624 ‘I
1041 592 1069 619 ››
1103 568 1465 624 Existimavit
1494 568 1904 640 corrigendum
1942 570 2060 627 πῶς

402 658 627 733 τρίτον;
664 661 820 732 quod
853 664 910 715 et
954 658 1176 715 Veneta
1223 658 1399 714 editio
1432 675 1546 730 praa
1592 673 1653 713 se
1686 659 1815 728 fert,
1850 657 1949 713 sed
1979 656 2058 714 ita

396 750 744 805 vertendum
793 753 935 817 erat,
980 772 1007 799 «
1055 749 1350 820 quomodo
1399 748 1608 804 tertius
1640 748 1837 803 est?»
1880 746 2059 802 nimi-

398 854 532 894 rum
580 840 833 911 Spiritus
879 844 1139 893 sanctus.
1174 838 1357 909 Major
1403 838 1715 893 oscitantis
1750 837 1861 892 fuit
1907 838 2057 907 ejus,

398 943 506 984 nec
538 934 735 983 tamen
770 929 842 983 ab
872 927 1145 983 Herodoti
1178 931 1426 999 patrono
1459 927 1890 997 animadversa,
1924 940 2058 981 cum

398 1021 744 1089 sequentem
788 1016 1059 1073 Jeremiae
1103 1016 1299 1073 locum
1350 1017 1854 1087 interpretaretur,
1896 1013 2058 1069 Chri-

396 1110 515 1162 stus
565 1108 828 1163 Dominus
873 1107 972 1162 sub
1033 1107 1193 1176 cujus
1237 1107 1564 1163 umbrarum
1611 1106 1706 1162 ala
1759 1106 1997 1160 vivimus
2039 1120 2059 1158 :

398 1213 538 1251 nam
598 1201 657 1253 et
713 1196 916 1253 omisit
968 1197 1115 1253 illud
1165 1195 1227 1249 οὗ
1278 1192 1528 1267 ε’ἱπαμεν,
1578 1200 1635 1251 et
1671 1195 1937 1251 ordinem
1967 1192 2057 1248 in-

392 1285 570 1342 vertit
595 1287 928 1356 verborum,
957 1288 1040 1343 ita
1093 1287 1298 1343 dicens
1329 1304 1433 1359 pro
1468 1306 1497 1336 «
1526 1286 1638 1341 sub
1687 1284 1893 1341 umbra
1945 1282 2059 1339 ala-

394 1394 551 1432 rum.
588 1401 610 1430 ιι
647 1377 897 1442 Quidam
933 1379 1088 1451 apud
1119 1377 1459 1445 Jeremiam,
1492 1376 1706 1432 Thren.
1747 1392 1823 1442 ιν,
1864 1376 1956 1430 20:
1979 1371 2057 1430 Οὔ

393 1462 650 1537 εἴποιμεν,
710 1465 799 1521 Ἐν
854 1468 923 1539 τῇ
984 1470 1109 1536 σκιᾷ
1163 1469 1270 1519 τῶν
1330 1462 1610 1538 πτερύγων
1670 1461 1835 1517 αὐτοῦ
1895 1460 2055 1533 ζησό-

396 1564 559 1627 μεθοι,
591 1555 678 1611 sic
712 1556 912 1612 Latine
943 1561 1292 1612 convertunt
1318 1572 1331 1611 :
1369 1556 1480 1611 Cui
1500 1556 1768 1625 diximus,
1797 1554 1913 1610 Sub
1934 1569 2059 1608 um-

399 1646 501 1702 bra
532 1645 760 1701 alarum
805 1646 923 1717 ejus
972 1649 1233 1701 vivemus.
1266 1645 1375 1700 Sed
1426 1644 1807 1701 scribendum
1862 1642 2059 1715 potius

395 1734 612 1791 fuisset
651 1739 717 1791 ut
762 1740 853 1793 est
904 1735 965 1789 in
1014 1734 1286 1807 Vulgata,
1318 1736 1425 1791 Cui
1470 1734 1739 1802 diximus,
1771 1734 1833 1789 In
1864 1732 2060 1787 umbra

397 1831 493 1880 tua
521 1826 791 1881 vivemus.
838 1826 902 1880 In
957 1825 1216 1881 editione
1258 1825 1521 1880 Romana
1569 1823 1810 1889 rectius,
1850 1823 1925 1877 De
1954 1836 2061 1892 quo

394 1916 661 1986 diximus,
710 1919 775 1973 In
814 1916 1015 1972 umbra
1062 1916 1178 1987 ejus
1224 1916 1489 1971 vivemus.
1524 1915 1635 1971 Sed
1678 1913 2060 1970 Hebraismus

396 2012 487 2064 est
529 2008 587 2063 in
629 2007 822 2064 verbis
874 2007 1032 2073 LXX,
1065 2007 1127 2063 in
1173 2023 1287 2079 quo
1327 2023 1652 2079 pronomen
1679 2005 1803 2078 ejus
1851 1999 2058 2077 παρέλ-

393 2116 501 2168 κει,
535 2096 689 2153 sicut
732 2097 947 2170 psalm.
997 2113 1192 2169 exuli,
1227 2097 1298 2153 15
1330 2113 1344 2152 :
1377 2099 1585 2153 Beatus
1610 2095 1871 2169 populus,
1903 2094 2062 2166 cujus

398 2190 667 2244 Dominus
696 2192 845 2244 Deus
874 2189 1008 2257 eius.
1040 2188 1247 2260 Itaque
1278 2188 1486 2244 Latina
1513 2186 1832 2253 locutione,
1866 2188 2061 2240 amoto

403 2278 781 2346 Hebraismo,
839 2278 1157 2333 dicendum
1208 2283 1386 2345 esset,
1435 2278 1607 2345 Cujus
1662 2276 1910 2332 diximus
1965 2290 2065 2330 nos

400 2367 501 2424 sub
561 2368 759 2423 umbra
787 2368 1007 2424 alarum
1059 2383 1173 2424 esse
1200 2370 1438 2424 victuros
1466 2407 1481 2423 .
1540 2367 1635 2423 Sic
1692 2365 2066 2431 Ambrosius,

403 2457 464 2511 in
524 2456 824 2528 psalmum
882 2474 1072 2529 cxvm,
1130 2457 1240 2513 Sub
1298 2460 1459 2530 cujus
1514 2455 1733 2522 umbra,
1794 2454 2061 2521 diximus,

401 2549 651 2603 vivemus
686 2586 700 2601 .
757 2548 868 2603 Sed
925 2564 1036 2603 vox
1087 2545 1367 2620 πτερύγων
1426 2547 1595 2602 abest
1665 2545 1737 2601 ab
1794 2543 2063 2601 Jeremiae

404 2642 591 2705 textu,
625 2637 808 2693 ascita
839 2638 912 2693 ab
960 2641 1218 2706 auctore,
1251 2653 1388 2693 cum
1437 2636 1567 2707 ejus
1600 2636 1850 2691 fortasse
1882 2636 2063 2696 menti

405 2728 819 2783 observaretur
857 2726 1003 2782 illud
1056 2726 1267 2799 psalmi
1307 2742 1417 2797 ινι,
1461 2726 1496 2778 2
1531 2722 1670 2779 εΚαὶ
1718 2721 1770 2776 ἐν
1819 2725 1890 2795 τῇ
1942 2723 2067 2789 σκιᾷ

404 2819 515 2870 τῶν
546 2813 829 2889 πτερύγων
862 2835 958 2869 σου
1002 2812 1202 2883 timo,
1235 2817 1302 2871 Et
1352 2816 1409 2871 in
1460 2814 1658 2869 umbra
1696 2814 1917 2869 alarum
1947 2817 2065 2868 tua-

407 2923 536 2961 rum
556 2905 785 2978 sperabo
817 2922 831 2972 ;
865 2904 974 2960 hoc
1004 2914 1113 2969 est,
1136 2905 1196 2959 in
1227 2903 1508 2975 tegmine,
1540 2902 1652 2958 sub
1682 2900 2065 2973 protectione,

408 2996 561 3052 utin
612 2994 763 3067 psal.
812 3011 930 3061 XVI,
980 2995 1035 3062 8,
1088 2992 1175 3047 Ἐν
1228 2990 1397 3065 σκέπῃ
1442 2994 1549 3045 τῶν
1598 2987 1883 3064 πτερύγων
1942 3008 2065 3043 σκε-

401 3085 593 3145 πάσεις
626 3104 715 3156 με,
742 3086 808 3141 In
848 3085 1086 3156 tegmine
1130 3083 1356 3138 alarum
1406 3089 1635 3137 tuarum
1663 3088 1911 3152 proteges
1957 3093 2061 3134 me.

402 3175 681 3247 Vulgata,
711 3173 822 3229 Sub
850 3175 1047 3230 umbra
1077 3173 1303 3229 alarum
1334 3175 1585 3227 tuarum.
1618 3171 1688 3226 Et
1718 3168 1878 3225 Isaiae
1909 3185 2060 3233 mx,

2169 568 2433 641 Spiritus,
2459 587 2586 626 cum
2614 587 2790 643 neque
2818 572 3036 628 alienus
3065 571 3140 627 ab
3172 586 3232 626 eo
3259 571 3353 636 sit,
3384 586 3561 642 neque
3577 571 3818 642 peregri
3826 600 3857 612 -

2172 676 2305 729 nus,
2379 660 2658 733 profunda
2714 662 3078 733 judiciorum
3147 662 3266 733 ejus
3338 663 3580 717 scrutari
3662 666 3863 731 potest

2171 748 2218 820 (I
2250 750 2375 806 Cor.
2408 766 2471 819 ιι,
2505 751 2616 819 10).

2242 838 2364 895 Col.
2394 841 2502 895 666
2532 844 2582 896 Δ
2626 839 2695 895 Ui
2745 842 2932 913 Utpete
2976 842 3248 913 primum.
3294 842 3592 913 Interpres
3630 839 3855 895 edide-

2170 932 2284 998 rat,
2334 933 2397 984 ut
2425 930 2638 999 primus
2666 933 2719 985 et
2746 931 2931 999 maior
2959 930 3213 986 omnibus
3260 937 3311 985 et
3338 929 3487 985 solus
3534 930 3667 985 tatis
3696 931 3853 985 uni-

2168 1017 2353 1087 geniti
2380 1020 2619 1089 facturae
2650 1036 2664 1076 :
2693 1019 3010 1077 Carnarius
3058 1018 3243 1076 nihilo
3290 1019 3525 1088 melius,
3555 1028 3614 1076 et
3651 1021 3858 1092 major

2168 1108 2426 1164 omnibus
2452 1115 2509 1165 et
2552 1109 2702 1165 solus
2726 1109 2859 1165 tatis
2890 1110 3170 1181 unigeniti
3197 1114 3475 1166 creatura.
3522 1108 3708 1181 Atqui
3736 1112 3858 1163 Eu-

2170 1198 2411 1255 nomius
2439 1198 2677 1255 nolebat
2707 1199 2992 1271 majorem
3025 1202 3198 1255 Patre
3228 1204 3286 1255 et
3330 1198 3471 1255 Filio
3501 1197 3855 1254 existimari

2168 1288 2454 1359 Spiritum
2489 1306 2502 1345 :
2541 1306 2654 1346 non
2686 1289 2871 1362 igitur
2904 1290 3191 1361 majorem
3235 1289 3536 1358 omnibus,
3570 1290 3677 1346 sed
3709 1305 3853 1345 om-

2170 1378 2338 1434 nium
2370 1379 2692 1434 maximum
2726 1395 2896 1451 opus,
2919 1377 3009 1436 vel
3040 1378 3309 1435 omnium
3333 1377 3655 1435 maximam
3682 1394 3847 1435 crea-

2168 1471 2388 1524 turam.
2434 1470 2499 1524 In
2546 1468 2743 1525 verbis
2792 1467 3019 1534 Basilii,
3064 1485 3194 1541 quis
3244 1470 3602 1541 sequuntur,
3635 1467 3847 1525 deerat

2166 1557 2414 1613 verbum
2446 1556 2634 1627 οἰκεῖν,
2667 1558 2826 1629 quod
2857 1574 2926 1613 ex
2956 1558 3157 1614 codice
3189 1558 3367 1630 Regio
3399 1557 3847 1629 supplevimus,

2171 1668 2201 1697 (ι
2234 1663 2342 1703 nec
2372 1646 2651 1704 deitatem
2682 1647 2743 1702 in
2776 1647 2945 1704 nobis
2968 1646 3234 1703 habitare
3261 1646 3496 1703 videtur
3525 1646 3769 1703 credere
3791 1664 3849 1702 ε»

2172 1752 2353 1809 quam
2381 1737 2456 1793 ob
2487 1753 2728 1793 causam
2760 1741 2964 1809 postea
2992 1736 3133 1793 citat
3160 1753 3230 1792 ex
3256 1736 3559 1809 Apostolo,
3581 1737 3849 1809 Spiritus

2092 1860 2137 1927 Β
2172 1828 2272 1882 Dei
2297 1826 2513 1882 habitat
2540 1829 2600 1882 in
2630 1827 2779 1883 vobis
2805 1827 2855 1897 (Ι
2886 1828 3018 1884 Cor.
3051 1843 3140 1897 ιιι,
3178 1825 3294 1899 16).

2241 1933 2360 1990 Col.
2394 1934 2573 1989 667A
2620 1936 2707 1989 13.
2759 1935 3037 1991 Montium
3085 1942 3139 1990 et
3186 1934 3481 2005 inexpleti.
3516 1932 3701 2006 Atqui
3729 1933 3852 1991 hoc

2172 2024 2516 2097 epiphetum
2552 2029 2738 2095 terrm,
2774 2041 2890 2080 non
2921 2024 3075 2079 mari
3129 2023 3335 2078 tribuit
3363 2023 3644 2091 Basilius,
3680 2026 3851 2096 quod

2174 2114 2396 2186 alioqui
2440 2113 2735 2187 poeticum
2786 2112 3138 2170 Plutarchus
3182 2112 3361 2169 etiam
3404 2117 3701 2186 usurpat:
3737 2115 3849 2170 sed

2176 2222 2293 2261 non
2340 2221 2575 2277 semper
2621 2202 2856 2258 ἄπλετον
2908 2207 3080 2260 sonat
3129 2199 3409 2272 ἄπληστον
3454 2201 3545 2260 vel
3595 2200 3851 2278 ἀχόρτα-

2177 2314 2325 2360 στον,
2362 2315 2389 2345 ‹‹
2421 2292 2791 2365 inexplebile,
2825 2315 2853 2345 »
2886 2292 3029 2365 quin
3081 2294 3282 2365 potius
3329 2292 3455 2361 alii,
3488 2296 3783 2365 tanquam
3817 2312 3853 2350 a

2174 2380 2399 2451 πελάζω
2439 2385 2781 2451 deductum,
2833 2380 3125 2456 ἀπρόσιτον
3172 2381 3499 2455 accipiunt,
3546 2386 3615 2439 ut
3664 2385 3851 2457 Hesy-

2176 2474 2371 2540 chius,
2425 2477 2484 2529 et
2536 2467 3007 2547 ἀπροσπέλαστον,
3069 2494 3097 2523 ‹‹
3160 2472 3582 2540 inaccessum;
3643 2494 3668 2525 ι
3737 2474 3846 2529 sed

2175 2563 2508 2637 simplicius
2540 2567 2629 2620 est
2658 2562 2901 2637 ἄπειρον,
2926 2583 2948 2611 ι
2969 2561 3380 2634 magnitudine
3400 2564 3769 2619 immensum
3791 2580 3845 2618 ε»

2176 2655 2368 2710 scribe
2405 2655 2604 2724 igitur,
2637 2675 2667 2703 «
2701 2652 3003 2709 immensa:
3033 2656 3200 2708 terra
3231 2655 3288 2707 et
3316 2650 3537 2707 inﬁniti
3567 2653 3776 2709 maris.
3813 2675 3845 2704 »

2176 2744 2460 2801 Castorum
2518 2743 2578 2799 in
2625 2744 2821 2799 verbis
2868 2741 3140 2799 Eunomii
3181 2741 3503 2814 propositis
3547 2742 3844 2815 interpres

2176 2834 2393 2908 legisse
2418 2833 2590 2906 plura
2613 2833 2863 2899 videtur,
2895 2848 3072 2902 quam
3102 2836 3241 2887 sunt
3260 2831 3321 2887 in
3352 2832 3591 2888 excusis
3621 2833 3840 2889 Veneto

2177 2930 2233 2981 et
2265 2922 2574 2979 Basiliensi
2630 2922 2821 2989 libris,
2868 2921 3174 2989 nimirum,
3225 2918 3352 2976 ἀλλ’
3406 2919 3508 2975 οὐκ
3548 2919 3835 2996 ἀγέννητός

2177 3011 2342 3081 ἐστιν,
2376 3035 2405 3063 ‹‹
2437 3014 2539 3070 sed
2587 3029 2704 3069 non
2748 3016 2839 3068 est
2882 3012 3203 3084 ingenitus,
3238 3034 3265 3063 »
3312 3013 3470 3083 quod
3504 3010 3825 3067 observavit

2177 3100 2315 3158 etin
2347 3100 2610 3171 margine
2651 3099 2961 3156 admonuit
2991 3099 3375 3156 doctissimus
3415 3099 3832 3167 Montacutius,

2176 3192 2280 3248 sed
2341 3194 2399 3247 et
2453 3206 2487 3245 a
2535 3188 2715 3261 Regio
2751 3205 2981 3262 queque
3039 3205 3153 3245 ms.
3203 3188 3425 3245 aberat.
3467 3189 3653 3245 Paulo
3708 3193 3845 3261 post

399 3267 456 3332 2,
488 3240 554 3321 In
581 3240 780 3320 umbra
808 3280 1012 3320 manus
1057 3278 1173 3318 sum
1201 3264 1443 3333 protexit
1487 3276 1574 3316 me
1606 3276 1620 3315 :
1652 3257 1782 3312 Ὑπὸ
1811 3258 1909 3326 τὴν
1945 3253 2057 3310 ext-

2176 3240 2717 3339 ἑιῖθιιζιὲινῖωἶᾷῗέὲ
2744 3240 3841 3353 ﬁlisui.de556545;;

401 3374 510 3422 πην
554 3359 656 3421 τῆς
697 3353 885 3427 χειρὸς
936 3351 1128 3410 αὐτοῦ.
1178 3352 1287 3407 Sub
1327 3353 1668 3423 proiectione
1696 3364 1893 3405 manus
1920 3364 2055 3403 suae.

403 3446 687 3501 Caeterum
738 3443 894 3499 hunc
940 3443 1135 3499 locum
1186 3440 1407 3513 passim
1455 3442 1528 3497 de
1584 3439 1814 3495 Christo
1859 3437 2059 3495 Salva-

407 3537 530 3590 tore
560 3532 904 3605 intelligunt
934 3532 1153 3603 Patres,
1185 3536 1249 3587 ut
1278 3533 1553 3599 Ireneaus,
1577 3529 1679 3586 lib.
1709 3545 1774 3585 ιιι
1799 3528 2060 3585 adversus

405 3626 669 3693 Haereses,
702 3639 829 3694 cap.
864 3622 926 3678 11
954 3641 969 3691 ς
1002 3621 1398 3678 Tertullianus
1420 3638 1482 3676 ιιι
1508 3622 1570 3677 in
1597 3620 1896 3685 Marciam,
1930 3633 2057 3689 cap.

401 3714 476 3782 6;
506 3713 791 3768 Eusebius
820 3716 1055 3780 Caesam,
1084 3714 1161 3768 De
1208 3710 1489 3768 demonstr
1528 3708 1787 3781 Evanget.
1821 3724 1895 3777 iv,
1928 3722 2058 3779 cap.

401 3804 507 3873 24;
540 3802 856 3875 Gregorius
886 3802 1297 3874 Nyss.,Contra
1323 3801 1572 3869 Judaeos,
1600 3804 1659 3856 et
1679 3797 2061 3862 Ambros.,vn

404 3895 464 3947 in
484 3894 713 3963 Lucam,
744 3909 873 3965 cap.
918 3893 1008 3947 16.

478 4000 599 4057 Col.
632 4000 739 4055 663
770 4005 807 4053 B
840 4002 927 4057 10.
976 4001 1101 4056 Haec
1145 4000 1281 4055 dicit
1320 3998 1468 4071 Spir.
1516 3994 1907 4052 Annotandus
1951 3994 2062 4051 fuit

404 4090 572 4146 locus
603 4096 797 4147 Actor.
848 4090 1096 4163 apostol.
1143 4106 1272 4161 cap.
1323 4087 1561 4155 31,11,
1610 4102 1683 4141 ne
1727 4084 1862 4157 quis
1889 4085 2059 4156 forte,

405 4180 507 4253 qui
538 4179 600 4236 in
628 4180 958 4237 versionem
988 4180 1146 4236 Bezae
1171 4176 1465 4244 inciderit,
1489 4190 1708 4232 caecum
1740 4175 1947 4230 ducem
1970 4191 2061 4232 se-

407 4273 582 4325 cutus
608 4273 797 4337 erret;
832 4270 1005 4340 cujus
1035 4266 1335 4324 subtilitas
1366 4264 1463 4320 hic
1495 4265 1717 4320 frustra
1753 4262 1883 4319 fuit.
1916 4263 2061 4320 Cum

406 4359 567 4416 enim
599 4375 662 4415 se
689 4358 903 4431 legisse
951 4375 1067 4414 non
1099 4356 1472 4413 meminisset
1500 4354 1560 4410 in
1601 4353 1761 4408 Actis
1792 4352 2061 4424 Agabum

406 4448 532 4505 haec
561 4448 738 4504 verba
767 4448 1085 4520 protulisse
1133 4444 1562 4520 praphetando,
1605 4448 1741 4499 Haec
1776 4442 1910 4498 dicit
1940 4443 2065 4513 Spi-

409 4540 555 4594 ritus
583 4544 839 4593 sanctus:
879 4539 1065 4595 Virum
1117 4537 1275 4608 cujus
1326 4538 1408 4592 est
1460 4549 1603 4590 zona
1656 4534 1790 4601 huc,
1825 4536 1959 4597 etc.,
1990 4534 2063 4589 ad

2168 3375 2461 3443 expuncto
2487 3369 2546 3424 in
2594 3368 2903 3426 Basiliensi
2954 3365 3523 3440 προσπλεονάζοντος,
3554 3373 3613 3424 et
3645 3368 3709 3423 in
3738 3369 3843 3426 Ve-

2167 3466 2307 3518 neta
2346 3454 2904 3534 προσπλεονάζοντες’
2946 3478 2974 3509 κ
3017 3475 3133 3530 quo
3174 3458 3272 3526 iis,
3312 3475 3439 3530 quas
3471 3458 3660 3530 aspici
3694 3474 3843 3530 pos-

2168 3553 2334 3617 sunt,
2365 3548 2624 3604 admoto.
2658 3570 2687 3598 ››

2242 3656 2390 3713 Ibid.
2424 3655 2462 3709 B
2495 3655 2581 3710 10.
2613 3655 2763 3726 Quid
2810 3655 3005 3727 igitur.
3040 3656 3181 3711 Post
3208 3654 3446 3711 verbum
3485 3674 3512 3707 α
3541 3657 3780 3727 oportet
3806 3677 3840 3705 ››

2168 3744 2650 3816 interrogationis
2683 3748 2823 3801 nota
2852 3744 3194 3801 collocanda
3225 3748 3333 3812 est,
3375 3747 3441 3799 ut
3471 3744 3530 3798 in
3566 3743 3789 3799 Graecis
3822 3760 3838 3799 :

2171 3835 2329 3908 apud
2378 3834 2753 3905 interpretem
2805 3834 2946 3890 item
2989 3832 3434 3891 immutavimus
3466 3832 3637 3901 illud,
3669 3854 3699 3883 «
3733 3848 3846 3905 per

2169 3925 2363 3982 filium
2392 3923 2728 3995 praebitum.
2765 3946 2794 3975 »
2818 3925 2885 3979 In
2927 3941 3039 3979 ms.
3076 3924 3144 3980 H.
3195 3941 3300 3997 pro
3333 3924 3662 3994 ζωοποιοῦν,
3696 3922 3843 3978 scri-

2171 4020 2341 4091 ptum
2374 4017 2499 4070 erat
2529 4013 2821 4083 ζωοποιόν,
2855 4034 2885 4065 ‹‹
2932 4014 3254 4070 vivificum.
3304 4035 3332 4064 ››
3383 4013 3533 4069 Ibid.
3590 4035 3611 4062 ι
3646 4012 3842 4067 credi-

2171 4106 2310 4162 mus
2340 4112 2604 4175 spectare
2626 4126 2653 4155 »
2680 4103 3054 4177 scripsimus,
3079 4118 3215 4159 cum
3237 4101 3551 4175 legeretur,
3591 4120 3614 4149 α
3646 4100 3845 4156 credi-

2170 4211 2307 4252 mus
2354 4192 2505 4260 ﬁeri,
2538 4215 2567 4243 ››
2627 4194 2785 4265 quod
2840 4192 3269 4265 Trapezuntius
3315 4192 3565 4248 fortasse
3613 4190 3846 4248 calamo

2170 4286 2474 4342 exarasset
2504 4304 2532 4333 «
2566 4282 2723 4338 ferri.
2757 4305 2786 4333 ››
2809 4287 2897 4337 Ita
2927 4281 3196 4354 sequenti
3229 4297 3362 4354 pag.
3394 4279 3534 4356 πρὸς
3562 4280 3663 4348 τήν
3691 4276 3847 4334 ἐναν-

2172 4372 2457 4448 θρώπησιν
2499 4374 2595 4425 τοῦ
2642 4368 2847 4445 Κυρίου
2883 4368 3139 4447 φὲρσυσα.
3174 4371 3529 4442 Trapezunt.
3564 4392 3592 4421 «
3626 4368 3848 4426 huma-

2171 4463 2419 4519 nitatem
2450 4461 2683 4517 Domini
2716 4476 3096 4517 concernens.
3124 4482 3151 4510 n
3184 4460 3504 4518 Cornarius
3537 4459 3685 4515 dixit
3709 4482 3737 4510 «
3769 4459 3847 4515 ad

2171 4551 2640 4608 incarnationem
2695 4550 2929 4606 Domini
2977 4551 3248 4606 tendens.
3285 4571 3315 4601 »
3361 4550 3422 4606 S.
3465 4548 3847 4616 Ambrosius,

410 4644 584 4700 quem
613 4626 807 4683 locum
838 4626 968 4683 sine
999 4626 1182 4683 dubio
1210 4629 1481 4697 spectant
1502 4624 1625 4679 haec
1646 4621 1823 4679 verba
1842 4621 2063 4695 Basilii,
2094 4623 2143 4688 D
2175 4641 2379 4699 Basilii
2410 4640 2658 4712 vestigia
2703 4638 2990 4711 rejegens,
3045 4639 3128 4695 ita
3158 4637 3354 4695 locum
3403 4640 3604 4708 Amos,
3638 4653 3716 4706 Iv,
3752 4639 3844 4706 13,

410 4715 753 4773 mutilatum
800 4732 932 4773 esse
980 4714 1176 4773 locum
1207 4713 1577 4781 existimans,
1609 4713 1696 4769 sic
1724 4727 1861 4767 eum
1892 4712 2063 4768 resti-

409 4813 576 4865 tuere
607 4810 855 4863 conatus
886 4809 977 4863 est
1010 4824 1028 4861 :
1057 4806 1267 4863 Idcirco
1311 4805 1557 4860 clamant
1580 4801 1943 4875 prophetaein
1974 4803 2064 4859 Ve-

409 4908 533 4956 tere
561 4899 920 4969 Testamento,
952 4897 1074 4952 Haec
1101 4895 1237 4951 dicit
1274 4894 1577 4955 Dominus;
1606 4896 1670 4948 in
1709 4891 1852 4947 Novo
1882 4900 2066 4948 autem

408 4988 691 5062 apostoli,
749 4988 874 5042 Hec
936 4985 1071 5041 dicit
1126 4984 1370 5056 Spiritus
1421 4983 1642 5039 sanctus
1677 5022 1690 5036 .
1750 4981 2065 5038 Cornarius

409 5079 590 5135 etiam
632 5075 925 5132 indicarat
968 5074 1027 5129 in
1081 5071 1349 5143 margine
1390 5072 1581 5126 Actor.
1632 5087 1724 5137 xv,
1753 5070 1922 5126 citari
1954 5089 2064 5144 pu-

409 5172 547 5224 tans
591 5165 736 5223 illud
786 5164 1190 5238 apostolorum
1238 5161 1299 5216 in
1357 5160 1602 5217 concilio
1654 5160 2067 5234 Ilierosolym.,

420 5259 601 5313 Visum
633 5264 715 5312 est
746 5255 983 5329 Spiritui
1012 5263 1206 5311 sancto
1235 5259 1287 5308 et
1324 5251 1482 5306 nobis
1514 5267 1526 5305 :
1555 5252 1657 5307 sed
1689 5251 1799 5308 hoc
1826 5251 1897 5308 ad
1934 5268 2065 5323 pro-

412 5346 670 5403 bandam
703 5345 959 5417 Spiritus
977 5344 1340 5401 divinitatem
1362 5339 1761 5413 sufﬁcit,quod
1784 5341 2068 5397 nimirum

414 5433 734 5507 prophetia
765 5435 990 5490 donum
1011 5432 1425 5495 distribuat,ut
1452 5430 1717 5487 indicant
1746 5430 2066 5502 prophetae,

418 5539 554 5579 cum
586 5538 656 5578 ex
683 5522 844 5581 illius
891 5539 1144 5597 persona
1192 5521 1537 5594 loquuntur.
1585 5519 1733 5577 Vide
1760 5518 1981 5575 librum
2010 5535 2067 5591 ν,

420 5608 688 5687 λεγόντων
718 5614 825 5666 τῶν
850 5606 1171 5667 ἀποστόλων
1183 5653 1194 5667 .

491 5720 648 5779 Ibid.
680 5725 720 5776 C
745 5721 802 5779 2.
833 5722 894 5778 Si
940 5723 1075 5794 quid
1118 5735 1246 5778 cum
1289 5719 1417 5776 Deo.
1450 5717 1716 5769 Κοινωνεῖ
1736 5717 1819 5788 τῷ
1865 5719 1980 5790 Θεῷ
2007 5714 2071 5773 τὸ

2175 4731 2417 4805 exponit
2443 4730 2549 4786 lib.
2583 4747 2645 4801 ιι,
2678 4746 2808 4802 cap.
2847 4730 2903 4797 7,
2935 4733 3019 4786 De
3052 4730 3273 4801 Spiritu
3300 4732 3499 4785 'sancto
3527 4745 3540 4783 :
3575 4750 3604 4779 «
3636 4729 3849 4785 Nonne

2174 4822 2482 4880 evidenter
2497 4820 2786 4876 dictorum
2808 4820 3165 4876 testiﬁcatur
3186 4819 3370 4875 series
3392 4819 3464 4874 de
3486 4818 3662 4874 istius
3688 4834 3850 4875 crea-

2173 4918 2312 4970 tura
2342 4909 2551 4966 mundi
2576 4908 2839 4965 locutum
2873 4909 3224 4982 prophetam
3247 4909 3318 4964 ?»
3343 4909 3555 4965 Hausit
3574 4925 3645 4965 ex
3667 4909 3845 4982 Didy-

2177 5018 2299 5071 mo,
2330 4998 2462 5055 lib.r
2479 4999 2555 5053 De
2576 4998 2794 5070 Cpiritu
2817 5007 3024 5070 sancto,
3054 4998 3313 5070 quibbus
3332 4998 3481 5055 adde
3501 4998 3625 5055 haec
3640 5015 3710 5055 ex
3729 5001 3846 5071 Cy-

2175 5089 2296 5148 rilli
2326 5088 2639 5144 Alexandr.
2690 5088 3116 5146 commentario
3147 5090 3207 5145 in
3248 5088 3409 5145 Amos
3441 5106 3455 5145 :
3488 5089 3712 5161 Πνεῦμά
3736 5108 3848 5165 φη-

2178 5201 2259 5235 σιν
2296 5175 2425 5250 οὐχὶ
2466 5177 2528 5229 τὸ
2576 5177 2717 5231 θεῖον
2764 5177 2854 5232 καὶ
2906 5178 3057 5256 ἅγιον
3109 5176 3228 5251 (κᾶν
3279 5178 3325 5232 εἱ
3379 5172 3660 5251 μαίνοιντὸ
3701 5197 3850 5239 τινες

2175 5272 2288 5324 τῶν
2320 5264 2388 5319 τὰ
2418 5264 2552 5340 ὀρθὰ
2583 5262 2921 5345 διαστρέφειν
2972 5264 3475 5341 μεμελετηκότων),
3515 5265 3661 5323 ἄλλὰ
3690 5268 3848 5323 τουτὶ

2176 5358 2240 5411 τὸ
2281 5353 2460 5431 ἀὲριόν
2491 5376 2550 5410 τε
2576 5357 2665 5411 καὶ
2701 5355 3017 5431 ἐγκόσμιον,
3050 5379 3082 5409 ‹‹
3111 5358 3402 5430 Spiritum
3426 5357 3696 5415 nominat
3726 5376 3849 5416 non

2179 5447 2449 5504 divinum
2479 5450 2538 5503 et
2556 5454 2825 5504 sanctum
2850 5447 3112 5520 (tametsi
3136 5447 3379 5519 quidam
3402 5447 3485 5504 ita
3513 5445 3848 5515 insaniunt,

2181 5537 2284 5612 qui
2315 5541 2475 5593 recta
2520 5542 2847 5608 pervertere
2894 5537 3235 5611 conantur),
3286 5537 3388 5594 sed
3438 5537 3598 5594 hunc
3637 5554 3848 5595 acrum

2179 5632 2237 5686 et
2261 5627 2635 5684 mundanum
2669 5644 2683 5693 ;
2722 5651 2743 5677 ι
2779 5631 2838 5685 et
2861 5627 3239 5695 Theodoret.,
3271 5626 3331 5683 in
3362 5631 3713 5684 Comment:
3746 5628 3848 5690 Ὃς

2176 5716 2241 5773 τὺ
2277 5716 2450 5792 μανὸν
2479 5720 2581 5771 τοῦ
2629 5715 2790 5794 ἀέρος
2832 5715 2928 5774 καὶ
2972 5716 3037 5771 τὸ
3079 5719 3288 5792 χαῦνον
3340 5713 3415 5778 εἰς
3462 5715 3556 5771 τὸν
3588 5712 3845 5794 φρικώδη
