4156 6358
352 355 508 416 1053

1412 344 1489 403 ΙΝ
1532 341 1812 404 LIBROS
1857 338 2171 401 CONTRA
2214 333 2666 398 EUNOMIUM.

3609 321 3767 381 ιοδι

350 493 451 556 τῆς
496 485 728 562 βροντῆς
777 474 1112 555 μεταϐάλλει
1160 476 1386 542 κτύπον,
1423 470 1512 527 διὰ
1553 475 1662 527 τῶν
1723 471 1811 525 ὑπ’
1842 467 2006 523 αὐτοῦ
2041 472 2061 540 έ

2184 484 2257 532 s.,
2283 464 2373 520 καὶ
2402 463 2525 526 Υἱὸς
2557 462 2645 518 καὶ
2682 461 2994 536 μονογενής,
3028 462 3092 517 ut
3122 456 3449 529 exigitipsa
3471 455 3764 525 interpre-

355 575 733 653 γεγενημένων
791 571 1008 643 ἀνέμων
1067 570 1258 622 τοῦτον
1323 565 1588 619 ἀνακινῶν
1647 561 1737 615 καὶ
1786 557 2007 631 συστρὲ-

356 651 493 744 φων·
535 687 555 713 α
586 665 692 730 Qui
751 677 944 719 aerem
1004 674 1205 714 rarum
1264 672 1330 712 ac
1389 653 1625 710 mollem
1657 652 1717 707 in
1749 651 2010 707 sonitum

2117 556 2261 612 tatio
2291 558 2638 626 Trapezunt.
2674 557 2730 609 et
2760 553 2937 608 Bezae.

2192 646 2337 700 ibid.
2375 647 2411 700 Β
2440 648 2475 698 2
2505 647 2643 699 Deus
2688 644 2833 698 enim
2855 658 2954 698 nec
2977 656 3103 696 eum
3131 636 3273 694 ulla.
3310 632 3765 691 Immutavimus

358 720 659 813 horribilis
683 750 925 808 tonitrui
960 746 1263 817 convertit,
1291 761 1357 801 ac
1387 744 1576 799 ventis
1622 759 1654 796 a
1698 758 1760 798 se
1805 737 2014 795 creatis
2122 735 2279 807 quod
2309 734 2623 806 scripserat
2650 736 3068 804 Trapezunt.,a
3102 731 3250 786 Deus
3280 727 3438 783 enim
3467 726 3541 782 ad
3573 720 3773 779 omnia

359 847 519 903 hunc
550 843 881 900 commovet
909 843 1089 909 atque
1119 835 1392 891 concitat.
1426 855 1456 883 »
1488 833 1663 888 Τοῦτο
1695 827 2017 885 videturle-

359 936 520 1009 gisse
542 932 855 1001 interpres,
888 944 1007 983 non
1052 927 1269 991 τοῦτον,
1304 923 1460 994 quod
1520 922 1592 977 ad
1643 934 1838 977 aerem
1870 916 2017 974 rele-

358 1024 611 1082 rendum
642 1024 753 1086 est,
788 1035 904 1074 non
939 1016 1011 1072 ad
1042 1015 1292 1071 tonitru.

2125 833 2182 883 et
2213 843 2314 899 per
2343 828 2541 882 omnia
2570 822 3051 896 incomparabilis
3083 826 3191 877 est.
3238 841 3267 870 »

2202 918 2346 972 Ibid.
2383 916 2424 971 B
2478 917 2561 970 14.
2598 916 2746 983 Quod
2791 916 2850 969 in
2899 917 3088 986 forma
3134 912 3251 967 Dei.
3286 905 3612 965 Dilucidior
3663 901 3780 959 alia

2130 1005 2534 1078 interpretatio
2555 1021 2622 1062 ex
2643 1004 2843 1077 Steph.
2875 1020 2890 1059 :
2915 1026 2942 1053 ‹‹
2978 1001 3130 1058 Illud
3164 1001 3223 1055 in
3257 1000 3446 1054 forma
3467 994 3591 1061 Dei,
3615 991 3783 1049 estin

434 1138 555 1197 Col.
584 1137 691 1192 670
721 1135 762 1191 Ο
790 1135 843 1189 5.
897 1132 1281 1202 Contemptum
1330 1144 1461 1184 esse.
1507 1125 1791 1195 Ἀθέτησιν
1831 1122 2026 1194 aptius

2182 1096 2392 1152 ssentia
2422 1095 2519 1151 Dei
2549 1111 2561 1150 :
2616 1110 2805 1165 neque
2861 1092 3016 1148 enim
3075 1090 3235 1147 aliud
3269 1092 3358 1144 est
3389 1087 3592 1150 forma,
3629 1079 3787 1136 aliud

2182 1201 2188 1202 ,
2246 1201 2254 1202 ,
2317 1184 2350 1202 ,ς
2422 1183 2520 1202 “,2
2640 1179 2895 1202 n--.-_--:1
2934 1177 3306 1202 _‘:_-1_-.-....
3342 1171 3504 1202 n....l:
3562 1166 3787 1202 ῡιηςιςη-

366 1227 657 1302 expressit
684 1223 1020 1290 Cornarius,
1049 1243 1077 1272 α
1099 1218 1444 1276 substantiae
1468 1215 1961 1289 reprobationem,
1997 1232 2025 1261 »

365 1320 474 1376 Th.
531 1321 698 1382 Beza,
738 1336 759 1364 ι
821 1310 1042 1368 aboleri
1092 1309 1285 1381 ipsius
1344 1305 1753 1380 hypostasim;
1790 1324 1818 1353 ››
1866 1304 2029 1374 poles

367 1408 545 1464 etiam
571 1408 812 1471 vertere,
840 1423 868 1453 «
906 1399 1347 1472 abrogationem
1387 1412 1516 1451 esse
1546 1390 1965 1457 subsistentiis,
2003 1410 2028 1437 »

366 1499 477 1554 hoc
500 1500 610 1563 est,
626 1494 756 1549 ideo
777 1490 937 1563 rejici
957 1494 1058 1545 aut
1080 1486 1384 1559 reprobari
1403 1482 1856 1541 subsistentiam
1881 1481 2031 1550 ejus,

2136 1184 2392 1240 essentia
2422 1183 2542 1239 Dei.
2580 1204 2609 1232 »
2640 1179 2900 1253 Respicit
2928 1178 3084 1235 enim
3116 1177 3309 1233 locum
3341 1171 3529 1241 Pauli,
3562 1166 3790 1239 Philip—

2140 1290 2306 1346 pens.
2340 1290 2402 1339 ιι,
2433 1273 2468 1326 6
2502 1288 2514 1327 :
2548 1272 2808 1340 Quicum
2845 1272 2904 1324 in
2934 1270 3114 1339 forma
3146 1267 3243 1322 Dei
3286 1272 3442 1329 esset,
3473 1278 3586 1317 non
3634 1257 3787 1329 rapi-

2140 1380 2292 1418 nam.
2324 1363 2409 1417 Ab
2439 1362 2643 1417 eadem
2677 1363 2872 1415 mente
2902 1357 3049 1413 illud
3090 1360 3179 1413 est
3207 1356 3265 1411 S.
3298 1349 3600 1410 Athanasii
3632 1348 3790 1404 hunc

2142 1450 2405 1525 Apostoli
2436 1449 2787 1507 versiculum
2815 1446 3160 1520 exponentis
3191 1445 3293 1499 lib.
3323 1460 3380 1498 1v
3408 1449 3600 1498 contra
3626 1436 3790 1494 Aria-

372 1532 477 1554 uuu
500 1532 610 1563 ουν,
628 1532 756 1549 ιυυυ
778 1532 937 1563 ,υδωι
957 1532 1058 1545 μ...
1081 1532 1384 1559 “pm-..”
1403 1532 1856 1541 ,πψτη-ηπ-
1888 1532 1929 1550 1,,

372 1586 528 1660 quod
561 1600 697 1641 eum
731 1597 857 1638 esse
918 1582 1247 1635 creaturam
1298 1579 1564 1647 negetur.
1600 1575 1901 1628 Postremo
1933 1567 2036 1623 illa

2188 1560 2265 1609 os,
2298 1562 2355 1616 p.
2385 1544 2492 1598 255
2525 1563 2538 1612 ;
2574 1540 2688 1597 Οὔκ
2718 1539 2777 1595 ἐκ
2826 1538 3021 1613 μέρους
3053 1534 3111 1592 δὲ
3139 1538 3174 1606 ἡ
3205 1541 3305 1604 τῆς
3339 1532 3594 1599 θεότητος
3659 1544 3792 1600 μορ-

2190 1633 2220 1660 .)
2311 1631 2452 1660 mn.
2506 1631 2566 1660 -2.
2620 1628 2902 1660 _\.1.........
2955 1634 3056 1660 -3-
3112 1630 3209 1660 ..ηπ
3266 1623 3477 1660 una»
3538 1614 3792 1660 necta-nui:

370 1658 549 1733 verba
579 1689 707 1745 qua:
738 1671 1070 1742 sequuntur
1100 1664 1439 1735 ἀξιωθῶμεθ,
1468 1661 1788 1734 aliquando
1812 1658 2042 1745 censui:

376 1782 519 1822 mus
552 1735 930 1833 interpretem
963 1757 1034 1812 de
1066 1772 1173 1812 suo
1206 1753 1509 1823 adjecisse,
1537 1768 1665 1824 quae
1698 1768 1731 1806 a
1754 1750 1967 1807 Veneta
1988 1735 2044 1800 et

385 1850 814 1909 Basiliensibus
833 1844 1191 1903 editionibus
1213 1843 1476 1907 aberant,
1492 1844 1548 1896 et
1569 1839 1836 1895 clausula
1849 1837 2047 1909 potius
2077 1849 2123 1913 B

383 1943 642 2013 alicujus
667 1935 970 2011 popularis
991 1931 1248 1990 homilize
1271 1932 1565 1997 videntur,
1585 1945 1762 2001 quam
1788 1923 2045 2001 ἀνιιῤῥη-

388 2033 546 2086 τικοῦ
578 2026 766 2103 λόγου·
802 2026 903 2082 sed
935 2024 994 2079 in
1028 2021 1207 2095 Regio
1238 2024 1306 2075 Η.
1341 2023 1483 2076 sunt
1513 2022 1761 2091 reperta.

463 2146 585 2204 Col.
637 2145 738 2199 671
801 2142 861 2198 in
932 2138 1124 2196 titulo.
1186 2134 1594 2212 Ἀντιῤῥητικά.
1654 2136 1761 2190 Hic
1837 2131 2052 2189 titulus

396 2235 809 2309 prazﬁgebatur
858 2230 918 2285 in
976 2227 1153 2300 Regio
1210 2225 1279 2283 H.
1336 2226 1476 2281 huic
1529 2224 1681 2279 libro
1733 2226 1963 2309 quarto,
1998 2225 2056 2309 et

396 2306 635 2382 omissis
688 2320 832 2389 illis,
859 2318 910 2372 ὲν
945 2318 1013 2389 ᾦ,
1061 2317 1462 2389 sequebatur:
1500 2311 1748 2386 Ἀπορίαι
1805 2310 1893 2366 καὶ
1953 2306 2053 2363 λύ-

398 2432 508 2474 σεις
540 2431 553 2445 ο
615 2410 921 2483 Refutaiio,
983 2408 1097 2462 sive
1155 2406 1483 2477 quastiones
1542 2407 1595 2458 et
1638 2403 1936 2458 solutiones
1988 2416 2058 2456 ea:

398 2504 704 2576 Scripturis
760 2500 1027 2556 divinitus
1082 2497 1389 2569 inspiratis,
1421 2510 1588 2566 super
1638 2495 1728 2558 iis,
1774 2507 1899 2565 quae
1956 2492 2058 2546 ob-

400 2593 677 2665 iiciuniur
728 2590 794 2645 de
850 2588 989 2643 Filio
1048 2587 1108 2641 in
1164 2585 1311 2639 Novo
1362 2588 1414 2639 et
1468 2585 1650 2640 Veteri
1699 2583 2057 2638 Testamento.

402 2685 622 2740 Aberat
677 2684 873 2735 autem
931 2693 966 2732 a
1010 2678 1231 2731 Veneta
1279 2673 1534 2729 editione
1581 2677 1828 2744 quartus
1880 2670 1975 2727 hic
2006 2674 2063 2725 et

408 2771 654 2844 quintus
710 2767 896 2837 liber;
958 2769 1277 2837 utrumque
1345 2763 1563 2836 Regius
1621 2762 2064 2832 manuscriptus

412 2859 700 2933 agnoscit.

481 2959 599 3014 Col.
635 2957 743 3012 672
781 2956 828 3011 Α
869 2955 920 3010 4.
964 2952 1189 3027 Λέγεται
1220 2948 1334 3007 οὖν.
1369 2951 1713 3024 Gonjunctio
1744 2947 1835 3004 οὖν
1869 2950 2070 3006 aberat

417 3066 452 3106 a
483 3065 599 3104 ms.
633 3045 735 3117 qui
764 3043 1066 3116 conspirat
1095 3059 1229 3098 cum
1261 3058 1328 3097 eo
1362 3058 1477 3113 quo
1507 3041 1740 3097 videtur
1782 3055 1926 3094 usus
1978 3038 2067 3094 in-

413 3142 673 3209 terpres;
707 3138 765 3189 et
794 3149 863 3188 ex
909 3147 1024 3204 quo
1073 3130 1240 3200 illud,
1272 3125 1492 3202 ψεῦδος,
1524 3128 1903 3196 correximus,
1936 3127 2071 3199 ψευ-

2150 1633 2250 1710 φὴ,
2300 1614 2453 1687 ana
2506 1631 2568 1685 τὸ
2620 1628 2903 1704 πλήρωμα
2955 1634 3056 1696 τῆς
3112 1630 3209 1680 τοῦ
3266 1623 3477 1699 Ματρὸς
3538 1614 3794 1687 οεὸτητός

2154 1704 2265 1777 ἔστι
2316 1722 2377 1775 τὸ
2428 1722 2559 1775 εἶναι
2615 1724 2713 1774 τοῦ
2773 1720 2921 1791 Ποῦ,
2951 1717 3041 1772 καὶ
3099 1716 3230 1779 ὅλος
3259 1713 3390 1775 Θεός
3422 1711 3559 1765 ἐστιν
3595 1709 3622 1762 ὁ
3652 1704 3799 1766 Hoc

2156 1836 2185 1866 ‹‹
2217 1813 2344 1868 Non
2370 1817 2565 1868 autem
2592 1827 2661 1865 ex
2690 1816 2852 1882 parte
2884 1808 3077 1880 aliqua
3107 1808 3295 1862 forma
3315 1800 3554 1861 deitatis
3576 1794 3807 1856 confici-

2154 1907 2271 1969 tur,
2299 1902 2399 1958 sed
2430 1918 2500 1957 ex
2526 1900 2756 1972 integra
2786 1900 3000 1955 deitate
3030 1895 3215 1952 Patris
3243 1893 3499 1952 essentia
3528 1888 3654 1946 Filii
3677 1903 3811 1943 con-

2158 1992 2368 2065 surgit,
2401 1996 2458 2047 ct
2488 1990 2713 2046 solidus
2742 1990 2900 2045 Deus
2930 1991 3020 2044 est
3049 1986 3231 2043 Filius
3265 2002 3278 2039 :
3317 2006 3345 2034 »
3378 1983 3465 2038 sic
3502 1979 3665 2035 illius
3697 1973 3809 2065 loci

2159 2080 2526 2139 restituenda
2573 2083 2662 2136 est
2690 2079 2877 2135 versio
2903 2095 2918 2146 ;
2951 2081 3006 2133 et
3037 2077 3096 2131 in
3126 2076 3287 2132 Orat.
3318 2079 3518 2129 contra
3560 2064 3805 2125 Sabellii

2161 2171 2425 2245 gregales
2456 2187 2511 2240 p.
2543 2170 2649 2224 509
2682 2187 2694 2224 :
2730 2166 2886 2222 Ἀλλ’
2920 2167 2947 2220 ὁ
2980 2163 3039 2219 ἐκ
3089 2167 3185 2218 τοῦ
3235 2165 3367 2218 Θεοῦ
3419 2157 3546 2219 Θεὸς
3586 2155 3679 2209 ἴσα
3703 2150 3808 2223 ἕξει

2161 2264 2239 2331 τῷ
2266 2252 2606 2335 γεγεννηκότι
2637 2257 2775 2312 κατὰ
2801 2257 2900 2323 τὴν
2932 2254 3110 2332 φύσιν,
3145 2253 3220 2316 ὡς
3263 2250 3354 2306 καὶ
3403 2247 3617 2307 Παῦλος
3674 2261 3810 2318 μαρ-

2163 2334 2352 2424 τυρεῖ,
2406 2348 2472 2402 τὰ
2526 2347 2632 2421 πρὸ
2696 2353 2797 2415 τῆς
2866 2344 3325 2418 ἐνανθρωπήσεως
3399 2334 3811 2411 ἑξηγοῦμενος’

2165 2441 2330 2511 Atqui
2374 2441 2426 2494 si
2474 2444 2618 2495 Deus
2664 2454 2734 2493 ea:
2769 2438 2875 2493 Deo
2914 2439 3014 2505 est,
3042 2434 3169 2505 ﬁeri
3196 2432 3412 2504 nequit,
3445 2429 3579 2501 quin
3609 2426 3823 2481 ratione

2166 2541 2389 2588 naturae
2414 2531 2576 2603 paria
2605 2531 2802 2586 habeat
2829 2545 2956 2584 cum
2984 2529 3236 2597 genitore
3264 2539 3383 2594 suo,
3413 2531 3477 2576 ut
3522 2524 3573 2576 et
3610 2517 3822 2573 Paulus

2169 2626 2422 2692 testatur,
2456 2623 2553 2693 qui
2580 2620 2646 2675 de
2679 2621 2754 2676 iis
2785 2634 2908 2691 quae
2928 2618 3368 2674 incarnationem
3396 2614 3818 2686 prmeesserunt,

2171 2714 2621 2785 explanationem
2649 2712 2808 2782 furit.

2245 2801 2365 2858 Col.
2396 2803 2503 2856 675
2530 2803 2577 2857 A
2601 2803 2657 2855 7.
2688 2802 2930 2869 Quorum
2961 2797 3185 2857 eaedem.
3219 2791 3637 2851 Emendandus
3668 2788 3819 2843 Gm-

2175 2910 2280 2949 cus
2311 2896 2505 2948 textus
2536 2890 2802 2946 omnium
2835 2889 3180 2955 editionum,
3198 2902 3266 2941 ex
3294 2902 3407 2940 ms.
3428 2882 3600 2948 H.,ut
3624 2890 3829 2933 conve-

2178 2983 2303 3038 niat
2350 2998 2483 3037 cum
2522 2979 2896 3053 Trapezuntii
2946 2975 3454 3049 interpretatione,
3484 2968 3722 3043 ἐνέργεια
3773 2961 3830 3017 δὲ

2180 3069 2389 3145 Πατρὸς
2436 3067 2527 3123 καὶ
2578 3068 2705 3121 ι”ιοῦ
2754 3067 2873 3140 μία.
2905 3067 3071 3123 Unde
3119 3070 3176 3122 et
3221 3064 3281 3119 in
3325 3062 3449 3117 loco
3480 3056 3829 3145 Joannismv,

2184 3162 2269 3227 19,
2298 3143 2572 3232 praecedit
2595 3174 2808 3213 nomen
2840 3155 3049 3225 Patris,
3090 3157 3146 3211 et
3175 3151 3441 3225 sequitur
3486 3148 3632 3204 illud
3683 3143 3830 3200 Filii.

417 3222 543 3285 8a)"
578 3216 767 3316 Atque
793 3221 939 3316 huic
970 3219 1430 3316 intefﬁimmmi
1463 3218 1548 3275 Sic
1577 3217 1843 3316 {daptari
1881 3215 2071 3316 venio
2102 3221 2145 3289 Ο
2186 3215 2351 3316 Beza,
2383 3247 2519 3304 licet
2548 3248 2608 3303 in
2637 3250 2798 3303 textu
2830 3215 3390 3316 Graeco'Stephmon
3424 3239 3591 3295 aliter
3618 3236 3834 3307 legere-

421 3314 685 3387 poterit:
722 3335 749 3363 «
784 3311 842 3365 Si
894 3326 1028 3365 vero
1080 3308 1265 3364 Filius
1321 3312 1534 3363 natura
1582 3307 1736 3363 Deus
1793 3321 1913 3362 non
1961 3308 2072 3370 est,

2183 3343 2282 3395 tur
2307 3342 2484 3410 atque
2513 3337 2574 3392 in
2606 3335 2937 3405 Basiliensi,
2978 3332 3218 3406 scripsit
3262 3337 3481 3387 tamen.
3506 3350 3534 3378 «
3568 3328 3828 3392 Quorum

420 3405 576 3462 sicut
634 3401 736 3476 qui
795 3399 942 3457 falso
1001 3399 1082 3455 dii
1137 3402 1445 3467 vocantur,
1476 3397 1693 3454 dicitur
1735 3402 1794 3452 et
1839 3412 1954 3452 non
1986 3396 2077 3451 est

418 3494 602 3549 Deus.
646 3513 674 3542 »

494 3582 639 3638 Ibid.
675 3581 763 3635 11.
797 3578 947 3649 Quod
975 3576 1285 3649 adoptione.
1323 3579 1436 3633 [Ioc
1470 3578 1551 3634 ita
1580 3593 1715 3633 cum
1756 3575 1888 3632 aliis
1928 3575 2077 3630 duo-

423 3673 532 3728 bus
563 3670 986 3741 interpretibus
1007 3668 1559 3739 eﬂ‘errimaluimus,
1583 3684 1760 3741 quam
1791 3667 2077 3740 positione.

423 3760 642 3817 Paulus
665 3758 968 3830 apostolus
982 3756 1249 3810 υἱοθεσίαν
1273 3756 1550 3830 appellat,
1568 3763 1633 3813 ut
1652 3757 1954 3830 Ephesior.
1973 3755 2079 3823 1,3,

427 3848 734 3926 Προορίσας
793 3848 942 3919 ἡμᾶς
1007 3845 1083 3909 εἷς
1142 3846 1452 3910 υἱοθεσίαν
1502 3848 1609 3916 Qui
1656 3847 2083 3921 prxdestinavit

427 3957 525 3996 nos
554 3942 616 3996 in
646 3939 893 4009 ﬁliorum
923 3936 1289 4008 adoptionem.

500 4046 619 4102 Col.
650 4045 762 4103 674
817 4046 885 4100 Α.
952 4044 1083 4099 Vere
1137 4043 1420 4115 imposita.
1471 4040 1553 4098 Τὰ
1600 4040 1826 4112 ἀληθῶς
1887 4039 2085 4113 ὀνόμα-

426 4155 513 4193 τα.
543 4138 689 4203 lmo,
710 4151 837 4206 quae
861 4150 993 4190 vere
1014 4135 1156 4189 sunt
1188 4133 1614 4201 nomina,notaa
1644 4136 1783 4188 sunt
1817 4130 2084 4188 essentia:

431 4243 636 4283 earum
659 4242 878 4291 rerum,
894 4240 1149 4297 quarum
1169 4227 1308 4280 sunt
1329 4222 1588 4280 nomina.
1602 4224 1750 4279 Beza
1769 4238 1971 4280 vocem
1991 4218 2086 4275 οό-

435 4314 554 4377 σίας
598 4313 996 4387 praetermisit.
1020 4315 1190 4386 Apud
1224 4313 1570 4371 Cornarium
1612 4329 1919 4387 perperam
1963 4311 2085 4368 edi-

430 4408 559 4460 tum
591 4408 698 4473 est,
737 4425 767 4455 ‹‹
797 4420 925 4475 qua:
956 4419 1088 4460 vero
1119 4408 1260 4459 sunt
1290 4403 1557 4459 nomina.
1591 4425 1620 4455 »
2199 4413 2479 4485 Steph“,
2515 4416 2574 4468 οι
2601 4412 2781 4467 Basil,
2817 4411 2892 4482 μή
2924 4429 3078 4465 ποτε,

510 4510 659 4568 Ibid.
716 4510 775 4566 6.
837 4510 942 4566 Sed
979 4512 1113 4583 quia
1163 4509 1644 4582 incomparabitis.
1696 4510 1803 4566 Hic
1862 4526 2055 4583 quoqu

2275 4520 2417 4577 Ibid.
2474 4521 2514 4574 Ο
2566 4520 2657 4576 13.
2700 4521 2764 4574 Et
2812 4529 3002 4591 postea
3052 4520 3191 4574 sine.
3246 4515 3576 4588 Scripserat
3629 4513 3847 4584 Trape-

434 4604 643 4676 lapsus
669 4618 803 4658 cum
824 4602 1099 4659 Cornario
1131 4602 1459 4660 communis
1489 4608 1601 4673 est,
1634 4603 1695 4658 ni
1725 4602 1916 4672 fallor,
1955 4606 2061 4658 Tra

2201 4614 2392 4680 zunt.,
2430 4631 2455 4663 α
2476 4609 2563 4666 vel
2594 4624 2729 4664 cum
2760 4608 2942 4665 semel
2970 4606 3174 4676 voluit,
3206 4607 3425 4663 invitus
3452 4605 3515 4661 in
3546 4607 3845 4678 posterum

442 4692 737 4766 pezuntio,
771 4694 928 4766 quod
956 4692 1019 4747 τὸ
1065 4690 1382 4768 ἀσύγκριτον
1435 4695 1608 4749 vertit
1662 4710 1778 4750 non
1810 4712 1841 4746 «
1870 4692 2061 4748 incom

2205 4705 2313 4756 est.
2353 4722 2373 4750 ι
2409 4699 2744 4765 Cornarius,
2778 4722 2805 4749 ‹‹
2836 4696 2929 4754 vel
2960 4715 3095 4754 cum
3127 4698 3310 4754 semel
3338 4697 3602 4764 voluerit,
3640 4694 3713 4750 de
3742 4709 3848 4749 caa-

443 4782 728 4856 parabile,
752 4803 781 4833 »
835 4783 938 4839 sed
989 4804 1019 4833 «
1061 4782 1610 4855 incomparabilis,»
1644 4785 1716 4839 ad
1745 4784 1975 4839 Patrem
2001 4797 2061 4838 re

2204 4796 2329 4847 tero
2370 4807 2483 4846 non
2515 4787 2659 4845 vult.
2696 4811 2725 4841 »
2755 4781 3096 4859 ’Δϐούλητος
3128 4805 3245 4844 non
3276 4803 3509 4860 semper
3555 4783 3850 4857 passivam

440 4872 684 4930 ferendo
717 4888 733 4928 :
765 4876 924 4928 Bezae
953 4876 1148 4929 autem
1179 4873 1457 4945 proprius
1485 4876 1576 4929 est
1616 4889 1797 4943 error,
1832 4872 1989 4945 quod
2034 4891 2061 4924 τ

2207 4880 2387 4936 habet
2417 4878 3009 4951 signiﬁcationem,ut
3040 4878 3252 4935 Suidas
3281 4878 3480 4934 docet:
3515 4867 3853 4943 Ἀϐούλητον

450 4956 729 5035 μονογενὲς
760 4961 935 5017 vertit
965 4982 991 5013 ‹‹
1026 4962 1385 5034 unigenitus.
1421 4983 1451 5012 »
1481 4965 1558 5017 Ut
1598 4961 1780 5035 igitur
1827 4962 1900 5019 ab
1940 4964 2061 5018 utrc

2209 4968 2395 5041 κακὸν,
2427 4965 2711 5037 ἀθὲλητον,
2742 4967 2772 5023 ὃ
2803 4967 2868 5023 οὐ
2900 4965 3044 5031 θὲλει
3073 4987 3180 5035 τις,
3210 4965 3298 5021 καὶ
3340 4959 3673 5033 ἆϐούλητος,
3709 4962 3736 5016 ὁ
3781 4960 3856 5034 μὴ

445 5068 558 5125 que
585 5051 762 5124 lapsu
791 5050 908 5107 sibi
938 5055 1138 5109 caveat
1176 5050 1380 5119 lector,
1410 5051 1493 5108 ita
1522 5051 1740 5109 scribet
1768 5068 1783 5107 ε
1818 5073 1846 5103 ‹‹
1877 5052 1934 5106 8i
1966 5050 2101 5107 uni-
2216 5054 2579 5133 βουλόμενος,
2615 5080 2644 5111 α
2670 5057 3135 5115 [uoluntarium
3168 5055 3386 5112 dicitur
3432 5054 3658 5111 malum
3703 5052 3860 5125 quod

451 5141 720 5241 anftum
751 5157 881 5197 ⁸⁵⁸⁸
905 5141 1309 5241 Quanti-09"?
1333 5157 1449 5197 non
1480 5145 1590 5239 3'“.
1622 5141 1725 5197 sed
1754 5141 1827 5241 QP
1856 5140 1912 5195 id
1946 5139 2104 5211 q|10d
2215 5149 2348 5221 quis
2380 5165 2497 5204 non
2528 5147 2673 5216 vult,
2707 5153 2767 5203 et
2795 5140 3246 5219 ἄϐούλητος,ουί
3278 5163 3394 5202 non
3425 5143 3587 5202 vult:
3615 5166 3644 5195 »
3666 5159 3861 5201 exem-

447 5228 1414 5332 sit.incomparabile,‘unigeuitus
1443 5228 1621 5286 etiam
1650 5233 1741 5287 est
1770 5229 1940 5286 Pater
1971 5245 1985 5285 :
2017 5231 2107 5285 est
2215 5236 2382 5311 plum
2413 5255 2482 5294 ex
2511 5238 2622 5294 hoc
2651 5236 2853 5293 Basilii
2882 5235 3008 5293 loco
3038 5241 3336 5309 suppetet.

452 5318 613 5375 enim
642 5318 1149 5393 incomparabilis.
1180 5339 1212 5373 δ)

2184 3430 2389 3485 eadem
2404 3432 2500 3500 est
2520 3426 2691 3497 actio,
2714 3426 2918 3482 eadem
2943 3438 3176 3497 quoque
3212 3425 3303 3479 est
3330 3417 3607 3476 essentia.
3644 3410 3833 3470 Patris

2187 3525 2382 3575 autem
2422 3522 2481 3574 et
2506 3516 2637 3573 Filii
2668 3533 2787 3572 una
2816 3520 2907 3572 est
2935 3513 3107 3571 actio.
3139 3534 3169 3566 »
3202 3510 3381 3583 Atqui
3431 3502 3692 3582 ἐνεργείας
3742 3502 3835 3558 di-

2184 3609 2292 3679 xit,
2320 3624 2436 3663 non
2467 3602 2730 3680 ἐνὲργειαν
2748 3647 2759 3663 .

2260 3698 2408 3755 Ibid.
2461 3697 2502 3752 C
2556 3698 2641 3752 10.
2700 3694 2850 3768 Πρὸς
2908 3693 2969 3747 τὸ
3044 3692 3134 3746 καὶ
3211 3685 3518 3761 ἇδνναμεῖν.
3575 3685 3840 3741 Verterat

2187 3788 2368 3857 idem,
2407 3810 2429 3839 α
2463 3790 2605 3841 Cum
2639 3787 2709 3841 ad
2741 3785 2850 3841 hoc
2881 3784 3058 3839 etiam
3092 3779 3467 3837 imbecillitas
3496 3776 3611 3850 ipsi
3641 3774 3839 3831 insit.»

2191 3877 2310 3934 Hoc
2339 3881 2449 3946 est,
2473 3875 2533 3932 Si
2556 3891 2669 3931 non
2694 3877 2886 3947 potest
2904 3873 3277 3945 generare,et
3305 3865 3610 3925 deterioris
3635 3862 3841 3919 condi-

2189 3966 2367 4022 tionis
2398 3970 2487 4021 est
2517 3982 2695 4037 quam
2724 3980 3035 4037 generans,
3069 3984 3098 4014 «
3144 3966 3201 4018 et
3248 3963 3529 4033 praeterea
3580 3950 3837 4011 imbecil.

2190 4054 2410 4111 lis.»In
2437 4054 2703 4111 membro
2734 4054 2890 4125 quod
2919 4051 3326 4124 sequitur,pro
3360 4047 3434 4121 μή
3468 4065 3601 4101 ποτε
3628 4044 3844 4117 legitur

2192 4144 2254 4200 in
2302 4160 2415 4199 ms.
2451 4148 2543 4211 11.,
2582 4143 2656 4215 μή
2707 4162 2796 4196 πω
2844 4141 3110 4217 ἐγέννησε.
3147 4142 3271 4207 Quo
3315 4144 3482 4211 pacto
3530 4143 3588 4193 et
3628 4134 3843 4206 legisse

2195 4233 2657 4305 Trapezuntium
2689 4250 2805 4305 pun
2838 4248 2900 4288 se
2930 4233 3043 4287 fert
3071 4231 3200 4302 ejus
3231 4228 3438 4295 versio,
3468 4248 3498 4277 «
3528 4225 3662 4296 etsi,
3692 4240 3844 4280 non-

2198 4326 2339 4380 dum
2373 4323 2613 4395 genuit;
2644 4342 2673 4374 »
2704 4323 2868 4389 Beza,
2898 4344 2927 4371 «
2959 4320 3069 4377 etsi
3101 4334 3406 4391 nunquam
3434 4315 3636 4390 genuit
3670 4332 3683 4371 :
3718 4336 3746 4365 ››
3780 4329 3849 4369 ex

2290 5345 2407 5403 Col.
2439 5346 2617 5402 e78A
2675 5347 2760 5401 12.
2819 5345 2952 5401 Cum
3007 5362 3105 5401 nos
3163 5360 3493 5403 asseramus.
3552 5341 3866 5399 Obscurior

2220 5440 2345 5493 erat
2373 5441 2546 5492 antea
2575 5435 2868 5492 sententia
2914 5436 3191 5509 auctoris,
3239 5459 3259 5487 α
3296 5436 3440 5492 Cum
3491 5452 3598 5492 nos
3645 5449 3869 5490 assera-
3904 5454 3915 5463 ο

2222 5543 2356 5583 mus
2384 5527 2616 5584 Patrem
2647 5541 2777 5582 esse
2805 5540 3309 5597 semper,necesse
3337 5531 3428 5583 est
3454 5527 3632 5583 etiam
3657 5522 3872 5581 Filium

2223 5632 2353 5673 esse
2384 5630 2636 5687 semper.
2673 5612 2766 5671 Illi
2815 5613 3023 5671 dicunt
3063 5631 3223 5689 ergo,
3257 5616 3556 5689 quoniam.
3590 5641 3613 5670 ι
3649 5615 3761 5672 Sed
3810 5615 3871 5670 in

2223 5705 2419 5763 locum
2477 5704 2808 5762 Graecarum
2855 5719 3065 5763 vocum
3113 5702 3449 5781 δημιουργός
3492 5710 3550 5762 et
3608 5699 3871 5781 δημιουρ-

522 5434 672 5492 Ibid.
703 5435 757 5492 9.
790 5432 858 5492 E’t
907 5435 935 5489 ὁ
982 5434 1130 5497 Υἱός.
1183 5435 1557 5493 Correximus
1602 5436 1876 5493 vitiosam
1910 5436 2108 5494 lectio-

454 5540 590 5580 nem
621 5523 798 5581 Basil.
832 5524 860 5577 ὁ
889 5523 1015 5585 Υἱὸς
1047 5522 1154 5600 οὐχ
1184 5525 1395 5596 ἁπλῶς,
1421 5529 1479 5582 et
1509 5523 1670 5581 illam
1699 5524 2110 5598 manuscripti,

457 5614 539 5676 εἷς
570 5612 717 5681 Υἱός,
752 5613 936 5670 secuti
969 5614 1109 5671 edit.
1142 5613 1344 5688 Steph.
1378 5614 1608 5671 Rursus
1638 5614 1698 5670 in
1730 5615 1935 5672 eodem
1971 5615 2113 5672 arti-

459 5702 614 5773 culo,
645 5718 750 5776 pro
780 5702 809 5756 ὁ
839 5701 966 5764 Υἱὸς
993 5700 1083 5757 καὶ
1136 5702 1442 5780 μονογενής
1482 5700 1616 5775 ἐστι,
1649 5702 1999 5777 scripsimus
2044 5720 2117 5763 ex
