2078 3183
183 159 263 189 1055

785 161 901 192 NOTAE
923 163 1145 196 FRONTONIS
1168 166 1298 197 DUC/EI

1820 164 1904 195 1056

180 224 235 262 γία,
258 225 282 253 si
308 225 534 253 substituantur
558 234 590 254 ex
616 226 746 254 Cornarii
772 227 1056 264 interpretationeA
1072 229 1250 268 ἐπιτάττεται,
1283 232 1389 261 melius
1417 231 1515 260 verbis
1544 231 1675 260 Cornarii
1707 231 1904 268 exprimetur,

186 271 252 297 dum
268 269 340 303 istae,
357 281 371 293 α
395 270 492 305 opil'ex
516 273 544 298 et
570 271 732 307 opiﬁcium,
760 283 773 297 ››
800 273 897 308 potius
925 282 1015 309 quam

185 325 199 339 ‹‹
218 317 333 342 creator
347 317 376 342 et
391 317 524 343 creatura
541 326 554 340 n
571 316 614 343 vel
631 328 644 340 «
658 317 765 344 creatio
779 327 792 342 ι
806 326 872 345 cum
891 320 961 346 Beza
972 318 1016 345 vel

184 360 554 395 'l‘rapezuntio,dilucidior
568 361 622 388 erit
634 362 738 394 oratio,
750 363 825 397 quod
838 371 903 390 cum
918 371 1016 390 exem-

187 404 244 439 plis
262 405 356 439 magis
372 405 547 432 conveniant
562 406 747 433 mdiﬁcatoris
773 409 802 434 et
818 408 989 435 navicularii
1008 417 1014 436 :

183 456 279 484 neque
290 449 366 476 enim
381 448 421 476 illi
434 450 556 477 domum
570 453 619 477 aut
631 451 728 478 navim
740 460 838 479 creare
853 453 1014 480 dicuntur:

185 495 215 520 at
228 493 325 528 opifex
336 493 551 530 aedificatorque
567 495 670 523 mundi
687 498 765 524 Deus
778 498 822 524 est
832 497 920 525 etiam
937 497 1016 525 Cice-

183 538 258 573 roni,
277 545 285 564 1
303 538 338 565 De
352 541 455 565 natura
470 538 592 566 deorum.

218 581 278 609 Col.
290 582 343 609 678
354 585 383 609 B.
394 583 581 619 Omnipotens.
593 584 651 612 Hoc
664 585 813 620 usitatius,
822 595 910 622 quam
924 598 937 611 ‹‹
948 587 1015 614 0m-

183 626 330 662 nitenens,
348 639 362 653 ν
378 628 565 664 Trapezuntii
580 637 586 655 :
604 629 646 657 sic
671 630 749 658 enim
777 631 860 659 effert
885 632 1015 659 Grecam

181 679 283 699 vocem
305 671 499 710 παντοκράτωρ
522 676 625 701 auctor
653 674 728 702 itala:
754 676 1014 712 interpretationis,

183 723 219 743 ex
242 725 302 751 qua
324 717 378 744 viri
404 718 481 745 docti
508 718 592 746 nobis
615 723 725 747 restare
741 722 846 755 putant
861 729 911 749 eos
927 730 1014 748 sacrae

183 760 343 796 Scriptura:
368 761 469 796 libros,
488 771 561 798 quos
583 771 617 790 ex
644 764 760 792 Hebraeo
785 765 907 793 minime
929 766 1017 793 vertit

181 806 209 848 β.
229 805 434 842 Hieronymus,
459 809 491 834 ut
515 807 670 843 Sapientia:
691 817 742 845 vu,
768 811 826 837 25:
851 809 900 836 Καὶ
929 808 1014 848 ἁπόῤ-

184 847 245 886 ῥοια
271 851 320 883 τῆς
344 851 391 876 τοῦ
424 851 644 888 [lavso-(patrono:
680 851 779 888 δόξης·
811 855 842 882 Et
873 855 1015 882 emanalio

182 893 312 928 quaedam
334 898 372 922 est
386 895 526 923 claritatis
553 899 748 933 omnipotentis
763 899 821 926 Dei.
838 900 919 927 Adde
936 899 1012 935 quod

184 938 378 974 Septuaginta
394 939 492 967 Graca
508 940 557 968 illa
581 949 650 969 voce
678 943 724 970 usi
754 946 824 971 sunt
848 944 882 971 ad
913 944 1008 979 expri-

182 983 318 1011 mendam
335 984 484 1012 Hebrmam
500 990 567 1016 riu.
584 986 682 1020 Sadai,
700 995 763 1023 qua
780 989 856 1024 apud
872 988 1007 1016 Hebraeos

182 1035 272 1054 unum
290 1035 325 1055 ex
340 1028 440 1056 decem
459 1030 507 1056 Dei
527 1031 706 1067 nominibus,
717 1032 898 1061 uberrimum
912 1036 1007 1068 sonat,

181 1074 209 1099 et
238 1080 305 1099 eum
334 1074 420 1108 cujus
451 1073 567 1102 bonitas
596 1084 647 1110 per
676 1077 828 1105 universas
858 1081 1007 1106 creaturas

181 1119 331 1152 permeat;
348 1120 504 1153 propterea
522 1118 577 1146 Job
599 1128 660 1153 VIII,
676 1121 703 1153 3,
726 1122 847 1149 vertitur
861 1122 892 1150 Ὁ
920 1122 1007 1149 πάντα

182 1160 315 1195 ποιήσας¹
342 1163 399 1198 ()ui
427 1164 521 1191 omnia
546 1164 630 1199 fecit;
662 1165 797 1202 Vulgata,
825 1168 1007 1203 Omnipotens

182 1205 324 1233 subvertit.
356 1207 454 1241 Idem,
486 1216 549 1243 cap.
579 1217 649 1242 xxn,
678 1210 713 1237 25
738 1219 744 1237 :
770 1211 863 1238 Ἔσται
888 1210 932 1238 οὖν
959 1222 1006 1238 σου

183 1249 197 1276 ὁ
226 1249 424 1289 Παντοκράτωρ
462 1251 585 1288 βοηθός·
615 1254 674 1281 Erit
710 1256 798 1290 igitur
834 1257 1007 1292 Omnipotens

182 1295 334 1329 αιιφίιίαιυν
363 1300 538 1326 tuus,nN:y
569 1294 684 1329 Σαϐαώθ
711 1302 806 1328 autem
834 1301 1008 1337 jungisolct

182 1347 250 1367 cum
267 1339 447 1369 dictionibus
473 1340 582 1377 Κύριος,
599 1342 642 1370 vel
666 1342 742 1378 Θεός,
759 1347 791 1372 ut
814 1345 928 1373 dicatur
953 1345 1004 1372 Κύ-

183 1393 242 1420 ριος
274 1381 401 1418 Σαϐαὼθ,
422 1396 435 1412 ιι
456 1386 600 1414 Dominus
626 1389 848 1426 exercituum,»
877 1390 919 1418 vel
935 1392 1007 1419 Deus

182 1430 394 1471 exercituumJ
420 1430 489 1466 Reg.
514 1438 532 1463 1,
562 1431 600 1459 3:
627 1431 676 1459 Καὶ
707 1432 778 1464 θύειν
804 1436 844 1470 τῷ
874 1437 932 1471 Θεῷ
953 1439 1004 1462 Σα-

184 1469 271 1504 ϐαώθ⁸
288 1474 321 1501 Et
347 1476 508 1510 sacriﬁcare
535 1475 587 1502 Deo
610 1478 789 1506 neminium.
816 1469 896 1508 Isaia
919 1469 941 1514 i,
964 1481 1004 1508 9:

181 1516 214 1545 Ei
242 1518 279 1553 μὴ
310 1517 410 1556 Κύριος
441 1516 556 1551 Σαϐαὼο
586 1519 762 1557 ἐγκατέλιπε’
787 1526 848 1553 Nisi
875 1527 1006 1554 Dominus

179 1565 352 1592 exercituum
368 1566 537 1603 reliquisset.

1073 286 1086 300 ι(
1102 277 1249 312 siquidem
1267 277 1323 314 ipsi
1336 277 1469 313 jubetur.
1495 287 1508 302 η

1107 321 1166 350 Col.
1196 322 1249 349 682
1273 323 1292 350 C
1324 323 1349 349 [ι.
1375 323 1411 349 Et
1435 322 1528 349 omnia
1553 323 1904 358 exopposito.1nterpres

1071 366 1241 402 scripserat,
1259 378 1272 392 ι‹
1289 369 1317 394 et
1333 367 1571 403 quandocunque
1583 375 1618 394 ex
1630 366 1765 403 opposito
1780 366 1858 394 inter
1874 374 1906 393 se

1071 410 1243 439 dividuntur
1261 420 1267 439 :
1286 412 1374 440 etiam
1392 411 1608 439 inuascibilitas
1626 410 1814 439 nascibilitati
1831 419 1904 438 con-

1071 456 1159 482 traria
1174 459 1229 483 est.
1242 457 1337 489 Quare
1348 457 1372 484 si
1389 457 1495 484 modus
1518 456 1718 484 subsistentia:
1739 455 1906 483 innascibi-

1072 499 1139 528 litas
1155 509 1210 528 non
1240 503 1294 536 est,
1312 502 1363 529 sed
1389 501 1568 535 substantia,
1585 501 1669 529 Pater
1695 500 1765 528 Filio
1794 508 1905 528 secun-

1071 544 1141 573 dum
1163 546 1359 574 substantiam
1373 547 1539 574 contrarius
1555 546 1645 574 erit.»
1663 546 1751 574 Porro
1766 546 1801 573 ad
1818 553 1903 573 oram

1070 589 1125 617 loci
1142 589 1234 625 illius,
1247 591 1380 619 Domina:
1395 599 1496 619 nomen
1511 591 1574 624 tibi,
1592 592 1708 618 notarat
1729 590 1903 624 Cornarius,

1071 634 1175 670 psalm.
1189 644 1293 669 Lxxxn,
1310 637 1396 672 cujus
1410 636 1439 663 in
1451 645 1536 664 versu
1551 637 1584 663 19
1599 635 1724 672 legimus
1741 643 1748 663 :
1766 634 1815 662 Καὶ
1831 634 1903 672 γνώ-

1069 689 1156 705 τωσαν
1175 701 1182 715 ,
1213 679 1254 707 ὅτι
1285 677 1373 717 ὄνομά
1405 691 1447 708 σοι
1487 680 1611 718 Κύριος·
1646 681 1678 708 Et
1716 682 1905 716 cognoscant,

1070 725 1136 759 quia
1151 732 1250 753 nomen
1266 726 1317 753 tibi
1332 726 1475 761 Dominus,
1491 725 1540 753 ubi
1558 725 1698 753 Hebraice
1727 727 1773 753 est
1797 724 1829 751 τὸ
1857 734 1905 751 τε-

1069 767 1294 805 τραγράμματον.
1312 771 1392 803 Quod
1409 773 1507 798 autem
1525 770 1579 798 hoc
1595 770 1691 806 capite
1717 770 1905 798 demonstrat

1069 812 1197 841 Basilius
1213 814 1245 840 τὸ
1258 813 1414 851 ἀγέννητον,
1431 815 1597 851 ingenitum
1616 814 1659 842 vel
1686 814 1904 842 innascibilita-

1070 859 1129 885 tem
1146 866 1202 886 non
1220 859 1385 895 signiﬁcare
1396 859 1593 888 substantiam
1610 859 1652 887 vel
1666 859 1837 894 essentiam,
1848 859 1901 886 sed

1070 903 1189 930 modum
1205 904 1349 939 essentiae,
1367 904 1410 932 vel
1428 905 1547 932 modum
1570 904 1730 932 exsistendi
1753 912 1900 941 personas,

1068 947 1230 976 admittunt
1255 949 1343 977 etiam
1368 949 1416 976 alii
1440 950 1551 985 Patres,
1570 958 1643 985 quos
1666 949 1777 985 profert
1798 951 1902 976 noster

1063 991 1178 1020 Gabriel
1189 992 1331 1029 Vasques,
1345 994 1489 1030 Disputat.
1505 995 1555 1022 137
1568 995 1595 1021 in
1613 1003 1622 1021 ι
1638 996 1752 1030 partem
1768 993 1797 1021 S.
1814 993 1896 1021 Tbo-

1062 1044 1126 1069 mas,
1143 1038 1175 1064 ut
1197 1038 1332 1074 Cyrillus,
1350 1039 1402 1066 lib.
1420 1048 1429 1066 ι
1446 1038 1587 1073 Thesauri,
1603 1047 1667 1074 cap.
1689 1039 1715 1073 4,
1732 1038 1820 1073 cujus
1845 1037 1896 1065 hic

1061 1080 1168 1108 titulus
1193 1084 1261 1110 est:
1279 1081 1427 1119 Ἀπολογία
1450 1081 1601 1119 αὐτολεξεὶ,
1617 1083 1659 1109 δτι
1688 1083 1726 1120 μὴ
1752 1081 1785 1109 τό
1816 1080 1897 1119 ἀγέν-

1061 1135 1142 1159 νητον
1173 1125 1261 1160 οὐσία,
1279 1126 1362 1163 μόνον
1391 1126 1419 1154 δὲ
1446 1129 1494 1154 τοῦ
1528 1128 1566 1164 μὴ
1597 1127 1737 1165 γεγονέναι
1752 1127 1798 1154 τὸν
1829 1126 1896 1153 Θεὸν

1061 1169 1239 1205 σημαντικόν,
1258 1182 1271 1197 ιι
1287 1172 1368 1204 Quod
1383 1173 1547 1208 ingenitum
1564 1172 1734 1201 substantia
1749 1181 1809 1200 non
1838 1173 1897 1205 est,

1061 1214 1111 1241 sed
1124 1214 1310 1244 solummodo
1321 1216 1412 1244 Deum
1426 1225 1483 1244 non
1495 1225 1559 1245 esse
1571 1217 1702 1253 genitum
1715 1217 1892 1253 signiﬁcatu

1061 1261 1089 1285 et
1103 1267 1166 1294 cap.
1182 1260 1199 1287 3
1213 1260 1346 1295 ejusdem
1361 1260 1428 1289 libri
1446 1270 1452 1289 :
1469 1261 1527 1289 Οὐκ
1540 1260 1590 1298 ἄρα
1613 1261 1644 1288 τὸ
1670 1261 1818 1298 ἀγέννητον
1847 1259 1894 1287 οὗ-

1062 1301 1131 1332 σίαξ,
1148 1302 1221 1331 ἀλλά
1239 1306 1287 1331 τοῦ
1312 1305 1350 1341 μὴ
1375 1304 1495 1332 τοιῶσδε
1520 1306 1585 1333 εἶναι
1607 1306 1657 1340 τὴν
1675 1304 1768 1332 οὐσίαν
1786 1316 1895 1341 σημαν-

1060 1347 1146 1374 τικόν
1155 1358 1169 1373 ‹‹
1181 1351 1244 1376 Non
1259 1357 1324 1377 esse
1339 1350 1429 1386 igitur
1440 1351 1604 1386 ingenitum
1616 1350 1828 1384 substantiam,
1841 1350 1892 1378 sed

1061 1394 1256 1421 substantiam
1280 1403 1337 1422 non
1362 1403 1427 1423 esse
1449 1396 1498 1423 tali
1530 1396 1616 1423 modo
1645 1395 1815 1431 signiﬁcat;
1833 1406 1847 1420 »
1863 1397 1892 1423 et

1060 1437 1218 1473 Gregorius
1228 1438 1378 1474 Nyssenus
1396 1439 1446 1467 lib.
1459 1448 1499 1467 xu
1515 1441 1647 1468 adversus
1661 1441 1844 1474 Eunomium,
1859 1448 1886 1475 p.

1060 1481 1184 1510 3041Ei
1212 1482 1243 1509 τὸ
1272 1483 1413 1520 ἀγέννητον
1445 1482 1531 1520 ὄνομά
1560 1495 1623 1522 φασι
1650 1484 1701 1518 τήν
1719 1484 1808 1511 οὐσίαν
1837 1493 1885 1517 ση-

1063 1524 1178 1562 μαίνειν,
1194 1526 1238 1553 καὶ
1256 1527 1293 1563 μὴ
1310 1527 1340 1553 τὸ
1355 1525 1414 1554 ἄνευ
1440 1527 1527 1558 uittae
1551 1529 1600 1562 τήν
1628 1528 1775 1555 ὑπόστασιν
1802 1526 1887 1565 ἔχειν,

1060 1571 1133 1607 ποίῳ
1155 1570 1269 1607 ὀνόματι
1298 1572 1329 1598 τὸ
1354 1570 1415 1599 ἄνευ
1441 1572 1528 1604 αἰτίας
1559 1573 1625 1600 εἶναι
1640 1573 1686 1600 τὸν
1712 1572 1820 1610 Πατέρα
1845 1582 1892 1599 συ-

215 1608 289 1636 Ibid.
308 1610 328 1637 Β
344 1610 388 1637 11.
402 1612 504 1642 Rursus
519 1615 704 1651 interrogant.
723 1615 774 1643 Hic
789 1624 905 1652 quoque
928 1616 1006 1645 dilu-
1022 1609 1043 1643 C
1062 1616 1191 1650 στήσουσι
1207 1625 1212 1650 ;
1230 1628 1243 1641 ‹‹
1261 1617 1290 1643 Si
1307 1625 1413 1645 nomen
1430 1618 1485 1645 hoc
1511 1619 1667 1654 ingenitum
1693 1608 1894 1646 substantiam

180 1653 331 1689 cidiorem,
350 1655 463 1692 opinor,
493 1659 701 1687 substituimus
723 1661 886 1689 versionem
907 1662 1009 1698 ejectis

179 1697 239 1724 illis
254 1699 362 1733 verbis,
381 1710 394 1725 «
412 1709 447 1729 an
465 1710 531 1731 cum
549 1704 589 1732 sit
608 1707 695 1733 natus
709 1707 753 1733 est
768 1705 868 1739 Filius,
885 1715 919 1734 an
940 1715 1008 1735 cum

180 1750 239 1769 non
256 1742 304 1776 sit,
317 1755 328 1769 ι
347 1747 376 1771 et
395 1744 425 1772 in
442 1746 478 1774 iis
494 1756 555 1783 quas
575 1751 740 1785 sequuntur
753 1750 809 1778 alia
829 1752 983 1779 emendata
1000 1759 1006 1778 :

180 1786 229 1814 sed
254 1791 282 1814 et
307 1789 482 1822 maiusculis
507 1792 613 1821 litteris
638 1793 688 1822 illa
703 1795 848 1823 efferenda
878 1796 1007 1830 fuerunt,

184 1841 194 1855 ι
214 1831 377 1867 Aliquando
397 1837 425 1862 et
441 1835 471 1863 In
500 1838 639 1874 tempore,
657 1842 685 1866 et
708 1841 779 1866 Cum
801 1842 901 1868 esset:
921 1851 934 1865 (ι
954 1840 1009 1868 hoc

181 1877 235 1910 est,
252 1887 265 1901 ‹‹
281 1876 342 1904 Non
360 1879 469 1908 audent
486 1881 592 1916 dicere,
611 1884 652 1911 An
668 1883 837 1919 aliquando,
855 1896 869 1909 »
885 1885 930 1913 vel
945 1896 958 1910 ι(
977 1887 1008 1913 In

180 1923 312 1957 tempore
328 1923 367 1950 sit
382 1927 470 1953 natus
486 1926 529 1954 vel
546 1928 673 1962 genitus.
690 1939 705 1953 »

217 1974 291 2003 Ibid.
315 1975 346 2004 C.
365 1977 408 2004 i2.
426 1979 457 2005 Et
481 1980 530 2015 qui
552 1988 624 2008 cum.
645 1982 837 2010 Distinximus
867 1983 926 2011 haec
951 1984 1008 2011 duo

181 2018 245 2046 loca
274 2023 341 2048 ante
366 2023 488 2051 contusa
514 2024 543 2052 in
573 2034 664 2054 unum
683 2034 690 2055 :
713 2027 786 2055 alter
799 2028 877 2056 enim
893 2030 937 2056 est
953 2029 1009 2057 He-

182 2064 337 2100 braaorum,
353 2074 373 2102 ι,
390 2067 417 2097 3.
435 2068 487 2102 Qui
515 2078 577 2097 eum
598 2072 635 2098 sit
657 2072 787 2107 splendor
806 2082 812 2101 :
839 2073 914 2101 alter
940 2073 1009 2101 Phi—

185 2108 309 2145 lippeos.
324 2119 354 2146 ιι,
372 2112 399 2146 6,
415 2111 460 2139 καὶ
476 2112 505 2143 ὃς
530 2112 555 2141 ἐν
578 2116 673 2152 μορφῇ
686 2118 753 2143 Θεοῦ
770 2116 911 2155 ὑπάρχων,
930 2119 1009 2154 quod

183 2161 336 2189 perperam
362 2156 444 2191 Beza,
463 2158 596 2192 Quicum
623 2160 659 2188 sit
682 2162 712 2188 in
736 2162 826 2197 forma
851 2163 900 2190 Dei
916 2171 922 2190 :
941 2171 1009 2190 nam

183 2200 211 2225 et
239 2198 303 2233 ipse
330 2199 360 2227 in
390 2202 471 2229 textu
500 2203 635 2239 Epistolis
652 2206 686 2233 ad
706 2205 911 2242 Philippenses
927 2209 955 2234 et
979 2207 1009 2235 in

183 2242 264 2288 blatis
280 2243 343 2272 suis
359 2245 486 2274 reddidit
500 2247 612 2284 Latine,
630 2250 684 2284 Qui
696 2259 759 2278 cum
773 2256 842 2280 esset
862 2253 892 2280 in
913 2252 1010 2288 forma

184 2286 233 2313 Dei
239 2307 244 2314 .

219 2330 277 2359 Col.
295 2333 347 2359 679
376 2335 397 2361 A
427 2336 452 2362 3.
471 2338 558 2365 Homo
587 2340 659 2366 enim
682 2341 777 2368 altera.
794 2343 858 2368 Haec
885 2342 1008 2369 obscure

183 2377 343 2405 admodum
356 2379 397 2406 sic
409 2380 704 2420 edideratinterpres,
717 2397 728 2410 ‹‹
749 2386 836 2413 homo
852 2386 928 2414 enim
955 2386 1008 2414 ho—

182 2421 261 2449 mine
292 2424 387 2459 magis
416 2434 473 2453 non
490 2427 598 2455 dicitur
619 2430 736 2457 :bonus
761 2433 858 2458 autem
877 2432 961 2465 bono,
981 2434 1008 2459 ct

177 2466 278 2500 justus
291 2468 384 2502 justo.
396 2472 484 2498 »Hzec
501 2471 639 2501 nimirum
657 2477 712 2509 est,
725 2476 801 2510 quod
827 2475 928 2503 dicunt
945 2477 1007 2512 phi-

180 2510 308 2547 losophi,
324 2514 497 2543 Substantia
512 2525 569 2543 non
587 2519 710 2554 suscipit
734 2520 828 2555 magis
850 2523 877 2547 et
898 2510 1005 2556 minus,

180 2556 237 2600 seri
258 2557 403 2591 qualitas:
426 2561 502 2587 unde
522 2562 693 2590 Aristoteles
718 2564 745 2590 in
772 2566 863 2600 ϐρίθῃ.
878 2577 886 2592 ;
902 2565 955 2592 Οὐκ
978 2565 1006 2593 ἂν

181 2598 337 2638 ἐπιδέχωτο
388 2603 467 2630 nimia
482 2605 512 2631 τὸ
531 2605 636 2641 μᾶλλον
654 2606 697 2633 καὶ
710 2608 740 2634 τὸ
757 2610 1006 2642 ἧττῦν.Ρ()ΞὶῐἙΠἸΟ

180 2654 204 2672 c.
224 2654 261 2678 xx,
279 2655 312 2673 ex
327 2656 381 2675 ms.
400 2651 427 2676 et
441 2650 580 2686 Stephan.
599 2651 746 2688 ἀρξάμενον
764 2655 937 2691 scripsimus
957 2666 1006 2693 pro

180 2688 340 2725 ἀρξόμινον,
359 2704 372 2717 ‹‹
390 2695 466 2729 quod
483 2695 603 2732 incmpit
618 2705 692 2731 esse,
709 2707 765 2726 non
782 2708 906 2729 cessare.
923 2713 937 2727 ι)

216 2743 290 2790 Ibid.
307 2745 327 2772 C.
344 2747 385 2773 13.
402 2748 466 2783 Ipsi.
498 2750 645 2778 Truncata
677 2755 738 2780 erat
765 2754 825 2782 haec
850 2756 1005 2790 sententia,

181 2796 247 2815 cum
277 2787 424 2824 legeretur
448 2795 544 2827 antea,
564 2806 573 2821 ι
593 2796 731 2831 quoniam
748 2800 776 2825 et
791 2799 846 2835 ipsi
859 2800 982 2834 jubetur
999 2809 1004 2828 :

181 2834 300 2862 coactus
316 2836 344 2862 et
360 2835 462 2865 nolens
478 2839 637 2868 ministrat-
655 2852 669 2866 »
685 2843 736 2870 sed
753 2846 781 2871 et
795 2834 868 2871 illud
885 2843 940 2881 εἴγε
962 2844 1007 2872 καί

1064 1660 1147 1688 aiunt
1162 1661 1338 1696 signiﬁcare,
1356 1664 1384 1690 et
1398 1671 1455 1690 non
1472 1662 1584 1699 absque
1594 1671 1682 1690 causa
1697 1663 1811 1690 Patrem
1822 1662 1894 1690 sub-

1064 1705 1228 1733 sistentiam
1261 1706 1377 1740 habere,
1399 1716 1456 1743 quo
1493 1708 1612 1735 nomine
1637 1710 1748 1735 Patrem
1778 1707 1894 1743 absque

1064 1758 1154 1778 causa
1169 1759 1233 1778 esse
1248 1752 1449 1779 constituent?
1463 1763 1478 1778 »

1099 1804 1159 1833 Col.
1175 1805 1227 1832 683
1257 1805 1275 1832 Β
1303 1805 1330 1833 5.
1347 1805 1401 1834 Sed
1428 1807 1516 1842 ipsum
1544 1806 1707 1834 substantia.
1733 1803 1893 1832 Autonoe-tu

1064 1849 1182 1885 scripsit
1198 1850 1411 1886 typographus,
1421 1851 1573 1878 dubitante
1584 1852 1706 1878 fortasse
1716 1851 1891 1883 correctore,

1064 1902 1136 1922 num
1150 1894 1276 1922 Basilius
1298 1895 1395 1930 potius
1410 1895 1552 1924 edidisset
1572 1894 1726 1928 αὐτοουσία,
1742 1895 1892 1931 quomodo

1063 1941 1092 1966 et
1106 1939 1135 1966 in
1153 1939 1328 1975 Stephanaaa
1345 1939 1508 1976 legebatur,
1523 1942 1551 1968 et
1574 1943 1647 1968 Beza
1661 1940 1792 1968 vertebat
1808 1947 1814 1967 :
1832 1950 1846 1965 «
1862 1939 1893 1967 Si

1063 1983 1213 2019 ingenitus
1238 1992 1296 2012 non
1326 1987 1371 2012 est
1395 1985 1530 2012 essentia
1559 1993 1678 2018 nomen,
1696 1985 1746 2012 sed
1764 1984 1894 2019 ipsumet

1064 2028 1191 2056 essentia
1207 2036 1214 2056 :
1234 2039 1244 2053 ιι
1264 2029 1434 2057 Basiliensis
1450 2031 1479 2057 et
1494 2029 1600 2066 Regius
1616 2030 1664 2062 Η..
1678 2028 1742 2057 ἀλλ’
1763 2027 1828 2055 αὐτὸ
1844 2027 1894 2055 οὖ-

1065 2071 1118 2105 σία,
1136 2083 1150 2097 ‹‹
1168 2073 1218 2100 sed
1242 2073 1340 2109 ipsum
1358 2074 1526 2102 substantia
1541 2076 1587 2102 est
1602 2083 1608 2102 :
1625 2084 1638 2101 ι
1657 2076 1687 2102 et
1710 2074 1752 2102 ita
1776 2082 1897 2109 quoque

1064 2118 1288 2153 Trapezuutius.
1302 2118 1486 2155 dequebatur
1503 2120 1580 2155 apud
1596 2119 1733 2147 eumdem
1750 2119 1895 2154 interpre-

1064 2165 1135 2196 tem,
1152 2170 1246 2191 «cum
1265 2166 1293 2191 et
1309 2163 1399 2192 Filius
1414 2164 1582 2192 substantia
1603 2164 1651 2198 sit,
1668 2166 1697 2192 et
1722 2163 1786 2200 ipse
1809 2163 1897 2199 inge-

1064 2207 1145 2234 nitus
1161 2208 1329 2236 substantia
1343 2210 1399 2243 est,
1411 2211 1439 2236 et
1459 2209 1555 2236 omnis
1580 2208 1747 2236 substantia
1762 2208 1898 2243 ingenita

1065 2253 1125 2286 est;
1144 2263 1158 2277 »
1176 2252 1225 2280 sed
1242 2260 1310 2280 cum
1326 2253 1355 2280 in
1372 2252 1537 2288 Basilisnsi,
1554 2253 1690 2289 Stepb.et
1704 2261 1760 2281 ms.
1773 2253 1806 2280 H.
1823 2252 1897 2280 scri-

1023 2298 1046 2330 D
1062 2299 1146 2332 ptum
1175 2297 1225 2329 sit,
1243 2296 1386 2333 ἇγέννητος
1401 2298 1445 2324 καὶ
1473 2297 1486 2324 ὁ
1516 2297 1589 2332 Υἱός,
1615 2298 1720 2326 merito
1748 2297 1896 2325 immuta-

1063 2342 1171 2377 vimus,
1189 2354 1201 2366 α
1218 2342 1368 2378 ingenitus
1385 2343 1472 2370 etiam
1489 2343 1544 2370 erit
1560 2343 1661 2371 Filius.
1681 2354 1696 2368 υ

1099 2396 1157 2423 Col.
1176 2397 1228 2423 687
1250 2399 1269 2422 C
1290 2397 1317 2423 3.
1336 2397 1365 2423 Si
1385 2396 1451 2432 quid
1475 2397 1560 2424 enim.
1585 2396 1618 2425 In
1642 2405 1699 2424 ms.
1723 2397 1790 2433 Reg.
1818 2396 1893 2424 scri-

1064 2443 1146 2475 ptum
1176 2441 1352 2469 otiandimus
1383 2440 1503 2468 δεκτικὸν
1534 2440 1578 2468 καὶ
1616 2439 1760 2478 ἅνθρωπος
1789 2442 1893 2468 τοῦτο·

1063 2483 1132 2511 ἴδιον
1149 2483 1177 2511 δὲ
1192 2484 1346 2522 ἀνθρώπου,
1364 2487 1556 2522 quamobrem
1572 2486 1672 2514 addita
1688 2488 1733 2514 est
1747 2486 1897 2522 particula

1062 2529 1106 2556 καί
1132 2530 1218 2565 priori
1246 2530 1318 2565 loco,
1336 2540 1401 2558 cum
1425 2532 1541 2559 abesset
1564 2539 1581 2558 a
1595 2530 1750 2559 Basiliensi
1767 2539 1773 2559 :
1790 2539 1896 2559 verum

1064 2584 1097 2601 px
1121 2576 1291 2610 Stephanum
1316 2576 1412 2612 potius
1439 2577 1479 2604 ita
1504 2576 1705 2603 restituendus
1725 2578 1771 2604 est
1794 2578 1897 2604 textus
1927 2576 1932 2578 ’

1063 2620 1179 2647 Graccus
1197 2629 1203 2647 :
1278 2631 1303 2646 τι
1333 2621 1383 2657 γὰρ
1416 2622 1483 2654 ζῶον
1511 2619 1636 2657 λογικὸν,
1653 2620 1762 2655 θνητὸν,
1783 2621 1831 2647 νοῦ
1845 2620 1893 2647 καὶ

1064 2664 1217 2699 ἐπιστήμης
1248 2663 1389 2701 δεκτικὸν,
1421 2664 1561 2702 ἄνθρωπος
1599 2666 1699 2701 τοῦτο,
1728 2664 1773 2692 καὶ
1810 2663 1895 2692 τοῦτο

1063 2710 1214 2746 ἄνθρωπος·
1232 2721 1245 2734 ί(
1261 2711 1333 2738 Nam
1355 2711 1379 2738 si
1396 2712 1474 2747 quod
1495 2713 1539 2738 est
1555 2710 1664 2738 animal
1679 2710 1802 2739 rationis
1824 2719 1896 2746 par-

1062 2754 1165 2790 ticeps,
1192 2755 1324 2790 mortale,
1351 2756 1551 2791 intelligentia:
1579 2757 1607 2783 et
1631 2755 1758 2783 scientiae
1788 2763 1893 2792 capax,

1062 2800 1150 2828 homo
1180 2800 1252 2828 illud
1280 2803 1333 2834 est,
1350 2803 1379 2829 et
1402 2801 1476 2828 illud
1501 2802 1545 2829 est
1564 2799 1663 2829 homo.
1681 2811 1695 2826 »
1713 2800 1896 2837 Porphyrius

1064 2854 1125 2881 cap.
1153 2845 1170 2873 3
1198 2848 1247 2879 τῆς
1270 2845 1433 2883 Εἰσαγωγῆς
1463 2846 1517 2873 hac
1549 2845 1720 2874 deﬁnitione
1761 2845 1894 2875 hominis
