4156 6378
342 370 493 430 1057

1414 358 1495 418 ΙΝ
1539 353 1820 418 LIBROS
1864 351 2174 424 CONTRA
2224 346 2681 409 EUNOMIUM.

3614 354 3771 414 1058

335 504 644 561 contentus
701 498 831 571 fuit,
875 500 1010 566 ζῶον
1071 493 1295 572 λογικὸν
1357 491 1550 561 Θνητὸν
1594 491 1623 544 ὁ
1672 485 1979 562 ἄνθρωπος,

2131 499 2224 538 am
2255 481 2640 536 mutationem
2662 497 2900 552 passam
2929 499 3078 550 esse,
3097 483 3355 554 primum
3379 485 3544 541 illum
3571 491 3765 543 ortum

340 615 368 643 «
403 590 622 647 animal
671 589 917 646 rationis
967 587 1260 659 particeps
1291 581 1555 650 mortale,
1591 581 1787 636 homo.
1819 596 1845 629 ι
1887 575 1998 630 Ra-

341 682 519 738 tionis
549 681 844 753 particeps
893 696 1028 735 cum
1062 676 1299 742 dicitur,
1333 675 1404 731 ab
1444 670 1804 728 animalibus
1855 667 1998 721 bru-

342 773 440 839 tis,
472 787 609 826 cum
664 786 797 826 vero
856 767 1122 833 mortale,
1153 766 1224 820 ab
1277 761 1502 836 angelis
1546 776 1679 816 eum
1714 753 2000 827 distingui

344 862 533 917 docet.

415 952 532 1008 Col.
563 951 670 1006 689
699 953 742 1006 A
776 950 860 1005 12.
887 949 984 1002 Ἦν
1038 945 1137 1021 ἄρα
1165 965 1298 1000 ταπ.
1346 943 1638 999 Vitiosam
1687 938 1998 994 lectionem

344 1045 426 1099 sic
446 1043 734 1116 expressit
753 1041 1089 1106 Cornarius,
1113 1063 1138 1088 ‹‹
1170 1039 1308 1092 Erat
1333 1051 1468 1106 ergo
1497 1029 2000 1099 humilius,quam

342 1139 406 1190 ut
441 1133 593 1190 Patri
624 1132 981 1202 conveniret,
1019 1146 1217 1185 creare
1263 1144 1352 1196 ea,
1394 1142 1523 1196 qua:
1574 1140 1608 1178 a
1655 1120 1797 1177 Filio
1849 1119 2004 1173 facta

339 1228 497 1295 sunt,
530 1245 558 1274 »
594 1223 695 1278 sed
728 1219 1097 1277 emendanda
1145 1221 1233 1274 est
1277 1232 1347 1271 ex
1391 1213 1568 1285 Regio
1618 1211 1708 1280 Ηη
1744 1206 1842 1262 οὐκ
1901 1203 2003 1280 ἄρα

337 1309 427 1366 οὖν
457 1310 860 1385 ταπεινότερον,
893 1308 979 1364 vel
1033 1324 1102 1362 ex
1151 1306 1433 1376 Stephan.
1469 1319 1525 1373 p.
1577 1301 1704 1365 399,
1750 1296 1849 1351 οὐκ
1898 1291 2002 1369 ἄρα

337 1397 639 1468 ταπεινότ.,
703 1422 730 1450 ‹‹
790 1403 916 1454 Non
972 1400 1064 1453 est
1137 1397 1321 1467 igitur
1384 1389 1671 1446 humilius
1751 1385 2005 1457 aliquid,

341 1507 520 1562 quam
544 1494 607 1544 ut
647 1489 802 1544 Patri
842 1485 1170 1551 conveniat,
1187 1499 1379 1542 creare
1403 1496 1528 1552 que
1552 1479 1702 1532 tiunt
1724 1493 1757 1530 a
1781 1474 1946 1530 Filio.
1977 1495 2002 1520 υ

344 1580 504 1644 Quod
565 1579 856 1649 sequitur,
887 1575 950 1629 οὐ
1008 1573 1107 1648 γὰρ
1165 1571 1230 1639 ἦν
1289 1588 1421 1623 ποτε
1451 1566 1678 1639 ἆσοφος,
1722 1565 2001 1618 immuta-

346 1669 540 1723 vimus
572 1668 651 1722 ita
683 1682 914 1721 versum
950 1665 998 1735 (α
1037 1680 1153 1716 non
1187 1659 1346 1716 enim
1398 1661 1543 1724 erat,
1585 1653 1822 1726 quando
1881 1659 2003 1705 erat

348 1757 656 1828 insipiens.
692 1754 743 1826 ››)

419 1827 536 1901 col.
569 1845 670 1900 691
706 1845 746 1898 Α
789 1843 842 1896 5.
895 1841 1077 1908 Quare
1129 1837 1379 1892 videtur.
1431 1834 1722 1924 Interpre-s
1772 1827 1954 1924 edidit
1989 1842 2002 1881 :
2036 1860 2082 1924 Β

349 1957 377 1985 ‹‹
409 1936 597 2000 Quare
629 1933 863 1990 videtur
893 1930 964 1986 de
995 1925 1389 1984 similitudine
1419 1941 1484 1979 ac
1518 1920 1823 1976 identitate
1855 1917 2006 1988 ipso-

346 2041 478 2080 rum
511 2024 568 2078 in
598 2020 876 2078 omnibus
902 2016 1202 2087 similique
1236 2009 1722 2077 substantia,non
1754 2008 1826 2062 de
1847 2021 2004 2060 crea-

345 2119 479 2169 tura
527 2129 595 2168 ea
641 2111 822 2166 verba
871 2106 1110 2162 dixisse.
1167 2126 1196 2154 »
1247 2102 1396 2168 Quid
1456 2100 1533 2156 sit
1588 2092 2006 2169 ἀπαράλλακτος

344 2200 519 2272 οὐσία,
553 2204 610 2257 et
641 2197 932 2271 quomodo
960 2194 1161 2250 Latine
1213 2209 1247 2248 a
1295 2189 1566 2246 Patribus
1615 2184 2005 2258 exprimatur,

344 2271 594 2348 docetin
627 2287 750 2345 suis
812 2287 872 2340 in
927 2283 1254 2353 Gregorium
1296 2280 1715 2335 Nazianzenum
1763 2271 2005 2329 scholiis

346 2377 727 2436 doctissimus
787 2374 992 2442 Bilius,
1032 2371 1133 2444 qui
1194 2374 1251 2426 et
1307 2368 1461 2438 apud
1523 2365 1718 2429 illum,
1771 2380 1829 2433 p.
1877 2362 2006 2430 682,

346 2469 538 2536 vertit,
571 2471 718 2524 orat.
777 2465 868 2529 42,
917 2464 952 2530 ἡ
1005 2457 1429 2534 ἀπαράλλακτος
1479 2452 1658 2522 εἰκὼν,
1694 2452 1721 2505 ὁ
1768 2452 1864 2504 τοῦ
1903 2453 2010 2502 Ila-

345 2560 471 2635 τρὸς
505 2556 631 2632 ὅρος
659 2554 746 2609 καὶ
783 2550 975 2626 λόγος,
1003 2575 1028 2601 ‹‹
1065 2552 1162 2606 illa
1192 2567 1296 2620 per
1323 2547 1524 2603 omnia
1554 2542 1766 2599 similis
1788 2541 2005 2611 imago,

347 2629 444 2707 ille
474 2629 665 2703 Patris
704 2643 994 2700 terminus
1030 2645 1087 2695 et
1116 2639 1265 2693 ratio
1300 2654 1312 2691 :
1345 2659 1371 2684 η
1405 2636 1608 2706 itaque
1645 2631 1793 2687 illud
1824 2629 2006 2684 Atha-

350 2739 523 2807 nasii,
556 2736 838 2807 disputat.
871 2732 904 2785 2
934 2734 1135 2786 contra
1163 2728 1419 2793 Arianos,
1453 2742 1510 2796 p.
1545 2722 1671 2791 155,
1700 2718 1789 2774 καὶ
1833 2718 2007 2792 ἀπαρ-

348 2811 620 2882 άλλακτον
692 2817 848 2895 ἔσχεν
910 2817 1130 2885 εἰκόνα,
1185 2816 1269 2872 sic
1354 2810 1727 2883 interpretari
1803 2813 2007 2883 potes,

346 2941 373 2970 ‹‹
402 2915 723 2984 habuitque
754 2928 857 2983 per
885 2907 1087 2965 omnia
1117 2904 1379 2962 similem
1431 2903 1522 2957 sui
1571 2898 1893 2972 imaginem
1928 2915 1940 2952 :
1977 2917 2005 2946 »

347 3013 411 3065 ut
439 3007 499 3062 in
531 3005 730 3061 eodem
773 3000 926 3055 libro
970 2996 1118 3053 dixit
1156 3013 1213 3068 ρ.
1239 2994 1363 3061 151,
1384 2988 1472 3046 καί
1507 2988 1702 3062 ὅμοιός
1732 2986 1842 3041 ἐστι
1872 2985 2008 3039 κατά

342 3095 510 3151 πάντα
540 3096 634 3146 τοῦ
667 3086 903 3164 Πατρός,
937 3108 966 3137 ‹‹
1001 3084 1336 3155 similisque
1384 3098 1485 3153 per
1533 3077 1734 3134 omnia
1767 3075 1940 3131 Patri.
1976 3096 2004 3124 »

343 3187 458 3242 Nec
492 3182 634 3239 satis
669 3163 1008 3252 exprimunt
1036 3173 1154 3228 vim
1185 3168 1600 3240 dictionis,qui
1637 3189 1665 3217 ‹‹
1698 3181 1812 3220 non
1832 3163 2006 3219 dissi-

2110 587 2238 626 esse
2270 574 2515 641 negant:
2540 569 2730 625 eidem
2767 573 2964 626 tamen
2998 571 3340 644 angelorum
3372 574 3767 646 principatum

2112 659 2372 715 delatum
2407 674 2534 713 esse
2567 659 2920 719 concedunt.
2957 661 3054 731 qui
3092 677 3246 715 unus
3288 678 3317 715 e
3366 662 3572 732 primis
3614 664 3771 735 prin-

2110 749 2343 822 cipibus
2391 753 2566 818 esset,
2601 766 2634 803 a
2680 766 2793 820 quo
2846 767 2950 805 nec
3003 749 3146 806 illud
3181 750 3477 807 dissidet:
3511 754 3576 807 Et
3631 756 3775 811 sicut

2109 856 2254 895 unus
2301 838 2364 893 de
2414 837 2768 908 principibus
2817 840 3025 895 caditis
3065 839 3240 912 (Psal.
3291 843 3506 910 LXXXI).
3551 843 3771 899 «Idem

2111 929 2504 999 Hieronymus
2535 927 2796 982 adversus
2828 930 3183 984 Iovinianum
3231 931 3302 984 de
3355 930 3618 986 Lucifero
3653 936 3774 986 tra-

2113 1018 2197 1072 dit
2243 1026 2299 1071 et
2340 1016 2468 1086 ejus
2502 1032 2663 1070 casu.
2699 1021 2754 1070 S.
2788 1018 3158 1089 Augustinus
3210 1017 3312 1074 lib.
3348 1036 3411 1073 ιιι
3457 1021 3532 1074 De
3583 1020 3778 1076 Genesi

2112 1109 2186 1165 ad
2242 1107 2512 1173 litteram,
2555 1123 2684 1178 cap.
2750 1108 2836 1173 10,
2889 1108 3161 1162 meminit
3220 1111 3637 1179 quorumdam,
3673 1111 3774 1182 qui

2115 1200 2195 1254 ita
2229 1198 2582 1262 sentiebant,
2609 1213 2714 1251 nec
2745 1196 2879 1252 illos
2911 1201 3076 1252 notat
3106 1201 3208 1252 aut
3239 1200 3441 1270 carpit.
3461 1200 3776 1271 Gregorius

2117 1289 2389 1360 Magnus,
2423 1284 2633 1340 homil.
2684 1285 2752 1339 34
2805 1290 2883 1339 De
2924 1289 3142 1339 centum
3192 1288 3406 1353 ovibus,
3464 1305 3638 1359 quem
3678 1305 3773 1344 se-

2115 1377 2316 1448 quitur
2347 1376 2405 1430 S.
2439 1374 2713 1442 Thomas,
2749 1391 2761 1428 ι
2796 1391 2879 1445 p.,
2905 1377 3110 1445 quaest.
3143 1375 3234 1445 63,
3259 1375 3422 1430 artic.
3457 1377 3514 1444 7,
3545 1393 3652 1432 nec
3684 1381 3772 1433 ta-

2116 1484 2250 1522 men
2304 1464 2549 1519 alteram
2608 1463 2943 1534 opinionem
2994 1464 3264 1518 damnari
3311 1464 3456 1531 vult,
3511 1483 3637 1537 quae
3686 1471 3777 1523 est

2118 1553 2464 1610 Damasceni
2497 1553 2601 1608 lib.
2637 1569 2677 1607 ιι
2710 1553 2783 1607 De
2812 1553 2921 1623 ﬁde
2957 1553 3290 1622 orthodoxa,
3322 1571 3449 1626 cap.
3485 1555 3539 1625 4,
3570 1572 3639 1610 ex
3686 1556 3774 1611 in-

2115 1645 2427 1700 ferioribus
2459 1641 2742 1697 nimirum
2777 1642 3088 1698 ordinibus
3145 1643 3328 1698 fuisse
3381 1644 3620 1714 angelos
3673 1644 3776 1716 qui

2114 1735 2261 1808 lapsi
2294 1735 2623 1791 sunt.Sanc
2645 1734 2879 1801 quidem
2915 1733 3107 1789 locum
3139 1733 3307 1790 illum
3338 1734 3472 1790 Jobi
3494 1734 3775 1792 historico

2116 1842 2293 1880 sensu
2327 1823 2558 1879 malunt
2587 1821 2686 1878 alii
2717 1823 2788 1877 de
2819 1822 3060 1878 animali
3083 1823 3340 1894 quodam
3370 1825 3656 1897 terrestri,
3688 1825 3777 1882 vel

2117 1917 2187 1971 de
2227 1918 2497 1986 serpente
2528 1913 2586 1967 in
2631 1912 3023 1968 humentibus
3068 1912 3212 1970 locis
3265 1915 3511 1985 degente
3562 1915 3780 1972 intelli-

2116 2021 2270 2077 gere,
2309 2003 2578 2073 nihilque
2609 2004 2679 2058 de
2711 2001 2975 2074 principe
3027 2003 3360 2058 daemonum
3406 2003 3506 2076 qui
3555 2005 3778 2061 cecide-

2116 2097 2273 2159 runt,
2301 2110 2370 2148 ex
2401 2092 2708 2164 Scriptura
2738 2094 2893 2146 certo
2926 2091 3123 2163 colligi
3157 2109 3351 2164 posse,
3398 2098 3462 2148 ut
3506 2093 3778 2165 pluribus

2116 2183 2324 2254 probat
2350 2189 2545 2237 noster
2576 2178 2808 2236 Gabriel
2836 2178 3102 2252 Vasques
3141 2180 3200 2235 in
3251 2181 3410 2236 illam
3454 2185 3511 2236 S.
3544 2182 3778 2238 Thomin

2114 2273 2186 2328 63
2214 2271 2625 2344 quaestionem.

2188 2361 2305 2416 Col.
2341 2362 2446 2415 695
2488 2361 2528 2416 G
2576 2360 2630 2414 8.
2684 2359 2822 2414 Cum
2872 2370 3203 2432 sperassent.
3236 2359 3408 2415 Aliud
3460 2365 3549 2416 est
3597 2361 3779 2432 pceni-

2115 2451 2363 2507 tentiam
2395 2466 2588 2522 agere,
2611 2448 2768 2504 aliud
2796 2450 3284 2521 resipiscere,aut
3320 2451 3491 2506 vitam
3527 2454 3776 2522 mutare,

2118 2540 2497 2612 quamobrem
2523 2538 2845 2595 delevimus
2871 2538 3014 2593 illud
3039 2543 3414 2611 Trapezunt.,
3452 2562 3471 2589 α
3495 2557 3629 2595 cum
3652 2557 3780 2612 spe-

2118 2646 2320 2684 ramus
2352 2627 2698 2701 poenitentia
2728 2643 2902 2698 posse
2933 2626 3166 2682 salvari.
3205 2649 3232 2676 »

2189 2736 2305 2791 Col.
2337 2735 2442 2789 699
2476 2736 2512 2790 Β
2541 2735 2594 2791 8.
2631 2735 2696 2789 Et
2724 2734 2998 2789 creatrix.
3034 2735 3142 2789 MS.
3179 2738 3273 2799 H.,
3306 2732 3393 2787 καὶ
3443 2735 3477 2802 ἡ
3528 2731 3777 2796 ἄκτιστος

2119 2823 2335 2894 eae-cm,
2367 2847 2395 2874 ‹‹
2449 2829 2506 2879 et
2555 2825 2818 2878 increata
2868 2823 3148 2878 divinitas
3184 2839 3196 2877 :
3236 2847 3256 2872 ι»
3311 2829 3370 2879 at
3407 2824 3688 2895 Stephan.
3722 2830 3778 2879 et

2118 2919 2264 2970 Beza
2303 2911 2546 2982 κτίστης,
2582 2935 2609 2963 ‹‹
2655 2920 2712 2968 et
2757 2913 3008 2967 creatrix
3047 2912 3255 2978 deitas,
3307 2935 3333 2962 ››
3376 2914 3609 2968 tametsi
3661 2915 3774 2968 for-

2116 3007 2275 3057 tasse
2315 3001 2456 3072 legit
2493 3001 2918 3073 Trapezuntius
2953 3002 3157 3058 κτῖστις
3191 2997 3404 3068 θεότης.
3439 3000 3613 3056 Paulo
3641 3006 3776 3072 post

2116 3108 2184 3146 ex
2215 3093 2417 3147 eadem
2442 3091 2580 3146 edit.
2630 3089 2911 3161 Stephan.
2946 3094 3268 3146 correctum
3304 3094 3392 3145 est
3443 3087 3527 3142 ἐπὶ
3575 3088 3638 3143 τὸ
3686 3110 3775 3144 πι-

2120 3177 2342 3233 στεύειν·
2378 3201 2405 3230 ‹‹
2437 3179 2915 3250 quandoquidem
2964 3179 3198 3233 credere
3246 3196 3353 3233 nos
3405 3178 3461 3232 in
3493 3195 3654 3245 eum,
3686 3179 3774 3233 vel

346 3230 458 3242 Hb"
492 3230 632 3239 “⁷“”””
674 3230 798 3252 ⁹’“ε”
859 3230 886 3231 "
912 3230 918 3231 ⁷
1469 3230 1480 3240 ι
1517 3230 1538 3240 ο

346 3275 566 3340 milem,
583 3293 610 3322 »
632 3269 722 3326 vel
745 3291 772 3319 «
795 3260 1343 3321 incommutabilem
1368 3279 1397 3308 »
1421 3259 1689 3326 vertunt;
1722 3253 2012 3309 excedunt

2127 3269 2307 3325 simul
2338 3286 2472 3324 cum
2499 3284 2587 3335 eo,
2621 3267 2703 3322 vel
2747 3273 2881 3322 ante
2920 3268 3115 3338 ipsum
3157 3269 3535 3323 inveniretur.
3569 3289 3598 3318 »
3632 3273 3779 3324 Beza

345 3367 561 3432 autem,
586 3358 687 3431 qui
711 3380 738 3408 «
777 3353 1153 3411 identitatem
1196 3371 1223 3399 ››
1255 3348 1350 3403 hic
1381 3347 1629 3402 addunt.

424 3469 486 3524 1h
504 3467 585 3522 id.
633 3471 671 3518 Β
699 3467 755 3518 7.
790 3462 851 3517 Si
879 3463 1083 3530 imago.
1117 3455 1541 3527 Corrigendum
1599 3451 1657 3506 in
1713 3451 1908 3506 Graeco
1955 3463 2024 3530 οξ

351 3523 460 3616 ms.
497 3557 564 3613 Η.
617 3553 922 3607 καθοτιοῦν·
960 3523 1062 3604 sed
1123 3523 1312 3600 aliteri
1349 3541 1788 3598 distinctionem
1847 3536 1961 3593 adh
1979 3523 2022 3612 ζ

358 3651 568 3705 buerat
629 3638 1006 3713 Trapezuntii
1066 3637 1268 3700 codex,
1319 3649 1453 3688 cum
1507 3647 1624 3703 quo
1663 3629 1836 3686 etiam
1891 3627 2022 3684 Ste-

361 3738 540 3811 phani
586 3731 765 3788 editio
798 3725 1108 3794 consentit,
1142 3723 1188 3778 εἰ
1222 3720 1383 3776 εἰκὼν
1414 3717 1630 3779 πάντως
1684 3714 1850 3788 ὁμοία
1895 3714 2022 3768 no.0-

347 3805 561 3892 οτιοῦν,
593 3818 690 3875 καὶ
723 3817 750 3872 ὁ
782 3814 910 3876 Υἱός
953 3812 1092 3868 ἔστιν
1141 3811 1322 3882 εἰκών,
1355 3833 1383 3861 ‹‹
1433 3809 1492 3865 Si
1542 3806 1782 3864 omnino
1828 3805 2023 3877 imago

349 3922 437 3972 est
477 3913 538 3969 in
572 3909 782 3983 quovis
817 3904 1054 3973 similis,
1079 3905 1136 3958 et
1165 3900 1351 3958 Filius
1383 3903 1473 3954 est
1503 3898 1718 3968 imago.
1755 3916 1778 3946 ιδ
1809 3897 2022 3949 Emen.

349 3981 616 4060 davimus
649 4017 718 4056 ex
749 3999 951 4052 eadem
1009 3995 1066 4048 et
1120 4009 1184 4046 ex
1237 4006 1348 4044 ms.
1381 3987 1498 4042 κατ’
1539 3981 1690 4039 οὐδὲν
1742 3981 1932 4054 ὁμοία,
1965 3985 2020 4036 et

350 4093 485 4148 κατᾶ
552 4088 727 4144 πάντα
785 4083 1083 4156 ἀνόμοιος’
1135 4079 1238 4136 sed
1310 4079 1367 4132 in
1429 4073 1687 4147 capitulo
1753 4069 2018 4143 sequenti

355 4183 631 4240 mendose
663 4180 722 4234 in
755 4175 1040 4248 Stephan.
1076 4176 1132 4227 et
1177 4165 1494 4225 Basiliensi
1547 4164 1656 4218 fuit
1714 4159 1932 4236 βλέπων
1965 4163 2020 4216 et

354 4271 606 4340 ἀκούων,
661 4285 762 4341 pro
828 4262 1034 4339 βλέπον
1099 4264 1156 4317 et
1214 4258 1450 4312 ἂκοῦον⁶
1518 4258 1581 4312 ut
1639 4251 1902 4341 suggerit
1949 4251 2018 4306 H.

356 4383 468 4421 ms.
531 4339 899 4434 qui—rursus
978 4365 1284 4426 perperam
1365 4345 1578 4402 habuit
1651 4339 1864 4417 βλέπει,
1916 4357 2018 4413 pro

360 4451 568 4531 βλέψει·
607 4450 763 4506 unde
791 4440 1239 4515 Trapezuntius,
1283 4460 1310 4488 ‹‹
1344 4439 1410 4491 ut
1456 4450 1669 4505 corpus
1714 4435 1931 4498 cernet,
1965 4434 2022 4486 et

358 4520 422 4603 ut
477 4520 691 4613 corpus
757 4535 976 4604 audiet,
1035 4532 1123 4603 (ut
1185 4525 1512 4600 ἐνεργήσει,)
1567 4520 1925 4595 operabitur.
1994 4544 2013 4568 ι.

2128 3373 2434 3429 perperam
2464 3354 2571 3428 πρό
2606 3356 2774 3410 vertit
2806 3377 2831 3403 ‹‹
2868 3360 3016 3426 post,
3051 3375 3077 3404 υ
3114 3359 3170 3409 et
3198 3355 3346 3425 ἡμᾶς
3385 3354 3604 3411 omisit.

2199 3463 2318 3520 Col.
2368 3463 2476 3516 702
2529 3465 2576 3517 Α
2627 3463 2710 3516 15.
2765 3462 2944 3526 Ipsam
3015 3463 3250 3531 petebat.
3299 3462 3592 3517 'l‘runcata
3657 3461 3780 3517 haec

2130 3554 2363 3608 fuerant
2395 3552 2596 3607 Latine
2634 3567 2912 3607 conversa
2947 3552 3018 3606 ab
3049 3551 3386 3622 interprete,
3418 3552 3587 3622 quasi
3618 3552 3784 3607 dees-

2131 3647 2262 3696 sent
2312 3641 2446 3703 ista,
2492 3637 2659 3705 αὐτὴν
2719 3631 2859 3710 ᾔτει.
2894 3635 2970 3693 Οὐ
3018 3637 3120 3711 γὰρ
3153 3636 3212 3690 ἂν
3242 3636 3270 3690 ὃ
3304 3637 3420 3710 εἶχε
3451 3631 3636 3690 λαϐεῖν
3669 3634 3788 3690 ἐπι-

2133 3730 2303 3798 ζήτει,
2337 3745 2464 3798 quae
2497 3744 2700 3783 omnes
2732 3727 3018 3782 editiones
3048 3732 3104 3781 et
3135 3745 3276 3782 mss.
3311 3727 3603 3782 exhibent.
3634 3728 3787 3783 Rur-

2131 3835 2234 3873 sus
2256 3818 2314 3872 in
2339 3819 2452 3871 ﬁne
2472 3814 2710 3887 capituli
2736 3815 2915 3886 hujus
2929 3832 3125 3871 vocem
3150 3813 3467 3886 οἰκονομίας
3483 3817 3784 3872 omiserat.

2129 3907 2210 3962 De
2250 3905 2494 3961 Photino
2531 3904 2918 3976 Epiphanius,
2949 3904 3160 3960 haeresi
3190 3905 3280 3970 7-1,
3314 3905 3412 3975 qui
3450 3905 3508 3960 in
3541 3904 3787 3960 concilio

2129 3994 2464 4051 Sardicensi
2507 4011 2641 4048 eum
2688 3995 3036 4048 damnatum
3084 3994 3317 4059 asserit,
3365 3993 3475 4047 hoc
3517 3996 3606 4046 est
3635 3992 3790 4048 circa

2132 4101 2363 4140 annum
2388 4083 2603 4137 Christi
2628 4082 2730 4136 347
2757 4099 2770 4137 :
2798 4081 2999 4134 Φάσκει
3031 4079 3290 4154 ἀπαρχῆς
3320 4080 3410 4133 τὸν
3443 4079 3674 4152 Χριστὸν
3714 4079 3790 4152 μὴ

2130 4171 2410 4243 εἶναι,ἀπὸ
2443 4166 2499 4224 δὲ
2531 4169 2766 4243 Μαρίας,
2798 4169 2886 4222 καὶ
2920 4165 3077 4244 δεῦρο
3108 4167 3268 4222 αὐτὸν
3299 4165 3587 4242 ὑπάρχειν,
3622 4165 3788 4240 ἐξότε,

2129 4260 2284 4339 φησὶ,
2333 4259 2395 4313 τὸ
2455 4261 2674 4330 Πνεῦμα
2723 4257 2785 4310 τὸ
2836 4257 2986 4330 ἅγιον
3038 4255 3274 4324 ἐπῆλθεν
3326 4252 3407 4308 ἐπ’
3462 4253 3652 4324 αὐτὴν,
3699 4254 3789 4309 καὶ

2128 4350 2381 4427 ἐγεννήθη
2426 4347 2484 4403 ἐκ
2537 4346 2849 4419 Ηνεύματος
2899 4344 3053 4420 ἁγίου
3085 4364 3096 4376 '
3137 4369 3156 4394 α
3218 4345 3443 4400 Asserit
3501 4347 3572 4400 ab
3623 4345 3789 4400 initio

2129 4441 2421 4496 Christum
2464 4456 2577 4493 non
2621 4453 2770 4502 esse,
2808 4452 3006 4490 verum
3055 4454 3087 4489 a
3137 4434 3342 4500 Maria,
3377 4439 3431 4488 et
3479 4434 3790 4506 hucusque

2128 4529 2322 4600 ipsum
2373 4525 2672 4589 exsistere,
2705 4539 2772 4576 ex
2817 4539 2932 4592 quo
2985 4521 3242 4592 Spiritus
3270 4524 3534 4590 sanctus,
3572 4520 3787 4598 inquit,

426 4603 680 4710 (101.694
711 4645 829 4700 08.
885 4641 950 4696 Se
1005 4636 1308 4694 diabolum.
1343 4630 1744 4704 Expunximus
1795 4627 2006 4682 obscu-
2038 4603 2083 4667 D
2115 4614 2455 4688 supervenit
2506 4613 2564 4667 in
2617 4613 2828 4684 ipsam,
2885 4615 2941 4666 et
2992 4612 3228 4682 genitus
3295 4614 3385 4666 est
3438 4627 3506 4665 ex
3565 4609 3788 4682 Spiritu

361 4757 485 4797 ram
516 4736 868 4801 versionem,
893 4754 920 4780 ‹‹
959 4729 1141 4784 latent
1171 4722 1472 4780 diabolum
1506 4718 1763 4774 colentes
1803 4719 1860 4772 et
1891 4733 2008 4771 non

293 4806 301 4814 ι
361 4829 568 4885 Filium
626 4821 752 4880 Dei.
791 4845 810 4870 ι
849 4825 1021 4874 Porro
1081 4815 1238 4870 hunc
1285 4812 1480 4866 locum
1526 4806 1658 4863 Jobi
1689 4824 1780 4877 XL,
1814 4807 1899 4875 14,
1940 4805 2010 4860 de

360 4918 621 4993 principe
672 4915 1006 4970 daemonum
1042 4904 1328 4977 quosdam
1375 4897 1735 4955 intellexisse
1785 4896 2014 4951 constat

360 4982 428 5066 ex
459 4982 874 5079 Olympiodoro
931 4997 989 5050 in
1026 4995 1245 5079 Catena
1275 4991 1487 5079 Nicetis
1522 5006 1534 5044 :
1573 4985 1659 5079 ΟἱΔ
1685 4982 1778 5056 μὲν
1806 5002 2011 5079 ,φασιν,

360 5099 442 5152 ὅτι
498 5097 714 5168 πρῶτον
764 5090 954 5142 τοῦτον
1008 5078 1214 5138 ἔκτισεν
1268 5080 1295 5132 ὁ
1349 5076 1514 5138 Θεός’
1551 5075 1604 5128 οἱ
1637 5070 1692 5127 ’δὲ
1723 5069 2012 5146 φεύγοντες

361 5187 554 5253 εἰπεῖν,
612 5181 695 5236 ὅτι
752 5180 968 5250 πρῶτον
1027 5169 1244 5243 ποίημα
1300 5172 1398 5222 τοῦ
1456 5168 1589 5221 Θεοῦ
1645 5163 1745 5232 τήν
1805 5160 2013 5234 τροπὴν

362 5276 656 5346 ὑπέμεινε,
714 5265 911 5345 φασὶν,
972 5260 1055 5315 ὅτι
1115 5259 1174 5314 οὐ
1230 5262 1447 5333 πρῶτος
1513 5255 1588 5327 μὴ
1641 5253 1858 5329 γέγονε,
1916 5250 2016 5317 τήν

360 5363 583 5436 πρώτην
641 5341 935 5429 δῖἆρχὴν
1001 5347 1149 5423 παρὰ
1216 5345 1472 5421 ἀγγέλοις
1534 5344 1718 5417 εἶχεν,
1775 5341 1851 5401 εἷς
1909 5341 2016 5391 τῶν

361 5453 593 5525 πρώτων
647 5443 928 5521 ἀρχόντων
983 5437 1292 5514 τυγχάνων,
1324 5436 1460 5490 κατᾶ
1515 5433 1598 5503 τὸ,
1665 5430 1767 5487 Καὶ
1820 5429 1894 5489 ὡς
1945 5427 2018 5489 εἷς

358 5519 465 5598 τῶν
537 5519 821 5611 ἀρχόντων
900 5527 1158 5584 πίπτετε·
1225 5551 1252 5578 ‹‹
1314 5527 1563 5590 Quidam
1634 5522 1806 5576 aiunt
1869 5519 2024 5574 hunc

363 5607 686 5706 primum—va
716 5629 831 5678 Deo
885 5623 1149 5675 creatum
1194 5633 1357 5684 esse;
1391 5614 1489 5671 alii
1544 5629 1700 5679 vero,
1747 5624 1883 5665 cum
1942 5607 2026 5662 di-

362 5699 490 5788 ;ere
523 5711 904 5774 reformident
946 5706 1196 5780 primam
1230 5723 1265 5761 a
1295 5710 1410 5761 Deo
1445 5701 1743 5759 conditam
1797 5699 2024 5755 creatu-

2116 4710 2339 4763 sancto.
2376 4725 2402 4754 »

2190 4793 2310 4851 Col.
2343 4791 2448 4846 703
2496 4794 2540 4845 Α
2593 4790 2678 4874 13.
2733 4788 2946 4844 Creavi.
2999 4789 3088 4844 lta
3143 4788 3464 4844 Cornarius
3515 4790 3572 4842 et
3620 4787 3790 4855 Beza,

2121 4883 2337 4939 rectius
2389 4896 2566 4951 quam
2605 4871 3059 4949 'Trapezuntius,
3097 4876 3324 4932 Possedi
3370 4875 3682 4945 hominem,
3715 4871 3789 4928 ut

2123 4978 2212 5028 est
2243 4971 2300 5025 in
2333 4969 2590 5042 Vulgata
2641 4983 2707 5022 ex
2756 4966 3018 5037 Hebrazo,
3052 4966 3220 5037 quasi
3276 4965 3517 5036 legisset
3559 4961 3786 5032 ἐκτησά-

2129 5083 2258 5136 μην,
2293 5064 2467 5133 prout
2488 5057 2805 5113 ediderunt
2845 5055 3019 5110 etiam
3057 5054 3219 5122 LXX,
3248 5053 3492 5109 Genesis
3531 5069 3640 5107 XLI.
3677 5052 3786 5107 Re-

2127 5153 2247 5226 gin.
2281 5151 2348 5205 ll.
2381 5149 2560 5203 habet
2591 5144 2912 5216 ἰκτισάμην,
2951 5149 3006 5200 et
3036 5145 3117 5199 ita
3148 5149 3373 5200 certum
3411 5147 3500 5198 est
3544 5141 3636 5197 edi
3686 5158 3787 5197 vo-

2127 5243 2308 5298 luisse
2349 5238 2651 5304 Basilium,
2687 5237 2838 5306 quod
2895 5234 3258 5290 existimaret
3306 5234 3386 5289 ita
3435 5232 3722 5304 scriptum
3757 5249 3789 5286 a

2129 5332 2285 5389 LXX.
2320 5330 2465 5383 Nam
2528 5323 2864 5394 ἐκτησάμην,
2901 5343 2932 5376 a
2976 5324 3248 5395 praesenti
3297 5320 3556 5393 κτάομοιι,
3601 5319 3784 5390 possi-

2130 5426 2232 5480 deo
2266 5423 2453 5488 sonat,
2491 5435 2601 5473 non
2635 5431 2758 5471 creo
2789 5433 2806 5468 :
2841 5430 3028 5485 neque
3059 5420 3146 5470 est
3178 5416 3237 5470 in
3291 5433 3399 5470 usu
3450 5413 3604 5480 apud
3652 5428 3786 5483 pro-

2133 5516 2300 5570 fanos
2330 5515 2556 5566 Graec-os
2590 5510 2858 5563 auctores
2889 5504 3168 5578 κτίζομαι,
3202 5511 3266 5562 ut
3310 5505 3598 5577 signiﬁcet
3637 5519 3786 5573 creo,

2134 5604 2221 5660 vel
2266 5601 2461 5659 condo.
2497 5597 2800 5668 Scriptura
2847 5612 3080 5667 quoque
3131 5598 3304 5652 verbo
3352 5593 3550 5663 κτίζειν
3602 5591 3787 5648 activo

2137 5694 2325 5751 utitur
2377 5692 2628 5755 tantum,
2683 5689 2746 5741 ut
2788 5686 2927 5757 Sap.
2990 5702 3052 5756 ιι,
3103 5686 3172 5741 23
3225 5705 3236 5742 :
3281 5684 3409 5747 Θεὸς
3464 5677 3638 5736 ἔκτισε
3689 5679 3781 5734 τὸν
