4176 6380
371 363 394 421 1
405 362 527 423 059

1562 353 1611 412 Ν
1618 351 1796 412 ΟΤιΕ
1839 347 2288 411 FBONTONIS
2337 347 2597 411 DUGIEI

3642 346 3827 409 1060

369 488 656 565 ἄνθρωπον
706 488 788 544 ἐπ’
841 484 1130 566 ἀφθαρσίᾳ,
1163 486 1303 542 Deus
1361 483 1567 542 creavit
1628 482 1906 539 hominem
1963 482 2021 536 in

2147 477 2350 547 ritatis,
2372 478 2485 534 nisi
2503 494 2681 552 opera
2721 484 2929 536 cuncta
2944 482 3286 537 sanctorum
3317 483 3559 536 Patrum
3594 478 3821 535 eadem

370 580 797 652 incorruptione
816 596 839 642 ,'
885 582 944 635 et
986 576 1162 633 Eccli.
1214 592 1373 642 xvm,
1418 575 1443 629 1
1482 573 1586 631 :‘O
1648 573 1752 640 ζῶν
1816 569 1892 633 εἷς
1937 570 2029 624 τὸν

370 669 545 727 αἰῶνα
602 665 780 723 ἔκτισε
826 667 894 721 τὰ
951 666 1121 720 πάντα
1179 665 1358 737 κοινῇ,
1404 664 1511 733 Qui
1560 663 1699 718 vivit
1754 662 1815 717 in
1864 668 2029 718 mter-

370 778 505 818 num
534 763 742 818 creavit
790 759 976 814 omnia
1013 756 1199 811 simul.
1239 752 1573 826 Suspicioni
1619 756 1815 808 tamen
1868 750 2033 806 locus

373 852 731 923 relinquitur
760 849 818 904 in
848 846 1203 919 quibusdam
1240 844 1409 899 libris
1428 846 1720 899 Geneseos
1742 841 2030 913 scriptum

374 942 690 999 offendisse
737 937 1021 994 Basilium
1076 931 1346 1004 ἐκτίσατο,
1409 931 1890 1005 quandoquidem
1949 930 2032 984 ita

373 1047 607 1105 quoque
638 1028 890 1100 legimus
918 1025 1073 1097 apud
1106 1025 1236 1095 ejus
1260 1024 1498 1078 fratrem
1519 1020 1866 1094 Gregorium
1887 1020 2032 1091 Nys-

374 1136 605 1190 scnum,
638 1117 738 1173 lib.
773 1135 809 1172 n
858 1119 1052 1173 contra
1109 1115 1465 1180 Eunomium,
1518 1129 1575 1184 p.
1631 1113 1697 1166 34
1759 1109 2032 1165 editionis

372 1209 617 1281 Morelli,
648 1208 747 1264 ubi
787 1207 860 1262 de
907 1204 1279 1261 humanitate
1317 1202 1530 1258 Christi
1577 1217 1810 1272 quoque
1856 1214 2031 1270 expo-

375 1301 531 1358 nitur
570 1299 735 1355 locus
783 1294 1229 1352 Proverbiorum
1278 1309 1406 1362 vm,
1454 1295 1525 1345 22
1565 1308 1578 1345 :
1615 1289 1866 1357 Ἑκτίσθη
1928 1287 2031 1361 γὰρ

373 1390 597 1461 ἀληθῶς
660 1384 744 1441 ἐπ’
798 1383 1033 1459 ἐσχάτου
1075 1385 1184 1436 τῶν
1231 1383 1456 1454 ἡμερῶν
1505 1380 1533 1433 ὁ
1584 1376 1654 1433 δι’
1698 1381 1848 1450 ἡμᾶς
1913 1378 2032 1440 καθ’

371 1484 521 1553 ἡμᾶς
553 1476 868 1553 γενόμενος’
904 1496 933 1525 ‹‹
980 1474 1225 1529 Creatus
1282 1472 1436 1526 enim
1489 1473 1581 1526 est
1626 1486 1757 1526 vere
1806 1468 1866 1523 in
1923 1484 2032 1523 no-

373 1570 638 1628 vissimis
666 1564 1017 1637 diebus,ille
1041 1564 1135 1634 qui
1161 1565 1399 1634 pr0pter
1429 1577 1535 1617 nos
1566 1559 1891 1617 secundum
1925 1574 2032 1613 nos

372 1666 554 1718 natus
593 1660 701 1714 est.
739 1678 767 1706 »

443 1766 567 1825 Col.
595 1765 704 1820 706
751 1765 797 1819 A
828 1766 879 1817 8.
911 1763 1049 1817 Nam
1094 1763 1216 1832 ipsa
1264 1775 1364 1828 per
1407 1774 1486 1813 se.
1538 1752 1855 1832 Αὖτοσοφία
1886 1755 2031 1809 scri-

370 1858 604 1933 psimus
646 1871 714 1910 ex
752 1857 819 1907 H.
855 1868 990 1918 ms.,
1023 1853 1090 1905 ut
1117 1853 1289 1905 antea
1320 1845 1571 1915 αὖτοζωὴ
1607 1844 1737 1898 εἶναι
1767 1842 1832 1898 οὐ
1867 1840 2028 1897 δύνα-
2062 1869 2109 1935 Β

367 1969 479 2003 ται.
514 1948 700 2017 Atque
728 1944 784 1998 in
819 1940 1073 2013 vulgatis
1105 1938 1329 1994 Lexicis
1362 1939 1704 1992 annotatum
1740 1940 1829 1990 est
1850 1938 2031 1990 Deum

369 2037 653 2107 αὐτοζωήν
687 2053 721 2092 a
749 2032 1025 2106 Dionysio
1077 2048 1230 2104 saepe
1279 2029 1595 2097 nominari,
1630 2029 1786 2100 quod
1837 2042 1940 2099 per
1971 2042 2033 2082 se

367 2135 547 2201 vivnt,
583 2132 640 2185 et
686 2125 819 2182 aliis
866 2123 1099 2180 vivendi
1147 2125 1352 2177 auctor
1390 2121 1487 2193 sit,
1522 2123 1577 2175 et
1607 2136 1641 2175 a
1669 2117 2032 2174 Nazianzeno

368 2221 654 2295 Spiritum
709 2218 981 2273 sanctum
1032 2211 1283 2289 αὐτοφῶς
1331 2209 1639 2284 appellari,
1695 2209 1849 2281 quod
1905 2208 2034 2279 ipse

369 2327 508 2368 vero
561 2308 661 2363 lux
717 2306 815 2371 sit,
847 2314 903 2360 et
958 2303 1085 2358 sine
1153 2319 1217 2358 co
1287 2316 1456 2356 nemo
1519 2298 1911 2354 illuminetur.
1964 2295 2037 2351 Ut

371 2404 525 2458 orat.
556 2399 647 2465 37,
678 2411 809 2468 pag.
859 2393 968 2448 6l0
998 2409 1011 2448 :
1049 2388 1403 2468 φωτιστικὸν,
1440 2387 1695 2456 ζωτικὸν,
1730 2383 1942 2458 μᾶλλον
1978 2382 2035 2439 δὲ

375 2488 627 2566 abrupte:
660 2484 747 2539 καὶ
781 2482 916 2552 ζωήο
952 2505 980 2533 ‹‹
1015 2481 1114 2553 qui
1139 2481 1328 2536 lucem
1360 2495 1426 2534 ac
1463 2477 1642 2534 vitam
1678 2477 1862 2546 affert,
1892 2477 2032 2544 imo,

377 2581 480 2656 qui
531 2580 783 2651 ipsemet
828 2574 930 2629 lux
999 2578 1057 2629 et
1102 2571 1220 2627 vita
1270 2575 1379 2627 est.
1421 2588 1447 2620 ιο
1503 2573 1573 2624 Et
1621 2567 1930 2656 aiJustino
1972 2568 2032 2622 in

382 2655 784 2741 Quaestionibus
809 2664 879 2719 ad
912 2662 1121 2717 ercos
1167 2659 1320 2716 Deus
1362 2658 1579 2713 dicitur
1627 2655 2035 2731 αὐτοπάρακτος

379 2757 471 2815 καὶ
521 2753 837 2829 αὐτογενής,
872 2775 901 2802 ‹‹
934 2767 1037 2824 per
1087 2767 1149 2805 se
1200 2748 1523 2820 productus
1572 2752 1629 2802 et
1676 2762 1779 2818 per
1822 2762 1884 2801 se
1932 2761 2034 2817 ge-

380 2849 565 2904 nitus.
592 2867 620 2895 υ
656 2846 719 2899 ln
751 2838 1060 2897 Basiliensi
1094 2843 1286 2893 tamen
1320 2840 1445 2892 erat
1473 2839 1528 2890 et
1557 2834 1617 2891 in
1648 2834 1900 2906 Stephsh
1932 2833 2034 2908 γὰρ

379 2938 548 2994 αὐτοῦ
580 2931 740 3011 σοφία
768 2931 871 2985 οὐκ
908 2926 1135 3005 ἐγένετο.
1166 2925 1617 2999 Trapezuntius,
1661 2948 1688 2975 ‹‹
1742 2924 1890 2980 Nam
1939 2941 2032 2979 sa-

380 3026 600 3103 pientia
625 3025 754 3096 ejus
800 3022 953 3078 facta
990 3036 1106 3074 non
1156 3022 1246 3073 est
1278 3033 1291 3072 :
1328 3036 1358 3067 »
1392 3019 1640 3086 utraque
1681 3014 1852 3070 lectio
1898 3013 2033 3069 ferri

380 3121 649 3265 poigidoc
676 3201 730 3257 3.
767 3206 851 3258 Ea:
879 3199 1138 3270 opposita.
1172 3190 1403 3254 Ψευδῶς
1453 3209 1684 3266 quoque
1743 3191 2028 3265 scriptum

379 3252 615 3355 exhibet
635 3293 853 3366 Regius
872 3252 1052 3346 cbdex
1075 3287 1167 3357 H.,
1189 3252 1833 3358 itaquerTrape‘zuntius
1863 3252 1931 3338 ex
1960 3282 2033 3339 si-

2147 3262 2291 3320 ἀλλὰ
2326 3261 2458 3334 μετᾶ
2485 3259 2584 3328 τῆς
2614 3261 2802 3334 ψυχῆς
2840 3255 2907 3311 τὰ
2961 3255 3053 3329 μὲν

379 3388 503 3445 mili
535 3388 695 3442 textu
728 3382 1114 3453 expresserat,
1138 3399 1165 3427 «
1198 3375 1306 3442 Qui
1336 3391 1507 3431 verus
1531 3377 1639 3443 est,
1673 3374 1745 3429 ad
1776 3390 1895 3445 eos,
1929 3373 2034 3445 qui

377 3493 448 3533 ex
467 3471 737 3547 opposito
758 3468 905 3524 falso
928 3462 1636 3538 distinguuntur,dicitur.
1658 3485 1685 3513 ››
1713 3463 1785 3517 At
1807 3463 1864 3517 in
1890 3463 2029 3517 edit.

377 3562 664 3637 Stephan.
697 3558 822 3630 lego
868 3554 1007 3631 πρὸς
1059 3551 1184 3615 τοὺς
1213 3549 1427 3626 ψευδεῖς
1455 3547 2031 3623 ἀντιδιαστελλόμενος

380 3651 622 3727 λέγεται.
655 3647 843 3704 Nimis
892 3644 1303 3717 compendiose
1352 3644 1519 3712 Beza,
1552 3664 1579 3692 «
1630 3642 1818 3698 Verus
1866 3639 2030 3698 falsis

378 3740 718 3816 opponitur.
755 3759 784 3787 ›)

449 3848 571 3907 Col.
600 3847 708 3901 707
740 3846 778 3900 A
806 3844 861 3900 7.
897 3842 956 3897 Si
985 3844 1153 3899 solus.
1187 3839 1345 3896 Duas
1393 3839 1579 3895 lineas
1628 3838 1774 3893 istas
1822 3836 2034 3909 adjeci-

380 3955 516 3996 mus
545 3931 1038 4008 interpretationi,
1072 3946 1221 4004 quas
1252 3930 1527 3986 omiserat
1561 3926 1988 3998 Trapezuntius
2016 3944 2029 3984 :

374 4031 606 4085 tantum
636 4023 790 4081 enim
825 4022 1111 4090 ediderat,
1136 4043 1161 4071 «
1189 4019 1247 4075 Si
1281 4035 1459 4090 super
1483 4015 1682 4073 omnia
1711 4020 1802 4072 est
1822 4020 2030 4089 Deus,»

379 4122 486 4175 etc.
528 4116 589 4172 Et
623 4114 682 4168 in
713 4113 916 4169 eadem
948 4109 1183 4183 pagina,
1217 4125 1343 4181 cap.
1380 4108 1468 4175 12,
1500 4110 1686 4163 totam
1727 4104 1889 4161 illam
1938 4105 2032 4161 in-

378 4204 759 4277 scriptionem
795 4199 1033 4275 capituli
1065 4199 1358 4255 edidimus
1388 4197 1446 4253 in
1477 4197 1673 4252 Graeca
1714 4197 1890 4251 etiam
1923 4196 2030 4253 Ba-

377 4294 609 4353 siliensi
644 4292 903 4348 secunda
931 4295 989 4346 et
1035 4287 1380 4360 Stephanzea
1428 4286 1814 4342 desideratam
1851 4302 1863 4340 :
1897 4308 1925 4335 «
1968 4286 2032 4343 In

376 4384 550 4454 illud,
583 4382 703 4438 Non
748 4386 829 4436 est
880 4395 1065 4435 meum
1116 4379 1256 4434 (lare
1294 4377 1444 4433 vobis
1475 4374 1705 4449 (Matth.
1738 4392 1834 4441 xx,
1863 4376 1977 4448 23),
2004 4398 2027 4429 1

2142 586 2281 625 cura
2301 568 2710 638 exterminent,
2735 586 2869 626 cum
2902 585 3033 626 eam
3064 568 3168 625 illa
3215 569 3437 641 ubique
3485 571 3819 625 testentur.

2142 663 2287 714 Nam
2319 662 2377 713 et
2405 658 2501 714 hic
2528 658 2655 731 ipse
2677 658 2931 715 Basilius
2960 659 3222 731 idipsum
3255 659 3426 716 docet
3454 658 3513 714 in
3542 659 3826 715 Sermone

2140 748 2205 804 de
2259 749 2496 804 ascetica
2550 765 2650 803 seu
2695 751 3005 806 monastica
3060 752 3174 806 vita
3206 768 3227 805 :
3264 767 3286 797 ι
3320 747 3824 804 Custodientibus

2143 839 2424 893 mandata
2462 838 2590 909 ejus
2635 838 2944 895 retributio
2992 838 3217 907 multa;
3251 853 3476 893 merces
3518 836 3820 893 nimirum

2141 927 2245 982 illa
2273 926 2509 996 c0piosa
2537 931 2626 983 est
2654 931 2716 983 et
2745 943 2959 984 corona
2979 926 3254 999 justitiaa,
3284 930 3501 982 aeterna
3532 927 3823 982 taberna.-

2142 1016 2294 1083 cula,
2327 1017 2446 1072 vita
2476 1017 2653 1072 finem
2684 1033 2992 1089 nunquam
3042 1015 3339 1072 habitura.
3376 1036 3405 1067 »
3438 1019 3507 1070 Et
3551 1013 3827 1071 Humilia

2140 1106 2200 1161 in
2256 1105 2613 1179 principium
2666 1106 2961 1173 Proverb.,
2994 1122 3050 1177 p.
3088 1106 3194 1161 473
3227 1121 3238 1159 :
3277 1105 3497 1173 Omnes,
3529 1106 3628 1177 qui
3662 1105 3824 1159 viam

2140 1198 2519 1266 evangelicum
2549 1196 2874 1268 incedimus,
2905 1200 3235 1252 mercatores
3264 1211 3481 1265 sumus,
3506 1210 3608 1267 per
3634 1210 3825 1262 opera

2143 1290 2543 1347 mandatorum
2574 1290 2728 1346 nobis
2773 1289 3167 1362 possessionem
3214 1288 3529 1344 caelestium
3580 1302 3824 1358 compa-

2141 1386 2356 1436 rantes.
2389 1379 2663 1437 Justinus
2693 1380 2969 1451 Apologia
2996 1379 3033 1433 2
3081 1394 3180 1450 pro
3229 1378 3530 1433 Christian.
3562 1393 3582 1430 :
3612 1375 3687 1431 Οἲ
3720 1372 3819 1428 ἐὰν
3906 1384 3915 1395 '

2144 1468 2325 1539 ἀξίους
2372 1472 2452 1540 τῷ
2496 1466 2703 1522 ἐκείνου
2762 1466 3076 1543 βουλήματι
3129 1465 3351 1527 ἑαυτοὺς
3393 1462 3464 1519 δι’
3496 1462 3671 1540 ἔργων
3702 1461 3823 1517 δεί-

2143 1559 2295 1631 ξωσι,
2327 1565 2428 1627 τῆς
2487 1559 2601 1630 μετ’
2631 1556 2796 1611 αὐτοῦ
2847 1557 3190 1633 ἀναστροφῆς
3233 1554 3632 1625 καταξιωθῆναι
3668 1573 3821 1629 προ-

2141 1648 2469 1725 ειλτίφαμεν,
2517 1642 3019 1719 συμϐασιλεύοντας
3085 1644 3389 1722 ἀφθάρτους
3434 1642 3524 1697 καὶ
3584 1642 3824 1703 ἀπαθεῖς

2139 1738 2490 1814 γενομὲνους·
2521 1760 2550 1789 ‹‹
2580 1732 2687 1801 Qui
2722 1737 2770 1791 si
2803 1736 3014 1808 dignos
3046 1752 3109 1790 sc
3140 1735 3419 1806 operibus
3470 1732 3596 1789 suis
3645 1732 3821 1788 illius

2140 1827 2388 1884 consilio
2447 1832 2505 1882 et
2559 1826 2847 1881 voluntati
2908 1824 3310 1897 praestiterint,
3366 1821 3822 1879 conversatione

2143 1935 2279 1974 cum
2312 1916 2412 1973 illo
2442 1915 2750 1988 dignatum
2785 1914 2856 1969 iri
2891 1913 3134 1981 scimus,
3169 1919 3226 1968 et
3263 1917 3617 1985 regnaturos
3670 1928 3816 1968 cum

2142 2007 2244 2064 illo
2272 2005 2666 2078 corruptionis
2696 2021 2763 2059 ac
2787 2002 3186 2076 perpessionis
3205 2005 3473 2074 expertes
3494 2002 3754 2057 futuros.
3783 2022 3817 2051 ››

2142 2098 2556 2167 Hieronymus,
2587 2094 2689 2149 lib.
2714 2110 2755 2150 ιι
2785 2097 2982 2149 contra
3009 2093 3386 2163 Iovinianum,
3418 2089 3496 2146 ita
3528 2089 3708 2163 plane
3729 2089 3817 2145 lo-

2145 2203 2281 2242 cum
2311 2186 2471 2240 hunc
2503 2183 2759 2239 Matthaei
2792 2182 2864 2237 de
2894 2181 3177 2254 petitione
3234 2179 3492 2235 filiorum
3539 2179 3813 2235 Zebedaei

2144 2275 2384 2348 exponit
2419 2292 2431 2330 :
2465 2274 2583 2330 Non
2613 2280 2692 2328 est
2736 2271 2877 2328 Filii
2918 2272 3070 2343 dare,
3101 2278 3156 2326 et
3199 2268 3467 2342 quomodo
3508 2269 3699 2325 Patris
3727 2273 3816 2325 est

2140 2367 2512 2440 przrparare?
2546 2365 2787 2430 Paratae,
2814 2362 3017 2432 inquit,
3050 2367 3178 2416 sunt
3207 2361 3267 2415 in
3314 2359 3450 2416 caelo
3492 2357 3730 2414 diversa’
3760 2362 3819 2414 et

2139 2457 2401 2529 plurima:
2430 2452 2743 2508 mansiones
2787 2451 3049 2523 plurimis
3096 2449 3439 2520 diversisque
3479 2449 3814 2517 virtutibus,

2145 2563 2289 2619 quas
2318 2561 2429 2601 non
2449 2557 2703 2616 persona?
2733 2542 3032 2613 accipiunt,
3062 2539 3155 2596 sed
3203 2555 3409 2611 opera;
3432 2540 3651 2610 frustra
3678 2553 3816 2608 ergo

2143 2655 2178 2692 a
2207 2652 2295 2691 me
2339 2635 2543 2707 petitis,
2575 2632 2715 2705 quod
2774 2634 2832 2687 in
2884 2632 3035 2686 vobis
3091 2631 3261 2685 situm
3317 2636 3420 2694 est,
3460 2627 3611 2700 quod
3640 2632 3817 2684 Pater

2144 2743 2299 2783 meus
2328 2725 2446 2780 illis
2487 2725 2734 2795 paravit,
2766 2722 2864 2793 qui
2912 2720 3095 2792 dignis
3124 2720 3426 2775 virtutibus
3473 2718 3553 2773 ad
3581 2722 3813 2773 tantum

2144 2815 2435 2872 asceasuri
2484 2818 2618 2868 sunt
2669 2812 3023 2881 dignitatem.
3057 2810 3125 2864 Et
3163 2808 3223 2864 S.
3253 2808 3426 2863 Joan.
3458 2806 3804 2879 Chrysosto-

2145 2922 2282 2963 mus
2312 2905 2371 2960 in
2405 2903 2675 2960 eumdem
2708 2902 2925 2968 locum,
2957 2900 3005 2955 ll
3036 2900 3108 2954 ad
3142 2895 3406 2953 Corinth.
3438 2913 3496 2964 ν,
3520 2897 3606 2966 10,
3634 2912 3697 2951 ex
3729 2910 3797 2950 eo

2144 2995 2370 3068 colligit
2400 3010 2507 3049 nos
2541 2990 2803 3063 corporis
2835 2989 3022 3045 nostri
3050 2988 3299 3061 gloriam
3330 2987 3505 3043 bonis
3527 2984 3795 3058 operibus

2144 3085 2485 3153 meriturus,
2516 3081 2722 3147 homil.
2746 3081 2813 3134 10
2845 3094 2859 3135 :
2893 3077 2969 3134 Οὐ
2999 3076 3099 3152 γὰρ
3134 3073 3313 3146 δήπου
3360 3075 3422 3129 τὸ
3473 3071 3798 3142 διακονησά-

2148 3194 2307 3248 μενον
2338 3171 2410 3233 εἲς
2439 3175 2622 3239 τοῦτο,
2655 3168 2874 3223 κᾶκεῖνο
2919 3170 3027 3220 τῶν
3076 3158 3326 3237 ἀμοιϐὣν
3373 3161 3475 3233 ἔξω
3525 3163 3805 3231 στήσεται,

3111 3252 3423 3323 κολάζεται,
3457 3252 3524 3306 τὰ
3572 3248 3629 3306 δὲ
3683 3270 3806 3304 στε-

2143 3356 2427 3433 φανυῦται’
2450 3373 2477 3402 ι(
2499 3351 2624 3406 Non
2645 3348 2803 3405 enim
2835 3347 3106 3403 videlicet
3136 3345 3194 3400 id
3229 3345 3387 3416 quod
3420 3344 3491 3399 ad
3523 3343 3810 3398 virtutem

2141 3431 2232 3503 vel
2264 3444 2473 3500 vitium
2506 3456 2744 3513 operam
2779 3453 2947 3495 suam
2983 3433 3475 3500 subministravit,
3499 3450 3533 3489 a
3562 3431 3812 3503 praemio

2139 3536 2232 3593 vel
2265 3550 2437 3607 paena
2466 3529 2810 3587 excludetur
2842 3542 2857 3584 :
2888 3526 2991 3584 sed
3025 3542 3143 3582 una
3167 3541 3300 3581 cum
3330 3523 3528 3579 anima
3584 3536 3811 3592 corpus

2142 3624 2362 3699 partim
2419 3619 2798 3688 cruciabitur,
2857 3616 3071 3689 partim
3149 3628 3419 3672 coronam
3476 3625 3811 3682 conseque-

2140 3722 2259 3771 tur.
2300 3736 2322 3764 υ

2214 3820 2333 3878 Col.
2364 3819 2472 3873 710
2527 3817 2587 3873 in
2649 3814 2821 3871 titulo
2857 3831 2870 3869 :
2906 3810 3008 3868 Καὶ
3053 3809 3136 3865 δτι
3182 3810 3246 3864 οὐ
3289 3806 3514 3881 κτίσμα.
3548 3807 3682 3863 Haec
3742 3805 3814 3863 in

2141 3911 2316 3971 titulo
2348 3910 2577 3981 adjecta
2608 3909 2746 3962 sunt
2778 3922 2812 3961 a
2840 3904 3014 3961 nobis
3045 3919 3115 3958 ex
3144 3918 3253 3957 ms.
3292 3898 3471 3972 Regio
3503 3897 3809 3968 H.,inter-

2141 3999 2457 4079 pretationi
2485 4014 2619 4053 vero
2651 3992 2792 4051 illud
2845 4011 2914 4050 ex
2960 3990 3236 4049 Cornario
3291 3989 3613 4060 adjectum,
3636 4008 3667 4037 «
3700 3992 3815 4043 aut

2141 4076 2211 4151 ea
2239 4107 2367 4164 quae
2400 4088 2663 4144 nondum
2693 4088 2971 4157 corrupta
2992 4082 3646 4150 sunt,corrumpantur,
3666 4098 3695 4126 »
3713 4076 3815 4132 vel

2143 4208 2172 4236 ‹‹
2207 4182 2405 4256 potius
2434 4174 2731 4248 corrumpi
2764 4174 3033 4230 debeant.
3068 4191 3098 4222 »

2216 4287 2338 4346 Col.
2364 4287 2464 4341 711
2504 4290 2548 4340 Α
2596 4284 2682 4339 14.
2716 4280 3023 4338 Secundum
3078 4275 3435 4351 prophetam.
3471 4279 3658 4330 Locus
3719 4276 3820 4329 est

2145 4382 2321 4437 Amos
2350 4393 2407 4443 ν,
2438 4378 2493 4443 8,
2526 4372 2628 4429 ubi
2652 4377 2850 4428 tamen
2882 4386 2998 4425 non
3035 4366 3275 4424 additur
3304 4362 3441 4418 αὐτά
3470 4366 3605 4435 post
3640 4381 3813 4433 μετα-

376 4452 555 4549 quam
588 4472 806 4545 Regius
837 4470 1017 4526 codex
1049 4466 1522 4542 repraesentavit;
1552 4471 1609 4523 et
1640 4466 1783 4522 satis
1806 4472 2036 4525 constat
2144 4463 2443 4534 σκευάζὼν.
2477 4460 2791 4518 Gornarius
2846 4461 2925 4529 τῷ
2973 4458 3088 4527 Θεῷ
3144 4453 3317 4510 vertit
3374 4452 3449 4508 ad
3477 4452 3669 4507 Deum.
3701 4453 3827 4520 Qui

375 4562 618 4621 alterius
674 4559 989 4631 Scripturae
1052 4557 1473 4631 expositionem
1524 4557 1676 4612 hanc
1732 4557 2033 4630 περικοπυτςν

2147 4557 2288 4633 facis
2317 4556 2524 4623 omnia,
2557 4556 2611 4607 et
2639 4551 2979 4606 transmittas
3010 4549 3150 4618 ipsa.
3183 4543 3346 4609 Quod
3379 4542 3430 4598 si
3461 4540 3648 4597 oratio
3680 4556 3825 4612 pro-

375 4653 670 4712 cxhibere.
808 4628 827 4631 _
1125 4628 1142 4631 ⁷
1805 4628 1812 4630 ἡ
2066 4637 2110 4701 D
2142 4628 2337 4724 phetae
2370 4646 2441 4702 ad
2469 4644 2654 4700 Deum
2687 4640 2908 4695 directa
2936 4634 3324 4706 intelligatur,
3347 4634 3501 4688 recte
3530 4628 3828 4702 interpre-

445 4741 566 4800 Col.
598 4742 705 4796 710
736 4744 783 4794 A
815 4741 870 4795 9.
902 4741 1110 4795 Eorum
1140 4738 1331 4809 igitur.
1365 4741 1659 4810 Interpres
1691 4738 2038 4809 scripserat:
2148 4721 2337 4807 tatur,
2371 4737 2398 4791 ὁ
2424 4737 2621 4804 ποιῶν,
2655 4733 2751 4805 qui
2777 4730 2940 4804 facis.
2969 4728 3032 4783 In
3067 4724 3315 4797 Vulgata
3363 4728 3472 4793 est,
3504 4721 3826 4778 Facientem

380 4856 400 4884 ι
452 4834 670 4890 Eorum
723 4830 906 4903 igitur
954 4828 1057 4901 qui
1109 4827 1429 4900 accipiunt,
1473 4831 1584 4893 est,
1618 4825 1827 4899 dignos
1879 4844 1939 4882 se
1970 4831 2040 4885 ad
2150 4834 2451 4889 Arcturum
2480 4829 2531 4882 et
2558 4826 2833 4881 Orionem.
2868 4819 2980 4875 Sed
3015 4814 3319 4891 praecessit
3355 4813 3415 4868 in
3459 4812 3667 4869 eodem
3716 4827 3825 4867 ca-
3927 4849 3938 4861 .

384 4925 687 4981 dexteram
718 4902 808 4976 vel
855 4920 926 4975 ad
979 4917 1282 4973 sinistram
1327 4916 1532 4972 sedere
1581 4917 1769 4970 facere
1804 4932 1816 4970 :
1854 4938 1880 4965 »
1913 4934 2039 4988 quae
2153 4924 2276 4997 pite
2308 4933 2482 4974 versu
2517 4916 2548 4968 4
2581 4931 2594 4969 :
2629 4913 2770 4982 Quia
2818 4908 2938 4966 haec
2984 4907 3119 4963 dicit
3159 4904 3432 4961 Dominus
3487 4902 3682 4958 domui
3736 4902 3828 4997 ιε...

378 5012 562 5071 verba
582 5026 717 5066 cum
747 5013 945 5082 aperte
969 5005 1259 5063 catholico
1281 5004 1950 5077 dogmatisuﬂ‘ragentur
1971 5010 2042 5065 de
2150 4988 2294 5079 διασῑ,
2323 5006 2559 5075 Quwrite
2587 5004 2901 5059 Dominum.
2927 4996 3332 5054 Theodoretus
3361 4993 3424 5082 in
3453 4994 3633 5048 Amos
3656 4988 3831 5082 εραρ-

376 5104 647 5161 libertate
680 5072 928 5158 humani
963 5095 1215 5164 arbitrii,
1247 5072 1435 5168 deque
1477 5112 1717 5168 operum
1744 5072 2033 5156 bonorum

2156 5101 2380 5177 ῥήσατε,
2415 5092 2569 5170 φησί,
2600 5095 2669 5164 τῇ
2700 5093 2798 5144 τοῦ
2848 5090 2982 5142 Θεοῦ
3032 5083 3277 5156 δυνάμει,
3309 5079 3401 5136 καὶ
3438 5079 3644 5149 ταύτης
3695 5072 3829 5153 ἔχε-

380 5188 895 5262 meritis,insigni,
913 5186 1108 5261 plagio
1131 5185 1431 5257 dicam,an
1457 5184 1780 5258 sacrilegio,
1803 5205 1836 5242 a
1860 5188 2033 5245 Theo-

2156 5169 2250 5244 σθε
2307 5169 2702 5248 τῆςνέλπίδος.
2736 5177 2993 5237 Εὖπετῶς
3042 5174 3143 5250 γὰρ
3199 5176 3351 5227 ποιεῖ
3405 5170 3493 5225 καὶ
3551 5169 3830 5239 σκευάζει,

379 5282 523 5347 duro
553 5280 703 5338 Beza
732 5293 1057 5351 suppressa
1086 5279 1248 5345 sunt,
1281 5290 1471 5346 neque
1502 5292 1669 5331 suam
1704 5276 2046 5349 interpreta-

379 5372 600 5427 tionem
636 5371 957 5445 adjungere
990 5365 1205 5424 Graecis
1240 5365 1417 5422 voluit
1444 5367 1503 5423 in
1527 5368 1781 5424 editione
1804 5367 2044 5439 Stepha-

386 5478 685 5536 naaa,pag.
709 5462 834 5531 421,
853 5461 955 5517 sed
978 5459 1099 5516 haec
1125 5457 1300 5515 verba
1319 5462 1554 5517 tantum
1578 5459 1868 5533 appinxit.
1885 5458 2047 5517 «Cur

385 5554 512 5611 haec
542 5550 766 5617 omissa
792 5552 932 5619 sint,
950 5550 1009 5605 in
1042 5547 1283 5607 scholiis
1314 5549 1541 5608 dicetur
1572 5570 1584 5607 :
1609 5570 1641 5604 »
1671 5566 1803 5623 quae
1823 5548 2049 5609 scholia

387 5642 462 5701 ad
484 5639 783 5700 Kalendas
806 5639 1031 5695 Grecae
1051 5640 1266 5711 rejecta
1289 5647 1449 5713 sunt,
1474 5657 1580 5698 nec
1603 5654 1878 5712 usquam,
1894 5642 2047 5711 quod

387 5732 594 5804 sciam,
623 5730 1128 5802 comparuerunt:
1163 5728 1267 5785 sed
1316 5728 1465 5786 nihil
1513 5730 1700 5801 agunt
1729 5727 1925 5785 hostes
1954 5746 2047 5787 ve-

2155 5278 2187 5331 ’ἁ
2251 5271 2528 5351 βούλεται,
2581 5268 2669 5325 καί
2746 5264 2930 5343 ῥᾴδιον
2990 5263 3140 5334 αὐτῷ
3196 5260 3286 5315 καὶ
3344 5260 3471 5320 τοὺς
3532 5256 3830 5332 μεγίστους

2157 5346 2445 5424 κινδύνους
2477 5360 2551 5423 εἷς
2585 5358 2842 5432 εὐθυμίαν
2907 5346 3231 5429 μεταϐαλεῖν
3263 5368 3276 5406 :
3317 5373 3339 5403 ιι
3373 5349 3663 5406 Conﬁdite
3730 5349 3838 5404 Dei

2158 5453 2461 5531 potestati,
2495 5452 2765 5521 hancque
2790 5463 2954 5520 spem
2983 5439 3430 5515 amplectimini.
3454 5437 3647 5495 Facile
3668 5437 3840 5494 enim

2158 5527 2302 5604 i‘acit
2322 5551 2381 5600 et
2408 5543 2814 5608 transformat,
2848 5553 2977 5609 quae
3008 5533 3155 5599 vult,
3189 5536 3365 5603 atque
3421 5530 3473 5585 ei
3523 5527 3695 5585 facile
3740 5533 3848 5585 est

2164 5634 2429 5695 maxime.
2480 5629 2745 5706 pericula
2788 5630 2849 5684 in
2899 5622 3391 5696 tranquillitatem
3420 5618 3765 5675 transferre.
3806 5640 3842 5670 »

2163 5734 2231 5788 In
2292 5705 2498 5783 eodem
2554 5722 2767 5794 capite,
2798 5735 2933 5791 pag.
2992 5715 3122 5784 297,
3181 5728 3286 5785 pro
3345 5708 3511 5783 ἑτέρῳ
3566 5705 3844 5783 παρέχειν
