4176 6402
385 353 534 416 1061

1456 350 1534 411 ΙΝ
1578 348 1859 412 LIBROS
1903 348 2219 411 CONTRA
2263 349 2711 412 EUNOMIUM.

3638 348 3798 411 1062

376 487 730 561 suggerebat
760 487 912 543 idem
945 502 1089 543 mss.
1121 486 1190 542 Η.
1220 490 1364 559 Reg.
1411 482 1579 559 ἑτέρῳ
1611 480 1837 559 ὀρέγεινι
1873 481 2023 539 Illud

2156 482 2232 539 sic
2279 482 2519 540 effertur
2571 483 2732 541 Isaiae
2783 483 2985 540 locus:
3038 480 3387 559 Τετύφλωκεν
3439 480 3615 538 αὐτῶν
3666 481 3794 545 τοὺς

374 582 594 645 autem,
639 572 1207 647 ἀπαθανατιζομὲνων,
1241 573 1689 631 emendavimus
1708 590 1775 630 ex
1796 572 2030 629 eodem.

376 683 509 723 cum
545 669 718 723 antea
766 670 926 722 esset
967 664 1472 736 ἀπαθανιζομὲνων.
1521 666 1643 729 Quo
1673 664 1851 719 verbo
1884 678 2035 718 usus

376 760 466 811 ost
486 755 663 812 etiam
681 755 1028 823 Herodotus,
1075 753 1179 809 lib.
1222 770 1302 819 ιν,
1324 759 1381 809 et
1408 770 1558 825 quos
1580 752 1753 809 Getas
1777 751 1872 807 ille
1895 751 2037 807 dicit

379 843 793 913 ἀθανατίζοντας
840 844 1128 899 Arrianus
1177 840 1666 911 ἀπαθανατίζοντας
1730 848 1918 910 vocat,
1972 841 2033 897 id

381 935 599 1007 est,qui
614 933 1051 990 immortalitate
1069 934 1446 1004 donant,etin
1460 933 1703 988 deorum
1719 946 2035 987 numerum

381 1025 663 1081 referunt.
697 1024 851 1079 Usus
899 1026 987 1079 est
1035 1027 1093 1078 et
1123 1022 1284 1077 Philo
1323 1024 1398 1078 De
1425 1024 1544 1078 vita
1573 1021 1749 1088 Mosis,
1783 1017 2038 1084 ἀθανατί-

386 1118 528 1183 ζεται
576 1111 723 1187 παρᾶ
765 1114 880 1182 Θεῷ
946 1134 967 1162 ιι
1019 1111 1463 1167 immortalitate
1509 1110 1831 1183 perfruitur
1881 1109 2036 1181 apud

385 1204 590 1260 Deum.
622 1220 651 1254 ι
690 1202 849 1258 Idem
881 1201 1127 1256 verbum
1158 1200 1337 1256 etiam
1368 1199 1799 1256 restituendum
1828 1214 2038 1254 censeo

384 1294 438 1349 S.
480 1290 756 1365 Gregorio
808 1291 1097 1364 Nysseno,
1132 1289 1335 1346 Basilii
1366 1288 1551 1360 fratri,
1579 1288 1638 1344 in
1671 1289 1822 1344 libro
1870 1289 2036 1344 Cate-

384 1381 633 1447 chetico,
687 1397 816 1452 cap.
868 1381 955 1449 37,
990 1396 1123 1453 pag.
1151 1378 1280 1449 534,
1311 1384 1370 1434 et
1397 1378 1592 1434 locum
1626 1378 1708 1433 ita
1740 1376 2038 1448 corrigen.

384 1472 565 1527 dum:
624 1467 870 1543 Καθάπερ
928 1469 1030 1544 γὰρ
1095 1467 1263 1541 μικρὰ
1324 1465 1466 1539 ζύμη
1522 1464 1655 1520 ὃλον
1695 1466 1758 1520 τὸ
1819 1463 2045 1540 φύραμα

383 1559 518 1634 πρὸς
561 1558 754 1627 ἑαυτὴν
803 1557 1170 1629 συνεξομοιοῖ,
1231 1554 1374 1610 οὕτω
1424 1556 1486 1610 τὸ
1531 1553 1878 1618 ἀθανατισθὲν
1940 1552 2043 1608 ὑπὸ

384 1652 480 1703 τοῦ
512 1651 647 1702 Θεοῦ
678 1650 839 1719 σῶμα
866 1645 918 1699 ἐν
953 1650 1035 1718 τῷ
1065 1644 1322 1719 ἡμετέρῳ
1351 1638 1672 1719 γενὸμενον,
1706 1642 1841 1699 ὅλον
1907 1642 2044 1718 πρὸς

386 1736 543 1792 ἑαυτὸ
598 1738 885 1810 μεταποιεῖ
924 1734 1014 1789 καὶ
1060 1734 1431 1808 μετατίθησιν·
1486 1756 1509 1787 ιι
1562 1735 1709 1790 Nam
1760 1734 2045 1805 quemad-

388 1828 630 1884 modum
664 1841 873 1898 parum
902 1823 1174 1881 fermenti
1202 1823 1315 1880 sibi
1348 1827 1534 1879 totam
1564 1823 2045 1895 conspersionem

389 1914 715 1975 assimilat:
752 1914 833 1970 ita
864 1930 1076 1986 corpus
1110 1916 1379 1969 nostrum
1410 1928 1445 1967 a
1474 1913 1589 1968 Deo
1614 1912 1911 1968 redditum
1943 1911 2053 1966 im-

391 2005 639 2063 mortale
668 2021 804 2060 cum
845 2002 1024 2059 fuerit
1067 2003 1222 2059 intra
1270 2006 1562 2071 nostrum,
1622 2006 1812 2058 totum
1866 2001 1927 2057 in
1984 2018 2049 2057 se

387 2097 751 2153 transmutat
791 2096 849 2150 et
896 2092 1201 2149 transfert.
1244 2113 1273 2143 »
1304 2091 1533 2163 Alioqui
1565 2107 1681 2146 non
1730 2091 2050 2163 quadraret

389 2183 828 2257 comparatio,si
858 2179 1228 2252 θανατισθέν,‹‹
1261 2185 1450 2237 morte
1470 2181 1796 2237 affectum»
1826 2181 2048 2237 dicere-

395 2279 493 2330 tur
523 2273 668 2328 illud
701 2289 939 2345 corpus,
993 2272 1147 2344 quod
1211 2275 1415 2343 postea
1480 2268 1544 2324 τὸ
1586 2270 1847 2334 ἀθάνατον
1887 2275 2050 2343 σῶμα

388 2362 723 2420 immortale
751 2378 1013 2434 corpus»
1042 2360 1398 2434 appellatur,
1429 2364 1496 2417 ut
1543 2361 2046 2418 immortalitatem

390 2453 616 2526 corpori
648 2452 907 2508 humano
942 2451 1260 2524 impertiat.
1294 2455 1364 2507 Et
1394 2451 1451 2506 in
1492 2451 1607 2506 ﬁne
1655 2451 1863 2522 capitis
1916 2456 2049 2524 post

391 2541 494 2597 illa
536 2542 734 2612 verba,
779 2539 879 2595 οὐκ
927 2536 1029 2616 ἄρα
1075 2539 1280 2611 κτίσμα
1307 2540 1370 2593 τὸ
1421 2542 1661 2612 Πνεῦμα,
1694 2540 2050 2611 subjiciebat

394 2648 506 2687 ms.
538 2634 630 2698 H.,
680 2628 771 2683 καὶ
821 2629 920 2683 ὅσα
971 2627 1096 2700 μίαν
1148 2628 1238 2682 καὶ
1286 2630 1384 2697 τὴν
1436 2626 1603 2697 αὐτὴν
1642 2627 1903 2703 ἐνὲργΙιαν
1938 2626 2050 2683 δεί-

392 2740 545 2774 κνυσι
574 2720 673 2786 τῆς
705 2717 864 2793 ἁγίας
896 2718 983 2772 καὶ
1021 2715 1288 2791 μακαρίας
1318 2714 1578 2792 Τριάδος,
1619 2741 1639 2769 ι
1671 2718 1735 2774 Et
1764 2736 2046 2791 quascun-

395 2826 510 2883 que
558 2826 737 2865 unam
780 2809 1049 2865 eamdem
1100 2824 1226 2864 esse
1283 2808 1682 2880 operationem
1728 2812 1943 2864 sanctae
1993 2814 2050 2866 et

394 2899 575 2955 beatae
604 2897 910 2954 Trinitatis
931 2898 1254 2953 ostendunt
1280 2914 1293 2966 ;
1318 2916 1343 2949 ι
1381 2898 1484 2953 sed
1518 2897 1639 2953 haec
1668 2914 1798 2955 meo
1820 2899 2048 2970 judicio

396 3006 513 3046 non
550 2991 693 3045 sunt
720 2988 903 3059 hujus
939 2986 1053 3043 loci
1081 2986 1174 3044 vel
1205 2986 1650 3059 disputationis.

463 3094 584 3152 Col.
614 3095 721 3149 714
760 3097 804 3151 C
855 3094 940 3150 10.
990 3095 1056 3148 Et
1107 3092 1381 3164 deﬁcient.
1429 3092 1548 3149 Hoc
1587 3110 1621 3148 a
1652 3093 1822 3150 nobis
1879 3093 2044 3165 adje-

392 3187 552 3241 ctum
584 3187 674 3239 est
697 3199 767 3239 ex
797 3198 909 3239 ms.
942 3182 1011 3238 Η.
1038 3179 1129 3234 καὶ
1162 3177 1498 3254 ἐκλείψουσι,
1550 3186 1606 3238 et
1654 3182 1867 3256 psalm.
1919 3199 2039 3254 cm,

390 3275 481 3344 30,
513 3280 570 3329 et
611 3273 899 3345 scriptum
948 3273 1195 3342 Emitlss,
1245 3288 1362 3328 non
1400 3273 1619 3342 Emitte,
1652 3271 1790 3328 licet
1817 3273 1879 3329 in
1911 3274 2041 3346 qui-

393 3363 641 3419 busdam
665 3361 833 3418 libris
857 3361 1117 3432 Vulgatae
1166 3361 1380 3417 Latinas
1412 3362 1494 3418 ita
1539 3361 1834 3434 legeretur
1880 3362 2047 3433 olim,

392 3453 495 3509 sed
523 3452 669 3509 LXX
696 3445 1075 3520 ἕξαποστελεῖς
1111 3450 1444 3519 ediderunt,
1478 3455 1536 3508 et
1561 3452 2047 3525 S..Hieronymus

393 3559 463 3598 ex
492 3541 730 3597 Hebraeo
760 3541 1011 3597 Emittes.

469 3639 590 3696 Col.
644 3640 753 3694 716
798 3639 844 3694 D
902 3640 956 3694 2.
991 3635 1273 3710 Σημείων.
1306 3643 1436 3695 Haec
1473 3639 1650 3695 verba
1680 3637 1924 3712 σημείων
1956 3640 2046 3695 καὶ

400 3724 642 3798 ἰαμάτων
670 3725 731 3778 τὸ
786 3726 841 3779 ὲν
901 3746 956 3780 τι
1012 3726 1212 3784 addita
1260 3732 1401 3783 sunt
1431 3744 1536 3801 per
1566 3744 1825 3785 errorem
1864 3733 2050 3788 textui

398 3815 741 3879 Basiliensis
767 3814 1043 3872 editionis
1072 3832 1142 3871 ex
1173 3816 1352 3873 variis
1380 3815 1735 3875 lectionibus
1766 3818 1931 3893 Regii
1961 3839 2053 3878 co-

398 3904 585 3961 dicis:
617 3903 835 3960 idcirco
867 3902 1150 3960 delenda:
1212 3905 1328 3961 nisi
1359 3905 1533 3962 malis
1567 3907 1819 3965 retinere
1854 3907 1918 3963 τὸ
1951 3930 2049 3979 ση-

403 3992 591 4067 μείων,
622 3993 706 4051 ita
728 3994 997 4066 legendo,
1030 3993 1410 4068 χαρισμάτων,
1439 3994 1500 4048 τὸ
1531 3994 1776 4067 σημείων
1819 3995 1931 4051 ἐστὶ
1960 3999 2049 4052 καὶ

395 4087 504 4138 τῶν
536 4081 806 4157 ἴαμάτων,
863 4083 926 4137 τὸ
984 4077 1036 4137 ἓν
1090 4103 1165 4154 τι,
1224 4081 1314 4137 καὶ
1362 4081 1491 4157 οὗχὶ
1528 4084 1598 4138 τὰ
1627 4082 1751 4142 ὅλα.
1785 4086 1890 4143 Sed
1915 4091 2052 4159 quia

395 4189 572 4228 unum
596 4172 869 4245 quoddam
899 4189 969 4229 ea:
994 4172 1266 4229 divisione
1307 4172 1579 4231 donorum
1607 4183 1685 4231 est
1710 4175 1913 4233 donum
1940 4181 2048 4235 mi-

394 4263 739 4332 raculorum,
788 4269 844 4318 et
897 4271 978 4318 est
1013 4262 1219 4320 donum
1252 4265 1640 4333 sanationum,
1676 4282 1850 4324 unum
1878 4268 2047 4342 quod-

393 4352 541 4423 dam,
573 4360 759 4408 etnon
792 4352 1072 4408 universa.

2081 1871 2128 1935 B

2145 570 2487 649 ὀφθαλμοὺς,
2574 571 2664 627 καὶ
2720 573 3053 648 πεπώρωκεν
3114 571 3290 626 αὐτῶν
3352 573 3451 642 τὴν
3536 567 3787 648 καρδίαν,

2137 659 2229 715 ’ἱνα
2263 662 2338 733 μὴ
2375 659 2587 716 ἴδωσινυ
2631 664 2951 720 Excaecavit
2992 665 3177 721 oculos
3223 678 3435 734 eorum,
3487 671 3537 718 et
3568 663 3802 719 indura-

2145 753 2224 808 vit
2252 767 2346 808 cor
2400 768 2613 820 eorum,
2668 756 2729 807 ut
2757 768 2869 808 non
2898 752 3159 815 videant;
3217 750 3479 808 Matthrei
3509 768 3643 807 vero
3677 767 3806 821 χιιι,

2150 842 2235 909 14,
2272 845 2329 897 ct
2356 843 2627 897 Actorum
2656 859 2855 911 xxvm,
2887 843 2979 907 27,
3012 843 3214 898 eadem
3247 842 3523 909 citantur,
3558 845 3622 896 ut
3647 843 3799 913 apud

2148 931 2496 1003 prophetam
2548 931 2761 986 Isaiam
2805 949 2885 998 x1,
2938 931 2997 1001 9,
3053 931 3422 986 efferuntur:
3478 928 3800 1004 Ἐπαχόνθη

2146 1019 2246 1095 γὰρ
2306 1021 2340 1089 ἡ
2388 1016 2585 1093 καρδία
2632 1023 2728 1072 τοῦ
2782 1018 2919 1073 λαοῦ
2966 1018 3183 1087 τούτου,
3241 1019 3331 1073 καὶ
3398 1017 3525 1081 τοὺς
3595 1018 3802 1093 ὀφθαλ-

2154 1107 2289 1181 μοὺς
2345 1109 2522 1163 αὐτων
2582 1106 2918 1181 ἐκάμμυσαν·
2972 1111 3351 1165 Incrassatum
3402 1121 3486 1166 est
3553 1126 3648 1164 cor
3702 1126 3804 1182 p0-

2145 1200 2275 1271 puti
2319 1197 2502 1270 hujus,
2549 1202 2602 1254 et
2646 1199 2841 1254 oculos
2888 1214 3013 1254 suos
3057 1198 3372 1254 clauserunt
3407 1215 3419 1253 :
3462 1203 3519 1254 at
3551 1197 3806 1254 Basilius

2152 1288 2300 1343 dixit
2327 1285 2699 1361 τετύφλωνται
2724 1286 2774 1340 οἱ
2808 1283 3206 1363 ὀφθαλμοὶ,καὶ
3241 1286 3570 1361 πεπώρωται
3596 1288 3629 1357 ἡ
3661 1307 3805 1362 παρ-

2154 1373 2240 1430 δία
2270 1380 2327 1433 et
2377 1377 2572 1448 verba,
2622 1377 2841 1449 quibus
2873 1381 2962 1432 est
2991 1393 3133 1433 usus
3163 1376 3542 1450 evangelista,
3573 1379 3807 1449 passivo

2154 1483 2361 1538 genere
2393 1467 2601 1522 extulit
2632 1470 2697 1523 ut
2729 1465 2866 1522 LXX
2908 1468 3063 1539 apud
3096 1468 3443 1539 prophetam
3478 1467 3809 1523 extulerant

2156 1552 2472 1629 ἐπαχύνθηε
2507 1556 2665 1628 puod
2698 1556 2827 1611 sine
2856 1555 3034 1612 dubio
3068 1555 3313 1628 impune
3339 1572 3453 1612 non
3485 1555 3811 1624 tulisset,si

2155 1645 2334 1701 Notas
2366 1645 2426 1700 in
2458 1661 2592 1700 eum
2648 1645 2981 1716 scripsisset
3037 1647 3204 1716 Beza,
3240 1646 3337 1715 qui
3387 1645 3606 1701 librum
3655 1645 3812 1703 hunc

2157 1734 2433 1805 quintum
2472 1734 2958 1807 interpretatione
3005 1751 3114 1790 sua
3155 1734 3436 1806 dignatus
3462 1751 3579 1791 non
3609 1739 3724 1806 est,
3755 1740 3815 1792 et

2161 1823 2461 1880 immerito
2491 1827 2690 1881 tamen
2713 1824 2948 1881 vellicat
2968 1828 3269 1881 auctorem
3300 1825 3567 1897 Vulgatae
3595 1825 3816 1883 Latinas

2159 1929 2321 1969 more
2354 1930 2482 1982 suo,
2516 1915 2669 1986 quod
2699 1915 2854 1986 apud
2905 1918 3189 1970 Joannem
3216 1913 3521 1986 πεπώρωκε
3548 1914 3650 1983 τὴν
3680 1934 3813 1987 καρ-

2159 1997 2275 2055 δίαν
2308 2002 2511 2058 Latine
2560 2002 2881 2060 reddiderit
2911 2004 3233 2073 excaecavit,
3282 2002 3542 2077 πώρωσιν
3584 2010 3641 2059 et
3694 2004 3812 2074 πή-

2161 2110 2326 2168 ρωσιν
2359 2109 2466 2148 suo
2490 2109 2651 2148 more
2680 2093 3231 2165 confundens,quod
3255 2092 3427 2165 plane
3449 2093 3663 2149 falsum
3696 2099 3807 2164 est;

2159 2181 2330 2238 vertit
2359 2181 2538 2250 enim,
2570 2181 2860 2238 induravit
2888 2198 2984 2239 cor
3000 2198 3191 2239 eorum
3224 2198 3237 2237 :
3273 2198 3462 2255 neque
3485 2187 3687 2239 tamen
3720 2200 3811 2240 er-

2160 2275 2368 2341 rasset,
2392 2270 2443 2328 si
2471 2270 2556 2327 ita
2585 2273 2881 2339 vertisset,
2928 2277 2994 2328 ut
3023 2271 3200 2327 Marci
3232 2289 3316 2339 III,
3357 2274 3411 2339 5,
3474 2270 3561 2324 ἐπὶ
3610 2272 3815 2345 πωρώ-

2159 2380 2260 2430 σει,
2292 2377 2461 2433 super
2488 2363 2748 2432 excitate,
2781 2378 2939 2432 cum,
2975 2365 3038 2418 ut
3066 2378 3200 2417 eum
3228 2362 3435 2417 docere
3455 2361 3647 2434 potuit
3678 2363 3807 2419 The-

2156 2453 2320 2508 sauri
2347 2452 2530 2507 Graeci
2551 2455 2792 2521 auctor;
2824 2451 3009 2525 πωρός
3044 2451 3236 2507 Suidss
3261 2451 3338 2507 sit
3358 2449 3588 2528 τυφλός,
3622 2468 3811 2510 caecus

2161 2545 2221 2598 et
2264 2539 2495 2615 πωρόω,
2545 2556 2781 2609 excaaco,
2828 2540 3105 2615 πώρωσις,
3128 2538 3430 2607 τύφλωσις,
3464 2542 3808 2613 excaecatio;

2160 2646 2339 2701 quam
2372 2630 2445 2685 ob
2478 2646 2717 2685 causam
2748 2631 3032 2686 Erasmus
3063 2647 3295 2702 quoque
3326 2632 3482 2701 apud
3515 2631 3810 2703 evangeli-

2159 2723 2280 2774 stas
2328 2721 2386 2774 et
2432 2718 2680 2775 Paulum
2731 2720 2915 2775 edidit
2964 2716 3252 2793 ἐπώρωσεν
3305 2723 3631 2788 exczecavit,
3677 2720 3813 2777 licet

2159 2807 2259 2863 alii
2287 2807 2583 2864 obduravit
2614 2807 2825 2865 malint
2844 2812 3089 2878 vertere,
3113 2809 3266 2880 quod
3295 2811 3481 2882 πῶρος
3502 2808 3720 2865 callum
3753 2814 3812 2866 et

2159 2896 2436 2952 duritiem
2469 2901 2657 2967 sonet,
2693 2898 2848 2952 unde
2877 2901 2934 2952 et
2961 2899 3179 2969 πωροΰν
3213 2896 3492 2953 indurare
3519 2913 3531 2953 :
3560 2903 3811 2970 utraque

2154 3002 2295 3042 voce
2328 2986 2512 3041 animi
2543 2985 2823 3042 obstinati
2853 2986 3174 3059 pertinacia
3204 2990 3261 3043 et
3304 2986 3530 3043 hebetis
3573 2988 3810 3046 inscitia

2156 3074 2519 3146 designatur.

2226 3162 2344 3220 Col.
2376 3164 2481 3219 724
2510 3167 2558 3217 Α
2588 3163 2641 3218 8.
2672 3160 2893 3219 Εἰκόνα.
2944 3164 3401 3221 Emendavimus
3458 3163 3691 3221 titulum
3734 3183 3805 3223 ex

2075 3242 2118 3311 Ο
2156 3270 2267 3309 ms.
2301 3253 2394 3324 H.,
2426 3270 2560 3309 cum
2594 3257 2766 3309 antea
2796 3254 2853 3309 in
2884 3253 3196 3321 Basilicus,
3241 3253 3530 3327 legeretur
3565 3253 3631 3308 τὰ
3687 3256 3804 3310 κατ’

2157 3340 2357 3410 εἷ’κύνα,
2378 3345 2539 3396 τοῦτο
2574 3338 2630 3395 δὲ
2661 3340 2749 3396 διὰ
2774 3345 2871 3396 τοῦ
2928 3340 3234 3414 πνεύματος
3268 3342 3529 3416 γινόμενα
3562 3360 3574 3400 :
3637 3348 3695 3400 et
3747 3346 3807 3401 in

2156 3437 2317 3487 textu
2348 3432 2558 3504 capitis
2587 3432 2977 3505 expunximus
3007 3429 3229 3487 Παύλου
3261 3427 3319 3485 δὲ
3349 3430 3534 3500 εἰκών,
3568 3433 3809 3505 scripsi-

2158 3538 2411 3594 mnsque
2466 3516 2679 3583 πάντως
2739 3518 2796 3575 δὲ
2851 3522 2886 3591 ἡ
2917 3519 3099 3589 εἷ’κών,
3133 3526 3190 3578 et
3219 3523 3375 3595 apud
3404 3522 3810 3605 interpretem,

2161 3634 2190 3662 »
2221 3611 2473 3667 Omnino
2504 3616 2724 3678 autem,
2757 3633 2786 3661 ››
2820 3628 2925 3684 pro
2955 3634 2985 3663 «
3016 3612 3297 3668 Omnium
3329 3616 3547 3669 autem.
3588 3635 3618 3663 ››

2229 3719 2350 3775 Col.
2378 3720 2485 3773 726
2514 3724 2551 3771 B
2580 3720 2635 3774 3.
2669 3720 2807 3775 Cum
2840 3720 3321 3777 inhabitationem.
3383 3720 3679 3794 Interpres
3712 3737 3813 3778 nc-

2159 3825 2294 3864 vam
2352 3809 2661 3882 periodum
2694 3809 3019 3880 inchoaret,
3053 3827 3188 3867 cum
3221 3811 3485 3867 nondum
3515 3812 3813 3869 conclusio

2161 3898 2494 3971 argumenti
2541 3903 2696 3956 esset
2739 3898 2923 3971 illata,
2975 3899 3083 3957 hoc
3132 3905 3340 3974 pacto:
3374 3924 3400 3953 ‹‹
3434 3900 3702 3958 Christus
3755 3902 3816 3959 in

2160 3989 2448 4044 nobis.....
2483 3989 2611 4045 Haec
2640 3989 2823 4062 igitur
2852 4006 2987 4046 cum
3018 3989 3198 4061 dicat,
3241 3990 3493 4062 Spiritus
3519 3990 3811 4047 inhabita—

2159 4076 2380 4134 tionem
2410 4078 2623 4136 Christi
2655 4079 3077 4136 habitationem
3110 4096 3238 4136 esse
3269 4080 3543 4136 afﬁrmet.
3571 4102 3599 4131 ››
3630 4085 3713 4135 Ac
3750 4079 3816 4135 li-

2159 4170 2251 4223 cet
2279 4166 2341 4222 in
2367 4168 2562 4224 Graeco
2590 4168 2859 4225 videatur
2905 4168 3131 4242 aliquid
3164 4170 3369 4226 deesse
3397 4170 3575 4226 etiam
3606 4169 3669 4225 in
3695 4184 3810 4226 ms.

2158 4258 2253 4325 H.,
2287 4262 2487 4331 utpote
2517 4260 2785 4333 repetitio
2817 4260 2973 4317 vocis
3013 4258 3307 4329 ἐνοίκησιν,
3354 4276 3472 4316 non
3522 4259 3817 4316 dubitavit

2156 4351 2356 4404 tamen
2378 4348 2461 4405 ita
2486 4354 2710 4406 vertere
2739 4350 3052 4406 Cornarius
3077 4366 3089 4406 :
3123 4350 3323 4422 quibus
3353 4349 3535 4406 verbis
3566 4350 3811 4421 Spiritus

463 4450 588 4507 (301,
627 4451 734 4504 722
759 4453 802 4506 ο
831 4451 916 4506 ιο,
950 4452 1097 4508 pica
1125 4451 1277 4507 enim
1307 4453 1367 4507 ίη
1402 4455 1646 4526 propria
1666 4454 1794 4511 Ηωο
1826 4458 2048 4516 omissa
2155 4437 2623 4495 inhabitationem
2654 4438 2862 4495 Christi
2890 4439 3358 4495 inhabitationem
3386 4440 3735 4512 pronuntiat.

392 4541 625 4596 fuerant
684 4540 756 4595 ab
815 4540 1167 4611 interprete:
1229 4544 1463 4598 tantum
1513 4544 1671 4599 enim
1731 4545 2042 4605 ediderat:

2227 4548 2375 4605 Ibid.
2422 4553 2465 4603 Β
2514 4550 2600 4604 10.
2652 4548 2761 4605 Sed
2808 4554 2864 4604 et
2912 4549 3118 4620 imago.
3167 4549 3358 4620 Hujus
3388 4548 3565 4606 etiam
3598 4547 3812 4621 capitis

394 4650 423 4681 «
462 4627 782 4702 praebuisse
834 4628 1151 4701 prophetae,
1208 4631 1490 4711 quoniam
1547 4632 1690 4689 dicit
1734 4635 1916 4692 Isaias
1974 4639 2043 4695 de
2075 4624 2123 4688 Ι)
2153 4636 2390 4693 initium
2423 4638 2760 4694 mutilatum
2788 4638 3657 4712 expresseratinterpres,quod
3677 4638 3812 4695 sub-

388 4718 560 4790 ipsis,
617 4720 923 4776 Excaecavit
976 4720 1158 4777 oculos
1213 4737 1425 4787 eorum,
1485 4726 1542 4778 et
1605 4723 1899 4782 induravit
1951 4744 2043 4783 cor
2144 4728 2441 4799 jiciemus,
2470 4746 2543 4785 ne
2575 4729 2711 4801 quis
2736 4729 2796 4785 in
2828 4728 3088 4785 deterius
3111 4728 3488 4785 immutatam
3520 4729 3809 4800 interpre-

385 4823 632 4863 eorum.»
668 4811 857 4880 Atque
884 4808 967 4864 ita
1000 4809 1239 4880 quidem
1270 4808 1391 4866 haec
1422 4810 1642 4883 scripta
1669 4815 2043 4885 reperiuntur

384 4895 627 4954 Joannis
656 4915 758 4966 xu,
792 4898 881 4969 40,
930 4900 1085 4969 apud
1145 4903 1444 4956 auctorem
1500 4900 1767 4974 Vulgata
1796 4887 2038 4977 Latina),

387 4988 559 5059 cujus
590 4992 751 5043 amat
779 5002 1067 5059 usurpare
1096 4989 1276 5045 verba
1322 4989 1768 5062 Trapezuntius,
1800 4998 1865 5051 ut
1892 5012 2038 5068 prai-

388 5076 618 5133 cedenti
649 5093 782 5149 pag.
836 5077 962 5143 299,
996 5079 1156 5149 quasi
1205 5080 1310 5134 nia:
1340 5078 1749 5138 deatbabuntur
1802 5092 1854 5140 et
1874 5089 1935 5140 ut
1964 5086 2040 5142 ta-

386 5183 459 5223 na
489 5166 617 5222 alba
644 5170 827 5233 erunt,
860 5166 1123 5223 ediderat
1164 5168 1328 5223 Isaiae
1375 5186 1415 5237 1,
1475 5170 1539 5224 1:
1597 5171 1702 5227 sed
1761 5173 2039 5244 quoniam

387 5272 457 5312 ex
480 5256 719 5313 Hebraao
741 5273 857 5312 non
890 5271 921 5311 e
952 5255 1148 5313 Graeco
1177 5256 1355 5313 vertit
1385 5263 1589 5315 auctor
1624 5259 1909 5334 Vulgata,
1942 5264 2035 5320 in-

386 5347 725 5418 terpretatio
768 5345 965 5417 potius
1013 5346 1165 5403 LXX
1210 5345 1538 5404 exhibenda
1585 5352 1677 5405 est
1720 5351 1808 5406 vel
1859 5354 2036 5411 ϐυθοὶ

384 5439 580 5491 textus
609 5434 751 5491 Novi
780 5436 1160 5502 Testamenti,
1190 5435 1280 5492 vel
1311 5436 1490 5493 etiam
1515 5442 1712 5495 textus
1757 5445 2035 5513 auctoris,

384 5523 484 5595 qui
519 5521 896 5595 Evangelium
938 5523 1180 5580 mutatis
1228 5524 1423 5580 verbis
1474 5524 1633 5597 citat,
1675 5532 1741 5583 ut
1770 5528 1879 5585 hoc
1909 5530 2035 5589 loco

383 5612 658 5681 Basilius,
694 5628 767 5669 ne
797 5626 1070 5668 censores
1100 5612 1299 5684 potius
1329 5618 1386 5671 et
1424 5620 1804 5691 correctores,
1859 5636 2035 5692 quam

382 5701 730 5775 interpretes
760 5717 932 5774 agere
952 5701 1285 5764 videamur.
1313 5705 1387 5763 Ac
1417 5704 1667 5763 Joannis
1689 5708 1931 5780 quidem
1954 5727 2034 5769 xu

2151 4817 2432 4874 tationem
2464 4823 2747 4890 queratur
2773 4836 2787 4875 :
2824 4842 2852 4870 «
2894 4819 2964 4875 Et
2995 4819 3193 4892 imago
3221 4835 3357 4875 vera
3389 4835 3504 4875 non
3536 4834 3607 4875 ex
3654 4819 3805 4873 ima-

2151 4908 2285 4981 gine
2316 4924 2453 4964 vera
2480 4910 2635 4965 sicut
2665 4926 2770 4966 nos
2795 4927 2808 4966 :
2842 4915 3149 4983 prepterea
3182 4908 3472 4965 assimilat
3493 4908 3564 4964 ad
3596 4907 3811 4980 imagi-

2152 5015 2307 5068 nem,
2341 5000 2399 5054 et
2427 4998 2626 5066 efficit,
2661 5016 2777 5055 non
2809 4999 3088 5065 efficitur,
3118 5004 3174 5065 et
3199 4998 3397 5054 unctio
3427 5002 3540 5067 est,
3584 5003 3643 5053 et
3691 5013 3808 5054 non

2152 5087 2516 5160 inungitur.»
2550 5088 2779 5145 Rursus
2809 5089 3255 5145 emendavimus
3276 5087 3451 5157 infra,
3485 5109 3513 5138 «
3546 5104 3649 5159 per
3671 5085 3808 5143 alie-

2152 5193 2293 5232 num
2347 5193 2380 5232 a
2429 5176 2664 5245 deitate,
2719 5197 2743 5229 »
2792 5193 2930 5233 cum
2972 5182 3127 5235 esset
3157 5181 3329 5233 antea
3359 5198 3384 5231 ιι
3418 5192 3521 5248 per
3552 5174 3804 5232 alienam

2149 5266 2448 5322 deitatem.
2485 5286 2514 5315 »
2563 5266 2742 5321 Porro
2774 5266 2986 5321 cilatur
3015 5265 3196 5336 hujus
3226 5265 3437 5337 capitis
3466 5262 3678 5319 titulus
3729 5263 3805 5319 ab

2148 5355 2450 5411 illustriss.
2484 5355 2767 5411 cardinali
2799 5354 3175 5423 Bellarmino,
3208 5353 3308 5409 lib.
3343 5370 3408 5423 ιι,
3443 5370 3572 5425 cap.
3607 5353 3700 5423 25,
3733 5353 3810 5409 De

2149 5446 2368 5501 Christo
2431 5449 2495 5500 ut
2561 5444 2841 5516 probetur
2916 5444 3194 5499 divinitas
3266 5443 3522 5516 Spiritus
3594 5443 3805 5510 sancti,

2147 5537 2459 5608 ejusquea
2501 5534 2671 5590 Patre
2728 5533 2992 5605 Filioque
3045 5533 3384 5604 processio:
3447 5549 3583 5588 cum
3643 5531 3803 5587 enim

2146 5627 2305 5681 dicat
2352 5623 2449 5679 hic
2506 5622 2739 5691 titulus,
2800 5620 2884 5676 ὅτι
2946 5618 3106 5674 εἷ’κὼν
3166 5619 3382 5691 ἀληθὴς
3434 5620 3525 5675 καὶ
3602 5619 3800 5696 φυσική

2144 5716 2278 5771 Θεοῦ
2352 5712 2444 5767 καὶ
2515 5713 2747 5787 Χριστοῦ
2813 5711 2876 5765 τὸ
2954 5712 3212 5782 Πνεῦμαε
3295 5733 3323 5762 ι(
3405 5727 3601 5767 verum
3673 5726 3805 5767 esse
