4176 6394
388 357 544 416 1063

1574 351 1811 411 ΝΟῬιΕ
1853 350 2297 411 FBONTONIS
2340 352 2602 412 DUCxEl

3646 347 3813 408 1064

383 503 450 542 ac
482 487 809 542 naturalem
839 485 1154 558 imaginem
1190 484 1291 538 Dei
1323 489 1379 538 et
1407 483 1622 538 Christi
1655 481 1967 554 Spiritum,
2003 503 2030 530 ι)

2149 476 2316 554 ἤγουν
2369 479 2421 551 ἐξ
2469 481 2653 556 ἑτέρας
2725 481 2926 542 οὐσίας·
2986 478 3284 556 ἐπειδήπερ
3341 480 3537 536 ἐκεῖνοι
3591 479 3802 554 ἐπῆγον

383 578 529 632 satis
562 577 782 630 indicat
810 577 1096 647 Spiritum
1129 575 1343 628 habere
1382 588 1512 627 esse
1554 589 1587 626 a
1621 577 1788 626 Patre
1834 576 1888 626 et
1939 571 2035 625 Fi-

379 665 494 721 lio:
549 683 663 721 non
711 666 869 720 enim
914 669 1004 719 est
1051 679 1188 716 vera
1235 669 1291 716 et
1339 660 1626 716 naturalis
1659 662 1875 730 imago,
1910 677 2034 732 quae

381 773 496 812 non
530 756 877 826 producitur
908 755 978 809 ab
1009 752 1353 822 exemplari.

454 861 574 917 Col.
606 863 711 915 728
735 862 780 914 A
811 861 860 914 4.
914 863 1022 926 Τῆς
1071 855 1401 930 ὁμοιότητος
1444 859 1542 919 τῆς
1575 855 1740 920 θείας.
1769 857 1886 912 Has
1915 861 2035 912 tres

387 953 596 1018 lineas,
631 968 756 1020 quae
789 950 845 1003 in
880 949 1188 1004 Basiliensi
1221 949 1731 1013 desiderabantur,
1767 965 1834 1003 ex
1865 948 2037 1002 H.ad-

383 1042 662 1109 uidimus,
695 1055 843 1110 quas
871 1043 928 1093 et
955 1039 1245 1109 interpres
1281 1038 1568 1109 agnoscit.

451 1148 596 1202 Ibid.
628 1147 666 1201 Β
698 1148 750 1200 2.
787 1144 1172 1216 Διαμὲνουσαψ
1199 1145 1259 1198 In
1296 1144 1475 1216 Regio
1505 1147 1629 1199 erat
1661 1143 1752 1210 H.,
1787 1139 1875 1194 διὰ
1905 1139 2033 1194 Θεό-

379 1257 544 1307 τητος
574 1234 648 1297 ἐς
702 1232 872 1288 αἶ’ὦνα
907 1233 1178 1306 μὲνουσιν·
1221 1255 1249 1283 ‹‹
1285 1251 1388 1306 per
1427 1233 1801 1289 Divinitatem
1836 1231 1894 1286 in
1928 1249 2033 1287 sae-

382 1330 580 1385 culum
613 1330 1093 1399 permanentem:
1133 1347 1160 1374 »
1210 1329 1264 1380 et
1313 1317 1694 1390 ἐπαναλαϐεῖν,
1748 1341 1849 1395 pro
1905 1322 2028 1376 ἀνει-

383 1412 572 1473 λαὸεῖν
583 1460 595 1473 .

453 1525 570 1581 Col.
620 1525 728 1580 732
776 1528 817 1577 Α
864 1525 918 1578 ϐ.
983 1522 1080 1576 Διὰ
1126 1524 1286 1575 τοῦτο
1346 1520 1433 1574 καὶ
1470 1524 1625 1575 Θεοῦ.
1689 1519 1882 1576 Utitur
1939 1519 2032 1574 his

381 1613 597 1680 verbis,
627 1617 684 1668 et
714 1611 786 1666 iis
820 1629 945 1681 quae
979 1611 1035 1663 in
1071 1609 1239 1664 titulo
1271 1608 1604 1678 sunthujus
1637 1606 2032 1679 capitis,idem

380 1701 700 1758 cardinalis
729 1700 1123 1755 Bcllarminus
1170 1698 1294 1753 loco
1317 1699 1442 1768 jam
1477 1697 1676 1765 citato,
1730 1703 1792 1750 ut
1825 1711 2028 1767 proce-

381 1793 516 1846 dere
549 1808 580 1844 a
611 1789 754 1845 Filio
784 1789 1064 1860 Spiritum
1119 1787 1342 1859 probet.
1378 1787 1678 1849 Quomodo
1711 1786 1866 1840 enim
1919 1785 2028 1837 dici

383 1882 573 1950 potest
604 1879 688 1933 sic
720 1894 782 1933 se
826 1876 1042 1932 habere
1086 1875 1368 1947 Spiritum
1414 1876 1482 1930 ad
1519 1874 1752 1945 Filium,
1789 1874 1942 1929 sicut
1974 1889 2034 1928 se
2064 1871 2111 1935 B

382 1970 558 2023 habet
588 1967 772 2022 Filius
804 1967 873 2020 ad
909 1966 1163 2035 Patrem,
1215 1965 1262 2020 si
1306 1963 1486 2019 Filius
1519 1965 1756 2035 quidem
1792 1981 1823 2018 a
1873 1963 2036 2017 Patre

385 2055 668 2126 procedit,
714 2053 968 2124 Spiritus
1010 2057 1208 2107 autem
1242 2055 1482 2106 sanctus
1519 2068 1552 2105 a
1582 2051 1724 2106 Filio
1757 2067 1868 2104 non
1906 2067 2034 2122 pro-

379 2145 575 2200 cedit?
609 2148 711 2200 aut
755 2142 1048 2216 quomodo
1094 2141 1350 2214 Spiritus
1383 2145 1470 2196 est
1502 2142 1739 2196 verbum
1777 2140 1927 2210 Filii,
1986 2138 2034 2193 si

378 2235 450 2290 ab
481 2235 610 2308 ipso
641 2251 757 2289 non
793 2231 1096 2305 procedit?

450 2344 596 2400 Ibid.
629 2344 686 2398 B.
721 2340 818 2395 Διὰ
846 2338 897 2394 τί
933 2340 1007 2412 μή
1041 2339 1102 2393 τὸ
1134 2339 1376 2411 Πνεῦμα.
1413 2340 1627 2394 Eodem
1661 2339 1835 2394 modo
1871 2337 2036 2409 quin-

379 2441 505 2492 tum
537 2433 693 2488 hunc
729 2431 924 2487 locum
957 2430 1178 2502 profert
1212 2429 1270 2483 in
1304 2430 1506 2484 eodem
1541 2429 1727 2499 capite
1757 2427 1861 2482 lib.
1893 2444 1933 2481 ιι
1962 2429 2038 2482 De

382 2526 617 2590 Christo,
679 2522 739 2576 in
791 2537 906 2593 quo
955 2521 1124 2574 docet
1154 2519 1410 2574 Basilius
1465 2518 1748 2590 Spiritum
1801 2535 1868 2572 ex
1918 2517 2034 2572 Deo

379 2631 510 2670 esse
542 2629 644 2685 per
672 2611 904 2673 Filium,
940 2610 1038 2664 sed
1076 2625 1191 2663 non
1223 2608 1337 2663 dici
1374 2607 1582 2662 Filium
1615 2607 1768 2674 Filii,
1818 2623 1890 2660 ne
1935 2623 2033 2660 su-

385 2704 682 2776 spicemur
699 2699 1045 2755 Trinitatem
1073 2697 1129 2752 in
1153 2697 1451 2752 inﬁnitum
1479 2695 2033 2767 multiplicari.Nam

383 2794 429 2848 si
466 2793 724 2864 Spiritus
757 2790 1052 2844 diceretur
1098 2787 1258 2841 ﬁlius
1294 2786 1443 2855 Filii,
1479 2802 1846 2856 consequens
1876 2785 2035 2840 vide-

384 2887 564 2950 retur,
597 2877 869 2935 utetiam
904 2876 1086 2932 alium
1121 2875 1308 2930 ﬁlium
1363 2874 1604 2930 haberet
1644 2874 1787 2945 ipse,
1849 2877 1906 2927 et
1952 2872 2036 2928 sic:

382 2973 680 3041 deinceps.

450 3087 570 3145 Col.
640 3086 741 3140 731
795 3085 836 3140 C
886 3085 974 3138 13.
1043 3083 1288 3138 Curiose.
1359 3079 1818 3155 HEPtEP‘ﬂiCEO’Bat‘
1862 3079 2034 3134 vertit

379 3179 727 3248 Trapezunt.
762 3197 790 3225 ‹‹
841 3172 1021 3228 variis
1068 3173 1228 3226 curis
1259 3187 1518 3234 versare,
1551 3192 1570 3219 ι
1609 3169 1765 3239 quod
1801 3169 2033 3239 proprie

2147 565 2401 642 λέγοντες
2459 571 2521 624 τὸ
2572 574 2793 644 Ηνεῦμα
2839 570 3062 643 κτίσμαο
3115 594 3143 622 ι(
3192 573 3254 628 In
3307 572 3415 626 hoc
3459 572 3651 641 capite
3679 574 3813 624 Ma-

2145 675 2298 730 gnus
2331 661 2584 716 Basilius
2613 665 2864 717 conatur
2879 663 3188 717 ostendere
3209 660 3494 733 Spiritum
3529 665 3804 715 sanctum

2145 765 2212 803 ex
2246 749 2413 804 Patre
2441 766 2572 805 esse
2602 755 2658 806 et
2689 769 2803 806 non
2849 751 3108 816 aliunde,
3143 751 3251 805 hoc
3283 755 3372 806 est
3405 766 3473 804 ex
3503 748 3620 804 alia
3659 750 3810 804 sub-

2145 839 2392 894 stantia:
2419 840 2549 895 ideo
2567 841 3068 912 quodinferebant
3093 840 3346 895 haeretici
3363 840 3650 911 Spiritum
3675 854 3809 894 esse

2144 933 2497 984 creaturam.
2536 952 2556 979 ι
2584 931 2728 985 Cum
2756 931 2932 997 igitur
2957 947 3123 985 mens
3156 929 3355 984 Basilii
3383 927 3559 983 fuerit
3591 928 3813 993 haec,ut

2145 1015 2398 1086 Spiritus
2432 1022 2676 1072 sanctus
2711 1035 2822 1073 non
2858 1019 2936 1073 sit
2965 1018 3169 1073 alienis
3220 1023 3463 1086 naturae,
3522 1019 3621 1072 sed
3673 1019 3809 1086 ejus

2145 1121 2321 1175 quam
2342 1105 2516 1161 habet
2535 1111 2723 1172 Pater,
2743 1113 2800 1162 et
2817 1107 3103 1178 Spiritum
3131 1113 3399 1162 sanctum
3418 1125 3532 1162 non
3555 1106 3809 1178 intelligi

2148 1210 2180 1247 a
2210 1195 2379 1249 Patre
2409 1211 2537 1250 csse
2569 1197 2681 1250 nisi
2715 1214 2748 1251 a
2779 1197 3112 1252 substantia
3142 1197 3330 1252 Patris
3373 1203 3430 1252 et
3458 1199 3620 1255 Filii:
3645 1215 3710 1253 ex
3735 1215 3808 1252 eo

2144 1282 2514 1338 concluditur
2545 1285 2941 1341 substantiam
2975 1300 3124 1354 esse,
3159 1301 3285 1356 quae
3317 1288 3588 1353 producit
3615 1287 3770 1359 Spiri
3791 1317 3810 1326 -

2143 1373 2270 1426 tum
2305 1377 2576 1427 sanctum
2610 1390 2622 1428 :
2669 1390 2734 1428 ac
2785 1375 3032 1444 proinde
3081 1391 3116 1430 a
3161 1373 3305 1429 Filio
3337 1391 3570 1446 quoque
3601 1391 3810 1447 proce-

2144 1461 2303 1526 dere,
2332 1478 2465 1516 cum
2501 1462 2688 1518 Patris
2720 1467 2777 1518 et
2807 1463 2933 1518 Filii
2965 1463 3043 1517 sit
3074 1479 3192 1517 una
3224 1464 3580 1518 substantia.
3631 1464 3814 1518 Plura

2144 1550 2212 1602 ad
2248 1549 2426 1619 hujus
2449 1549 2555 1606 loci
2578 1551 3034 1606 illustrationem
3065 1551 3224 1605 illinc
3248 1553 3366 1623 peti
3396 1558 3813 1621 poterunt;nos

2145 1638 2298 1692 solas
2323 1640 2612 1694 variantes
2632 1639 2909 1696 lectiones
2927 1658 3129 1712 perseq
3143 1642 3521 1696 uemur.Nam
3545 1641 3812 1706 illud,~/.a‘:

2144 1723 2228 1778 δτι
2265 1726 2340 1797 μὴ
2371 1726 2619 1799 γέννησις
2651 1731 2685 1796 ἡ
2735 1733 2831 1781 τοῦ
2873 1728 3212 1800 Πνεύματος,
3246 1730 3330 1785 sic
3365 1730 3618 1785 refertur
3646 1730 3770 1785 illic
3798 1748 3812 1785 :

2142 1812 2366 1883 Ἐπειδὴ
2429 1818 2462 1885 ἡ
2521 1815 2836 1889 ἐκπόρευσις
2882 1821 2979 1871 τοῦ
3031 1817 3348 1890 Πνεύματος
3391 1821 3486 1871 τοῦ
3518 1822 3652 1872 Θεοῦ
3683 1819 3811 1892 γεν-

2146 1924 2302 1972 νησις
2363 1905 2460 1958 οὐκ
2523 1905 2764 1976 ἐκλήθηο
2835 1913 2892 1962 et
2944 1907 3112 1972 illud,
3171 1908 3269 1961 Καὶ
3309 1911 3651 1983 περιφρονῶν
3695 1911 3810 1961 τῶν

2148 1992 2502 2065 ἀνθρωπίνων
2565 1993 2936 2070 παραδειγμ.,
3001 1999 3084 2053 ita
3132 1997 3433 2063 scribitur,
3488 1997 3580 2050 καὶ
3631 2016 3812 2072 παροι-

2148 2079 2431 2157 δείγμασιν
2491 2085 2853 2158 ἀνθρωπίνοις
2902 2087 3120 2162 ἀφορῶν
3173 2085 3488 2160 ἀνατρέπεις
3529 2085 3597 2139 τὰ
3627 2085 3678 2155 ἐξ
3709 2086 3813 2139 αὐ-

2145 2177 2252 2226 τῶν
2307 2173 2666 2247 συνιστάμενα
2720 2177 2838 2229 θεῖα
2887 2173 3152 2249 δόγματα.
3212 2176 3380 2232 Unde
3425 2182 3658 2232 constat
3708 2180 3814 2232 ad-

2146 2263 2402 2318 dendum
2421 2266 2796 2337 participium
2823 2266 3182 2332 συνιστάμενα
3204 2266 3388 2321 textui
3414 2266 3810 2338 Basilii,quod

2147 2355 2455 2422 agnovisse
2487 2355 2721 2409 videtur
2742 2356 3031 2426 interpres
3053 2371 3188 2410 cum
3213 2355 3316 2420 ait,
3337 2378 3365 2405 ‹‹
3400 2371 3531 2426 quae
3561 2371 3630 2410 ex
3659 2356 3814 2426 ipsis

2145 2441 2561 2513 intelliguntur
2591 2445 2787 2498 divina
2818 2446 3130 2516 dogmata;
3167 2465 3195 2492 α
3228 2445 3520 2516 interpres
3571 2445 3809 2500 concilii

2147 2530 2307 2596 dixit,
2343 2554 2371 2581 ‹‹
2405 2548 2532 2602 quae
2566 2550 2667 2604 per
2696 2533 2798 2588 illa
2823 2537 3301 2605 cognoscuntur:
3339 2555 3366 2582 ››
3411 2538 3470 2588 et
3510 2532 3682 2600 illud,
3714 2531 3808 2585 καὶ

2146 2615 2398 2694 δέχεσθαι
2459 2619 2552 2674 σὺν
2601 2617 2862 2692 εὐσεϐείᾳ,
2913 2623 3142 2678 concilii
3191 2626 3406 2689 textus,
3457 2621 3547 2676 καὶ
3596 2627 3700 2676 πᾶν
3741 2622 3805 2676 τὸ

2145 2708 2439 2783 λεγόμενον
2468 2707 2868 2786 προσδέχεσθαι
2904 2711 3020 2783 μετ’
3067 2705 3335 2771 εὐσεϐείας
3364 2711 3452 2764 καὶ
3504 2711 3608 2765 οὐκ
3637 2711 3799 2781 ἀνοη-

2143 2798 2341 2852 τότατα
2396 2799 2532 2852 κατὰ
2585 2805 2682 2868 τῆς
2727 2794 2995 2860 εὐσεϐείας
3041 2799 3363 2874 ἐπιχειρεῖν·
3414 2806 3475 2856 et
3506 2801 3794 2872 interpres

2146 2891 2294 2958 ejus.
2329 2911 2357 2939 ‹‹
2391 2894 2448 2944 et
2479 2906 2590 2945 non
2625 2896 2829 2945 contra
2860 2891 3137 2961 pietatem
3162 2890 3579 2945 insulsissimis
3601 2892 3676 2944 uti
3704 2908 3800 2944 ar-

2143 2979 2480 3050 gumentis:
2513 2999 2540 3029 ι»
2578 2980 2798 3050 quibus
2818 2979 3009 3034 verbis
3032 2980 3421 3034 confirmatur
3442 2978 3603 3034 lectio
3626 2980 3788 3050 Regii

2143 3068 2361 3122 codicis
2395 3068 2460 3123 H.
2519 3068 2610 3121 καὶ
2645 3069 2720 3140 μή
2771 3066 3061 3141 μωρότατα
3102 3067 3168 3120 τὰ
3195 3073 3294 3134 τῆς
3345 3063 3612 3128 εὐσεϐείας
3645 3069 3802 3144 σοφί-

2147 3156 2344 3222 ζεσθαι.
2407 3157 2650 3226 Rursus,
2707 3155 2798 3209 καὶ
2853 3155 2916 3208 τὸ
2943 3154 3189 3224 γέννημα
3219 3153 3268 3223 ἐξ
3319 3153 3484 3208 αὐτοῦ
3533 3152 3802 3230 ἰκφαίνει,

380 3272 567 3333 ssnat,
599 3266 814 3321 curiose
841 3264 1102 3329 scrutari,
1137 3266 1194 3315 et
1229 3257 1368 3322 θέσει
1395 3257 1661 3334 γενέσθω,
1694 3278 1724 3310 ‹‹
1753 3257 2037 3329 positione

2153 3245 2384 3300 concilii
2417 3251 2632 3314 textus,
2665 3246 2751 3298 καὶ
2780 3245 2865 3299 ’τὸ
2903 3241 3296 3318 γεγεννημένον
3329 3241 3377 3315 ἐξ
3411 3243 3574 3297 αὐτοῦ
3635 3245 3810 3317 ἀναγ-

379 3357 586 3422 factos,
621 3376 647 3405 »
685 3369 818 3408 cum
843 3355 1049 3422 postea
1082 3349 1425 3404 meminerit
1453 3351 1561 3401 τῶν
1594 3345 2044 3418 υἱοθιτουμένων,

378 3467 404 3494 α
442 3443 886 3514 adoptivorum;
923 3460 951 3489 »
986 3439 1241 3510 ideoque
1275 3461 1303 3488 ‹‹
1337 3438 1656 3510 adoptione
1686 3436 1870 3491 factos
1901 3457 1929 3485 »
1962 3436 2046 3490 di-

377 3537 428 3588 ci
463 3532 819 3587 maluimus.

460 3647 582 3703 Col.
614 3645 722 3700 735
751 3647 792 3700 A
825 3646 880 3698 5.
917 3646 990 3698 Tu
1019 3659 1143 3699 vero
1173 3644 1455 3698 similiter.
1521 3642 1583 3697 In
1635 3641 1882 3697 concilio
1917 3639 2042 3695 Flo-

384 3736 638 3801 rentino,
674 3734 938 3790 sessione
972 3734 1124 3804 18,p.
1157 3734 1262 3787 440
1288 3731 1565 3787 editionis
1596 3734 2039 3804 Romanaa,tom_

373 3831 447 3883 IV
481 3825 805 3889 Conciliat,
841 3823 1137 3894 profertur
1167 3826 1224 3876 et
1255 3821 1567 3892 diligenter
1597 3820 1890 3875 excutitur
1948 3818 2044 3878 hic

375 3917 565 3983 locus,
627 3916 699 3969 ab
755 3913 848 3967 bis
895 3910 1092 3966 verbis
1143 3926 1333 3981 usque
1374 3911 1444 3964 ad
1477 3908 1580 3964 illa
1614 3908 1894 3983 μόρφωσιν
1925 3906 2042 3961 κτί-

374 4025 527 4074 σεως,
563 4027 591 4053 ‹‹
627 4003 1036 4058 formationem
1067 4005 1374 4055 creaturae.
1403 4020 1431 4050 »
1464 3999 1607 4054 Cum
1633 3999 1788 4052 enim
1815 3999 2045 4054 Marcus

374 4095 659 4165 Ephesius
680 4107 784 4162 pro
801 4090 1016 4144 Graecis
1042 4090 1355 4159 disputans
1371 4088 1647 4142 dixisset:
1667 4086 1728 4143 Ὀ
1755 4085 1917 4161 μέγας
1935 4089 2043 4143 Βα-

375 4181 576 4242 σίλειος
606 4178 660 4234 ἐν
689 4183 808 4240 τοῖς
840 4177 976 4250 πρὸς
1026 4177 1298 4249 Εὐνόμιον
1332 4174 1745 4250 ἀντιρῥητικοῖς
1779 4179 1903 4252 περὶ
1934 4182 2038 4244 τῆς

373 4271 432 4325 ἐκ
455 4274 549 4323 τοῦ
590 4269 802 4342 Πατρὸς
831 4263 1074 4339 προόδου
1115 4270 1213 4319 τοῦ
1260 4264 1417 4340 ἁγίου
1452 4263 1765 4336 Πνιύματος
1797 4266 1889 4319 τὸν
1944 4263 2038 4319 λό-

371 4379 464 4432 γον
511 4355 842 4428 ποιούμενος
893 4351 1080 4409 τοιάδε
1122 4353 1273 4431 φησί’
1337 4357 1500 4422 Γεννᾷ
1550 4353 1576 4405 ὁ
1629 4353 1758 4413 Θεὸς
1811 4351 1915 4427 οὐχ
1967 4353 2040 4412 ὡς

374 4446 685 4521 ἄνθρωπος.
749 4443 812 4498 Ei
839 4443 1015 4497 τοίνυν
1067 4442 1127 4496 τὸ
1164 4446 1390 4514 Πνεῦμα
1440 4440 1490 4510 ἐξ
1521 4441 1686 4494 αὑτοῦ
1733 4439 2037 4510 ἀκούοντες,

375 4539 604 4608 νοοῦμεν
654 4533 711 4588 ἐκ
742 4539 842 4601 τῆς
875 4530 1224 4592 ὑποστάσεως
1268 4531 1454 4597 αὐτοῦ,
1481 4527 1591 4599 ἤδη
1624 4534 1873 4603 καθαρῶς
1906 4529 2036 4583 ἀπε-

2156 3333 2342 3407 γέλλει
2375 3333 2527 3408 ῥῆμα
2556 3333 2589 3402 ἢ
2625 3333 2813 3408 λόγον.

2224 3441 2340 3496 Col.
2367 3442 2472 3496 738
2504 3443 2625 3497 AJi.
2675 3443 2843 3512 Quasi
2891 3443 3150 3498 humano.
3198 3443 3358 3498 Hanc
3389 3441 3694 3513 periodum
3750 3442 3808 3494 in

2154 3529 2302 3585 duas
2331 3530 2611 3586 diviserat
2638 3531 2946 3603 interpres,
2972 3536 3028 3588 et
3059 3549 3297 3588 sensum
3321 3531 3574 3585 auctoris
3597 3529 3816 3584 obscu-

2154 3624 2345 3674 rarat:
2375 3642 2402 3669 «
2429 3621 2604 3684 Quasi
2628 3622 2783 3675 enim
2801 3623 3209 3694 proferebatur
3229 3622 3490 3676 humana
3510 3618 3814 3673 locutione

2154 3715 2219 3762 ut.
2246 3727 2347 3780 per
2376 3711 2622 3782 ﬁguram
2657 3711 2978 3766 humanam
3002 3721 3325 3784 exponalur
3356 3727 3457 3781 per
3488 3710 3685 3780 ipsum
3720 3709 3807 3762 fa-

2152 3802 2308 3852 ctam
2340 3815 2470 3854 esse
2497 3805 2846 3855 creaturam.
2882 3824 2904 3852 ι
2963 3802 3101 3865 Quae
3150 3807 3480 3870 sequuntur
3511 3814 3698 3868 usque
3730 3798 3801 3851 ad

2152 3888 2327 3942 ﬁnem
2361 3889 2588 3960 capitis,
2607 3891 2914 3945 decurtata
2935 3895 3104 3946 erant
3129 3891 3185 3944 in
3210 3889 3466 3944 editione
3499 3886 3804 3943 Basiliensi

2152 3977 2259 4032 hoc
2286 3979 2496 4034 modo:
2531 3979 2684 4034 ’Έστι
2715 3979 2776 4032 τὸ
2821 3981 3040 4049 Πνεῦμα
3089 3978 3171 4032 ἀεὶ
3219 3976 3308 4031 καὶ
3355 3977 3482 4050 πρὶν
3533 3981 3808 4052 γραφῆναι

2153 4064 2255 4118 ὑπὸ
2282 4067 2523 4127 Μωσέως
2557 4066 2901 4144 ἐπιφέρεσθαι
2933 4068 3064 4122 αὐτὸ
3107 4066 3287 4122 ἐπάνω
3328 4070 3426 4120 τοῦ
3471 4063 3664 4125 ὕδατος
3713 4065 3808 4118 γαὶ

2150 4152 2516 4230 ἐκφυσηθῆναι
2551 4157 2680 4211 αὐτὸ
2705 4157 2780 4218 εἷς
2813 4156 3166 4228 ζωοποίησιν.
3201 4156 3519 4213 Carnarius
3549 4157 3618 4212 ad
3652 4156 3807 4210 hanc

2148 4243 2456 4301 lectionem
2490 4264 2660 4302 suam
2693 4248 3020 4303 versionem
3058 4248 3490 4303 conformaret:
3539 4267 3569 4296 «
3600 4244 3702 4300 Est
3749 4249 3812 4300 et

2147 4334 2403 4404 Spiritus
2461 4353 2714 4407 semper,
2759 4337 2934 4392 etiam
2996 4341 3312 4408 antequam
3363 4335 3719 4390 scriberetur
3777 4351 3812 4388 a

2149 4423 2308 4478 Mose
2333 4424 2466 4478 lerri
2493 4425 2687 4496 ipsum
2714 4444 2892 4498 super
2917 4432 3187 4497 aquas,et
3203 4425 3580 4480 exsufﬂatum
3607 4425 3806 4494 ipsum

2151 4527 2279 4567 esse
2311 4513 2379 4567 ad
2417 4513 2863 4569 viviﬁcationem
2894 4531 2906 4569 :
2944 4537 2970 4564 »
3005 4515 3105 4569 sed
3159 4514 3320 4584 Regii
3354 4513 3571 4567 codicis
3603 4512 3809 4567 lectio-

378 4602 586 4702 φήνατο
632 4622 692 4677 ἐκ
743 4622 916 4695 μόνης
962 4624 1061 4685 τῆς
1115 4620 1607 4681 ὑποστάσεωςτοῦ
1659 4602 1890 4693 Παερὸς,
1948 4618 2037 4672 καὶ

2154 4618 2286 4656 nem
2323 4603 2622 4673 antiquior
2651 4603 3021 4674 Trapezuntii
3051 4603 3241 4658 versio
3274 4602 3606 4658 conﬁrmat.

379 4713 478 4768 οὐκ
499 4712 550 4783 ἐξ
584 4710 761 4782 ἄλλης
809 4710 952 4771 τινὸς
985 4708 1331 4770 ὑποστάσεως
1391 4709 1522 4764 εἶναι
1579 4709 1643 4761 τὸ
1704 4711 1925 4778 Πνεῦμα
1974 4707 2037 4761 τὸ

375 4806 546 4879 ἅγιονο
580 4827 608 4854 ‹‹
635 4801 888 4858 Basilius
912 4801 1161 4872 Magnus
1190 4801 1248 4856 in
1284 4799 1909 4868 sermonibus,quibus
1934 4799 2042 4852 Eu-

381 4894 642 4951 nomium
677 4891 1022 4954 confutavit,
1054 4889 1304 4959 loquens
1328 4891 1399 4943 de
1423 4887 1811 4958 productione
1841 4889 2034 4944 sancti

374 4985 637 5053 Spiritus
669 4999 737 5036 ex
772 4981 962 5047 Patre,
995 4979 1088 5033 his
1120 4979 1310 5032 utitur
1339 4977 1532 5032 verbis
1559 4993 1571 5030 :
1607 4976 1854 5030 Generat
1887 4982 2037 5033 Deus

376 5090 492 5129 non
525 5078 591 5127 ut
623 5073 820 5135 homo,
843 5085 978 5124 vere
1009 5074 1203 5121 tamen
1240 5065 1563 5138 generat.Si
1595 5080 1734 5134 ergo
1757 5064 2033 5135 Spiritum

372 5179 440 5216 cx
469 5162 598 5232 ipso
630 5160 960 5224 audientes,
991 5155 1372 5221 intelligimus
1394 5171 1461 5208 ex
1491 5154 1620 5221 ejus
1651 5153 2037 5210 subsistentia

378 5250 832 5320 perspicuejam
871 5245 1124 5300 Basilius
1150 5244 1553 5315 pronuntiavit
1583 5258 1646 5296 ex
1679 5242 1803 5297 sola
1847 5244 2034 5298 Patris

377 5337 706 5406 hypostasi,
756 5344 809 5389 et
863 5349 977 5388 non
1023 5349 1093 5386 ex
1124 5333 1239 5386 alia
1271 5333 1524 5402 quadam
1560 5331 1855 5401 hypostasi
1910 5349 2036 5387 esse

375 5425 658 5493 Spiritum
683 5431 954 5479 sanctum
983 5438 996 5476 :
1038 5444 1065 5471 »
1100 5422 1406 5491 respondit
1427 5421 1683 5476 Joannes
1707 5421 2033 5475 Provincia-

375 5515 472 5581 lis,
506 5514 606 5583 qui
641 5514 980 5568 Latinorum
1016 5519 1214 5581 partes
1267 5512 1577 5565 tuebatur:
1633 5509 1720 5564 ’Ev
1747 5508 1926 5578 τούτῳ
1956 5514 2035 5580 τῷ

372 5599 656 5678 κεφαλαίῳ
689 5599 955 5675 ἐπείγεται
988 5599 1016 5653 ὃ
1062 5600 1226 5672 μέγας
1261 5598 1548 5659 Βασίλειος
1581 5596 1747 5667 δεῖξαι
1777 5600 1840 5652 τὸ
1870 5603 2035 5652 Πνεῦ-

380 5711 452 5762 μα
499 5691 561 5745 τὸ
621 5690 770 5762 ἅγιον
812 5688 945 5742 εἶναι
997 5686 1055 5741 ἐκ
1102 5692 1197 5742 τοῦ
1245 5688 1454 5760 Πατρὸς
1494 5686 1585 5741 καὶ
1617 5687 1722 5762 οὐχ
1753 5687 2030 5759 ἑτέρωθεν,

2219 4709 2336 4763 Col.
2367 4711 2472 4764 739
2503 4717 2541 4763 G
2569 4711 2624 4764 2.
2657 4710 3002 4765 Discentibus
3033 4710 3262 4781 apostol.
3325 4712 3452 4762 Haec
3496 4721 3812 4778 perperam

2149 4815 2316 4854 versa
2348 4815 2590 4854 sensum
2625 4800 2885 4853 auctoris
2918 4800 3404 4854 interverterant:
3450 4817 3475 4848 α
3511 4794 3812 4866 Apostolis

2148 4889 2294 4960 ipsis
2328 4887 2576 4960 gloriam
2607 4887 3160 4955 tribuentibus,hmc
3190 4887 3334 4941 dicit
3363 4886 3649 4957 Spiritum
3673 4901 3810 4938 san-

2146 4986 2294 5035 ctus.
2334 5003 2355 5030 n
2397 4979 2742 5049 Quanquam
2771 4978 2888 5032 haec
2920 4977 3103 5047 Agabi
3135 4977 3430 5048 prophetae
3463 4979 3604 5029 sunt
3629 4973 3814 5028 verba

2147 5071 2419 5124 Actorum
2453 5069 2666 5132 xxi,ll.
2700 5067 2808 5121 Sed
2846 5066 2966 5121 haec
2997 5067 3347 5122 conﬁrmant
3377 5064 3808 5119 correctionem

2148 5164 2436 5222 nostram,
2490 5172 2605 5226 qua
2654 5155 3022 5210 temerariam
3070 5154 3615 5224 interpretationem
3649 5157 3812 5206 Bezae

2145 5245 2562 5315 castigavimus
2596 5261 2796 5315 supra,
2822 5245 2970 5298 libro
3003 5261 3064 5298 II.
3089 5241 3267 5297 Paulo
3301 5246 3452 5314 post,
3486 5239 3547 5294 οὐ
3580 5238 3808 5293 συντάσ-

2147 5353 2327 5394 σοντες
2359 5333 2785 5404 Trapezuntius
2808 5356 2834 5382 «
2872 5350 2985 5388 non
3021 5332 3433 5387 coordinantes
3469 5352 3495 5379 ››
3529 5335 3810 5397 verterat,

2146 5440 2250 5496 pro
2283 5446 2309 5471 ‹‹
2346 5426 3220 5493 componentes,comparantes,
3249 5443 3275 5469 ››
3301 5419 3713 5475 utllCorinth.
3746 5436 3811 5490 Χ,

2147 5514 2244 5568 12;
2281 5510 2358 5567 Οὐ
2417 5512 2520 5584 γὰρ
2581 5508 2878 5582 τολμῶμεν
2935 5514 3215 5584 συγκρῖναι
3267 5509 3492 5570 ἑαυτούς
3521 5526 3651 5561 τισι·
3685 5513 3814 5566 Non

2143 5604 2293 5659 enim
2366 5602 2632 5657 audemus
2701 5616 3036 5671 comparare
3096 5615 3198 5654 nos
3268 5599 3616 5671 quibusdam.
3691 5599 3810 5653 lbi-

2147 5693 2282 5750 dem
2314 5688 2826 5766 χειραγωγούμενοι
2859 5705 2928 5746 ex
2959 5707 3071 5746 ωε.
3106 5690 3490 5755 correximus,
3524 5710 3554 5740 «
3584 5688 3808 5753 ducti,»
