4176 6386
299 375 454 437 1065

1380 367 1460 426 IN
1504 361 1780 425 LIBROS
1824 358 2138 418 CONTRA
2186 359 2640 422 EUNOMIUM.

3556 358 3714 420 1066

296 523 430 565 cum
480 511 651 562 antea
699 503 979 560 mendose
1024 501 1318 574 legeretur
1358 499 1419 552 in
1450 495 1625 552 Basil.
1659 487 1946 567 χωρηγού-
1977 491 2030 556 Α
2130 489 2249 546 Col.
2281 493 2386 546 747
2418 498 2459 546 Α
2492 494 2546 547 7.
2609 495 2803 549 Verum
2830 493 3075 550 divinus.
3110 492 3538 564 Trapezuntius
3569 493 3714 549 scri-

301 617 472 670 μενοι.

367 705 486 763 Cnl.
517 705 622 761 746
655 709 714 758 Β.
758 705 897 759 Heus
929 717 1039 757 vos.
1080 703 1195 754 Has
1227 700 1376 754 duas
1407 696 1696 751 dictiones
1728 690 1947 762 adjeci-

297 815 429 854 mus
462 791 952 865 interpretationi,
977 794 1035 846 et
1058 790 1115 843 in
1151 787 1366 844 Graecis
1397 784 1753 841 correximus
1777 781 1822 833 ὦ
1854 776 1947 832 οὗ-

293 907 401 954 τοι,
437 902 568 940 cum
616 887 786 940 antea
838 881 1128 950 legeretur
1173 878 1232 933 in
1265 877 1442 933 Basil.
1477 875 1549 936 ὡς
1591 870 1760 941 οὗτοι,
1794 870 1948 926 unde

294 974 608 1032 Cornarius
641 973 1063 1043 expresserat,«
1088 968 1211 1022 Non
1237 967 1512 1037 separant
1533 961 1724 1018 solum
1749 977 1781 1014 a
1801 959 1945 1013 dua-

292 1065 458 1120 litate
483 1061 640 1118 velut
670 1042 789 1116 isti.
817 1082 844 1108 »
869 1059 1087 1114 Docent
1108 1054 1478 1128 grammatici
1511 1065 1830 1124 pronomen
1854 1042 1948 1098 οὗ·

293 1174 388 1214 τος
420 1169 551 1208 cum
577 1150 836 1205 secunda
860 1163 1109 1220 persona
1126 1145 1548 1212 copulatum,et
1571 1140 1947 1210 conjunctam

297 1243 513 1298 habens
546 1237 890 1312 particulam
922 1235 1329 1307 (B,signiﬁcare
1353 1241 1430 1286 tu.
1461 1225 1947 1298 ιυοίαηυε,μέχρι

291 1330 454 1400 τίνος,
489 1325 532 1381 ὦ
579 1324 756 1392 οὗτος,
804 1322 1110 1398 ὀδυρόμεθα
1140 1341 1153 1383 ;
1189 1345 1215 1373 ‹‹
1268 1323 1600 1389 Quousque,
1655 1317 1802 1371 heus
1860 1319 1950 1395 tu,

296 1419 540 1477 ﬂemus?
576 1441 602 1468 »
633 1415 677 1470 ὦ
725 1415 901 1484 αὗται,
937 1440 961 1465 ‹‹
1000 1415 1145 1470 heus
1175 1430 1274 1468 vos
1325 1409 1585 1467 feminae!
1617 1431 1642 1456 ››
1662 1406 1949 1462 Eusebius

297 1509 398 1564 lib.
433 1527 496 1564 111
546 1509 910 1563 Historiarum
959 1506 1252 1560 eccleswst.
1296 1518 1420 1571 cap.
1469 1501 1586 1554 25:
1639 1494 1777 1549 Φασὶ
1818 1497 1946 1568 γοῦν

292 1597 385 1652 τὸν
423 1596 685 1671 μακάριον
736 1595 938 1670 Πέτρον
992 1591 1318 1663 θεασάμενον
1365 1589 1462 1656 τήν
1504 1587 1695 1640 ἑαυτοῦ
1724 1587 1950 1660 γυναῖκα

298 1683 648 1762 ἀπαγομένην
717 1682 803 1737 ἐπὶ
865 1683 1076 1753 θανάτῳ
1111 1725 1124 1750 ,
1185 1683 1519 1753 επιφωνῆσαι
1573 1674 1622 1746 ἐξ
1685 1673 1950 1746 ὀνόματος

291 1773 673 1848 προσειπόντα,
718 1772 1003 1844 Μέμνησο,
1038 1767 1082 1823 ὦ
1113 1767 1273 1837 αὕτη,
1321 1770 1419 1821 τοῦ
1461 1763 1682 1841 Κυρίου”
1713 1786 1739 1814 (ι
1771 1763 1950 1818 Aiunt

2061 583 2300 650 pserat:
2343 582 2611 637 «Verum
2659 583 2936 655 quoniam
2986 581 3243 655 Spiritus
3294 582 3451 638 Deus
3502 589 3714 639 cuncta

2059 685 2186 739 qua:
2215 687 2247 724 a
2297 670 2412 726 Deo
2444 686 2547 742 per
2592 672 2799 727 Filium
2842 676 2979 728 sunt
3023 673 3081 726 in
3127 687 3256 727 esse
3303 672 3712 738 corroborans,

2057 759 2271 814 idcirco
2302 764 2358 814 et
2389 761 2620 816 essendi
2653 761 3013 816 duralionem
3042 761 3260 833 przebet
3287 761 3707 832 principatus.»

2131 865 2249 920 Col.
2280 867 2387 920 752
2413 870 2454 921 A
2489 867 2572 921 11.
2609 868 2713 935 Qui
2759 868 3078 924 dissimiles.
3113 867 3482 924 Correximus
3513 867 3574 922 in
3605 871 3712 923 Ba-

2060 953 2306 1023 siliensi,
2332 957 2484 1027 quod
2539 973 2842 1027 perperam
2875 957 3160 1028 scriptum
3195 959 3318 1011 erat
3347 956 3713 1028 ἀνομοουσια-

2060 1047 2220 1114 στῶν,
2281 1060 2350 1099 ex
2397 1045 2576 1116 Regio
2634 1046 2736 1115 qui
2787 1046 3128 1116 praeferebat
3182 1043 3708 1117 ἀνομοιουσιαστῶν.

2060 1135 2368 1190 Hzereticos
2399 1136 2554 1190 enim
2583 1135 2824 1202 indicat,
2859 1136 2959 1206 qui
2987 1135 3245 1207 ἀνόμοιον
3290 1135 3499 1205 οὐσίαν,
3533 1135 3708 1192 dissi-

2060 1225 2260 1280 milem
2295 1226 2687 1281 substantiam
2723 1227 2907 1281 Patris
2939 1230 2994 1281 et
3026 1226 3151 1280 Filii
3185 1223 3713 1298 dicebantzépomd-

2060 1334 2179 1375 σιος
2212 1331 2347 1387 ergo
2371 1319 2481 1381 est,
2509 1315 2603 1386 qui
2630 1315 2883 1370 similem
2908 1315 3081 1370 habet
3111 1314 3711 1387 substantiam,6poo-

2061 1401 2234 1468 ύσιος,
2257 1404 2358 1474 qui
2389 1405 2659 1459 eamdem
2690 1403 2994 1472 habet,sed
3028 1401 3378 1474 ἀνομοούσιοι
3402 1421 3518 1460 non
3551 1421 3712 1476 repe-

2059 1493 2317 1557 riuntur,
2378 1497 2480 1549 aut
2535 1491 2994 1564 ἀνομοουσιασταί
3044 1493 3202 1548 dicti.
3259 1493 3710 1566 Chrysostomus

2061 1587 2204 1638 orat.
2239 1583 2272 1636 3
2327 1585 2399 1638 De
2441 1581 2993 1653 incomprehensibili
3037 1583 3138 1637 Dei
3183 1586 3405 1647 natura,
3453 1579 3569 1634 ἐπεὶ
3617 1578 3708 1634 οὖν

2058 1671 2221 1742 ἡμεῖς
2271 1669 2593 1742 ἐκτέμνομεν
2642 1670 2831 1744 ἆγριον
2883 1671 2973 1724 καὶ
3021 1669 3296 1744 ἀνήμερον
3345 1665 3561 1745 δένδρον
3601 1672 3712 1723 τῶν

2059 1758 2363 1831 Ἀνομοίων
2417 1759 2516 1826 τὴν
2562 1756 2788 1832 α’ίρεσιν·
2830 1779 2851 1807 α
2889 1761 3031 1816 Cum
3087 1761 3282 1831 itaque
3330 1775 3436 1815 nos
3477 1774 3711 1831 quoque

292 1847 530 1922 beatum
559 1869 822 1931 Petrum,
865 1879 1000 1917 cum
1029 1875 1266 1916 uxorem
1300 1873 1467 1913 suam
1496 1857 1567 1911 ad
1611 1870 1812 1910 necem
1841 1852 1942 1907 ab-
1973 1869 2021 1933 Β
2059 1850 2326 1905 arborem
2377 1849 2768 1920 praecidamus
2821 1847 3151 1903 silvestrem
3202 1852 3376 1918 atque
3418 1851 3708 1920 agrestem

291 1958 526 2011 ductam
560 1953 1017 2025 conspicaretur,
1053 1950 1137 2004 sic
1155 1964 1282 2002 eam
1311 1946 1548 2001 nomine
1578 1941 1938 2014 compellan-

292 2058 407 2108 tem
444 2043 681 2109 dixisse,
717 2041 872 2096 Heus
904 2045 988 2104 tu,
1017 2054 1241 2093 memor
1269 2040 1393 2091 esto
1425 2034 1714 2090 Domini.»
1748 2032 1941 2086 Refert

290 2134 398 2189 hoc
412 2132 699 2188 Eusebius
718 2147 786 2185 ex
799 2129 1095 2185 Clemente
1108 2123 1608 2188 Alexandrino,vu
1625 2123 1938 2189 Stromate,

289 2224 391 2280 sed
426 2225 590 2278 locus
621 2220 773 2292 apud
806 2219 985 2273 istum
1010 2215 1391 2288 corrigendus
1414 2218 1588 2268 estex
1614 2212 1739 2283 ipso
1759 2212 1938 2266 Euse-

289 2313 425 2379 bio;
462 2311 613 2366 male
642 2309 799 2365 enim
848 2309 905 2363 in
937 2305 1192 2362 editione
1223 2302 1685 2358 Commeliniana
1714 2299 1936 2354 editum

291 2405 380 2457 est
424 2416 555 2471 pag.
606 2399 756 2454 312:
796 2395 1090 2468 μεμνήσθω
1140 2390 1275 2466 αὐτῇ
1322 2394 1418 2445 τοῦ
1479 2387 1710 2464 Κυρίου.
1764 2387 1940 2444 Paulo

293 2495 424 2564 post
471 2489 566 2544 hic
615 2486 1058 2543 emendavimus
1107 2500 1175 2538 ex
1205 2483 1250 2537 H
1284 2479 1546 2556 ἁγιασμὸν
1588 2478 1938 2553 εἰσηγήσατο,

294 2597 397 2652 pro
447 2576 788 2650 ἐπηγήσατο,
844 2579 900 2630 et
930 2571 1042 2647 οὐχ
1089 2570 1416 2645 ὑπεξῄρηκε,
1468 2586 1571 2642 pro
1619 2567 1729 2641 οὐχ
1782 2567 1941 2639 ὑπερ-

293 2667 491 2740 ήρηκε.
523 2665 750 2721 Rursus
781 2679 848 2718 ex
879 2662 1081 2717 eodem
1129 2677 1241 2714 ms.
1278 2658 1468 2713 locum
1503 2663 1844 2727 sequentem
1876 2671 1943 2709 ex

297 2762 460 2828 parte
508 2754 902 2818 restituimus,
953 2752 1050 2822 qui
1101 2749 1184 2805 sic
1229 2748 1482 2803 habebat
1511 2746 1570 2800 in
1612 2745 1750 2800 edit.
1785 2742 1942 2800 Basi-

299 2827 473 2900 liensi
510 2841 608 2898 :El
641 2839 697 2894 δὲ
727 2838 817 2894 καὶ
853 2839 926 2911 μή
965 2837 1244 2910 ὀνομάζων
1279 2832 1488 2908 Πατέρα
1519 2830 1688 2903 δηλοῖ
1713 2831 1870 2886 αὐτὸν
1895 2827 1946 2884 ἐν

292 2936 371 3002 τῷ
401 2931 527 2984 Υὶοῦ
577 2924 826 3001 ὀνόματι,
862 2925 1028 2996 δηλοῖ
1073 2947 1130 2980 τε
1165 2925 1299 2998 μετὰ
1326 2927 1422 2978 τοῦ
1462 2922 1718 2996 πατρῴου
1749 2919 1946 2992 ὀνόμαο

301 3042 394 3084 τος
421 3019 633 3074 καὶτὸν
680 3015 1088 3093 γεγεννημένον.
1138 3015 1566 3086 Trapezuntius
1609 3013 1950 3083 interpreta-

303 3117 399 3167 tus
431 3115 521 3166 est
553 3127 566 3165 :
593 3131 620 3159 ‹‹
657 3108 816 3172 Quod
853 3107 902 3161 si
935 3111 1164 3160 Patrem
1198 3121 1312 3158 non
1346 3103 1816 3167 nominans,cum
1849 3100 1952 3155 Pa-

300 3199 407 3255 tris
435 3198 671 3254 nomine
703 3201 896 3252 tamen
945 3194 1154 3249 Filium
1207 3193 1381 3247 etiam
1427 3191 1742 3263 significat.
1777 3210 1805 3240 »
1839 3189 1946 3243 Sed

301 3289 456 3342 idem
490 3287 638 3341 liber
669 3285 882 3356 Regius
932 3281 1262 3338 accuratius
1311 3281 1614 3352 inspectus
1659 3279 1948 3351 integrum

304 3377 498 3432 locum
531 3376 615 3431 sic
645 3375 1064 3445 repraesentat:
1099 3369 1160 3425 Et
1194 3365 1251 3422 δὲ
1279 3367 1368 3421 καὶ
1405 3367 1480 3440 μή
1527 3364 1806 3439 ὀνομάζων
1840 3370 1952 3418 Πα-

302 3466 451 3537 τέρα,
485 3459 652 3532 δηλοῖ
689 3461 822 3533 μετὰ
867 3465 966 3527 τῆς
1009 3457 1132 3511 Υἷοῦ
1162 3454 1532 3530 προσηγορίας
1570 3455 1660 3509 καὶ
1709 3455 1798 3509 τὸν
1830 3475 1954 3530 γεν.

303 3553 530 3626 νήτορα,
561 3549 650 3604 καὶ
688 3549 762 3622 μὴ
814 3547 1100 3620 ὀνομάζων
1141 3545 1232 3598 τὸν
1281 3545 1402 3598 Υἱὸν
1455 3542 1623 3614 δηλοῖ
1681 3544 1814 3616 μετᾶ
1860 3546 1955 3597 τοῦ

305 3640 562 3714 πατρῴου
604 3638 872 3712 ὀνόματος
914 3635 1001 3691 καὶ
1049 3635 1140 3689 τὸν
1195 3633 1604 3709 γεγεννημένον.
1645 3656 1672 3684 ‹‹
1712 3633 1871 3697 Quod
1907 3632 1956 3687 8i

311 3731 539 3786 Patrem
575 3745 688 3782 non
723 3727 1201 3793 nominans,cum
1236 3725 1358 3778 Filii
1393 3723 1783 3796 appellatione
1804 3721 1960 3793 geni-

311 3825 492 3874 torem
528 3831 760 3888 quoque
801 3814 1096 3887 significat
1129 3819 1224 3868 :et
1259 3813 1463 3867 Filium
1491 3829 1605 3867 non
1625 3811 1956 3880 nominans,

311 3923 445 3962 cum
477 3905 713 3960 nomine
747 3909 988 3975 paterno
1020 3901 1282 3972 genitum
1313 3915 1546 3972 quoque
1579 3900 1894 3970 signiﬁcat.
1931 3920 1958 3947 »

311 3999 388 4052 At
416 3993 475 4049 in
507 3993 897 4063 sequentibus
930 3989 1280 4060 coniecturae
1305 3992 1466 4044 locus
1490 3987 1614 4043 dari
1639 3990 1847 4059 potest,
1873 3992 1958 4055 ut,

317 4083 452 4137 licet
485 4081 930 4153 manuscriptus
961 4082 1297 4134 constanter
1326 4077 1572 4132 retineat
1608 4075 1696 4129 καὶ
1748 4073 1962 4146 μεταδί-

314 4167 488 4239 δοται,
519 4170 606 4223 καὶ
638 4175 862 4235 νοεῖται,
897 4169 1052 4224 unde
1072 4165 1385 4223 Cornarius
1403 4165 1659 4237 scripsit,
1687 4187 1709 4216 ι
1743 4164 1802 4219 in
1821 4182 1961 4236 sup-

316 4262 610 4333 peditante
640 4278 652 4316 :
688 4261 885 4332 ipsum
921 4263 977 4315 et
1007 4259 1182 4314 datur
1220 4262 1276 4312 et
1305 4255 1686 4328 intelligitur:
1714 4275 1738 4307 ιι
1767 4259 1960 4311 tamen

313 4351 685 4421 suspicemur
714 4348 1029 4421 legendum
1057 4344 1147 4399 καὶ
1185 4341 1521 4418 μεταδιδόντι
1553 4347 1776 4411 νοεῖται,
1810 4345 1960 4414 quod

312 4435 736 4509 Trapezuntius
759 4437 992 4502 habeat,
1031 4454 1052 4485 ι
1078 4435 1136 4488 in
1161 4435 1454 4506 praabente
1484 4433 1680 4504 ipsum
1714 4435 1771 4488 et
1792 4433 1966 4489 dante

315 4525 680 4598 intelligitur.
713 4547 741 4576 »

2050 1939 2222 1994 istam
2251 1943 2664 1993 Anomceorum
2687 1937 3012 1993 haeresim.»
3045 1936 3511 2006 Hieronymusin
3539 1936 3713 1992 Chro-

2048 2029 2171 2082 nico
2225 2027 2293 2082 ad
2340 2026 2745 2100 Olympiadem
2792 2027 2916 2080 286:
2955 2048 2982 2076 «
3015 2026 3284 2098 Synodus
3325 2025 3642 2081 Antiochiae
3675 2043 3708 2080 a

2052 2115 2284 2172 Meletio
2316 2120 2372 2170 et
2397 2115 2522 2171 suis
2550 2116 2718 2185 facta,
2753 2115 2811 2170 in
2835 2132 2949 2187 qua
2981 2115 3291 2170 homousio
3323 2131 3706 2186 anomoeoque

2051 2206 2554 2276 rejecto,medium
2581 2205 2734 2259 inter
2754 2205 2874 2259 haec
2908 2204 3314 2259 homoeousion
3340 2203 3706 2259 Macedonia-

2051 2311 2189 2350 num
2222 2295 2433 2367 dogma
2480 2293 2943 2348 vindicaverunt.
2976 2316 2996 2342 η
3023 2292 3131 2348 Ubi
3169 2293 3407 2347 nomine
3438 2292 3703 2348 Anomasi

2051 2384 2388 2455 Opinionem
2414 2382 2607 2437 Acacii
2631 2386 2686 2438 et
2711 2382 2958 2438 aliorum
2980 2383 3051 2436 de
3069 2381 3345 2437 dissimili
3369 2382 3706 2437 substantia

2051 2471 2266 2527 Christi
2298 2489 2331 2526 a
2363 2472 2528 2526 Patre
2556 2470 2853 2541 intelligit.
2886 2470 3364 2526 Homaaou'sianos
3385 2476 3582 2526 autem
3615 2471 3702 2525 di-

2053 2567 2174 2616 ctos
2206 2561 2657 2616 Macedonianos
2682 2562 2912 2615 eonstat
2940 2577 3008 2614 ex
3040 2561 3343 2630 Tripartita
3374 2559 3704 2631 lib.1v,cap.

2051 2653 2141 2706 22.
2185 2650 2451 2705 Meminit
2475 2649 2651 2705 etiam
2683 2648 3011 2719 impietatis
3042 2653 3413 2704 Anomaeanae
3462 2648 3714 2720 epistola

2055 2742 2116 2794 41
2154 2739 2432 2802 Basilius,
2467 2739 2565 2792 ubi
2600 2743 2754 2793 recte
2802 2739 2885 2793 ita
2915 2739 3292 2793 emendatum
3327 2742 3577 2805 est,cum
3609 2755 3711 2792 an-

2055 2835 2144 2884 tea
2194 2829 2533 2883 Anomianae
2565 2826 3045 2900 legereturznam
3097 2828 3448 2882 Eunomiani
3491 2828 3564 2882 ab
3595 2828 3711 2881 Eu-

2059 2918 2256 2972 nomio
2289 2922 2432 2971 sunt
2457 2917 2738 2982 haeretici,
2765 2917 3076 2971 Anomiani
3107 2921 3302 2971 autem
3335 2914 3504 2970 nulli.

2132 3023 2279 3078 Ibid.
2314 3024 2354 3076 B
2385 3024 2440 3076 8.
2478 3021 2624 3075 Μετᾶ
2656 3021 2928 3082 ἀπιστίας,
2965 3023 3281 3078 Cornarius
3321 3022 3471 3076 hanc
3509 3021 3714 3077 lectio—

2061 3129 2194 3168 nem
2225 3111 2545 3183 expressit,
2576 3133 2604 3163 ‹‹
2646 3129 2774 3183 quas
2819 3128 2952 3166 cum
2997 3110 3404 3166 incredulitate
3436 3111 3713 3166 omnibus

2063 3208 2202 3258 suut
2232 3201 2564 3270 manifesta,
2603 3223 2629 3250 »
2661 3217 2764 3255 nec
2794 3200 2960 3256 aliter
2988 3199 3166 3255 habet
3197 3205 3243 3254 H
3275 3216 3411 3267 ms.,
3442 3201 3539 3255 sed
3572 3201 3716 3255 Tra-

2064 3291 2374 3363 pezuntius
2389 3290 2674 3362 scriptum
2701 3289 3015 3344 offendisse
3035 3287 3433 3361 videtur,peru
3456 3286 3712 3356 πίστεως,

2060 3379 2149 3435 vel
2183 3378 2318 3452 μετά
2348 3375 2661 3449 εὒπίστεως,
2685 3403 2712 3429 ‹‹
2746 3396 2880 3435 cum
2910 3379 3252 3436 credulitate
3301 3383 3404 3435 aut
3439 3377 3718 3434 facilitate

2065 3470 2360 3537 credendi,
2391 3492 2410 3518 ι»
2448 3470 2602 3541 quod
2641 3470 2910 3524 convenit
2961 3485 3093 3525 cum
3144 3485 3210 3524 eo
3243 3469 3397 3540 quod
3450 3467 3719 3540 sequitur

2066 3560 2306 3615 citatum
2341 3576 2406 3613 ex
2451 3559 2632 3630 Epist.
2676 3560 2747 3614 ad
2790 3559 2960 3614 Hebr.
2999 3576 3076 3625 x1,
3109 3559 3184 3612 6:
3231 3557 3468 3614 Credere
3511 3560 3722 3629 oportet

2067 3647 2400 3704 accedentem
2431 3647 2499 3702 ad
2531 3649 2721 3717 Deum,
2755 3653 2812 3703 et
2844 3649 2995 3718 quod
3049 3651 3140 3702 est
3171 3647 3333 3703 Isaiae
3362 3665 3463 3714 vu,
3483 3647 3557 3701 9:
3592 3645 3718 3701 Ἐὰν

2071 3738 2148 3810 μὴ
2208 3736 2577 3805 πιστεύσητε,
2656 3733 2780 3790 οὐδὲ
2849 3736 2924 3808 μὴ
2986 3741 3215 3803 συνῆτε.
3278 3735 3432 3804 Quod
3505 3736 3557 3790 si
3609 3750 3721 3791 non

2068 3827 2441 3892 credideritis,
2471 3842 2817 3898 nequaquam
2862 3825 3208 3894 intelligetis.
3241 3824 3422 3880 Paulo
3455 3828 3586 3896 post
3615 3841 3719 3896 pro

2070 3915 2339 3970 ἀκούσωσι
2371 3920 2495 3971 erat
2524 3915 2581 3970 in
2623 3932 2735 3971 ms.
2772 3913 3092 3985 ἆκούσουσι,
3124 3914 3536 3971 auscultabunt.
3569 3913 3640 3969 Et
3668 3911 3719 3966 ἐν

2067 4003 2292 4072 ἀπιστίᾳ
2325 3998 2588 4078 ὑπάρχων
2621 4003 2994 4078 reposuimus
3025 4019 3093 4060 ex
3119 4005 3346 4072 eodem,
3371 4021 3486 4060 non
3519 4008 3583 4059 ut
3613 4003 3720 4058 Ba-

2069 4092 2292 4149 siliens.
2322 4091 2577 4166 ὑπάρχει.

2140 4181 2260 4238 C01.
2291 4182 2397 4236 754
2454 4187 2491 4234 Β
2548 4183 2602 4237 6.
2655 4182 2743 4242 Ὠς
2801 4180 3111 4236 ὑπόστασιν.
3167 4183 3234 4237 Η.
3288 4181 3363 4242 ὡς
3403 4179 3718 4250 ὑπόστασις,

2072 4275 2137 4327 ut
2169 4275 2592 4342 praecesserunt
2640 4270 2716 4334 ὡς
2761 4274 2970 4337 νοῦς,θί
3016 4271 3088 4330 ὡς
3137 4266 3388 4343 δύναμις,
3419 4275 3478 4327 et
3523 4271 3604 4328 ita
3634 4272 3724 4328 in-

2070 4360 2408 4433 terpretatio
2441 4361 2811 4433 Trapezuntii
2843 4361 3038 4434 exigit,
3055 4366 3110 4416 et
3132 4361 3447 4417 Cornarius
3468 4362 3724 4433 agnovit.

2076 4455 2193 4507 «ut
2225 4451 2559 4506 substantia
2604 4451 2906 4523 prOprium
2956 4449 3371 4506 characterem.
3427 4472 3455 4500 »
3506 4451 3612 4517 Qui
3672 4455 3730 4507 et

2077 4540 2251 4613 paulo
2285 4545 2416 4612 post
2445 4541 2660 4596 melius
2688 4539 2998 4612 expressit,
3031 4562 3058 4589 «
3094 4540 3350 4613 Spiritus
3382 4541 3576 4614 imago
3598 4540 3730 4596 Filii

390 4634 535 4688 Ibid.
572 4637 632 4686 D.
669 4629 767 4684 Καὶ
811 4629 864 4684 ἐν
914 4628 1077 4700 αὐτῷ.
1132 4631 1194 4684 In
1251 4645 1364 4683 ms.
1419 4629 1482 4683 Η.
1535 4627 1838 4700 legebatur
1876 4627 1964 4680 καὶ
2000 4611 2045 4674 D
2078 4611 2410 4698 dictusiest,
2444 4651 2472 4679 »
2505 4645 2682 4701 quam
2713 4611 3166 4702 Trapezuntius,
3192 4653 3218 4680 «
3253 4631 3448 4704 imago
3479 4611 3605 4685 Filii
3638 4630 3729 4685 di-

320 4720 395 4782 εἷς
427 4720 606 4790 αὐτόν,
639 4737 756 4792 quo
789 4725 958 4792 pacto
989 4718 1164 4774 etiam
1198 4717 1482 4788 scriptum
1517 4722 1605 4771 est
1629 4718 1732 4788 Ep.
1758 4717 1827 4771 ad
1864 4717 1970 4771 Ro-

323 4828 529 4865 manos
559 4827 635 4878 x1,
660 4811 749 4877 36,
775 4809 928 4864 unde
952 4808 1200 4863 fortasse
1221 4805 1483 4860 manavit
1507 4805 1606 4859 illa
1634 4805 1970 4860 lectioznam

328 4899 575 4956 Basilius
598 4898 770 4971 plane
799 4897 881 4951 ita
916 4897 1059 4968 legit
1090 4895 1140 4949 ἐν
1187 4893 1355 4966 αὐτῷ,
1389 4899 1454 4949 ut
1484 4911 1610 4966 quae
1643 4899 1974 4966 sequuntur

325 4990 803 5058 ostendunt,cum
828 4989 898 5042 ad
924 4987 1208 5058 Spiritum
1229 4988 1496 5040 sanctum
1519 4985 1624 5038 hoc
1644 4985 1818 5040 refert
1834 4981 1888 5036 ἓν
1917 4980 1974 5036 δὲ

329 5083 541 5152 Πνεῦμα
572 5078 721 5152 ἅγιον
772 5075 825 5130 ἐν
857 5075 902 5148 ᾧ
946 5073 1137 5130 πάντα.
1191 5080 1407 5130 Auctor
1455 5091 1687 5146 quoque
1716 5074 1973 5145 Vulgataa

328 5169 540 5223 Latinae
573 5167 656 5222 sic
702 5166 916 5237 legisse
944 5165 1176 5220 videtur
1205 5164 1358 5235 apud
1412 5163 1749 5235 Apostolum
1785 5182 1797 5220 :
1829 5170 1980 5218 tam-

326 5257 436 5314 etsi
495 5273 642 5312 novo
694 5256 920 5312 censori
973 5260 1127 5310 Bezaa
1177 5255 1234 5309 id
1287 5271 1402 5308 non
1457 5253 1758 5324 probatur,
1818 5254 1971 5324 quod

329 5347 504 5401 finem
537 5345 803 5400 omnium
835 5345 936 5400 Dei
970 5345 1254 5400 factorum
1281 5342 1401 5397 illic
1431 5347 1599 5414 putet
1631 5343 1973 5414 signiﬁcari:

328 5437 426 5492 sed
465 5435 510 5491 si
564 5435 832 5506 quintum
879 5433 1037 5489 hunc
1088 5432 1276 5488 Basilii
1331 5432 1543 5487 librum
1605 5433 1975 5503 interpretari

330 5522 656 5587 maluisset,
687 5538 865 5592 quam
899 5521 1155 5592 maligne
1185 5520 1573 5593 supprimere.
1607 5537 1722 5591 qua
1756 5520 1978 5575 ratione

327 5612 560 5669 defendi
591 5610 762 5666 lectio
804 5609 906 5666 illa
935 5611 1144 5682 possit,
1177 5628 1246 5666 ex
1289 5609 1664 5666 sanctissimo
1689 5609 1859 5664 Patre
1888 5609 1978 5664 di-

327 5702 589 5760 dicisset.

654 5831 914 5890 PATBOL.
965 5831 1075 5890 Ge.
1123 5829 1311 5889 XXX.

2082 4724 2174 4775 cta
2204 4723 2311 4774 est.
2348 4741 2376 4769 »

2152 4807 2272 4863 Col.
2303 4809 2410 4862 760
2444 4809 2501 4862 ο.
2536 4806 2624 4875 Μὴ
2674 4807 2915 4883 peplo-31:.
2967 4811 3053 4864 Ita
3092 4807 3464 4863 restituimus
3515 4826 3583 4863 ex
3615 4826 3729 4865 ms.

2081 4897 2173 4966 H.,
2235 4912 2367 4951 cum
2419 4899 2591 4951 antea
2638 4896 2944 4953 Basilicus.
2997 4895 3072 4970 μὴ
3128 4894 3357 4971 μερίσασ
3401 4897 3490 4966 τά,
3543 4921 3570 4946 ‹‹
3619 4914 3736 4954 non

2082 4986 2378 5054 scindens,
2415 5007 2441 5034 »
2470 4989 2524 5040 et
2553 4990 2750 5042 tamen
2800 4987 3034 5057 agnovit
3072 4987 3152 5042 ita
3185 4987 3560 5042 scribendum
3593 4987 3732 5043 Cor-

2083 5075 2306 5144 narius,
2341 5098 2368 5125 ‹‹
2399 5076 2480 5131 Ne
2514 5076 2791 5146 partiaris
2821 5093 2907 5132 ea:
2941 5093 3068 5148 quae
3095 5076 3154 5130 in
3181 5079 3376 5147 partes
3408 5075 3586 5131 dividi
3619 5092 3734 5131 non

2086 5169 2356 5237 possunt,
2392 5187 2419 5214 ››
2459 5168 2515 5221 et
2535 5169 2881 5238 Trapezunt.
2918 5188 2942 5215 κ
2976 5165 3101 5220 Non
3135 5165 3432 5238 partiaris,
3467 5182 3592 5238 quae
3624 5166 3734 5222 im-

2086 5254 2399 5326 partibilia.
2437 5276 2466 5304 ››

2158 5343 2414 5397 €01.76?
2446 5344 2484 5398 B
2533 5345 2618 5399 12.
2670 5346 2750 5400 Ibi
2796 5347 3184 5399 convenerunt.
3245 5343 3470 5415 Duplici
3525 5345 3740 5400 mendo

2088 5431 2394 5488 laborabat
2435 5433 2585 5488 male
2634 5433 2880 5488 affectus
2911 5433 3005 5488 hic
3035 5433 3291 5498 locus,et
3320 5435 3391 5488 ab
3425 5433 3744 5505 interprete

2089 5525 2143 5576 et
2175 5538 2206 5576 ιι
2238 5522 2624 5594 typographo.
2652 5546 2671 5570 α
2699 5523 2781 5577 lbi
2812 5523 3040 5578 obviam
3072 5523 3307 5578 fuerunt
3338 5523 3658 5592 servi,etur.
3676 5540 3749 5578 us

2090 5627 2291 5666 eorum
2344 5627 2458 5664 non
2512 5614 2599 5665 est
2648 5610 2910 5666 relictus.
2949 5632 2977 5660 »
3007 5613 3081 5666 At
3123 5611 3285 5667 Isaia
3316 5629 3509 5680 xxx1v,
3545 5613 3631 5679 15,
3667 5613 3748 5667 ita

2088 5700 2337 5755 vertitur
2365 5717 2433 5755 ex
2465 5700 2608 5756 LXX
2637 5717 2670 5755 a
2697 5704 2754 5754 S.
2788 5700 3138 5774 Hieronymo
3169 5701 3231 5756 in
3263 5701 3697 5758 Commentario
3733 5731 3746 5769 ε

3346 5831 3424 5888 34
