  <div class='ocr_page' id='page_1' title='image "/cluster/home/n/w/nwhite01/storage/ocr_20150623/30:no.2/coo.31924054873116/547.png"; bbox 0 0 4176 6386; ppageno 0'>
   <div class='ocr_carea' id='block_1_1' title="bbox 357 381 513 442">
    <p class='ocr_par' dir='ltr' id='par_1_1' title="bbox 357 381 513 442">
     <span class='ocr_line' id='line_1_1' title="bbox 357 381 513 442; baseline -0.006 0"><span class='ocrx_word' id='word_1_1' title='bbox 357 381 513 442; x_wconf 74' lang='grc'>1067</span> 
     </span>
    </p>
   </div>
   <div class='ocr_carea' id='block_1_2' title="bbox 1551 373 2604 437">
    <p class='ocr_par' dir='ltr' id='par_1_2' title="bbox 1551 373 2604 437">
     <span class='ocr_line' id='line_1_2' title="bbox 1551 373 2604 437; baseline -0.007 0"><span class='ocrx_word' id='word_1_2' title='bbox 1551 377 1786 437; x_wconf 63' lang='lat' dir='ltr'>NOTIE</span> <span class='ocrx_word' id='word_1_3' title='bbox 1828 375 2270 435; x_wconf 82' lang='lat' dir='ltr'>FRONTONIS</span> <span class='ocrx_word' id='word_1_4' title='bbox 2318 373 2604 435; x_wconf 62' lang='lat' dir='ltr'>DUCIEI.</span> 
     </span>
    </p>
   </div>
   <div class='ocr_carea' id='block_1_3' title="bbox 3623 365 3786 426">
    <p class='ocr_par' dir='ltr' id='par_1_3' title="bbox 3623 365 3786 426">
     <span class='ocr_line' id='line_1_3' title="bbox 3623 365 3786 426; baseline 0 0"><span class='ocrx_word' id='word_1_5' title='bbox 3623 365 3786 426; x_wconf 82' lang='grc'>1068</span> 
     </span>
    </p>
   </div>
   <div class='ocr_carea' id='block_1_4' title="bbox 431 497 3786 580">
    <p class='ocr_par' dir='ltr' id='par_1_4' title="bbox 431 497 3786 580">
     <span class='ocr_line' id='line_1_4' title="bbox 431 497 3786 580; baseline -0.005 -11"><span class='ocrx_word' id='word_1_6' title='bbox 431 514 514 569; x_wconf 87' lang='lat' dir='ltr'>Ibi</span> <span class='ocrx_word' id='word_1_7' title='bbox 540 514 895 570; x_wconf 86' lang='lat' dir='ltr'>obviaverunt</span> <span class='ocrx_word' id='word_1_8' title='bbox 923 514 1038 570; x_wconf 80' lang='lat' dir='ltr'>sibi</span> <span class='ocrx_word' id='word_1_9' title='bbox 1064 515 1230 580; x_wconf 80' lang='lat' dir='ltr'>cervi,</span> <span class='ocrx_word' id='word_1_10' title='bbox 1261 519 1312 566; x_wconf 90' lang='lat' dir='ltr'>et</span> <span class='ocrx_word' id='word_1_11' title='bbox 1338 511 1597 566; x_wconf 84' lang='lat' dir='ltr'>viderunt</span> <span class='ocrx_word' id='word_1_12' title='bbox 1635 510 1807 579; x_wconf 78' lang='lat' dir='ltr'>facies</span> <span class='ocrx_word' id='word_1_13' title='bbox 1835 525 1961 562; x_wconf 77' lang='lat' dir='ltr'>suas</span> <span class='ocrx_word' id='word_1_14' title='bbox 1993 525 2004 563; x_wconf 91' lang='lat'>:</span> <span class='ocrx_word' id='word_1_15' title='bbox 2041 511 2091 574; x_wconf 79' lang='grc' dir='ltr'><strong>Α</strong></span> <span class='ocrx_word' id='word_1_16' title='bbox 2193 508 2311 561; x_wconf 89' lang='lat' dir='ltr'>Col.</span> <span class='ocrx_word' id='word_1_17' title='bbox 2345 508 2448 560; x_wconf 85' lang='lat'>770</span> <span class='ocrx_word' id='word_1_18' title='bbox 2476 509 2520 562; x_wconf 92' lang='lat' dir='ltr'>C</span> <span class='ocrx_word' id='word_1_19' title='bbox 2546 507 2600 560; x_wconf 91' lang='lat'>8.</span> <span class='ocrx_word' id='word_1_20' title='bbox 2662 505 2813 561; x_wconf 80' lang='lat' dir='ltr'>Sicut</span> <span class='ocrx_word' id='word_1_21' title='bbox 2868 507 3036 561; x_wconf 80' lang='lat' dir='ltr'>enim.</span> <span class='ocrx_word' id='word_1_22' title='bbox 3099 505 3163 559; x_wconf 90' lang='lat' dir='ltr'>In</span> <span class='ocrx_word' id='word_1_23' title='bbox 3209 519 3322 558; x_wconf 85' lang='lat' dir='ltr'>ms.</span> <span class='ocrx_word' id='word_1_24' title='bbox 3375 503 3418 556; x_wconf 84' lang='grc' dir='ltr'>Η</span> <span class='ocrx_word' id='word_1_25' title='bbox 3468 497 3786 574; x_wconf 79' lang='grc' dir='ltr'>φωτίσασαι</span> 
     </span>
    </p>
   </div>
   <div class='ocr_carea' id='block_1_5' title="bbox 358 596 2009 674">
    <p class='ocr_par' dir='ltr' id='par_1_5' title="bbox 358 596 2009 674">
     <span class='ocr_line' id='line_1_5' title="bbox 358 596 2009 674; baseline -0.006 -16"><span class='ocrx_word' id='word_1_26' title='bbox 358 620 503 659; x_wconf 82' lang='lat' dir='ltr'>unus</span> <span class='ocrx_word' id='word_1_27' title='bbox 532 618 601 658; x_wconf 76' lang='lat' dir='ltr'>ea:</span> <span class='ocrx_word' id='word_1_28' title='bbox 641 605 780 674; x_wconf 73' lang='lat' dir='ltr'>ipsi:</span> <span class='ocrx_word' id='word_1_29' title='bbox 822 619 935 658; x_wconf 89' lang='lat' dir='ltr'>non</span> <span class='ocrx_word' id='word_1_30' title='bbox 963 604 1149 673; x_wconf 83' lang='lat' dir='ltr'>periit.</span> <span class='ocrx_word' id='word_1_31' title='bbox 1185 597 1469 654; x_wconf 81' lang='grc' dir='ltr'>Ἀπώλετο</span> <span class='ocrx_word' id='word_1_32' title='bbox 1499 598 1721 670; x_wconf 87' lang='lat' dir='ltr'>legunt,</span> <span class='ocrx_word' id='word_1_33' title='bbox 1756 613 1870 652; x_wconf 88' lang='lat' dir='ltr'>non</span> <span class='ocrx_word' id='word_1_34' title='bbox 1907 596 2009 649; x_wconf 85' lang='grc' dir='ltr'>ὑπ-</span> 
     </span>
    </p>
   </div>
   <div class='ocr_carea' id='block_1_6' title="bbox 362 687 2007 768">
    <p class='ocr_par' dir='ltr' id='par_1_6' title="bbox 362 687 2007 768">
     <span class='ocr_line' id='line_1_6' title="bbox 362 687 2007 768; baseline -0.004 -23"><span class='ocrx_word' id='word_1_35' title='bbox 362 689 606 768; x_wconf 75' lang='grc' dir='ltr'>ελείφθη.</span> <span class='ocrx_word' id='word_1_36' title='bbox 639 692 895 764; x_wconf 79' lang='lat' dir='ltr'>Vulgata</span> <span class='ocrx_word' id='word_1_37' title='bbox 923 708 1055 747; x_wconf 90' lang='lat' dir='ltr'>vero</span> <span class='ocrx_word' id='word_1_38' title='bbox 1088 691 1246 744; x_wconf 82' lang='lat' dir='ltr'>aliud</span> <span class='ocrx_word' id='word_1_39' title='bbox 1280 707 1396 760; x_wconf 73' lang='lat' dir='ltr'>pra:</span> <span class='ocrx_word' id='word_1_40' title='bbox 1429 705 1490 742; x_wconf 89' lang='lat' dir='ltr'>se</span> <span class='ocrx_word' id='word_1_41' title='bbox 1524 688 1632 742; x_wconf 87' lang='lat' dir='ltr'>fert</span> <span class='ocrx_word' id='word_1_42' title='bbox 1665 704 1677 742; x_wconf 94' lang='lat'>:</span> <span class='ocrx_word' id='word_1_43' title='bbox 1710 687 1847 740; x_wconf 86' lang='lat' dir='ltr'>Illuc</span> <span class='ocrx_word' id='word_1_44' title='bbox 1875 701 2007 740; x_wconf 81' lang='lat' dir='ltr'>con-</span> 
     </span>
    </p>
   </div>
   <div class='ocr_carea' id='block_1_7' title="bbox 360 775 2011 852">
    <p class='ocr_par' dir='ltr' id='par_1_7' title="bbox 360 775 2011 852">
     <span class='ocr_line' id='line_1_7' title="bbox 360 775 2011 852; baseline -0.005 -17"><span class='ocrx_word' id='word_1_45' title='bbox 360 783 578 852; x_wconf 84' lang='lat' dir='ltr'>gregati</span> <span class='ocrx_word' id='word_1_46' title='bbox 603 787 735 836; x_wconf 82' lang='lat' dir='ltr'>sunt</span> <span class='ocrx_word' id='word_1_47' title='bbox 762 782 902 836; x_wconf 81' lang='lat' dir='ltr'>mihi</span> <span class='ocrx_word' id='word_1_48' title='bbox 934 780 1078 834; x_wconf 81' lang='lat' dir='ltr'>alter</span> <span class='ocrx_word' id='word_1_49' title='bbox 1106 779 1174 832; x_wconf 86' lang='lat' dir='ltr'>ad</span> <span class='ocrx_word' id='word_1_50' title='bbox 1201 779 1455 833; x_wconf 86' lang='lat' dir='ltr'>alterum.</span> <span class='ocrx_word' id='word_1_51' title='bbox 1492 776 1592 831; x_wconf 90' lang='lat' dir='ltr'>Ille</span> <span class='ocrx_word' id='word_1_52' title='bbox 1620 781 1815 830; x_wconf 87' lang='lat' dir='ltr'>autem</span> <span class='ocrx_word' id='word_1_53' title='bbox 1864 775 2011 828; x_wconf 80' lang='lat' dir='ltr'>alter</span> 
     </span>
    </p>
   </div>
   <div class='ocr_carea' id='block_1_8' title="bbox 362 863 2011 940">
    <p class='ocr_par' dir='ltr' id='par_1_8' title="bbox 362 863 2011 940">
     <span class='ocr_line' id='line_1_8' title="bbox 362 863 2011 940; baseline -0.006 -14"><span class='ocrx_word' id='word_1_54' title='bbox 362 887 432 926; x_wconf 90' lang='lat' dir='ltr'>ex</span> <span class='ocrx_word' id='word_1_55' title='bbox 460 872 665 926; x_wconf 89' lang='lat' dir='ltr'>eodem</span> <span class='ocrx_word' id='word_1_56' title='bbox 718 869 998 940; x_wconf 85' lang='lat' dir='ltr'>propheta</span> <span class='ocrx_word' id='word_1_57' title='bbox 1045 867 1210 923; x_wconf 91' lang='lat' dir='ltr'>locus</span> <span class='ocrx_word' id='word_1_58' title='bbox 1242 873 1331 921; x_wconf 88' lang='lat' dir='ltr'>est</span> <span class='ocrx_word' id='word_1_59' title='bbox 1373 866 1463 919; x_wconf 88' lang='lat' dir='ltr'>[sa</span> <span class='ocrx_word' id='word_1_60' title='bbox 1493 880 1628 932; x_wconf 85' lang='lat' dir='ltr'>LVII,</span> <span class='ocrx_word' id='word_1_61' title='bbox 1665 865 1750 917; x_wconf 93' lang='lat'>16.</span> <span class='ocrx_word' id='word_1_62' title='bbox 1786 863 2011 918; x_wconf 87' lang='lat' dir='ltr'>Omnem</span> 
     </span>
    </p>
   </div>
   <div class='ocr_carea' id='block_1_9' title="bbox 360 953 2008 1031">
    <p class='ocr_par' dir='ltr' id='par_1_9' title="bbox 360 953 2008 1031">
     <span class='ocr_line' id='line_1_9' title="bbox 360 953 2008 1031; baseline -0.006 -16"><span class='ocrx_word' id='word_1_63' title='bbox 360 963 582 1031; x_wconf 84' lang='lat' dir='ltr'>ﬂatum,</span> <span class='ocrx_word' id='word_1_64' title='bbox 642 975 758 1013; x_wconf 91' lang='lat' dir='ltr'>non</span> <span class='ocrx_word' id='word_1_65' title='bbox 815 962 1043 1023; x_wconf 81' lang='lat' dir='ltr'>statum,</span> <span class='ocrx_word' id='word_1_66' title='bbox 1102 956 1340 1027; x_wconf 84' lang='lat' dir='ltr'>scripsi,</span> <span class='ocrx_word' id='word_1_67' title='bbox 1380 953 1551 1020; x_wconf 75' lang='grc' dir='ltr'>πνοὴν</span> <span class='ocrx_word' id='word_1_68' title='bbox 1613 955 1822 1006; x_wconf 83' lang='grc' dir='ltr'>πᾶσαν.</span> <span class='ocrx_word' id='word_1_69' title='bbox 1878 955 2008 1006; x_wconf 88' lang='lat' dir='ltr'>Ter-</span> 
     </span>
    </p>
   </div>
   <div class='ocr_carea' id='block_1_10' title="bbox 360 1038 2008 1115">
    <p class='ocr_par' dir='ltr' id='par_1_10' title="bbox 360 1038 2008 1115">
     <span class='ocr_line' id='line_1_10' title="bbox 360 1038 2008 1115; baseline -0.007 -13"><span class='ocrx_word' id='word_1_70' title='bbox 360 1051 480 1102; x_wconf 85' lang='lat' dir='ltr'>tius</span> <span class='ocrx_word' id='word_1_71' title='bbox 512 1052 601 1102; x_wconf 87' lang='lat' dir='ltr'>ost</span> <span class='ocrx_word' id='word_1_72' title='bbox 629 1046 757 1102; x_wconf 89' lang='lat' dir='ltr'>Jobi</span> <span class='ocrx_word' id='word_1_73' title='bbox 788 1063 963 1112; x_wconf 79' lang='lat' dir='ltr'>xxx“,</span> <span class='ocrx_word' id='word_1_74' title='bbox 997 1048 1051 1113; x_wconf 89' lang='lat'>8,</span> <span class='ocrx_word' id='word_1_75' title='bbox 1087 1045 1185 1100; x_wconf 89' lang='lat' dir='ltr'>ubi</span> <span class='ocrx_word' id='word_1_76' title='bbox 1237 1045 1490 1115; x_wconf 83' lang='lat' dir='ltr'>legimus</span> <span class='ocrx_word' id='word_1_77' title='bbox 1538 1040 1753 1111; x_wconf 77' lang='grc' dir='ltr'>πνεῦμά</span> <span class='ocrx_word' id='word_1_78' title='bbox 1783 1038 1922 1093; x_wconf 71' lang='grc' dir='ltr'>εστιν</span> <span class='ocrx_word' id='word_1_79' title='bbox 1957 1038 2008 1092; x_wconf 73' lang='grc' dir='ltr'>ἐν</span> 
     </span>
    </p>
   </div>
   <div class='ocr_carea' id='block_1_11' title="bbox 364 1131 2010 1209">
    <p class='ocr_par' dir='ltr' id='par_1_11' title="bbox 364 1131 2010 1209">
     <span class='ocr_line' id='line_1_11' title="bbox 364 1131 2010 1209; baseline -0.002 -21"><span class='ocrx_word' id='word_1_80' title='bbox 364 1136 605 1209; x_wconf 73' lang='grc' dir='ltr'>βροτοῖς,</span> <span class='ocrx_word' id='word_1_81' title='bbox 639 1152 752 1190; x_wconf 90' lang='lat' dir='ltr'>non</span> <span class='ocrx_word' id='word_1_82' title='bbox 784 1131 838 1187; x_wconf 81' lang='grc' dir='ltr'>ἐν</span> <span class='ocrx_word' id='word_1_83' title='bbox 886 1134 1164 1208; x_wconf 82' lang='grc' dir='ltr'>βρονταῖς,</span> <span class='ocrx_word' id='word_1_84' title='bbox 1198 1135 1256 1188; x_wconf 83' lang='lat' dir='ltr'>in</span> <span class='ocrx_word' id='word_1_85' title='bbox 1308 1133 1642 1197; x_wconf 76' lang='lat' dir='ltr'>hominibus,</span> <span class='ocrx_word' id='word_1_86' title='bbox 1680 1147 1791 1185; x_wconf 89' lang='lat' dir='ltr'>non</span> <span class='ocrx_word' id='word_1_87' title='bbox 1834 1132 1892 1184; x_wconf 76' lang='lat' dir='ltr'>in</span> <span class='ocrx_word' id='word_1_88' title='bbox 1924 1137 2010 1185; x_wconf 79' lang='lat'>(0—</span> 
     </span>
    </p>
   </div>
   <div class='ocr_carea' id='block_1_12' title="bbox 356 1221 2013 1295">
    <p class='ocr_par' dir='ltr' id='par_1_12' title="bbox 356 1221 2013 1295">
     <span class='ocr_line' id='line_1_12' title="bbox 356 1221 2013 1295; baseline -0.004 -16"><span class='ocrx_word' id='word_1_89' title='bbox 356 1227 586 1291; x_wconf 74' lang='lat' dir='ltr'>nitruis,</span> <span class='ocrx_word' id='word_1_90' title='bbox 620 1229 684 1278; x_wconf 91' lang='lat' dir='ltr'>ut</span> <span class='ocrx_word' id='word_1_91' title='bbox 715 1224 1029 1295; x_wconf 84' lang='lat' dir='ltr'>scripserat</span> <span class='ocrx_word' id='word_1_92' title='bbox 1067 1221 1514 1294; x_wconf 86' lang='lat' dir='ltr'>Trapezuntius,</span> <span class='ocrx_word' id='word_1_93' title='bbox 1547 1226 1600 1275; x_wconf 86' lang='lat' dir='ltr'>et</span> <span class='ocrx_word' id='word_1_94' title='bbox 1635 1221 1798 1288; x_wconf 77' lang='lat' dir='ltr'>ﬂatus</span> <span class='ocrx_word' id='word_1_95' title='bbox 1829 1222 2013 1273; x_wconf 86' lang='lat' dir='ltr'>autem</span> 
     </span>
    </p>
   </div>
   <div class='ocr_carea' id='block_1_13' title="bbox 357 1308 2013 1384">
    <p class='ocr_par' dir='ltr' id='par_1_13' title="bbox 357 1308 2013 1384">
     <span class='ocr_line' id='line_1_13' title="bbox 357 1308 2013 1384; baseline -0.005 -14"><span class='ocrx_word' id='word_1_96' title='bbox 357 1315 776 1380; x_wconf 81' lang='lat' dir='ltr'>omnitenentis,</span> <span class='ocrx_word' id='word_1_97' title='bbox 805 1315 902 1384; x_wconf 88' lang='lat' dir='ltr'>qui</span> <span class='ocrx_word' id='word_1_98' title='bbox 917 1330 1004 1368; x_wconf 91' lang='lat' dir='ltr'>me</span> <span class='ocrx_word' id='word_1_99' title='bbox 1025 1312 1194 1368; x_wconf 73' lang='lat' dir='ltr'>docet.</span> <span class='ocrx_word' id='word_1_100' title='bbox 1227 1310 1622 1383; x_wconf 79' lang='lat' dir='ltr'>Symmachus</span> <span class='ocrx_word' id='word_1_101' title='bbox 1645 1308 1820 1363; x_wconf 85' lang='lat' dir='ltr'>etiam</span> <span class='ocrx_word' id='word_1_102' title='bbox 1842 1309 2013 1363; x_wconf 80' lang='lat' dir='ltr'>vertit</span> 
     </span>
    </p>
   </div>
   <div class='ocr_carea' id='block_1_14' title="bbox 360 1395 2011 1471">
    <p class='ocr_par' dir='ltr' id='par_1_14' title="bbox 360 1395 2011 1471">
     <span class='ocr_line' id='line_1_14' title="bbox 360 1395 2011 1471; baseline -0.007 -12"><span class='ocrx_word' id='word_1_103' title='bbox 360 1421 429 1459; x_wconf 86' lang='lat' dir='ltr'>ex</span> <span class='ocrx_word' id='word_1_104' title='bbox 480 1404 755 1458; x_wconf 76' lang='lat' dir='ltr'>Hebraeo:</span> <span class='ocrx_word' id='word_1_105' title='bbox 791 1402 1001 1462; x_wconf 83' lang='grc' dir='ltr'>Ὄντως</span> <span class='ocrx_word' id='word_1_106' title='bbox 1062 1397 1120 1453; x_wconf 73' lang='grc' dir='ltr'>δὲ</span> <span class='ocrx_word' id='word_1_107' title='bbox 1171 1403 1384 1471; x_wconf 78' lang='grc' dir='ltr'>πνεῦμα</span> <span class='ocrx_word' id='word_1_108' title='bbox 1433 1402 1570 1452; x_wconf 76' lang='grc' dir='ltr'>Θεοῦ</span> <span class='ocrx_word' id='word_1_109' title='bbox 1631 1396 1768 1450; x_wconf 82' lang='grc' dir='ltr'><strong>ἐστιν</strong></span> <span class='ocrx_word' id='word_1_110' title='bbox 1823 1395 1872 1449; x_wconf 85' lang='grc' dir='ltr'>ἐν</span> <span class='ocrx_word' id='word_1_111' title='bbox 1922 1395 2011 1448; x_wconf 85' lang='grc' dir='ltr'>ἀν-</span> 
     </span>
    </p>
   </div>
   <div class='ocr_carea' id='block_1_15' title="bbox 363 1487 2010 1563">
    <p class='ocr_par' dir='ltr' id='par_1_15' title="bbox 363 1487 2010 1563">
     <span class='ocr_line' id='line_1_15' title="bbox 363 1487 2010 1563; baseline -0.002 -19"><span class='ocrx_word' id='word_1_112' title='bbox 363 1491 625 1563; x_wconf 77' lang='grc' dir='ltr'>θρώποις.</span> <span class='ocrx_word' id='word_1_113' title='bbox 666 1493 795 1547; x_wconf 82' lang='lat' dir='ltr'>Vere</span> <span class='ocrx_word' id='word_1_114' title='bbox 822 1496 1009 1547; x_wconf 84' lang='lat' dir='ltr'>autem</span> <span class='ocrx_word' id='word_1_115' title='bbox 1047 1493 1274 1560; x_wconf 70' lang='lat' dir='ltr'>spiritus</span> <span class='ocrx_word' id='word_1_116' title='bbox 1308 1491 1408 1544; x_wconf 87' lang='lat' dir='ltr'>Dei</span> <span class='ocrx_word' id='word_1_117' title='bbox 1443 1493 1522 1544; x_wconf 79' lang='lat' dir='ltr'>est</span> <span class='ocrx_word' id='word_1_118' title='bbox 1551 1490 1613 1543; x_wconf 84' lang='lat' dir='ltr'>in</span> <span class='ocrx_word' id='word_1_119' title='bbox 1643 1487 1963 1542; x_wconf 74' lang='lat' dir='ltr'>hominibus</span> <span class='ocrx_word' id='word_1_120' title='bbox 1998 1503 2010 1541; x_wconf 94' lang='lat'>:</span> 
     </span>
    </p>
   </div>
   <div class='ocr_carea' id='block_1_16' title="bbox 362 1579 2014 1652">
    <p class='ocr_par' dir='ltr' id='par_1_16' title="bbox 362 1579 2014 1652">
     <span class='ocr_line' id='line_1_16' title="bbox 362 1579 2014 1652; baseline -0.004 -16"><span class='ocrx_word' id='word_1_121' title='bbox 362 1598 468 1637; x_wconf 90' lang='lat' dir='ltr'>nec</span> <span class='ocrx_word' id='word_1_122' title='bbox 500 1581 668 1636; x_wconf 79' lang='lat' dir='ltr'>aliter</span> <span class='ocrx_word' id='word_1_123' title='bbox 697 1581 942 1652; x_wconf 84' lang='lat' dir='ltr'>Vulgata</span> <span class='ocrx_word' id='word_1_124' title='bbox 974 1597 1040 1634; x_wconf 87' lang='lat' dir='ltr'>ex</span> <span class='ocrx_word' id='word_1_125' title='bbox 1065 1580 1321 1649; x_wconf 75' lang='lat' dir='ltr'>Hebraeo,</span> <span class='ocrx_word' id='word_1_126' title='bbox 1357 1579 1415 1632; x_wconf 89' lang='lat' dir='ltr'>in</span> <span class='ocrx_word' id='word_1_127' title='bbox 1449 1594 1564 1648; x_wconf 92' lang='lat' dir='ltr'>quo</span> <span class='ocrx_word' id='word_1_128' title='bbox 1612 1593 1719 1632; x_wconf 85' lang='lat' dir='ltr'>vox</span> <span class='ocrx_word' id='word_1_129' title='bbox 1747 1585 1897 1636; x_wconf 63' lang='lat' dir='ltr'>uiua</span> <span class='ocrx_word' id='word_1_130' title='bbox 1925 1591 2014 1630; x_wconf 82' lang='lat' dir='ltr'>ac-</span> 
     </span>
    </p>
   </div>
   <div class='ocr_carea' id='block_1_17' title="bbox 364 1663 2011 1742">
    <p class='ocr_par' dir='ltr' id='par_1_17' title="bbox 364 1663 2011 1742">
     <span class='ocr_line' id='line_1_17' title="bbox 364 1663 2011 1742; baseline -0.005 -17"><span class='ocrx_word' id='word_1_131' title='bbox 364 1671 479 1742; x_wconf 90' lang='lat' dir='ltr'>cipi</span> <span class='ocrx_word' id='word_1_132' title='bbox 513 1687 624 1725; x_wconf 90' lang='lat' dir='ltr'>non</span> <span class='ocrx_word' id='word_1_133' title='bbox 661 1675 852 1741; x_wconf 85' lang='lat' dir='ltr'>potest</span> <span class='ocrx_word' id='word_1_134' title='bbox 885 1686 987 1741; x_wconf 90' lang='lat' dir='ltr'>pro</span> <span class='ocrx_word' id='word_1_135' title='bbox 1015 1668 1270 1723; x_wconf 88' lang='lat' dir='ltr'>tonitruo</span> <span class='ocrx_word' id='word_1_136' title='bbox 1299 1687 1312 1735; x_wconf 94' lang='lat'><strong>;</strong></span> <span class='ocrx_word' id='word_1_137' title='bbox 1346 1671 1430 1722; x_wconf 85' lang='lat' dir='ltr'>est</span> <span class='ocrx_word' id='word_1_138' title='bbox 1460 1683 1597 1736; x_wconf 81' lang='lat' dir='ltr'>ergo</span> <span class='ocrx_word' id='word_1_139' title='bbox 1629 1665 1908 1720; x_wconf 89' lang='lat' dir='ltr'>mendum</span> <span class='ocrx_word' id='word_1_140' title='bbox 1940 1663 2011 1718; x_wconf 86' lang='lat' dir='ltr'>li-</span> 
     </span>
    </p>
   </div>
   <div class='ocr_carea' id='block_1_18' title="bbox 365 1754 1655 1831">
    <p class='ocr_par' dir='ltr' id='par_1_18' title="bbox 365 1754 1655 1831">
     <span class='ocr_line' id='line_1_18' title="bbox 365 1754 1655 1831; baseline -0.004 -18"><span class='ocrx_word' id='word_1_141' title='bbox 365 1759 568 1825; x_wconf 77' lang='lat' dir='ltr'>brarii,</span> <span class='ocrx_word' id='word_1_142' title='bbox 593 1760 692 1828; x_wconf 90' lang='lat' dir='ltr'>qui</span> <span class='ocrx_word' id='word_1_143' title='bbox 724 1775 827 1830; x_wconf 90' lang='lat' dir='ltr'>pro</span> <span class='ocrx_word' id='word_1_144' title='bbox 864 1757 1080 1831; x_wconf 79' lang='grc' dir='ltr'>βροτοῖς</span> <span class='ocrx_word' id='word_1_145' title='bbox 1115 1757 1349 1827; x_wconf 81' lang='lat' dir='ltr'>scripsit</span> <span class='ocrx_word' id='word_1_146' title='bbox 1382 1754 1655 1828; x_wconf 80' lang='grc' dir='ltr'>βρονταῖς.</span> 
     </span>
    </p>
   </div>
   <div class='ocr_carea' id='block_1_19' title="bbox 2119 592 3786 670">
    <p class='ocr_par' dir='ltr' id='par_1_19' title="bbox 2119 592 3786 670">
     <span class='ocr_line' id='line_1_19' title="bbox 2119 592 3786 670; baseline -0.004 -21"><span class='ocrx_word' id='word_1_147' title='bbox 2119 593 2278 670; x_wconf 65' lang='grc' dir='ltr'>νέφος</span> <span class='ocrx_word' id='word_1_148' title='bbox 2306 595 2628 666; x_wconf 83' lang='lat' dir='ltr'>legebatur,</span> <span class='ocrx_word' id='word_1_149' title='bbox 2665 595 2862 650; x_wconf 88' lang='lat' dir='ltr'>minus</span> <span class='ocrx_word' id='word_1_150' title='bbox 2893 598 3068 649; x_wconf 89' lang='lat' dir='ltr'>recte:</span> <span class='ocrx_word' id='word_1_151' title='bbox 3089 594 3192 647; x_wconf 89' lang='lat' dir='ltr'>sed</span> <span class='ocrx_word' id='word_1_152' title='bbox 3227 597 3284 647; x_wconf 88' lang='lat' dir='ltr'>et</span> <span class='ocrx_word' id='word_1_153' title='bbox 3315 592 3606 661; x_wconf 84' lang='lat' dir='ltr'>interpres</span> <span class='ocrx_word' id='word_1_154' title='bbox 3632 605 3786 660; x_wconf 90' lang='lat' dir='ltr'>pau-</span> 
     </span>
    </p>
   </div>
   <div class='ocr_carea' id='block_1_20' title="bbox 2119 677 3786 740">
    <p class='ocr_par' dir='ltr' id='par_1_20' title="bbox 2119 677 3786 740">
     <span class='ocr_line' id='line_1_20' title="bbox 2119 677 3786 740; baseline -0.004 -1"><span class='ocrx_word' id='word_1_155' title='bbox 2119 684 2174 739; x_wconf 94' lang='lat' dir='ltr'>lo</span> <span class='ocrx_word' id='word_1_156' title='bbox 2207 684 2516 740; x_wconf 86' lang='lat' dir='ltr'>obscurius</span> <span class='ocrx_word' id='word_1_157' title='bbox 2549 684 2810 738; x_wconf 83' lang='lat' dir='ltr'>dixerat:</span> <span class='ocrx_word' id='word_1_158' title='bbox 2851 705 2877 733; x_wconf 84' lang='grc'><em>‹‹</em></span> <span class='ocrx_word' id='word_1_159' title='bbox 2903 683 3069 738; x_wconf 91' lang='lat' dir='ltr'>Sicut</span> <span class='ocrx_word' id='word_1_160' title='bbox 3100 682 3240 738; x_wconf 88' lang='lat' dir='ltr'>solis</span> <span class='ocrx_word' id='word_1_161' title='bbox 3275 679 3422 735; x_wconf 89' lang='lat' dir='ltr'>radii</span> <span class='ocrx_word' id='word_1_162' title='bbox 3455 679 3673 734; x_wconf 89' lang='lat' dir='ltr'>nubem</span> <span class='ocrx_word' id='word_1_163' title='bbox 3707 677 3786 732; x_wconf 88' lang='lat' dir='ltr'>il-</span> 
     </span>
    </p>
   </div>
   <div class='ocr_carea' id='block_1_21' title="bbox 2117 768 3786 844">
    <p class='ocr_par' dir='ltr' id='par_1_21' title="bbox 2117 768 3786 844">
     <span class='ocr_line' id='line_1_21' title="bbox 2117 768 3786 844; baseline -0.003 -16"><span class='ocrx_word' id='word_1_164' title='bbox 2117 774 2504 835; x_wconf 82' lang='lat' dir='ltr'>luminantes.</span> <span class='ocrx_word' id='word_1_165' title='bbox 2537 779 2594 827; x_wconf 89' lang='lat' dir='ltr'>et</span> <span class='ocrx_word' id='word_1_166' title='bbox 2624 775 2813 843; x_wconf 88' lang='lat' dir='ltr'>ipsam</span> <span class='ocrx_word' id='word_1_167' title='bbox 2847 773 3155 844; x_wconf 88' lang='lat' dir='ltr'>splendere</span> <span class='ocrx_word' id='word_1_168' title='bbox 3196 771 3496 839; x_wconf 83' lang='lat' dir='ltr'>facientes,</span> <span class='ocrx_word' id='word_1_169' title='bbox 3529 768 3786 824; x_wconf 83' lang='lat' dir='ltr'>aurifor-</span> 
     </span>
    </p>
   </div>
   <div class='ocr_carea' id='block_1_22' title="bbox 2123 861 3106 932">
    <p class='ocr_par' dir='ltr' id='par_1_22' title="bbox 2123 861 3106 932">
     <span class='ocr_line' id='line_1_22' title="bbox 2123 861 3106 932; baseline -0.006 -16"><span class='ocrx_word' id='word_1_170' title='bbox 2123 879 2272 916; x_wconf 91' lang='lat' dir='ltr'>mem</span> <span class='ocrx_word' id='word_1_171' title='bbox 2306 861 2417 932; x_wconf 88' lang='lat' dir='ltr'>ipsi</span> <span class='ocrx_word' id='word_1_172' title='bbox 2451 863 2659 916; x_wconf 82' lang='lat' dir='ltr'>faciem</span> <span class='ocrx_word' id='word_1_173' title='bbox 2695 862 3042 932; x_wconf 68' lang='lat' dir='ltr'>praebentes.</span> <span class='ocrx_word' id='word_1_174' title='bbox 3077 882 3106 910; x_wconf 84' lang='lat'><strong>»</strong></span> 
     </span>
    </p>
   </div>
   <div class='ocr_carea' id='block_1_23' title="bbox 2192 946 3779 1022">
    <p class='ocr_par' dir='ltr' id='par_1_23' title="bbox 2192 946 3779 1022">
     <span class='ocr_line' id='line_1_23' title="bbox 2192 946 3779 1022; baseline -0.002 -17"><span class='ocrx_word' id='word_1_175' title='bbox 2192 953 2444 1006; x_wconf 68' lang='lat'>(301.772</span> <span class='ocrx_word' id='word_1_176' title='bbox 2492 956 2528 1002; x_wconf 81' lang='grc' dir='ltr'><strong>Β</strong></span> <span class='ocrx_word' id='word_1_177' title='bbox 2575 951 2660 1004; x_wconf 89' lang='grc'>10.</span> <span class='ocrx_word' id='word_1_178' title='bbox 2716 947 2794 1004; x_wconf 83' lang='grc' dir='ltr'>Οὐ</span> <span class='ocrx_word' id='word_1_179' title='bbox 2840 948 3156 1022; x_wconf 80' lang='grc' dir='ltr'>χωρίζεται.</span> <span class='ocrx_word' id='word_1_180' title='bbox 3209 946 3665 1003; x_wconf 86' lang='lat' dir='ltr'>Emendavimus</span> <span class='ocrx_word' id='word_1_181' title='bbox 3716 965 3779 1002; x_wconf 76' lang='lat' dir='ltr'>in</span> 
     </span>
    </p>
   </div>
   <div class='ocr_carea' id='block_1_24' title="bbox 2123 1035 3784 1112">
    <p class='ocr_par' dir='ltr' id='par_1_24' title="bbox 2123 1035 3784 1112">
     <span class='ocr_line' id='line_1_24' title="bbox 2123 1035 3784 1112; baseline -0.001 -18"><span class='ocrx_word' id='word_1_182' title='bbox 2123 1039 2429 1094; x_wconf 89' lang='lat' dir='ltr'>Basiliens.</span> <span class='ocrx_word' id='word_1_183' title='bbox 2477 1038 2587 1112; x_wconf 85' lang='grc' dir='ltr'>οὐχ</span> <span class='ocrx_word' id='word_1_184' title='bbox 2633 1037 2868 1110; x_wconf 82' lang='grc' dir='ltr'>ὁρίζεται</span> <span class='ocrx_word' id='word_1_185' title='bbox 2917 1053 3223 1109; x_wconf 86' lang='lat' dir='ltr'>perperam</span> <span class='ocrx_word' id='word_1_186' title='bbox 3275 1040 3446 1091; x_wconf 86' lang='lat' dir='ltr'>antea</span> <span class='ocrx_word' id='word_1_187' title='bbox 3488 1035 3784 1106; x_wconf 87' lang='lat' dir='ltr'>scriptum</span> 
     </span>
    </p>
   </div>
   <div class='ocr_carea' id='block_1_25' title="bbox 2123 1125 3790 1201">
    <p class='ocr_par' dir='ltr' id='par_1_25' title="bbox 2123 1125 3790 1201">
     <span class='ocr_line' id='line_1_25' title="bbox 2123 1125 3790 1201; baseline -0.001 -18"><span class='ocrx_word' id='word_1_188' title='bbox 2123 1145 2225 1199; x_wconf 91' lang='lat' dir='ltr'>pro</span> <span class='ocrx_word' id='word_1_189' title='bbox 2257 1125 2317 1180; x_wconf 86' lang='grc' dir='ltr'>οὐ</span> <span class='ocrx_word' id='word_1_190' title='bbox 2350 1125 2665 1201; x_wconf 76' lang='grc' dir='ltr'>χωρίζεται,</span> <span class='ocrx_word' id='word_1_191' title='bbox 2701 1151 2729 1178; x_wconf 92' lang='grc'>‹‹</span> <span class='ocrx_word' id='word_1_192' title='bbox 2763 1127 2882 1181; x_wconf 63' lang='lat' dir='ltr'>hac</span> <span class='ocrx_word' id='word_1_193' title='bbox 2913 1126 2984 1181; x_wconf 87' lang='lat' dir='ltr'>ab</span> <span class='ocrx_word' id='word_1_194' title='bbox 3015 1125 3116 1180; x_wconf 89' lang='lat' dir='ltr'>illo</span> <span class='ocrx_word' id='word_1_195' title='bbox 3149 1141 3263 1180; x_wconf 90' lang='lat' dir='ltr'>non</span> <span class='ocrx_word' id='word_1_196' title='bbox 3296 1129 3626 1196; x_wconf 88' lang='lat' dir='ltr'>separatur,</span> <span class='ocrx_word' id='word_1_197' title='bbox 3661 1146 3692 1174; x_wconf 89' lang='lat'>»</span> <span class='ocrx_word' id='word_1_198' title='bbox 3717 1130 3790 1181; x_wconf 84' lang='lat' dir='ltr'>ut</span> 
     </span>
    </p>
   </div>
   <div class='ocr_carea' id='block_1_26' title="bbox 2123 1211 3786 1287">
    <p class='ocr_par' dir='ltr' id='par_1_26' title="bbox 2123 1211 3786 1287">
     <span class='ocr_line' id='line_1_26' title="bbox 2123 1211 3786 1287; baseline -0.002 -15"><span class='ocrx_word' id='word_1_199' title='bbox 2123 1221 2277 1272; x_wconf 89' lang='lat' dir='ltr'>recte</span> <span class='ocrx_word' id='word_1_200' title='bbox 2307 1217 2734 1287; x_wconf 88' lang='lat' dir='ltr'>Trapezuntius</span> <span class='ocrx_word' id='word_1_201' title='bbox 2768 1235 2784 1269; x_wconf 89' lang='lat'>:</span> <span class='ocrx_word' id='word_1_202' title='bbox 2819 1215 2966 1270; x_wconf 81' lang='lat' dir='ltr'>alter</span> <span class='ocrx_word' id='word_1_203' title='bbox 2996 1214 3288 1284; x_wconf 88' lang='lat' dir='ltr'>interpres</span> <span class='ocrx_word' id='word_1_204' title='bbox 3321 1211 3577 1268; x_wconf 74' lang='lat' dir='ltr'>homilia:</span> <span class='ocrx_word' id='word_1_205' title='bbox 3610 1230 3786 1283; x_wconf 82' lang='lat' dir='ltr'>sepa-</span> 
     </span>
    </p>
   </div>
   <div class='ocr_carea' id='block_1_27' title="bbox 2123 1301 3790 1361">
    <p class='ocr_par' dir='ltr' id='par_1_27' title="bbox 2123 1301 3790 1361">
     <span class='ocr_line' id='line_1_27' title="bbox 2123 1301 3790 1361; baseline -0.002 -2"><span class='ocrx_word' id='word_1_206' title='bbox 2123 1311 2262 1360; x_wconf 62' lang='lat' dir='ltr'>rata}</span> <span class='ocrx_word' id='word_1_207' title='bbox 2298 1307 2642 1360; x_wconf 88' lang='lat' dir='ltr'>mendosam</span> <span class='ocrx_word' id='word_1_208' title='bbox 2692 1304 3003 1361; x_wconf 83' lang='lat' dir='ltr'>lectionem</span> <span class='ocrx_word' id='word_1_209' title='bbox 3034 1309 3273 1358; x_wconf 85' lang='lat' dir='ltr'>secutus</span> <span class='ocrx_word' id='word_1_210' title='bbox 3309 1325 3335 1353; x_wconf 78' lang='grc' dir='ltr'><strong><em>υ</em></strong></span> <span class='ocrx_word' id='word_1_211' title='bbox 3383 1301 3538 1357; x_wconf 89' lang='lat' dir='ltr'>hanc</span> <span class='ocrx_word' id='word_1_212' title='bbox 3588 1303 3646 1357; x_wconf 89' lang='lat' dir='ltr'>in</span> <span class='ocrx_word' id='word_1_213' title='bbox 3681 1302 3790 1357; x_wconf 89' lang='lat' dir='ltr'>illo</span> 
     </span>
    </p>
   </div>
   <div class='ocr_carea' id='block_1_28' title="bbox 2125 1391 3788 1449">
    <p class='ocr_par' dir='ltr' id='par_1_28' title="bbox 2125 1391 3788 1449">
     <span class='ocr_line' id='line_1_28' title="bbox 2125 1391 3788 1449; baseline -0.001 -2"><span class='ocrx_word' id='word_1_214' title='bbox 2125 1410 2239 1448; x_wconf 90' lang='lat' dir='ltr'>non</span> <span class='ocrx_word' id='word_1_215' title='bbox 2261 1393 2749 1449; x_wconf 56' lang='lat' dir='ltr'>circumscribit»:</span> <span class='ocrx_word' id='word_1_216' title='bbox 2778 1397 2837 1448; x_wconf 88' lang='lat' dir='ltr'>at</span> <span class='ocrx_word' id='word_1_217' title='bbox 2858 1392 3174 1448; x_wconf 89' lang='lat' dir='ltr'>Cornarius</span> <span class='ocrx_word' id='word_1_218' title='bbox 3204 1391 3481 1446; x_wconf 87' lang='lat' dir='ltr'>mendum</span> <span class='ocrx_word' id='word_1_219' title='bbox 3510 1391 3788 1446; x_wconf 87' lang='lat' dir='ltr'>animad—</span> 
     </span>
    </p>
   </div>
   <div class='ocr_carea' id='block_1_29' title="bbox 2121 1481 3536 1554">
    <p class='ocr_par' dir='ltr' id='par_1_29' title="bbox 2121 1481 3536 1554">
     <span class='ocr_line' id='line_1_29' title="bbox 2121 1481 3536 1554; baseline -0.004 -17"><span class='ocrx_word' id='word_1_220' title='bbox 2121 1484 2318 1549; x_wconf 86' lang='lat' dir='ltr'>vertit,</span> <span class='ocrx_word' id='word_1_221' title='bbox 2354 1489 2412 1538; x_wconf 91' lang='lat' dir='ltr'>et</span> <span class='ocrx_word' id='word_1_222' title='bbox 2441 1483 2604 1548; x_wconf 85' lang='lat' dir='ltr'>dixit,</span> <span class='ocrx_word' id='word_1_223' title='bbox 2641 1507 2668 1534; x_wconf 89' lang='grc'>‹‹</span> <span class='ocrx_word' id='word_1_224' title='bbox 2701 1501 2816 1538; x_wconf 87' lang='lat' dir='ltr'>non</span> <span class='ocrx_word' id='word_1_225' title='bbox 2846 1487 3190 1554; x_wconf 88' lang='lat' dir='ltr'>segregatur</span> <span class='ocrx_word' id='word_1_226' title='bbox 3218 1482 3291 1536; x_wconf 91' lang='lat' dir='ltr'>ab</span> <span class='ocrx_word' id='word_1_227' title='bbox 3323 1481 3470 1551; x_wconf 90' lang='lat' dir='ltr'>ipso.</span> <span class='ocrx_word' id='word_1_228' title='bbox 3507 1502 3536 1531; x_wconf 82' lang='lat'><strong>»</strong></span> 
     </span>
    </p>
   </div>
   <div class='ocr_carea' id='block_1_30' title="bbox 2196 1567 3789 1637">
    <p class='ocr_par' dir='ltr' id='par_1_30' title="bbox 2196 1567 3789 1637">
     <span class='ocr_line' id='line_1_30' title="bbox 2196 1567 3789 1637; baseline 0 -11"><span class='ocrx_word' id='word_1_229' title='bbox 2196 1572 2341 1628; x_wconf 90' lang='lat' dir='ltr'>Ibid.</span> <span class='ocrx_word' id='word_1_230' title='bbox 2364 1575 2403 1627; x_wconf 90' lang='lat' dir='ltr'>C</span> <span class='ocrx_word' id='word_1_231' title='bbox 2435 1573 2519 1626; x_wconf 83' lang='grc'>14.</span> <span class='ocrx_word' id='word_1_232' title='bbox 2544 1574 2697 1628; x_wconf 85' lang='lat' dir='ltr'>Nihil</span> <span class='ocrx_word' id='word_1_233' title='bbox 2729 1574 2787 1627; x_wconf 89' lang='lat' dir='ltr'>in</span> <span class='ocrx_word' id='word_1_234' title='bbox 2815 1588 2892 1637; x_wconf 76' lang='lat' dir='ltr'>se,</span> <span class='ocrx_word' id='word_1_235' title='bbox 2923 1571 3149 1626; x_wconf 84' lang='lat' dir='ltr'>Citatur</span> <span class='ocrx_word' id='word_1_236' title='bbox 3181 1570 3274 1624; x_wconf 92' lang='lat' dir='ltr'>hic</span> <span class='ocrx_word' id='word_1_237' title='bbox 3307 1567 3474 1624; x_wconf 91' lang='lat' dir='ltr'>locus</span> <span class='ocrx_word' id='word_1_238' title='bbox 3513 1586 3547 1624; x_wconf 84' lang='lat' dir='ltr'>a</span> <span class='ocrx_word' id='word_1_239' title='bbox 3577 1574 3789 1626; x_wconf 83' lang='lat' dir='ltr'>Bessa-</span> 
     </span>
    </p>
   </div>
   <div class='ocr_carea' id='block_1_31' title="bbox 2123 1658 3785 1733">
    <p class='ocr_par' dir='ltr' id='par_1_31' title="bbox 2123 1658 3785 1733">
     <span class='ocr_line' id='line_1_31' title="bbox 2123 1658 3785 1733; baseline -0.002 -16"><span class='ocrx_word' id='word_1_240' title='bbox 2123 1663 2288 1718; x_wconf 89' lang='lat' dir='ltr'>rione</span> <span class='ocrx_word' id='word_1_241' title='bbox 2317 1665 2548 1718; x_wconf 68' lang='lat' dir='ltr'>Nicaano</span> <span class='ocrx_word' id='word_1_242' title='bbox 2579 1665 2637 1717; x_wconf 89' lang='lat' dir='ltr'>in</span> <span class='ocrx_word' id='word_1_243' title='bbox 2670 1663 2933 1718; x_wconf 87' lang='lat' dir='ltr'>oratione</span> <span class='ocrx_word' id='word_1_244' title='bbox 2959 1660 3473 1733; x_wconf 86' lang='lat' dir='ltr'>dogmatica,edita</span> <span class='ocrx_word' id='word_1_245' title='bbox 3493 1658 3552 1714; x_wconf 89' lang='lat' dir='ltr'>in</span> <span class='ocrx_word' id='word_1_246' title='bbox 3587 1661 3785 1717; x_wconf 90' lang='lat' dir='ltr'>conci-</span> 
     </span>
    </p>
   </div>
   <div class='ocr_carea' id='block_1_32' title="bbox 2125 1747 3793 1825">
    <p class='ocr_par' dir='ltr' id='par_1_32' title="bbox 2125 1747 3793 1825">
     <span class='ocr_line' id='line_1_32' title="bbox 2125 1747 3793 1825; baseline -0.001 -18"><span class='ocrx_word' id='word_1_247' title='bbox 2125 1753 2202 1808; x_wconf 91' lang='lat' dir='ltr'>lio</span> <span class='ocrx_word' id='word_1_248' title='bbox 2233 1752 2855 1819; x_wconf 82' lang='lat' dir='ltr'>Florentino,sessione</span> <span class='ocrx_word' id='word_1_249' title='bbox 2884 1753 2974 1819; x_wconf 75' lang='lat'>20,</span> <span class='ocrx_word' id='word_1_250' title='bbox 3003 1770 3055 1815; x_wconf 88' lang='lat' dir='ltr'>p.</span> <span class='ocrx_word' id='word_1_251' title='bbox 3079 1751 3207 1816; x_wconf 84' lang='lat'>532,</span> <span class='ocrx_word' id='word_1_252' title='bbox 3230 1747 3524 1825; x_wconf 71' lang='grc' dir='ltr'>πεφηνέναι</span> <span class='ocrx_word' id='word_1_253' title='bbox 3557 1754 3623 1804; x_wconf 89' lang='lat' dir='ltr'>ut</span> <span class='ocrx_word' id='word_1_254' title='bbox 3655 1767 3793 1822; x_wconf 91' lang='lat' dir='ltr'>pro-</span> 
     </span>
    </p>
   </div>
   <div class='ocr_carea' id='block_1_33' title="bbox 437 1835 2016 1940">
    <p class='ocr_par' dir='ltr' id='par_1_33' title="bbox 437 1839 2013 1916">
     <span class='ocr_line' id='line_1_33' title="bbox 437 1839 2013 1916; baseline -0.004 -16"><span class='ocrx_word' id='word_1_255' title='bbox 437 1847 553 1903; x_wconf 91' lang='lat' dir='ltr'>Col.</span> <span class='ocrx_word' id='word_1_256' title='bbox 586 1848 694 1901; x_wconf 89' lang='lat'>766</span> <span class='ocrx_word' id='word_1_257' title='bbox 741 1853 778 1899; x_wconf 89' lang='grc' dir='ltr'><strong>Β</strong></span> <span class='ocrx_word' id='word_1_258' title='bbox 830 1848 915 1901; x_wconf 87' lang='grc'>13.</span> <span class='ocrx_word' id='word_1_259' title='bbox 950 1850 1076 1902; x_wconf 80' lang='lat' dir='ltr'>Non</span> <span class='ocrx_word' id='word_1_260' title='bbox 1133 1845 1275 1916; x_wconf 85' lang='lat' dir='ltr'>quod</span> <span class='ocrx_word' id='word_1_261' title='bbox 1330 1845 1581 1899; x_wconf 82' lang='lat' dir='ltr'>disceret.</span> <span class='ocrx_word' id='word_1_262' title='bbox 1641 1842 1795 1896; x_wconf 89' lang='lat' dir='ltr'>Vitio</span> <span class='ocrx_word' id='word_1_263' title='bbox 1856 1839 2013 1912; x_wconf 66' lang='lat' dir='ltr'>prazli</span> 
     </span>
    </p>
   </div>
   <div class='ocr_carea' id='block_1_34' title="bbox 2131 1835 3791 1940">
    <p class='ocr_par' dir='ltr' id='par_1_34' title="bbox 2131 1835 3791 1912">
     <span class='ocr_line' id='line_1_34' title="bbox 2131 1835 3791 1912; baseline -0.002 -16"><span class='ocrx_word' id='word_1_264' title='bbox 2131 1842 2295 1896; x_wconf 87' lang='lat' dir='ltr'>betur</span> <span class='ocrx_word' id='word_1_265' title='bbox 2325 1864 2348 1891; x_wconf 79' lang='grc' dir='ltr'>‹σ</span> <span class='ocrx_word' id='word_1_266' title='bbox 2400 1841 2764 1896; x_wconf 81' lang='lat' dir='ltr'>manil‘estari</span> <span class='ocrx_word' id='word_1_267' title='bbox 2799 1862 2826 1890; x_wconf 84' lang='lat'>»</span> <span class='ocrx_word' id='word_1_268' title='bbox 2857 1839 2920 1894; x_wconf 86' lang='grc' dir='ltr'>τὸ</span> <span class='ocrx_word' id='word_1_269' title='bbox 2967 1838 3099 1892; x_wconf 75' lang='grc' dir='ltr'>εἶναι</span> <span class='ocrx_word' id='word_1_270' title='bbox 3143 1838 3235 1892; x_wconf 87' lang='grc' dir='ltr'>καὶ</span> <span class='ocrx_word' id='word_1_271' title='bbox 3285 1837 3348 1891; x_wconf 85' lang='grc' dir='ltr'>τὸ</span> <span class='ocrx_word' id='word_1_272' title='bbox 3392 1836 3655 1912; x_wconf 82' lang='grc' dir='ltr'>ὑπάρχειν</span> <span class='ocrx_word' id='word_1_273' title='bbox 3686 1835 3791 1906; x_wconf 80' lang='grc' dir='ltr'>δη-</span> 
     </span>
    </p>
   </div>
   <div class='ocr_carea' id='block_1_35' title="bbox 365 1931 2014 2007">
    <p class='ocr_par' dir='ltr' id='par_1_35' title="bbox 365 1931 2014 2007">
     <span class='ocr_line' id='line_1_35' title="bbox 365 1931 2014 2007; baseline -0.004 -16"><span class='ocrx_word' id='word_1_274' title='bbox 365 1943 538 1991; x_wconf 89' lang='lat' dir='ltr'>antea</span> <span class='ocrx_word' id='word_1_275' title='bbox 567 1934 890 2007; x_wconf 84' lang='lat' dir='ltr'>legebatur,</span> <span class='ocrx_word' id='word_1_276' title='bbox 917 1957 944 1985; x_wconf 90' lang='grc'>‹‹</span> <span class='ocrx_word' id='word_1_277' title='bbox 979 1941 1035 1990; x_wconf 90' lang='lat' dir='ltr'>et</span> <span class='ocrx_word' id='word_1_278' title='bbox 1068 1935 1207 2005; x_wconf 90' lang='lat' dir='ltr'>quid</span> <span class='ocrx_word' id='word_1_279' title='bbox 1240 1933 1446 2003; x_wconf 90' lang='lat' dir='ltr'>loquar</span> <span class='ocrx_word' id='word_1_280' title='bbox 1469 1949 1581 1988; x_wconf 91' lang='lat' dir='ltr'>non</span> <span class='ocrx_word' id='word_1_281' title='bbox 1614 1931 1792 1987; x_wconf 88' lang='lat' dir='ltr'>dices:</span> <span class='ocrx_word' id='word_1_282' title='bbox 1828 1951 1857 1980; x_wconf 83' lang='lat'><strong>»</strong></span> <span class='ocrx_word' id='word_1_283' title='bbox 1880 1947 2014 1985; x_wconf 89' lang='lat' dir='ltr'>cum</span> 
     </span>
    </p>
   </div>
   <div class='ocr_carea' id='block_1_36' title="bbox 365 2015 2014 2095">
    <p class='ocr_par' dir='ltr' id='par_1_36' title="bbox 365 2015 2014 2095">
     <span class='ocr_line' id='line_1_36' title="bbox 365 2015 2014 2095; baseline -0.004 -16"><span class='ocrx_word' id='word_1_284' title='bbox 365 2024 705 2095; x_wconf 86' lang='lat' dir='ltr'>scripsisset</span> <span class='ocrx_word' id='word_1_285' title='bbox 762 2025 1032 2079; x_wconf 83' lang='lat' dir='ltr'>fortassis</span> <span class='ocrx_word' id='word_1_286' title='bbox 1081 2024 1396 2094; x_wconf 85' lang='lat' dir='ltr'>interpres,</span> <span class='ocrx_word' id='word_1_287' title='bbox 1446 2045 1466 2070; x_wconf 77' lang='grc' dir='ltr'>ι</span> <span class='ocrx_word' id='word_1_288' title='bbox 1503 2038 1618 2077; x_wconf 90' lang='lat' dir='ltr'>non</span> <span class='ocrx_word' id='word_1_289' title='bbox 1664 2019 1918 2084; x_wconf 81' lang='lat' dir='ltr'>discens,</span> <span class='ocrx_word' id='word_1_290' title='bbox 1954 2015 2014 2070; x_wconf 83' lang='grc' dir='ltr'>οὐ</span> 
     </span>
    </p>
   </div>
   <div class='ocr_carea' id='block_1_37' title="bbox 368 2108 2013 2185">
    <p class='ocr_par' dir='ltr' id='par_1_37' title="bbox 368 2108 2013 2185">
     <span class='ocr_line' id='line_1_37' title="bbox 368 2108 2013 2185; baseline -0.002 -20"><span class='ocrx_word' id='word_1_291' title='bbox 368 2111 667 2184; x_wconf 78' lang='grc' dir='ltr'>μανθάνων·</span> <span class='ocrx_word' id='word_1_292' title='bbox 703 2118 762 2168; x_wconf 86' lang='lat' dir='ltr'>at</span> <span class='ocrx_word' id='word_1_293' title='bbox 791 2113 851 2167; x_wconf 91' lang='lat' dir='ltr'>in</span> <span class='ocrx_word' id='word_1_294' title='bbox 889 2113 1070 2185; x_wconf 84' lang='lat' dir='ltr'>Regio</span> <span class='ocrx_word' id='word_1_295' title='bbox 1102 2112 1147 2167; x_wconf 89' lang='lat' dir='ltr'>H</span> <span class='ocrx_word' id='word_1_296' title='bbox 1181 2129 1308 2183; x_wconf 74' lang='lat' dir='ltr'>qua:</span> <span class='ocrx_word' id='word_1_297' title='bbox 1344 2115 1676 2182; x_wconf 87' lang='lat' dir='ltr'>sequuntur</span> <span class='ocrx_word' id='word_1_298' title='bbox 1703 2109 1786 2164; x_wconf 90' lang='lat' dir='ltr'>ita</span> <span class='ocrx_word' id='word_1_299' title='bbox 1815 2108 2013 2164; x_wconf 73' lang='lat' dir='ltr'>effere-</span> 
     </span>
    </p>
   </div>
   <div class='ocr_carea' id='block_1_38' title="bbox 363 2196 2014 2274">
    <p class='ocr_par' dir='ltr' id='par_1_38' title="bbox 363 2196 2014 2274">
     <span class='ocr_line' id='line_1_38' title="bbox 363 2196 2014 2274; baseline -0.004 -17"><span class='ocrx_word' id='word_1_300' title='bbox 363 2204 580 2257; x_wconf 81' lang='lat' dir='ltr'>bantur</span> <span class='ocrx_word' id='word_1_301' title='bbox 612 2219 624 2256; x_wconf 92' lang='lat'>:</span> <span class='ocrx_word' id='word_1_302' title='bbox 660 2203 837 2257; x_wconf 78' lang='grc' dir='ltr'>Τοῦτο</span> <span class='ocrx_word' id='word_1_303' title='bbox 870 2199 973 2274; x_wconf 82' lang='grc' dir='ltr'>γὰρ</span> <span class='ocrx_word' id='word_1_304' title='bbox 1023 2201 1086 2270; x_wconf 73' lang='grc' dir='ltr'>ἦν</span> <span class='ocrx_word' id='word_1_305' title='bbox 1134 2197 1373 2272; x_wconf 72' lang='grc' dir='ltr'>ἀμαθοῦς</span> <span class='ocrx_word' id='word_1_306' title='bbox 1403 2199 1492 2252; x_wconf 76' lang='grc' dir='ltr'>καὶ</span> <span class='ocrx_word' id='word_1_307' title='bbox 1526 2196 1773 2258; x_wconf 72' lang='grc' dir='ltr'>ἀτελοῦςο</span> <span class='ocrx_word' id='word_1_308' title='bbox 1808 2221 1836 2249; x_wconf 87' lang='grc'>‹‹</span> <span class='ocrx_word' id='word_1_309' title='bbox 1869 2198 2014 2253; x_wconf 83' lang='lat' dir='ltr'>Nam</span> 
     </span>
    </p>
   </div>
   <div class='ocr_carea' id='block_1_39' title="bbox 362 2290 1356 2361">
    <p class='ocr_par' dir='ltr' id='par_1_39' title="bbox 362 2290 1356 2361">
     <span class='ocr_line' id='line_1_39' title="bbox 362 2290 1356 2361; baseline -0.007 -16"><span class='ocrx_word' id='word_1_310' title='bbox 362 2291 420 2346; x_wconf 89' lang='lat' dir='ltr'>id</span> <span class='ocrx_word' id='word_1_311' title='bbox 454 2295 609 2346; x_wconf 86' lang='lat' dir='ltr'>esset</span> <span class='ocrx_word' id='word_1_312' title='bbox 644 2291 828 2361; x_wconf 85' lang='lat' dir='ltr'>ignari</span> <span class='ocrx_word' id='word_1_313' title='bbox 861 2295 919 2346; x_wconf 90' lang='lat' dir='ltr'>et</span> <span class='ocrx_word' id='word_1_314' title='bbox 949 2290 1296 2361; x_wconf 85' lang='lat' dir='ltr'>imperfecti.</span> <span class='ocrx_word' id='word_1_315' title='bbox 1327 2311 1356 2339; x_wconf 86' lang='grc'><strong>››</strong></span> 
     </span>
    </p>
   </div>
   <div class='ocr_carea' id='block_1_40' title="bbox 434 2376 2014 2450">
    <p class='ocr_par' dir='ltr' id='par_1_40' title="bbox 434 2376 2014 2450">
     <span class='ocr_line' id='line_1_40' title="bbox 434 2376 2014 2450; baseline -0.002 -17"><span class='ocrx_word' id='word_1_316' title='bbox 434 2379 550 2434; x_wconf 89' lang='lat' dir='ltr'>Col.</span> <span class='ocrx_word' id='word_1_317' title='bbox 581 2380 687 2434; x_wconf 91' lang='lat'>768</span> <span class='ocrx_word' id='word_1_318' title='bbox 716 2383 775 2434; x_wconf 92' lang='lat' dir='ltr'>C.</span> <span class='ocrx_word' id='word_1_319' title='bbox 811 2376 1183 2449; x_wconf 80' lang='grc' dir='ltr'>Εὐθυμιίσθω.</span> <span class='ocrx_word' id='word_1_320' title='bbox 1221 2383 1355 2445; x_wconf 81' lang='lat' dir='ltr'>Quae</span> <span class='ocrx_word' id='word_1_321' title='bbox 1387 2383 1716 2450; x_wconf 84' lang='lat' dir='ltr'>sequuntur</span> <span class='ocrx_word' id='word_1_322' title='bbox 1747 2377 1815 2431; x_wconf 91' lang='lat' dir='ltr'>ad</span> <span class='ocrx_word' id='word_1_323' title='bbox 1839 2376 2014 2430; x_wconf 84' lang='lat' dir='ltr'>ﬁnem</span> 
     </span>
    </p>
   </div>
   <div class='ocr_carea' id='block_1_41' title="bbox 364 2464 2018 2540">
    <p class='ocr_par' dir='ltr' id='par_1_41' title="bbox 364 2464 2018 2540">
     <span class='ocr_line' id='line_1_41' title="bbox 364 2464 2018 2540; baseline -0.004 -16"><span class='ocrx_word' id='word_1_324' title='bbox 364 2485 554 2540; x_wconf 87' lang='lat' dir='ltr'>usque</span> <span class='ocrx_word' id='word_1_325' title='bbox 584 2468 716 2524; x_wconf 89' lang='lat' dir='ltr'>libri</span> <span class='ocrx_word' id='word_1_326' title='bbox 749 2468 938 2540; x_wconf 84' lang='lat' dir='ltr'>quinti</span> <span class='ocrx_word' id='word_1_327' title='bbox 970 2468 1172 2522; x_wconf 84' lang='lat' dir='ltr'>Contra</span> <span class='ocrx_word' id='word_1_328' title='bbox 1193 2469 1543 2535; x_wconf 79' lang='lat' dir='ltr'>Eunomium,</span> <span class='ocrx_word' id='word_1_329' title='bbox 1569 2471 1625 2522; x_wconf 90' lang='lat' dir='ltr'>et</span> <span class='ocrx_word' id='word_1_330' title='bbox 1651 2464 2018 2520; x_wconf 84' lang='lat' dir='ltr'>constituunt</span> 
     </span>
    </p>
   </div>
   <div class='ocr_carea' id='block_1_42' title="bbox 365 2554 2016 2631">
    <p class='ocr_par' dir='ltr' id='par_1_42' title="bbox 365 2554 2016 2631">
     <span class='ocr_line' id='line_1_42' title="bbox 365 2554 2016 2631; baseline -0.004 -16"><span class='ocrx_word' id='word_1_331' title='bbox 365 2565 542 2631; x_wconf 88' lang='lat' dir='ltr'>caput</span> <span class='ocrx_word' id='word_1_332' title='bbox 570 2559 865 2614; x_wconf 87' lang='lat' dir='ltr'>decimum</span> <span class='ocrx_word' id='word_1_333' title='bbox 893 2559 1231 2630; x_wconf 87' lang='lat' dir='ltr'>septimum,</span> <span class='ocrx_word' id='word_1_334' title='bbox 1254 2558 1312 2613; x_wconf 90' lang='lat' dir='ltr'>in</span> <span class='ocrx_word' id='word_1_335' title='bbox 1347 2557 1648 2614; x_wconf 86' lang='lat' dir='ltr'>Basiliensi</span> <span class='ocrx_word' id='word_1_336' title='bbox 1672 2555 1872 2611; x_wconf 68' lang='lat' dir='ltr'>Graeca</span> <span class='ocrx_word' id='word_1_337' title='bbox 1891 2554 2016 2610; x_wconf 91' lang='lat' dir='ltr'>edi-</span> 
     </span>
    </p>
   </div>
   <div class='ocr_carea' id='block_1_43' title="bbox 365 2644 2015 2720">
    <p class='ocr_par' dir='ltr' id='par_1_43' title="bbox 365 2644 2015 2720">
     <span class='ocr_line' id='line_1_43' title="bbox 365 2644 2015 2720; baseline -0.004 -17"><span class='ocrx_word' id='word_1_338' title='bbox 365 2649 523 2704; x_wconf 87' lang='lat' dir='ltr'>tione</span> <span class='ocrx_word' id='word_1_339' title='bbox 555 2648 863 2720; x_wconf 89' lang='lat' dir='ltr'>posteriori</span> <span class='ocrx_word' id='word_1_340' title='bbox 896 2648 1386 2702; x_wconf 83' lang='lat' dir='ltr'>desiderabantur</span> <span class='ocrx_word' id='word_1_341' title='bbox 1418 2663 1430 2701; x_wconf 97' lang='lat'>:</span> <span class='ocrx_word' id='word_1_342' title='bbox 1467 2647 1564 2702; x_wconf 88' lang='lat' dir='ltr'>sed</span> <span class='ocrx_word' id='word_1_343' title='bbox 1605 2647 1662 2700; x_wconf 93' lang='lat' dir='ltr'>ln</span> <span class='ocrx_word' id='word_1_344' title='bbox 1710 2645 1890 2700; x_wconf 89' lang='lat' dir='ltr'>alium</span> <span class='ocrx_word' id='word_1_345' title='bbox 1931 2644 2015 2698; x_wconf 91' lang='lat' dir='ltr'>lo-</span> 
     </span>
    </p>
   </div>
   <div class='ocr_carea' id='block_1_44' title="bbox 368 2730 2016 2807">
    <p class='ocr_par' dir='ltr' id='par_1_44' title="bbox 368 2730 2016 2807">
     <span class='ocr_line' id='line_1_44' title="bbox 368 2730 2016 2807; baseline -0.005 -15"><span class='ocrx_word' id='word_1_346' title='bbox 368 2754 504 2792; x_wconf 86' lang='lat' dir='ltr'>cum</span> <span class='ocrx_word' id='word_1_347' title='bbox 537 2735 823 2792; x_wconf 88' lang='lat' dir='ltr'>translata</span> <span class='ocrx_word' id='word_1_348' title='bbox 844 2741 1174 2807; x_wconf 81' lang='lat' dir='ltr'>separatam</span> <span class='ocrx_word' id='word_1_349' title='bbox 1201 2735 1504 2791; x_wconf 90' lang='lat' dir='ltr'>homiliam</span> <span class='ocrx_word' id='word_1_350' title='bbox 1528 2730 2016 2804; x_wconf 62' lang='lat' dir='ltr'>efficiebantﬂepi</span> 
     </span>
    </p>
   </div>
   <div class='ocr_carea' id='block_1_45' title="bbox 369 2821 2015 2898">
    <p class='ocr_par' dir='ltr' id='par_1_45' title="bbox 369 2821 2015 2898">
     <span class='ocr_line' id='line_1_45' title="bbox 369 2821 2015 2898; baseline -0.003 -19"><span class='ocrx_word' id='word_1_351' title='bbox 369 2828 467 2879; x_wconf 75' lang='grc' dir='ltr'>τοῦ</span> <span class='ocrx_word' id='word_1_352' title='bbox 503 2821 815 2896; x_wconf 69' lang='grc' dir='ltr'>[Ινεύματος</span> <span class='ocrx_word' id='word_1_353' title='bbox 860 2822 1034 2898; x_wconf 74' lang='grc' dir='ltr'>ἁγίου,</span> <span class='ocrx_word' id='word_1_354' title='bbox 1069 2847 1095 2873; x_wconf 90' lang='grc'>‹‹</span> <span class='ocrx_word' id='word_1_355' title='bbox 1130 2829 1208 2879; x_wconf 90' lang='lat' dir='ltr'>De</span> <span class='ocrx_word' id='word_1_356' title='bbox 1246 2824 1467 2895; x_wconf 85' lang='lat' dir='ltr'>Spiritu</span> <span class='ocrx_word' id='word_1_357' title='bbox 1519 2827 1745 2889; x_wconf 72' lang='lat' dir='ltr'>sancto,</span> <span class='ocrx_word' id='word_1_358' title='bbox 1777 2844 1804 2870; x_wconf 85' lang='lat'>»</span> <span class='ocrx_word' id='word_1_359' title='bbox 1853 2827 1912 2876; x_wconf 83' lang='lat' dir='ltr'>et</span> <span class='ocrx_word' id='word_1_360' title='bbox 1957 2821 2015 2874; x_wconf 86' lang='lat' dir='ltr'>in</span> 
     </span>
    </p>
   </div>
   <div class='ocr_carea' id='block_1_46' title="bbox 371 2910 2014 2984">
    <p class='ocr_par' dir='ltr' id='par_1_46' title="bbox 371 2910 2014 2984">
     <span class='ocr_line' id='line_1_46' title="bbox 371 2910 2014 2984; baseline -0.004 -14"><span class='ocrx_word' id='word_1_361' title='bbox 371 2915 627 2970; x_wconf 86' lang='lat' dir='ltr'>editione</span> <span class='ocrx_word' id='word_1_362' title='bbox 662 2914 859 2970; x_wconf 87' lang='lat' dir='ltr'>Latina</span> <span class='ocrx_word' id='word_1_363' title='bbox 904 2913 1220 2969; x_wconf 84' lang='lat' dir='ltr'>Parisiensi</span> <span class='ocrx_word' id='word_1_364' title='bbox 1271 2930 1366 2968; x_wconf 85' lang='lat' dir='ltr'>an.</span> <span class='ocrx_word' id='word_1_365' title='bbox 1411 2913 1569 2982; x_wconf 89' lang='lat'>1603,</span> <span class='ocrx_word' id='word_1_366' title='bbox 1600 2929 1657 2984; x_wconf 89' lang='lat' dir='ltr'>p.</span> <span class='ocrx_word' id='word_1_367' title='bbox 1689 2911 1814 2966; x_wconf 83' lang='lat'>223.</span> <span class='ocrx_word' id='word_1_368' title='bbox 1850 2934 1875 2960; x_wconf 84' lang='lat'><strong>«</strong></span> <span class='ocrx_word' id='word_1_369' title='bbox 1910 2910 2014 2965; x_wconf 86' lang='lat' dir='ltr'>Co-</span> 
     </span>
    </p>
   </div>
   <div class='ocr_carea' id='block_1_47' title="bbox 365 2999 2015 3076">
    <p class='ocr_par' dir='ltr' id='par_1_47' title="bbox 365 2999 2015 3076">
     <span class='ocr_line' id='line_1_47' title="bbox 365 2999 2015 3076; baseline -0.002 -19"><span class='ocrx_word' id='word_1_370' title='bbox 365 3004 509 3076; x_wconf 86' lang='lat' dir='ltr'>gitet</span> <span class='ocrx_word' id='word_1_371' title='bbox 539 3004 732 3059; x_wconf 85' lang='lat' dir='ltr'>omnis</span> <span class='ocrx_word' id='word_1_372' title='bbox 779 3003 1013 3072; x_wconf 87' lang='lat' dir='ltr'>anima;</span> <span class='ocrx_word' id='word_1_373' title='bbox 1052 3025 1073 3055; x_wconf 78' lang='grc'><strong>»</strong></span> <span class='ocrx_word' id='word_1_374' title='bbox 1113 3007 1170 3057; x_wconf 89' lang='lat' dir='ltr'>at</span> <span class='ocrx_word' id='word_1_375' title='bbox 1201 3003 1258 3056; x_wconf 92' lang='lat' dir='ltr'>in</span> <span class='ocrx_word' id='word_1_376' title='bbox 1299 3002 1496 3058; x_wconf 88' lang='lat' dir='ltr'>codice</span> <span class='ocrx_word' id='word_1_377' title='bbox 1529 3000 1708 3073; x_wconf 83' lang='lat' dir='ltr'>Regio</span> <span class='ocrx_word' id='word_1_378' title='bbox 1742 2999 2015 3055; x_wconf 87' lang='lat' dir='ltr'>ultimum</span> 
     </span>
    </p>
   </div>
   <div class='ocr_carea' id='block_1_48' title="bbox 367 3087 2017 3165">
    <p class='ocr_par' dir='ltr' id='par_1_48' title="bbox 367 3087 2017 3165">
     <span class='ocr_line' id='line_1_48' title="bbox 367 3087 2017 3165; baseline -0.005 -16"><span class='ocrx_word' id='word_1_379' title='bbox 367 3097 545 3165; x_wconf 87' lang='lat' dir='ltr'>caput</span> <span class='ocrx_word' id='word_1_380' title='bbox 611 3091 743 3148; x_wconf 90' lang='lat' dir='ltr'>libri</span> <span class='ocrx_word' id='word_1_381' title='bbox 801 3109 856 3161; x_wconf 90' lang='lat' dir='ltr'>v,</span> <span class='ocrx_word' id='word_1_382' title='bbox 921 3109 1052 3149; x_wconf 86' lang='lat' dir='ltr'>cum</span> <span class='ocrx_word' id='word_1_383' title='bbox 1129 3091 1238 3147; x_wconf 88' lang='lat' dir='ltr'>hoc</span> <span class='ocrx_word' id='word_1_384' title='bbox 1295 3091 1515 3162; x_wconf 86' lang='lat' dir='ltr'>titulo,</span> <span class='ocrx_word' id='word_1_385' title='bbox 1576 3089 1707 3165; x_wconf 78' lang='grc' dir='ltr'>Περὶ</span> <span class='ocrx_word' id='word_1_386' title='bbox 1765 3087 2017 3160; x_wconf 81' lang='grc' dir='ltr'>Πνεύμα-</span> 
     </span>
    </p>
   </div>
   <div class='ocr_carea' id='block_1_49' title="bbox 363 3163 2020 3254">
    <p class='ocr_par' dir='ltr' id='par_1_49' title="bbox 363 3163 2020 3254">
     <span class='ocr_line' id='line_1_49' title="bbox 363 3163 2020 3254; baseline -0.002 -18"><span class='ocrx_word' id='word_1_387' title='bbox 363 3163 927 3254; x_wconf 70' lang='grc' dir='ltr'>τος.Τι·ειρθΖυηιὶι]ε</span> <span class='ocrx_word' id='word_1_388' title='bbox 984 3198 1212 3254; x_wconf 82' lang='lat' dir='ltr'>quoque</span> <span class='ocrx_word' id='word_1_389' title='bbox 1264 3163 1625 3250; x_wconf 44' lang='lat' dir='ltr'>subjiciebat&#39;</span> <span class='ocrx_word' id='word_1_390' title='bbox 1646 3179 1805 3234; x_wconf 90' lang='lat' dir='ltr'>istud</span> <span class='ocrx_word' id='word_1_391' title='bbox 1855 3184 2020 3234; x_wconf 63' lang='lat' dir='ltr'>caete-</span> 
     </span>
    </p>
   </div>
   <div class='ocr_carea' id='block_1_50' title="bbox 363 3250 2089 3343">
    <p class='ocr_par' dir='ltr' id='par_1_50' title="bbox 363 3250 2089 3343">
     <span class='ocr_line' id='line_1_50' title="bbox 363 3250 2089 3343; baseline -0.006 -17"><span class='ocrx_word' id='word_1_392' title='bbox 363 3271 468 3342; x_wconf 86' lang='lat' dir='ltr'>ris,</span> <span class='ocrx_word' id='word_1_393' title='bbox 544 3250 634 3327; x_wconf 34' lang='lat' dir='ltr'>et-</span> <span class='ocrx_word' id='word_1_394' title='bbox 679 3271 907 3342; x_wconf 81' lang='lat' dir='ltr'>legebat</span> <span class='ocrx_word' id='word_1_395' title='bbox 966 3250 1026 3326; x_wconf 80' lang='lat' dir='ltr'>in</span> <span class='ocrx_word' id='word_1_396' title='bbox 1096 3250 1433 3343; x_wconf 81' lang='lat' dir='ltr'>apographo</span> <span class='ocrx_word' id='word_1_397' title='bbox 1493 3286 1600 3325; x_wconf 88' lang='lat' dir='ltr'>suo</span> <span class='ocrx_word' id='word_1_398' title='bbox 1657 3250 2089 3339; x_wconf 73' lang='grc' dir='ltr'>εὐθυμείσθω,(]</span> 
     </span>
    </p>
   </div>
   <div class='ocr_carea' id='block_1_51' title="bbox 371 3355 2018 3432">
    <p class='ocr_par' dir='ltr' id='par_1_51' title="bbox 371 3355 2018 3432">
     <span class='ocr_line' id='line_1_51' title="bbox 371 3355 2018 3432; baseline -0.005 -16"><span class='ocrx_word' id='word_1_399' title='bbox 371 3364 546 3432; x_wconf 87' lang='lat' dir='ltr'>prout</span> <span class='ocrx_word' id='word_1_400' title='bbox 571 3365 694 3416; x_wconf 88' lang='lat' dir='ltr'>erat</span> <span class='ocrx_word' id='word_1_401' title='bbox 749 3360 806 3414; x_wconf 91' lang='lat' dir='ltr'>in</span> <span class='ocrx_word' id='word_1_402' title='bbox 858 3360 952 3427; x_wconf 90' lang='lat' dir='ltr'>H.,</span> <span class='ocrx_word' id='word_1_403' title='bbox 1002 3359 1102 3416; x_wconf 91' lang='lat' dir='ltr'>sed</span> <span class='ocrx_word' id='word_1_404' title='bbox 1149 3359 1296 3415; x_wconf 88' lang='lat' dir='ltr'>alter</span> <span class='ocrx_word' id='word_1_405' title='bbox 1343 3361 1630 3431; x_wconf 89' lang='lat' dir='ltr'>interpres</span> <span class='ocrx_word' id='word_1_406' title='bbox 1682 3358 1821 3429; x_wconf 85' lang='lat' dir='ltr'>legit</span> <span class='ocrx_word' id='word_1_407' title='bbox 1868 3355 2018 3409; x_wconf 79' lang='grc' dir='ltr'>ἐνθυ-</span> 
     </span>
    </p>
   </div>
   <div class='ocr_carea' id='block_1_52' title="bbox 381 3447 2024 3521">
    <p class='ocr_par' dir='ltr' id='par_1_52' title="bbox 381 3447 2024 3521">
     <span class='ocr_line' id='line_1_52' title="bbox 381 3447 2024 3521; baseline 0 -20"><span class='ocrx_word' id='word_1_408' title='bbox 381 3448 606 3521; x_wconf 77' lang='grc' dir='ltr'>μείσθωο</span> <span class='ocrx_word' id='word_1_409' title='bbox 642 3471 671 3499; x_wconf 87' lang='grc'>‹‹</span> <span class='ocrx_word' id='word_1_410' title='bbox 719 3449 945 3521; x_wconf 85' lang='lat' dir='ltr'>Cogitet</span> <span class='ocrx_word' id='word_1_411' title='bbox 996 3448 1189 3504; x_wconf 90' lang='lat' dir='ltr'>omnis</span> <span class='ocrx_word' id='word_1_412' title='bbox 1225 3449 1444 3514; x_wconf 88' lang='lat' dir='ltr'>anima,</span> <span class='ocrx_word' id='word_1_413' title='bbox 1487 3466 1558 3503; x_wconf 91' lang='lat' dir='ltr'>an</span> <span class='ocrx_word' id='word_1_414' title='bbox 1615 3447 1764 3502; x_wconf 88' lang='lat' dir='ltr'>tales</span> <span class='ocrx_word' id='word_1_415' title='bbox 1810 3447 2024 3502; x_wconf 82' lang='lat' dir='ltr'>habeat</span> 
     </span>
    </p>
   </div>
   <div class='ocr_carea' id='block_1_53' title="bbox 376 3531 2024 3609">
    <p class='ocr_par' dir='ltr' id='par_1_53' title="bbox 376 3531 2024 3609">
     <span class='ocr_line' id='line_1_53' title="bbox 376 3531 2024 3609; baseline -0.005 -15"><span class='ocrx_word' id='word_1_416' title='bbox 376 3537 578 3594; x_wconf 83' lang='lat' dir='ltr'>oculos</span> <span class='ocrx_word' id='word_1_417' title='bbox 611 3553 625 3594; x_wconf 89' lang='lat'>:</span> <span class='ocrx_word' id='word_1_418' title='bbox 660 3559 688 3587; x_wconf 88' lang='lat'><strong>»</strong></span> <span class='ocrx_word' id='word_1_419' title='bbox 721 3538 805 3593; x_wconf 90' lang='lat' dir='ltr'>sic</span> <span class='ocrx_word' id='word_1_420' title='bbox 853 3537 1133 3594; x_wconf 88' lang='lat' dir='ltr'>nimirum</span> <span class='ocrx_word' id='word_1_421' title='bbox 1179 3538 1260 3592; x_wconf 86' lang='lat' dir='ltr'>ait</span> <span class='ocrx_word' id='word_1_422' title='bbox 1316 3542 1538 3609; x_wconf 86' lang='lat' dir='ltr'>postea,</span> <span class='ocrx_word' id='word_1_423' title='bbox 1594 3533 1860 3589; x_wconf 81' lang='grc' dir='ltr'>σκοπείτω</span> <span class='ocrx_word' id='word_1_424' title='bbox 1911 3531 2024 3587; x_wconf 83' lang='grc' dir='ltr'>διά-</span> 
     </span>
    </p>
   </div>
   <div class='ocr_carea' id='block_1_54' title="bbox 367 3621 2023 3698">
    <p class='ocr_par' dir='ltr' id='par_1_54' title="bbox 367 3621 2023 3698">
     <span class='ocr_line' id='line_1_54' title="bbox 367 3621 2023 3698; baseline -0.003 -18"><span class='ocrx_word' id='word_1_425' title='bbox 367 3645 510 3698; x_wconf 83' lang='grc' dir='ltr'>νοια,</span> <span class='ocrx_word' id='word_1_426' title='bbox 545 3647 577 3680; x_wconf 87' lang='grc'>(‹</span> <span class='ocrx_word' id='word_1_427' title='bbox 608 3644 775 3683; x_wconf 89' lang='lat' dir='ltr'>mens</span> <span class='ocrx_word' id='word_1_428' title='bbox 804 3627 1153 3694; x_wconf 83' lang='lat' dir='ltr'>consideret,</span> <span class='ocrx_word' id='word_1_429' title='bbox 1187 3652 1206 3680; x_wconf 79' lang='grc' dir='ltr'><strong><em>ι</em></strong></span> <span class='ocrx_word' id='word_1_430' title='bbox 1247 3627 1335 3680; x_wconf 82' lang='grc' dir='ltr'>καὶ</span> <span class='ocrx_word' id='word_1_431' title='bbox 1365 3624 1557 3680; x_wconf 75' lang='grc' dir='ltr'>νοείτω</span> <span class='ocrx_word' id='word_1_432' title='bbox 1582 3626 1648 3680; x_wconf 83' lang='grc' dir='ltr'>τὰ</span> <span class='ocrx_word' id='word_1_433' title='bbox 1678 3622 1852 3678; x_wconf 79' lang='grc' dir='ltr'>πάντα</span> <span class='ocrx_word' id='word_1_434' title='bbox 1881 3621 2023 3691; x_wconf 82' lang='grc' dir='ltr'>πλη-</span> 
     </span>
    </p>
   </div>
   <div class='ocr_carea' id='block_1_55' title="bbox 370 3715 2018 3790">
    <p class='ocr_par' dir='ltr' id='par_1_55' title="bbox 370 3715 2018 3790">
     <span class='ocr_line' id='line_1_55' title="bbox 370 3715 2018 3790; baseline -0.004 -20"><span class='ocrx_word' id='word_1_435' title='bbox 370 3715 626 3790; x_wconf 82' lang='grc' dir='ltr'>ρούμενα,</span> <span class='ocrx_word' id='word_1_436' title='bbox 661 3739 689 3766; x_wconf 87' lang='grc'>‹‹</span> <span class='ocrx_word' id='word_1_437' title='bbox 723 3717 939 3790; x_wconf 84' lang='lat' dir='ltr'>cogitet</span> <span class='ocrx_word' id='word_1_438' title='bbox 969 3717 1167 3772; x_wconf 88' lang='lat' dir='ltr'>omnia</span> <span class='ocrx_word' id='word_1_439' title='bbox 1196 3717 1408 3788; x_wconf 90' lang='lat' dir='ltr'>spiritu</span> <span class='ocrx_word' id='word_1_440' title='bbox 1440 3716 1540 3772; x_wconf 93' lang='lat' dir='ltr'>Dei</span> <span class='ocrx_word' id='word_1_441' title='bbox 1577 3715 1788 3770; x_wconf 80' lang='lat' dir='ltr'>referta</span> <span class='ocrx_word' id='word_1_442' title='bbox 1817 3730 1966 3768; x_wconf 87' lang='lat' dir='ltr'>esse.</span> <span class='ocrx_word' id='word_1_443' title='bbox 1993 3731 2018 3762; x_wconf 82' lang='lat'><strong><em>»</em></strong></span> 
     </span>
    </p>
   </div>
   <div class='ocr_carea' id='block_1_56' title="bbox 439 3802 2024 3876">
    <p class='ocr_par' dir='ltr' id='par_1_56' title="bbox 439 3802 2024 3876">
     <span class='ocr_line' id='line_1_56' title="bbox 439 3802 2024 3876; baseline -0.003 -16"><span class='ocrx_word' id='word_1_444' title='bbox 439 3805 584 3860; x_wconf 87' lang='lat' dir='ltr'>Ibid.</span> <span class='ocrx_word' id='word_1_445' title='bbox 618 3806 679 3861; x_wconf 90' lang='lat' dir='ltr'>C.</span> <span class='ocrx_word' id='word_1_446' title='bbox 712 3807 765 3859; x_wconf 87' lang='lat'>5.</span> <span class='ocrx_word' id='word_1_447' title='bbox 799 3807 862 3860; x_wconf 87' lang='lat' dir='ltr'>Si</span> <span class='ocrx_word' id='word_1_448' title='bbox 883 3809 1111 3876; x_wconf 71' lang='lat' dir='ltr'>quazris.</span> <span class='ocrx_word' id='word_1_449' title='bbox 1149 3806 1337 3862; x_wconf 91' lang='lat' dir='ltr'>Locus</span> <span class='ocrx_word' id='word_1_450' title='bbox 1370 3811 1460 3859; x_wconf 89' lang='lat' dir='ltr'>est</span> <span class='ocrx_word' id='word_1_451' title='bbox 1493 3804 1654 3859; x_wconf 62' lang='lat' dir='ltr'>Isaiae</span> <span class='ocrx_word' id='word_1_452' title='bbox 1685 3821 1802 3870; x_wconf 78' lang='lat' dir='ltr'>xxi,</span> <span class='ocrx_word' id='word_1_453' title='bbox 1833 3804 1899 3856; x_wconf 81' lang='grc'>12</span> <span class='ocrx_word' id='word_1_454' title='bbox 1924 3818 1937 3855; x_wconf 91' lang='lat'>:</span> <span class='ocrx_word' id='word_1_455' title='bbox 1964 3802 2024 3856; x_wconf 90' lang='lat' dir='ltr'>Si</span> 
     </span>
    </p>
   </div>
   <div class='ocr_carea' id='block_1_57' title="bbox 365 3893 2022 3966">
    <p class='ocr_par' dir='ltr' id='par_1_57' title="bbox 365 3893 2022 3966">
     <span class='ocr_line' id='line_1_57' title="bbox 365 3893 2022 3966; baseline -0.001 -17"><span class='ocrx_word' id='word_1_456' title='bbox 365 3910 601 3964; x_wconf 66' lang='lat' dir='ltr'>quaeras,</span> <span class='ocrx_word' id='word_1_457' title='bbox 627 3911 810 3965; x_wconf 77' lang='lat' dir='ltr'>quare</span> <span class='ocrx_word' id='word_1_458' title='bbox 834 3895 964 3950; x_wconf 90' lang='lat' dir='ltr'>:ubi</span> <span class='ocrx_word' id='word_1_459' title='bbox 997 3893 1242 3966; x_wconf 83' lang='lat' dir='ltr'>Vulgata</span> <span class='ocrx_word' id='word_1_460' title='bbox 1280 3893 1573 3963; x_wconf 86' lang='lat' dir='ltr'>Latina,Si</span> <span class='ocrx_word' id='word_1_461' title='bbox 1594 3893 2022 3964; x_wconf 62' lang='lat' dir='ltr'>quwrilis,quae-</span> 
     </span>
    </p>
   </div>
   <div class='ocr_carea' id='block_1_58' title="bbox 364 3981 2020 4050">
    <p class='ocr_par' dir='ltr' id='par_1_58' title="bbox 364 3981 2020 4050">
     <span class='ocr_line' id='line_1_58' title="bbox 364 3981 2020 4050; baseline -0.002 -13"><span class='ocrx_word' id='word_1_462' title='bbox 364 3985 472 4038; x_wconf 84' lang='lat' dir='ltr'>rite</span> <span class='ocrx_word' id='word_1_463' title='bbox 518 4001 536 4037; x_wconf 87' lang='lat'>:</span> <span class='ocrx_word' id='word_1_464' title='bbox 579 3985 992 4050; x_wconf 81' lang='lat' dir='ltr'>convertimini,</span> <span class='ocrx_word' id='word_1_465' title='bbox 1054 3985 1257 4038; x_wconf 79' lang='lat' dir='ltr'>venite.</span> <span class='ocrx_word' id='word_1_466' title='bbox 1319 3987 1604 4038; x_wconf 63' lang='lat' dir='ltr'>Caterum</span> <span class='ocrx_word' id='word_1_467' title='bbox 1654 3981 1713 4036; x_wconf 92' lang='lat' dir='ltr'>in</span> <span class='ocrx_word' id='word_1_468' title='bbox 1761 3998 1870 4035; x_wconf 92' lang='lat' dir='ltr'>ms.</span> <span class='ocrx_word' id='word_1_469' title='bbox 1917 3981 2020 4035; x_wconf 83' lang='lat' dir='ltr'>Rc-</span> 
     </span>
    </p>
   </div>
   <div class='ocr_carea' id='block_1_59' title="bbox 367 4068 2017 4143">
    <p class='ocr_par' dir='ltr' id='par_1_59' title="bbox 367 4068 2017 4143">
     <span class='ocr_line' id='line_1_59' title="bbox 367 4068 2017 4143; baseline -0.001 -20"><span class='ocrx_word' id='word_1_470' title='bbox 367 4073 460 4143; x_wconf 80' lang='lat' dir='ltr'>gio</span> <span class='ocrx_word' id='word_1_471' title='bbox 527 4077 672 4140; x_wconf 84' lang='lat' dir='ltr'>erat,</span> <span class='ocrx_word' id='word_1_472' title='bbox 731 4070 913 4134; x_wconf 75' lang='grc' dir='ltr'>Οἰκεῖς</span> <span class='ocrx_word' id='word_1_473' title='bbox 970 4069 1027 4125; x_wconf 78' lang='grc' dir='ltr'>δὲ</span> <span class='ocrx_word' id='word_1_474' title='bbox 1082 4070 1227 4139; x_wconf 82' lang='grc' dir='ltr'>τότε,</span> <span class='ocrx_word' id='word_1_475' title='bbox 1289 4069 1378 4125; x_wconf 78' lang='grc' dir='ltr'>ὅτι</span> <span class='ocrx_word' id='word_1_476' title='bbox 1437 4068 1570 4141; x_wconf 80' lang='grc' dir='ltr'>μετά</span> <span class='ocrx_word' id='word_1_477' title='bbox 1625 4071 1856 4131; x_wconf 81' lang='grc' dir='ltr'>πίστεως</span> <span class='ocrx_word' id='word_1_478' title='bbox 1919 4074 2017 4140; x_wconf 81' lang='grc' dir='ltr'>ζη-</span> 
     </span>
    </p>
   </div>
   <div class='ocr_carea' id='block_1_60' title="bbox 363 4162 2014 4234">
    <p class='ocr_par' dir='ltr' id='par_1_60' title="bbox 363 4162 2014 4234">
     <span class='ocr_line' id='line_1_60' title="bbox 363 4162 2014 4234; baseline 0.003 -22"><span class='ocrx_word' id='word_1_479' title='bbox 363 4164 495 4221; x_wconf 83' lang='grc' dir='ltr'>τεῖς·</span> <span class='ocrx_word' id='word_1_480' title='bbox 537 4182 559 4212; x_wconf 78' lang='grc' dir='ltr'>ι</span> <span class='ocrx_word' id='word_1_481' title='bbox 591 4163 754 4218; x_wconf 90' lang='lat' dir='ltr'>Tunc</span> <span class='ocrx_word' id='word_1_482' title='bbox 783 4168 979 4218; x_wconf 90' lang='lat' dir='ltr'>autem</span> <span class='ocrx_word' id='word_1_483' title='bbox 1012 4162 1519 4234; x_wconf 87' lang='lat' dir='ltr'>habitas,quando</span> <span class='ocrx_word' id='word_1_484' title='bbox 1552 4177 1684 4217; x_wconf 91' lang='lat' dir='ltr'>cum</span> <span class='ocrx_word' id='word_1_485' title='bbox 1716 4162 1826 4217; x_wconf 84' lang='lat' dir='ltr'>ﬁde</span> <span class='ocrx_word' id='word_1_486' title='bbox 1855 4179 2014 4233; x_wconf 80' lang='lat' dir='ltr'>quae-</span> 
     </span>
    </p>
   </div>
   <div class='ocr_carea' id='block_1_61' title="bbox 365 4268 534 4307">
    <p class='ocr_par' dir='ltr' id='par_1_61' title="bbox 365 4268 534 4307">
     <span class='ocr_line' id='line_1_61' title="bbox 365 4268 534 4307; baseline 0 -1"><span class='ocrx_word' id='word_1_487' title='bbox 365 4268 467 4307; x_wconf 81' lang='lat' dir='ltr'>I‘IB.</span> <span class='ocrx_word' id='word_1_488' title='bbox 509 4273 534 4302; x_wconf 75' lang='grc'>&gt;&gt;</span> 
     </span>
    </p>
   </div>
   <div class='ocr_carea' id='block_1_62' title="bbox 437 4339 2019 4420">
    <p class='ocr_par' dir='ltr' id='par_1_62' title="bbox 437 4339 2019 4420">
     <span class='ocr_line' id='line_1_62' title="bbox 437 4339 2019 4420; baseline -0.002 -23"><span class='ocrx_word' id='word_1_489' title='bbox 437 4341 554 4397; x_wconf 89' lang='lat' dir='ltr'>Col.</span> <span class='ocrx_word' id='word_1_490' title='bbox 598 4342 706 4395; x_wconf 91' lang='lat'><strong>770</strong></span> <span class='ocrx_word' id='word_1_491' title='bbox 752 4347 799 4396; x_wconf 85' lang='lat' dir='ltr'><strong>A</strong></span> <span class='ocrx_word' id='word_1_492' title='bbox 837 4341 934 4420; x_wconf 65' lang='grc' dir='ltr'>φ12.</span> <span class='ocrx_word' id='word_1_493' title='bbox 979 4341 1344 4411; x_wconf 74' lang='lat' dir='ltr'>Ileliquisque.</span> <span class='ocrx_word' id='word_1_494' title='bbox 1409 4340 1539 4394; x_wconf 68' lang='lat' dir='ltr'>Haec</span> <span class='ocrx_word' id='word_1_495' title='bbox 1597 4339 1820 4395; x_wconf 89' lang='lat' dir='ltr'>inserta</span> <span class='ocrx_word' id='word_1_496' title='bbox 1878 4345 2019 4396; x_wconf 88' lang='lat' dir='ltr'>sunt</span> 
     </span>
    </p>
   </div>
   <div class='ocr_carea' id='block_1_63' title="bbox 362 4429 2015 4502">
    <p class='ocr_par' dir='ltr' id='par_1_63' title="bbox 362 4429 2015 4502">
     <span class='ocr_line' id='line_1_63' title="bbox 362 4429 2015 4502; baseline -0.001 -18"><span class='ocrx_word' id='word_1_497' title='bbox 362 4432 557 4486; x_wconf 88' lang='lat' dir='ltr'>verbis</span> <span class='ocrx_word' id='word_1_498' title='bbox 588 4429 987 4501; x_wconf 85' lang='lat' dir='ltr'>Trapezuntii,</span> <span class='ocrx_word' id='word_1_499' title='bbox 1022 4445 1147 4500; x_wconf 70' lang='lat' dir='ltr'>quae</span> <span class='ocrx_word' id='word_1_500' title='bbox 1179 4433 1236 4483; x_wconf 88' lang='lat' dir='ltr'>et</span> <span class='ocrx_word' id='word_1_501' title='bbox 1268 4429 1484 4502; x_wconf 83' lang='lat' dir='ltr'>Regius</span> <span class='ocrx_word' id='word_1_502' title='bbox 1516 4429 1693 4485; x_wconf 84' lang='lat' dir='ltr'>codex</span> <span class='ocrx_word' id='word_1_503' title='bbox 1728 4430 2015 4501; x_wconf 84' lang='lat' dir='ltr'>agnoscit,</span> 
     </span>
    </p>
   </div>
   <div class='ocr_carea' id='block_1_64' title="bbox 364 4518 2013 4590">
    <p class='ocr_par' dir='ltr' id='par_1_64' title="bbox 364 4518 2013 4590">
     <span class='ocr_line' id='line_1_64' title="bbox 364 4518 2013 4590; baseline -0.001 -16"><span class='ocrx_word' id='word_1_504' title='bbox 364 4525 421 4574; x_wconf 89' lang='lat' dir='ltr'>et</span> <span class='ocrx_word' id='word_1_505' title='bbox 461 4519 608 4574; x_wconf 87' lang='lat' dir='ltr'>alter</span> <span class='ocrx_word' id='word_1_506' title='bbox 655 4519 962 4589; x_wconf 88' lang='lat' dir='ltr'>interpres,</span> <span class='ocrx_word' id='word_1_507' title='bbox 998 4541 1024 4569; x_wconf 84' lang='lat'><strong>«</strong></span> <span class='ocrx_word' id='word_1_508' title='bbox 1060 4519 1265 4574; x_wconf 85' lang='lat' dir='ltr'>haeresi</span> <span class='ocrx_word' id='word_1_509' title='bbox 1311 4523 1366 4574; x_wconf 90' lang='lat' dir='ltr'>et</span> <span class='ocrx_word' id='word_1_510' title='bbox 1410 4518 1654 4590; x_wconf 90' lang='lat' dir='ltr'>reliquis</span> <span class='ocrx_word' id='word_1_511' title='bbox 1709 4519 2013 4574; x_wconf 89' lang='lat' dir='ltr'>incantan-</span> 
     </span>
    </p>
   </div>
   <div class='ocr_carea' id='block_1_65' title="bbox 363 4608 2096 4683">
    <p class='ocr_par' dir='ltr' id='par_1_65' title="bbox 363 4608 2096 4683">
     <span class='ocr_line' id='line_1_65' title="bbox 363 4608 2096 4683; baseline -0.002 -19"><span class='ocrx_word' id='word_1_512' title='bbox 363 4610 513 4665; x_wconf 85' lang='lat' dir='ltr'>tium</span> <span class='ocrx_word' id='word_1_513' title='bbox 541 4625 607 4664; x_wconf 90' lang='lat' dir='ltr'>ac</span> <span class='ocrx_word' id='word_1_514' title='bbox 637 4608 1009 4664; x_wconf 89' lang='lat' dir='ltr'>illicientium</span> <span class='ocrx_word' id='word_1_515' title='bbox 1044 4608 1527 4667; x_wconf 83' lang='lat' dir='ltr'>muliercularum</span> <span class='ocrx_word' id='word_1_516' title='bbox 1556 4608 2014 4681; x_wconf 83' lang='lat' dir='ltr'>voluptatibus.»</span> <span class='ocrx_word' id='word_1_517' title='bbox 2049 4619 2096 4683; x_wconf 83' lang='lat' dir='ltr'>D</span> 
     </span>
    </p>
   </div>
   <div class='ocr_carea' id='block_1_66' title="bbox 2125 1927 3792 2001">
    <p class='ocr_par' dir='ltr' id='par_1_66' title="bbox 2125 1927 3792 2001">
     <span class='ocr_line' id='line_1_66' title="bbox 2125 1927 3792 2001; baseline 0.001 -19"><span class='ocrx_word' id='word_1_518' title='bbox 2125 1932 2252 1982; x_wconf 74' lang='grc' dir='ltr'>κοῦν</span> <span class='ocrx_word' id='word_1_519' title='bbox 2282 1930 2617 2001; x_wconf 85' lang='lat' dir='ltr'>signiﬁcare</span> <span class='ocrx_word' id='word_1_520' title='bbox 2665 1947 2797 1986; x_wconf 89' lang='lat' dir='ltr'>esse</span> <span class='ocrx_word' id='word_1_521' title='bbox 2827 1935 2885 1985; x_wconf 89' lang='lat' dir='ltr'>et</span> <span class='ocrx_word' id='word_1_522' title='bbox 2912 1934 3192 1984; x_wconf 69' lang='lat' dir='ltr'>aeternam</span> <span class='ocrx_word' id='word_1_523' title='bbox 3243 1927 3696 1984; x_wconf 87' lang='lat' dir='ltr'>subsistentiam</span> <span class='ocrx_word' id='word_1_524' title='bbox 3731 1934 3792 1984; x_wconf 89' lang='lat' dir='ltr'>et</span> 
     </span>
    </p>
   </div>
   <div class='ocr_carea' id='block_1_67' title="bbox 2125 2017 3793 2091">
    <p class='ocr_par' dir='ltr' id='par_1_67' title="bbox 2125 2017 3793 2091">
     <span class='ocr_line' id='line_1_67' title="bbox 2125 2017 3793 2091; baseline -0.001 -17"><span class='ocrx_word' id='word_1_525' title='bbox 2125 2019 2559 2091; x_wconf 87' lang='lat' dir='ltr'>generationem</span> <span class='ocrx_word' id='word_1_526' title='bbox 2610 2019 2758 2087; x_wconf 90' lang='lat' dir='ltr'>Filii,</span> <span class='ocrx_word' id='word_1_527' title='bbox 2812 2017 3290 2088; x_wconf 83' lang='lat' dir='ltr'>quandoquidem</span> <span class='ocrx_word' id='word_1_528' title='bbox 3341 2018 3412 2071; x_wconf 91' lang='lat' dir='ltr'>de</span> <span class='ocrx_word' id='word_1_529' title='bbox 3452 2018 3675 2087; x_wconf 89' lang='lat' dir='ltr'>Spiritu</span> <span class='ocrx_word' id='word_1_530' title='bbox 3731 2022 3793 2073; x_wconf 88' lang='lat' dir='ltr'>et</span> 
     </span>
    </p>
   </div>
   <div class='ocr_carea' id='block_1_68' title="bbox 2126 2106 3789 2179">
    <p class='ocr_par' dir='ltr' id='par_1_68' title="bbox 2126 2106 3789 2179">
     <span class='ocr_line' id='line_1_68' title="bbox 2126 2106 3789 2179; baseline -0.001 -17"><span class='ocrx_word' id='word_1_531' title='bbox 2126 2114 2342 2162; x_wconf 65' lang='lat' dir='ltr'>aeterna</span> <span class='ocrx_word' id='word_1_532' title='bbox 2363 2110 2489 2178; x_wconf 89' lang='lat' dir='ltr'>ejus</span> <span class='ocrx_word' id='word_1_533' title='bbox 2515 2108 2888 2179; x_wconf 89' lang='lat' dir='ltr'>processione</span> <span class='ocrx_word' id='word_1_534' title='bbox 2916 2107 3143 2174; x_wconf 87' lang='lat' dir='ltr'>dicitur,</span> <span class='ocrx_word' id='word_1_535' title='bbox 3177 2106 3402 2162; x_wconf 85' lang='lat' dir='ltr'>dicente</span> <span class='ocrx_word' id='word_1_536' title='bbox 3433 2107 3602 2162; x_wconf 85' lang='lat' dir='ltr'>beato</span> <span class='ocrx_word' id='word_1_537' title='bbox 3625 2107 3789 2162; x_wconf 85' lang='lat' dir='ltr'>Basi-</span> 
     </span>
    </p>
   </div>
   <div class='ocr_carea' id='block_1_69' title="bbox 2127 2193 3785 2268">
    <p class='ocr_par' dir='ltr' id='par_1_69' title="bbox 2127 2193 3785 2268">
     <span class='ocr_line' id='line_1_69' title="bbox 2127 2193 3785 2268; baseline -0.002 -16"><span class='ocrx_word' id='word_1_538' title='bbox 2127 2197 2204 2252; x_wconf 85' lang='lat' dir='ltr'>lio</span> <span class='ocrx_word' id='word_1_539' title='bbox 2237 2199 2309 2252; x_wconf 91' lang='lat' dir='ltr'>de</span> <span class='ocrx_word' id='word_1_540' title='bbox 2337 2198 2556 2268; x_wconf 85' lang='lat' dir='ltr'>Spiritu</span> <span class='ocrx_word' id='word_1_541' title='bbox 2582 2202 2786 2253; x_wconf 81' lang='lat' dir='ltr'>sancto</span> <span class='ocrx_word' id='word_1_542' title='bbox 2820 2195 2906 2249; x_wconf 74' lang='grc' dir='ltr'>ὲπὶ</span> <span class='ocrx_word' id='word_1_543' title='bbox 2935 2198 3033 2249; x_wconf 78' lang='grc' dir='ltr'>τοῦ</span> <span class='ocrx_word' id='word_1_544' title='bbox 3067 2193 3382 2266; x_wconf 82' lang='grc' dir='ltr'>Πνεύματος</span> <span class='ocrx_word' id='word_1_545' title='bbox 3422 2194 3511 2248; x_wconf 83' lang='grc' dir='ltr'>καὶ</span> <span class='ocrx_word' id='word_1_546' title='bbox 3544 2201 3645 2263; x_wconf 85' lang='grc' dir='ltr'>τῆς</span> <span class='ocrx_word' id='word_1_547' title='bbox 3682 2194 3785 2249; x_wconf 81' lang='grc' dir='ltr'>ὑπ-</span> 
     </span>
    </p>
   </div>
   <div class='ocr_carea' id='block_1_70' title="bbox 2128 2282 3790 2360">
    <p class='ocr_par' dir='ltr' id='par_1_70' title="bbox 2128 2282 3790 2360">
     <span class='ocr_line' id='line_1_70' title="bbox 2128 2282 3790 2360; baseline 0.001 -21"><span class='ocrx_word' id='word_1_548' title='bbox 2128 2292 2388 2360; x_wconf 78' lang='grc' dir='ltr'>αρκτικῆς</span> <span class='ocrx_word' id='word_1_549' title='bbox 2417 2283 2581 2343; x_wconf 80' lang='grc' dir='ltr'>αὐτοῦ</span> <span class='ocrx_word' id='word_1_550' title='bbox 2610 2282 2878 2358; x_wconf 80' lang='grc' dir='ltr'>προόδου,</span> <span class='ocrx_word' id='word_1_551' title='bbox 2911 2287 3062 2357; x_wconf 87' lang='lat' dir='ltr'>quod</span> <span class='ocrx_word' id='word_1_552' title='bbox 3114 2285 3405 2356; x_wconf 84' lang='lat' dir='ltr'>reperitur</span> <span class='ocrx_word' id='word_1_553' title='bbox 3451 2285 3511 2339; x_wconf 86' lang='lat' dir='ltr'>in</span> <span class='ocrx_word' id='word_1_554' title='bbox 3562 2285 3673 2340; x_wconf 88' lang='lat' dir='ltr'>hoc</span> <span class='ocrx_word' id='word_1_555' title='bbox 3706 2287 3790 2341; x_wconf 81' lang='lat' dir='ltr'>lo-</span> 
     </span>
    </p>
   </div>
   <div class='ocr_carea' id='block_1_71' title="bbox 2128 2367 3786 2448">
    <p class='ocr_par' dir='ltr' id='par_1_71' title="bbox 2128 2367 3786 2448">
     <span class='ocr_line' id='line_1_71' title="bbox 2128 2367 3786 2448; baseline -0.002 -16"><span class='ocrx_word' id='word_1_556' title='bbox 2128 2394 2215 2443; x_wconf 90' lang='lat' dir='ltr'>co,</span> <span class='ocrx_word' id='word_1_557' title='bbox 2248 2375 2309 2429; x_wconf 91' lang='grc' dir='ltr'>τὸ</span> <span class='ocrx_word' id='word_1_558' title='bbox 2344 2378 2564 2446; x_wconf 77' lang='grc' dir='ltr'>Πνεῦμα</span> <span class='ocrx_word' id='word_1_559' title='bbox 2611 2371 2767 2427; x_wconf 71' lang='grc' dir='ltr'>οὐδὲν</span> <span class='ocrx_word' id='word_1_560' title='bbox 2805 2367 2934 2448; x_wconf 81' lang='grc' dir='ltr'>ἕχον</span> <span class='ocrx_word' id='word_1_561' title='bbox 2986 2372 3125 2428; x_wconf 75' lang='grc' dir='ltr'>ἐστὶν</span> <span class='ocrx_word' id='word_1_562' title='bbox 3173 2373 3462 2443; x_wconf 78' lang='grc' dir='ltr'>ἐπίκτητον</span> <span class='ocrx_word' id='word_1_563' title='bbox 3509 2372 3564 2428; x_wconf 80' lang='grc' dir='ltr'>ὲν</span> <span class='ocrx_word' id='word_1_564' title='bbox 3606 2373 3786 2446; x_wconf 72' lang='grc' dir='ltr'>ἑαυτῷ</span> 
     </span>
    </p>
   </div>
   <div class='ocr_carea' id='block_1_72' title="bbox 2130 2461 3784 2538">
    <p class='ocr_par' dir='ltr' id='par_1_72' title="bbox 2130 2461 3784 2538">
     <span class='ocr_line' id='line_1_72' title="bbox 2130 2461 3784 2538; baseline 0.001 -20"><span class='ocrx_word' id='word_1_565' title='bbox 2130 2462 2258 2518; x_wconf 82' lang='grc' dir='ltr'>ἁλλ’</span> <span class='ocrx_word' id='word_1_566' title='bbox 2288 2461 2476 2526; x_wconf 74' lang='grc' dir='ltr'>ἅϊὸίως</span> <span class='ocrx_word' id='word_1_567' title='bbox 2517 2463 2694 2518; x_wconf 77' lang='grc' dir='ltr'>πάντα</span> <span class='ocrx_word' id='word_1_568' title='bbox 2715 2461 2853 2538; x_wconf 68' lang='grc' dir='ltr'><strong>ἔχει·</strong></span> <span class='ocrx_word' id='word_1_569' title='bbox 2885 2488 2912 2514; x_wconf 89' lang='grc'>‹‹</span> <span class='ocrx_word' id='word_1_570' title='bbox 2946 2463 3037 2519; x_wconf 89' lang='lat' dir='ltr'>Nii</span> <span class='ocrx_word' id='word_1_571' title='bbox 3071 2462 3457 2519; x_wconf 81' lang='lat' dir='ltr'>adventitium</span> <span class='ocrx_word' id='word_1_572' title='bbox 3490 2464 3547 2518; x_wconf 89' lang='lat' dir='ltr'>in</span> <span class='ocrx_word' id='word_1_573' title='bbox 3583 2480 3645 2520; x_wconf 88' lang='lat' dir='ltr'>se</span> <span class='ocrx_word' id='word_1_574' title='bbox 3675 2464 3784 2519; x_wconf 86' lang='lat' dir='ltr'>ha-</span> 
     </span>
    </p>
   </div>
   <div class='ocr_carea' id='block_1_73' title="bbox 2127 2553 3783 2625">
    <p class='ocr_par' dir='ltr' id='par_1_73' title="bbox 2127 2553 3783 2625">
     <span class='ocr_line' id='line_1_73' title="bbox 2127 2553 3783 2625; baseline 0 -15"><span class='ocrx_word' id='word_1_575' title='bbox 2127 2555 2246 2625; x_wconf 86' lang='lat' dir='ltr'>bet,</span> <span class='ocrx_word' id='word_1_576' title='bbox 2279 2556 2377 2610; x_wconf 90' lang='lat' dir='ltr'>sed</span> <span class='ocrx_word' id='word_1_577' title='bbox 2412 2554 2762 2610; x_wconf 69' lang='lat' dir='ltr'>aeternaliter</span> <span class='ocrx_word' id='word_1_578' title='bbox 2787 2555 2986 2609; x_wconf 88' lang='lat' dir='ltr'>omnia</span> <span class='ocrx_word' id='word_1_579' title='bbox 3007 2553 3184 2608; x_wconf 87' lang='lat' dir='ltr'>habet</span> <span class='ocrx_word' id='word_1_580' title='bbox 3215 2558 3497 2624; x_wconf 88' lang='lat' dir='ltr'>tanquam</span> <span class='ocrx_word' id='word_1_581' title='bbox 3531 2553 3783 2624; x_wconf 78' lang='lat' dir='ltr'>Spiritus</span> 
     </span>
    </p>
   </div>
   <div class='ocr_carea' id='block_1_74' title="bbox 2127 2642 3781 2714">
    <p class='ocr_par' dir='ltr' id='par_1_74' title="bbox 2127 2642 3781 2714">
     <span class='ocr_line' id='line_1_74' title="bbox 2127 2642 3781 2714; baseline -0.001 -15"><span class='ocrx_word' id='word_1_582' title='bbox 2127 2645 2228 2700; x_wconf 88' lang='lat' dir='ltr'>Dei</span> <span class='ocrx_word' id='word_1_583' title='bbox 2253 2651 2308 2699; x_wconf 88' lang='lat' dir='ltr'>ot</span> <span class='ocrx_word' id='word_1_584' title='bbox 2339 2661 2408 2699; x_wconf 88' lang='lat' dir='ltr'>ex</span> <span class='ocrx_word' id='word_1_585' title='bbox 2439 2661 2504 2699; x_wconf 91' lang='lat' dir='ltr'>eo</span> <span class='ocrx_word' id='word_1_586' title='bbox 2538 2645 2971 2699; x_wconf 83' lang='lat' dir='ltr'>manifestatus.</span> <span class='ocrx_word' id='word_1_587' title='bbox 2995 2666 3023 2692; x_wconf 91' lang='grc'><strong>››</strong></span> <span class='ocrx_word' id='word_1_588' title='bbox 3046 2643 3166 2698; x_wconf 88' lang='lat' dir='ltr'>Hoc</span> <span class='ocrx_word' id='word_1_589' title='bbox 3189 2642 3397 2698; x_wconf 90' lang='lat' dir='ltr'>melius</span> <span class='ocrx_word' id='word_1_590' title='bbox 3420 2643 3696 2714; x_wconf 84' lang='lat' dir='ltr'>exprimit</span> <span class='ocrx_word' id='word_1_591' title='bbox 3718 2643 3781 2697; x_wconf 82' lang='grc' dir='ltr'>τὸ</span> 
     </span>
    </p>
   </div>
   <div class='ocr_carea' id='block_1_75' title="bbox 2125 2731 3782 2809">
    <p class='ocr_par' dir='ltr' id='par_1_75' title="bbox 2125 2731 3782 2809">
     <span class='ocr_line' id='line_1_75' title="bbox 2125 2731 3782 2809; baseline 0.002 -24"><span class='ocrx_word' id='word_1_592' title='bbox 2125 2731 2368 2809; x_wconf 47' lang='lat' dir='ltr'>«eam;</span> <span class='ocrx_word' id='word_1_593' title='bbox 2423 2749 2600 2803; x_wconf 90' lang='lat' dir='ltr'>quam</span> <span class='ocrx_word' id='word_1_594' title='bbox 2640 2737 3008 2802; x_wconf 88' lang='lat' dir='ltr'>Trapezunt.,</span> <span class='ocrx_word' id='word_1_595' title='bbox 3047 2753 3075 2782; x_wconf 76' lang='grc' dir='ltr'>«ε</span> <span class='ocrx_word' id='word_1_596' title='bbox 3107 2731 3387 2794; x_wconf 85' lang='lat' dir='ltr'>existens.</span> <span class='ocrx_word' id='word_1_597' title='bbox 3422 2755 3444 2785; x_wconf 78' lang='grc' dir='ltr'><strong><em>ι</em></strong></span> <span class='ocrx_word' id='word_1_598' title='bbox 3494 2731 3584 2787; x_wconf 88' lang='lat' dir='ltr'>vel</span> <span class='ocrx_word' id='word_1_599' title='bbox 3633 2732 3782 2788; x_wconf 87' lang='lat' dir='ltr'>alter</span> 
     </span>
    </p>
   </div>
   <div class='ocr_carea' id='block_1_76' title="bbox 2129 2820 3775 2894">
    <p class='ocr_par' dir='ltr' id='par_1_76' title="bbox 2129 2820 3775 2894">
     <span class='ocr_line' id='line_1_76' title="bbox 2129 2820 3775 2894; baseline 0.001 -17"><span class='ocrx_word' id='word_1_600' title='bbox 2129 2823 2421 2894; x_wconf 86' lang='lat' dir='ltr'>interpres</span> <span class='ocrx_word' id='word_1_601' title='bbox 2471 2820 2746 2891; x_wconf 67' lang='lat' dir='ltr'>homiliaa,</span> <span class='ocrx_word' id='word_1_602' title='bbox 2781 2845 2808 2871; x_wconf 88' lang='grc'><strong>‹‹</strong></span> <span class='ocrx_word' id='word_1_603' title='bbox 2843 2827 2898 2876; x_wconf 88' lang='lat' dir='ltr'>et</span> <span class='ocrx_word' id='word_1_604' title='bbox 2928 2838 2998 2875; x_wconf 87' lang='lat' dir='ltr'>ex</span> <span class='ocrx_word' id='word_1_605' title='bbox 3028 2821 3145 2876; x_wconf 91' lang='lat' dir='ltr'>Deo</span> <span class='ocrx_word' id='word_1_606' title='bbox 3195 2821 3472 2890; x_wconf 87' lang='lat' dir='ltr'>prodiens</span> <span class='ocrx_word' id='word_1_607' title='bbox 3513 2838 3525 2876; x_wconf 89' lang='lat'>:</span> <span class='ocrx_word' id='word_1_608' title='bbox 3563 2847 3584 2873; x_wconf 77' lang='grc' dir='ltr'><strong><em>ι</em></strong></span> <span class='ocrx_word' id='word_1_609' title='bbox 3625 2823 3775 2878; x_wconf 91' lang='lat' dir='ltr'>unde</span> 
     </span>
    </p>
   </div>
   <div class='ocr_carea' id='block_1_77' title="bbox 2130 2909 3768 2982">
    <p class='ocr_par' dir='ltr' id='par_1_77' title="bbox 2130 2909 3768 2982">
     <span class='ocr_line' id='line_1_77' title="bbox 2130 2909 3768 2982; baseline -0.001 -15"><span class='ocrx_word' id='word_1_610' title='bbox 2130 2911 2426 2967; x_wconf 91' lang='lat' dir='ltr'>concludit</span> <span class='ocrx_word' id='word_1_611' title='bbox 2456 2911 2782 2975; x_wconf 88' lang='lat' dir='ltr'>Bessarion,</span> <span class='ocrx_word' id='word_1_612' title='bbox 2816 2910 2970 2982; x_wconf 89' lang='lat' dir='ltr'>quod</span> <span class='ocrx_word' id='word_1_613' title='bbox 3017 2909 3159 2964; x_wconf 87' lang='lat' dir='ltr'>dixit</span> <span class='ocrx_word' id='word_1_614' title='bbox 3208 2909 3525 2981; x_wconf 88' lang='lat' dir='ltr'>Gregorius</span> <span class='ocrx_word' id='word_1_615' title='bbox 3569 2911 3768 2982; x_wconf 80' lang='lat' dir='ltr'>Nysse-</span> 
     </span>
    </p>
   </div>
   <div class='ocr_carea' id='block_1_78' title="bbox 2129 2996 3764 3074">
    <p class='ocr_par' dir='ltr' id='par_1_78' title="bbox 2129 2996 3764 3074">
     <span class='ocr_line' id='line_1_78' title="bbox 2129 2996 3764 3074; baseline -0.001 -19"><span class='ocrx_word' id='word_1_616' title='bbox 2129 3017 2262 3066; x_wconf 89' lang='lat' dir='ltr'>nus,</span> <span class='ocrx_word' id='word_1_617' title='bbox 2298 2998 2372 3060; x_wconf 84' lang='grc' dir='ltr'>ὡς</span> <span class='ocrx_word' id='word_1_618' title='bbox 2405 2996 2474 3052; x_wconf 84' lang='grc' dir='ltr'>δι’</span> <span class='ocrx_word' id='word_1_619' title='bbox 2505 2999 2632 3052; x_wconf 82' lang='grc' dir='ltr'>Υἱοῦ</span> <span class='ocrx_word' id='word_1_620' title='bbox 2664 2998 2870 3074; x_wconf 69' lang='grc' dir='ltr'>πέφηνε</span> <span class='ocrx_word' id='word_1_621' title='bbox 2895 3002 3010 3058; x_wconf 86' lang='grc' dir='ltr'>τοῖς</span> <span class='ocrx_word' id='word_1_622' title='bbox 3041 2997 3375 3070; x_wconf 76' lang='grc' dir='ltr'>ἀνθρώποις,</span> <span class='ocrx_word' id='word_1_623' title='bbox 3413 3020 3438 3051; x_wconf 75' lang='grc' dir='ltr'>α</span> <span class='ocrx_word' id='word_1_624' title='bbox 3473 2999 3614 3070; x_wconf 90' lang='lat' dir='ltr'>quod</span> <span class='ocrx_word' id='word_1_625' title='bbox 3645 2999 3764 3070; x_wconf 83' lang='lat' dir='ltr'>Spi-</span> 
     </span>
    </p>
   </div>
   <div class='ocr_carea' id='block_1_79' title="bbox 2128 3087 3776 3160">
    <p class='ocr_par' dir='ltr' id='par_1_79' title="bbox 2128 3087 3776 3160">
     <span class='ocr_line' id='line_1_79' title="bbox 2128 3087 3776 3160; baseline 0.001 -17"><span class='ocrx_word' id='word_1_626' title='bbox 2128 3090 2278 3143; x_wconf 86' lang='lat' dir='ltr'>ritus</span> <span class='ocrx_word' id='word_1_627' title='bbox 2311 3105 2412 3160; x_wconf 69' lang='lat' dir='ltr'>p&#39;?r</span> <span class='ocrx_word' id='word_1_628' title='bbox 2443 3088 2652 3143; x_wconf 89' lang='lat' dir='ltr'>Filium</span> <span class='ocrx_word' id='word_1_629' title='bbox 2689 3088 2764 3145; x_wconf 87' lang='lat' dir='ltr'>sit</span> <span class='ocrx_word' id='word_1_630' title='bbox 2795 3088 3229 3154; x_wconf 82' lang='lat' dir='ltr'>manifestatus,</span> <span class='ocrx_word' id='word_1_631' title='bbox 3269 3103 3404 3142; x_wconf 89' lang='lat' dir='ltr'>eum</span> <span class='ocrx_word' id='word_1_632' title='bbox 3438 3087 3776 3144; x_wconf 85' lang='lat' dir='ltr'>hominibus</span> 
     </span>
    </p>
   </div>
   <div class='ocr_carea' id='block_1_80' title="bbox 2126 3172 3780 3250">
    <p class='ocr_par' dir='ltr' id='par_1_80' title="bbox 2126 3172 3780 3250">
     <span class='ocr_line' id='line_1_80' title="bbox 2126 3172 3780 3250; baseline -0.002 -18"><span class='ocrx_word' id='word_1_633' title='bbox 2126 3179 2492 3233; x_wconf 82' lang='lat' dir='ltr'>notiﬁcatum</span> <span class='ocrx_word' id='word_1_634' title='bbox 2527 3193 2654 3232; x_wconf 89' lang='lat' dir='ltr'>esse</span> <span class='ocrx_word' id='word_1_635' title='bbox 2687 3176 3106 3248; x_wconf 86' lang='lat' dir='ltr'>temporaiiter,</span> <span class='ocrx_word' id='word_1_636' title='bbox 3140 3200 3167 3224; x_wconf 80' lang='grc' dir='ltr'>ι»</span> <span class='ocrx_word' id='word_1_637' title='bbox 3199 3174 3261 3229; x_wconf 86' lang='grc' dir='ltr'>τὸ</span> <span class='ocrx_word' id='word_1_638' title='bbox 3294 3172 3363 3229; x_wconf 87' lang='grc' dir='ltr'>δι’</span> <span class='ocrx_word' id='word_1_639' title='bbox 3407 3175 3536 3229; x_wconf 69' lang='grc' dir='ltr'>1⁸ἱοῦ</span> <span class='ocrx_word' id='word_1_640' title='bbox 3565 3175 3780 3250; x_wconf 80' lang='grc' dir='ltr'>ἀνθρώ-</span> 
     </span>
    </p>
   </div>
   <div class='ocr_carea' id='block_1_81' title="bbox 2129 3260 3782 3340">
    <p class='ocr_par' dir='ltr' id='par_1_81' title="bbox 2129 3260 3782 3340">
     <span class='ocr_line' id='line_1_81' title="bbox 2129 3260 3782 3340; baseline 0 -21"><span class='ocrx_word' id='word_1_641' title='bbox 2129 3285 2253 3326; x_wconf 87' lang='grc' dir='ltr'>ποις</span> <span class='ocrx_word' id='word_1_642' title='bbox 2283 3267 2586 3339; x_wconf 73' lang='grc' dir='ltr'>γνωσθὴναι</span> <span class='ocrx_word' id='word_1_643' title='bbox 2613 3263 2662 3318; x_wconf 74' lang='grc' dir='ltr'>ἐν</span> <span class='ocrx_word' id='word_1_644' title='bbox 2697 3265 2885 3340; x_wconf 87' lang='grc' dir='ltr'>χρόνῳ</span> <span class='ocrx_word' id='word_1_645' title='bbox 2912 3263 3001 3318; x_wconf 82' lang='grc' dir='ltr'>καὶ</span> <span class='ocrx_word' id='word_1_646' title='bbox 3034 3260 3104 3318; x_wconf 86' lang='grc' dir='ltr'>δι’</span> <span class='ocrx_word' id='word_1_647' title='bbox 3136 3264 3264 3318; x_wconf 80' lang='grc' dir='ltr'>Υἱοῦ</span> <span class='ocrx_word' id='word_1_648' title='bbox 3293 3264 3391 3332; x_wconf 78' lang='grc' dir='ltr'>τὴν</span> <span class='ocrx_word' id='word_1_649' title='bbox 3438 3261 3612 3319; x_wconf 77' lang='grc' dir='ltr'>ἀΐδιον</span> <span class='ocrx_word' id='word_1_650' title='bbox 3647 3263 3782 3319; x_wconf 73' lang='grc' dir='ltr'>ὕπα-</span> 
     </span>
    </p>
   </div>
   <div class='ocr_carea' id='block_1_82' title="bbox 2131 3349 3787 3431">
    <p class='ocr_par' dir='ltr' id='par_1_82' title="bbox 2131 3349 3787 3431">
     <span class='ocr_line' id='line_1_82' title="bbox 2131 3349 3787 3431; baseline 0.001 -21"><span class='ocrx_word' id='word_1_651' title='bbox 2131 3358 2240 3431; x_wconf 81' lang='grc' dir='ltr'>ρξιν</span> <span class='ocrx_word' id='word_1_652' title='bbox 2273 3349 2442 3430; x_wconf 79' lang='grc' dir='ltr'>ἔχειν·</span> <span class='ocrx_word' id='word_1_653' title='bbox 2478 3380 2505 3407; x_wconf 83' lang='grc'><strong>‹‹</strong></span> <span class='ocrx_word' id='word_1_654' title='bbox 2539 3362 2596 3412; x_wconf 86' lang='lat' dir='ltr'>et</span> <span class='ocrx_word' id='word_1_655' title='bbox 2629 3356 2780 3428; x_wconf 89' lang='lat' dir='ltr'>quod</span> <span class='ocrx_word' id='word_1_656' title='bbox 2813 3371 2916 3427; x_wconf 90' lang='lat' dir='ltr'>per</span> <span class='ocrx_word' id='word_1_657' title='bbox 2945 3354 3154 3411; x_wconf 89' lang='lat' dir='ltr'>Filium</span> <span class='ocrx_word' id='word_1_658' title='bbox 3187 3356 3542 3411; x_wconf 67' lang='lat' dir='ltr'>eternaliter</span> <span class='ocrx_word' id='word_1_659' title='bbox 3571 3356 3787 3427; x_wconf 88' lang='lat' dir='ltr'>produ-</span> 
     </span>
    </p>
   </div>
   <div class='ocr_carea' id='block_1_83' title="bbox 2130 3452 2380 3504">
    <p class='ocr_par' dir='ltr' id='par_1_83' title="bbox 2130 3452 2380 3504">
     <span class='ocr_line' id='line_1_83' title="bbox 2130 3452 2380 3504; baseline -0.02 0"><span class='ocrx_word' id='word_1_660' title='bbox 2130 3452 2316 3504; x_wconf 87' lang='lat' dir='ltr'>catur.</span> <span class='ocrx_word' id='word_1_661' title='bbox 2354 3469 2380 3494; x_wconf 76' lang='grc' dir='ltr'><em>η</em></span> 
     </span>
    </p>
   </div>
   <div class='ocr_carea' id='block_1_84' title="bbox 2201 3531 3785 3602">
    <p class='ocr_par' dir='ltr' id='par_1_84' title="bbox 2201 3531 3785 3602">
     <span class='ocr_line' id='line_1_84' title="bbox 2201 3531 3785 3602; baseline -0.002 -11"><span class='ocrx_word' id='word_1_662' title='bbox 2201 3535 2322 3592; x_wconf 90' lang='lat' dir='ltr'>Col.</span> <span class='ocrx_word' id='word_1_663' title='bbox 2353 3535 2461 3588; x_wconf 84' lang='grc'><strong>774</strong></span> <span class='ocrx_word' id='word_1_664' title='bbox 2503 3534 2666 3588; x_wconf 83' lang='lat' dir='ltr'>A10.</span> <span class='ocrx_word' id='word_1_665' title='bbox 2718 3531 2883 3588; x_wconf 80' lang='lat' dir='ltr'>Multi</span> <span class='ocrx_word' id='word_1_666' title='bbox 2927 3537 3074 3588; x_wconf 78' lang='lat' dir='ltr'>sunt.</span> <span class='ocrx_word' id='word_1_667' title='bbox 3127 3532 3512 3589; x_wconf 83' lang='lat' dir='ltr'>Restituimus</span> <span class='ocrx_word' id='word_1_668' title='bbox 3563 3548 3785 3602; x_wconf 64' lang='lat' dir='ltr'>praece-</span> 
     </span>
    </p>
   </div>
   <div class='ocr_carea' id='block_1_85' title="bbox 2131 3621 3786 3694">
    <p class='ocr_par' dir='ltr' id='par_1_85' title="bbox 2131 3621 3786 3694">
     <span class='ocr_line' id='line_1_85' title="bbox 2131 3621 3786 3694; baseline -0.002 -14"><span class='ocrx_word' id='word_1_669' title='bbox 2131 3626 2364 3680; x_wconf 88' lang='lat' dir='ltr'>dentem</span> <span class='ocrx_word' id='word_1_670' title='bbox 2395 3623 2590 3678; x_wconf 90' lang='lat' dir='ltr'>locum</span> <span class='ocrx_word' id='word_1_671' title='bbox 2621 3639 2651 3678; x_wconf 92' lang='lat' dir='ltr'>e</span> <span class='ocrx_word' id='word_1_672' title='bbox 2681 3621 2878 3678; x_wconf 70' lang='lat' dir='ltr'>Graeco</span> <span class='ocrx_word' id='word_1_673' title='bbox 2903 3641 2916 3691; x_wconf 87' lang='lat'><strong>;</strong></span> <span class='ocrx_word' id='word_1_674' title='bbox 2949 3621 3101 3676; x_wconf 89' lang='lat' dir='ltr'>male</span> <span class='ocrx_word' id='word_1_675' title='bbox 3125 3622 3283 3678; x_wconf 87' lang='lat' dir='ltr'>enim</span> <span class='ocrx_word' id='word_1_676' title='bbox 3313 3622 3465 3694; x_wconf 92' lang='lat' dir='ltr'>apud</span> <span class='ocrx_word' id='word_1_677' title='bbox 3486 3622 3786 3693; x_wconf 87' lang='lat' dir='ltr'>interpre-</span> 
     </span>
    </p>
   </div>
   <div class='ocr_carea' id='block_1_86' title="bbox 2131 3710 3786 3784">
    <p class='ocr_par' dir='ltr' id='par_1_86' title="bbox 2131 3710 3786 3784">
     <span class='ocr_line' id='line_1_86' title="bbox 2131 3710 3786 3784; baseline -0.001 -16"><span class='ocrx_word' id='word_1_678' title='bbox 2131 3717 2248 3768; x_wconf 90' lang='lat' dir='ltr'>tem</span> <span class='ocrx_word' id='word_1_679' title='bbox 2304 3711 2628 3784; x_wconf 88' lang='lat' dir='ltr'>legebatur,</span> <span class='ocrx_word' id='word_1_680' title='bbox 2666 3734 2686 3760; x_wconf 81' lang='grc' dir='ltr'>ι</span> <span class='ocrx_word' id='word_1_681' title='bbox 2714 3713 2789 3766; x_wconf 85' lang='lat' dir='ltr'>Ac</span> <span class='ocrx_word' id='word_1_682' title='bbox 2827 3729 3033 3767; x_wconf 87' lang='lat' dir='ltr'>rursus</span> <span class='ocrx_word' id='word_1_683' title='bbox 3081 3711 3297 3784; x_wconf 87' lang='lat' dir='ltr'>inquit,</span> <span class='ocrx_word' id='word_1_684' title='bbox 3351 3710 3638 3766; x_wconf 88' lang='lat' dir='ltr'>Docibiles</span> <span class='ocrx_word' id='word_1_685' title='bbox 3677 3711 3786 3767; x_wconf 90' lang='lat' dir='ltr'>Dei</span> 
     </span>
    </p>
   </div>
   <div class='ocr_carea' id='block_1_87' title="bbox 2129 3801 3784 3874">
    <p class='ocr_par' dir='ltr' id='par_1_87' title="bbox 2129 3801 3784 3874">
     <span class='ocr_line' id='line_1_87' title="bbox 2129 3801 3784 3874; baseline -0.001 -16"><span class='ocrx_word' id='word_1_686' title='bbox 2129 3809 2340 3859; x_wconf 86' lang='lat' dir='ltr'>erunt:</span> <span class='ocrx_word' id='word_1_687' title='bbox 2369 3823 2396 3851; x_wconf 74' lang='grc' dir='ltr'>»ι</span> <span class='ocrx_word' id='word_1_688' title='bbox 2425 3803 2576 3857; x_wconf 86' lang='lat' dir='ltr'>hunc</span> <span class='ocrx_word' id='word_1_689' title='bbox 2596 3817 2728 3856; x_wconf 86' lang='lat' dir='ltr'>vero</span> <span class='ocrx_word' id='word_1_690' title='bbox 2753 3801 2832 3856; x_wconf 89' lang='lat' dir='ltr'>ita</span> <span class='ocrx_word' id='word_1_691' title='bbox 2858 3802 3050 3856; x_wconf 54' lang='lat' dir='ltr'>Graece</span> <span class='ocrx_word' id='word_1_692' title='bbox 3071 3808 3419 3874; x_wconf 88' lang='lat' dir='ltr'>conceptum</span> <span class='ocrx_word' id='word_1_693' title='bbox 3441 3801 3669 3855; x_wconf 87' lang='lat' dir='ltr'>videtur</span> <span class='ocrx_word' id='word_1_694' title='bbox 3690 3818 3784 3856; x_wconf 88' lang='lat' dir='ltr'>re-</span> 
     </span>
    </p>
   </div>
   <div class='ocr_carea' id='block_1_88' title="bbox 2131 3886 3781 3965">
    <p class='ocr_par' dir='ltr' id='par_1_88' title="bbox 2131 3886 3781 3965">
     <span class='ocr_line' id='line_1_88' title="bbox 2131 3886 3781 3965; baseline -0.004 -18"><span class='ocrx_word' id='word_1_695' title='bbox 2131 3893 2351 3965; x_wconf 88' lang='lat' dir='ltr'>perisse</span> <span class='ocrx_word' id='word_1_696' title='bbox 2403 3891 2849 3962; x_wconf 87' lang='lat' dir='ltr'>Trapezuntius,</span> <span class='ocrx_word' id='word_1_697' title='bbox 2886 3895 2948 3946; x_wconf 90' lang='lat' dir='ltr'>ut</span> <span class='ocrx_word' id='word_1_698' title='bbox 2993 3895 3082 3946; x_wconf 90' lang='lat' dir='ltr'>est</span> <span class='ocrx_word' id='word_1_699' title='bbox 3115 3891 3172 3945; x_wconf 90' lang='lat' dir='ltr'>in</span> <span class='ocrx_word' id='word_1_700' title='bbox 3232 3891 3432 3962; x_wconf 80' lang='lat' dir='ltr'>Regio,</span> <span class='ocrx_word' id='word_1_701' title='bbox 3465 3886 3673 3944; x_wconf 81' lang='grc' dir='ltr'>πολλοὶ</span> <span class='ocrx_word' id='word_1_702' title='bbox 3701 3889 3781 3943; x_wconf 82' lang='grc' dir='ltr'>ὧν</span> 
     </span>
    </p>
   </div>
   <div class='ocr_carea' id='block_1_89' title="bbox 2128 3978 3784 4054">
    <p class='ocr_par' dir='ltr' id='par_1_89' title="bbox 2128 3978 3784 4054">
     <span class='ocr_line' id='line_1_89' title="bbox 2128 3978 3784 4054; baseline 0.001 -19"><span class='ocrx_word' id='word_1_703' title='bbox 2128 3986 2287 4036; x_wconf 75' lang='grc' dir='ltr'>τοῦτο</span> <span class='ocrx_word' id='word_1_704' title='bbox 2312 3981 2373 4035; x_wconf 89' lang='grc' dir='ltr'>τὸ</span> <span class='ocrx_word' id='word_1_705' title='bbox 2405 3985 2548 4044; x_wconf 79' lang='grc' dir='ltr'>Θεῖον</span> <span class='ocrx_word' id='word_1_706' title='bbox 2573 3978 2626 4034; x_wconf 70' lang='grc' dir='ltr'>ἔν</span> <span class='ocrx_word' id='word_1_707' title='bbox 2658 3982 2833 4054; x_wconf 76' lang='grc' dir='ltr'>ψυχῇ·</span> <span class='ocrx_word' id='word_1_708' title='bbox 2872 3985 2932 4036; x_wconf 84' lang='lat' dir='ltr'>at</span> <span class='ocrx_word' id='word_1_709' title='bbox 2960 3980 3252 4052; x_wconf 86' lang='lat' dir='ltr'>interpres</span> <span class='ocrx_word' id='word_1_710' title='bbox 3279 3981 3428 4036; x_wconf 87' lang='lat' dir='ltr'>alter</span> <span class='ocrx_word' id='word_1_711' title='bbox 3456 3981 3579 4035; x_wconf 92' lang='lat' dir='ltr'>vice</span> <span class='ocrx_word' id='word_1_712' title='bbox 3611 3997 3784 4036; x_wconf 84' lang='lat' dir='ltr'>versa</span> 
     </span>
    </p>
   </div>
   <div class='ocr_carea' id='block_1_90' title="bbox 2127 4068 3783 4141">
    <p class='ocr_par' dir='ltr' id='par_1_90' title="bbox 2127 4068 3783 4141">
     <span class='ocr_line' id='line_1_90' title="bbox 2127 4068 3783 4141; baseline -0.002 -13"><span class='ocrx_word' id='word_1_713' title='bbox 2127 4072 2471 4128; x_wconf 88' lang='lat' dir='ltr'>Basiliensis</span> <span class='ocrx_word' id='word_1_714' title='bbox 2517 4071 2792 4126; x_wconf 90' lang='lat' dir='ltr'>editionis</span> <span class='ocrx_word' id='word_1_715' title='bbox 2844 4074 3068 4124; x_wconf 84' lang='lat' dir='ltr'>textum</span> <span class='ocrx_word' id='word_1_716' title='bbox 3108 4068 3432 4141; x_wconf 79' lang='lat' dir='ltr'>exprimit:</span> <span class='ocrx_word' id='word_1_717' title='bbox 3472 4091 3497 4119; x_wconf 77' lang='grc' dir='ltr'>α</span> <span class='ocrx_word' id='word_1_718' title='bbox 3531 4068 3783 4124; x_wconf 86' lang='lat' dir='ltr'>Multum</span> 
     </span>
    </p>
   </div>
   <div class='ocr_carea' id='block_1_91' title="bbox 2127 4157 3790 4234">
    <p class='ocr_par' dir='ltr' id='par_1_91' title="bbox 2127 4157 3790 4234">
     <span class='ocr_line' id='line_1_91' title="bbox 2127 4157 3790 4234; baseline -0.004 -16"><span class='ocrx_word' id='word_1_719' title='bbox 2127 4163 2326 4234; x_wconf 90' lang='lat' dir='ltr'>itaque</span> <span class='ocrx_word' id='word_1_720' title='bbox 2355 4161 2427 4215; x_wconf 93' lang='lat' dir='ltr'>de</span> <span class='ocrx_word' id='word_1_721' title='bbox 2459 4160 2566 4215; x_wconf 89' lang='lat' dir='ltr'>hoc</span> <span class='ocrx_word' id='word_1_722' title='bbox 2596 4159 2837 4215; x_wconf 87' lang='lat' dir='ltr'>numine</span> <span class='ocrx_word' id='word_1_723' title='bbox 2885 4159 3042 4214; x_wconf 88' lang='lat' dir='ltr'>inest</span> <span class='ocrx_word' id='word_1_724' title='bbox 3087 4158 3296 4214; x_wconf 68' lang='lat' dir='ltr'>animis</span> <span class='ocrx_word' id='word_1_725' title='bbox 3343 4157 3636 4222; x_wconf 88' lang='lat' dir='ltr'>rationali,</span> <span class='ocrx_word' id='word_1_726' title='bbox 3668 4157 3790 4212; x_wconf 87' lang='lat' dir='ltr'>nisi</span> 
     </span>
    </p>
   </div>
   <div class='ocr_carea' id='block_1_92' title="bbox 2128 4244 3792 4323">
    <p class='ocr_par' dir='ltr' id='par_1_92' title="bbox 2128 4244 3792 4323">
     <span class='ocr_line' id='line_1_92' title="bbox 2128 4244 3792 4323; baseline -0.004 -17"><span class='ocrx_word' id='word_1_727' title='bbox 2128 4250 2366 4323; x_wconf 89' lang='lat' dir='ltr'>propria</span> <span class='ocrx_word' id='word_1_728' title='bbox 2402 4249 2632 4322; x_wconf 86' lang='lat' dir='ltr'>ignavia</span> <span class='ocrx_word' id='word_1_729' title='bbox 2681 4249 2926 4304; x_wconf 84' lang='lat' dir='ltr'>deﬁcere</span> <span class='ocrx_word' id='word_1_730' title='bbox 2971 4249 3042 4304; x_wconf 76' lang='lat' dir='ltr'>ab</span> <span class='ocrx_word' id='word_1_731' title='bbox 3090 4247 3189 4303; x_wconf 92' lang='lat' dir='ltr'>illo</span> <span class='ocrx_word' id='word_1_732' title='bbox 3242 4247 3418 4318; x_wconf 85' lang='lat' dir='ltr'>velit;</span> <span class='ocrx_word' id='word_1_733' title='bbox 3453 4269 3482 4296; x_wconf 88' lang='grc'>››</span> <span class='ocrx_word' id='word_1_734' title='bbox 3532 4247 3634 4303; x_wconf 87' lang='lat' dir='ltr'>sed</span> <span class='ocrx_word' id='word_1_735' title='bbox 3692 4244 3792 4300; x_wconf 75' lang='grc' dir='ltr'>διὰ</span> 
     </span>
    </p>
   </div>
   <div class='ocr_carea' id='block_1_93' title="bbox 2129 4335 3790 4414">
    <p class='ocr_par' dir='ltr' id='par_1_93' title="bbox 2129 4335 3790 4414">
     <span class='ocr_line' id='line_1_93' title="bbox 2129 4335 3790 4414; baseline -0.007 -13"><span class='ocrx_word' id='word_1_736' title='bbox 2129 4335 2394 4414; x_wconf 78' lang='grc' dir='ltr'>ῥᾳθυμίαν</span> <span class='ocrx_word' id='word_1_737' title='bbox 2463 4337 2680 4410; x_wconf 79' lang='lat' dir='ltr'>Regius</span> <span class='ocrx_word' id='word_1_738' title='bbox 2731 4337 2958 4404; x_wconf 86' lang='lat' dir='ltr'>habuit,</span> <span class='ocrx_word' id='word_1_739' title='bbox 3013 4360 3042 4387; x_wconf 87' lang='lat'><strong><em>«</em></strong></span> <span class='ocrx_word' id='word_1_740' title='bbox 3085 4339 3322 4409; x_wconf 87' lang='lat' dir='ltr'>propter</span> <span class='ocrx_word' id='word_1_741' title='bbox 3374 4335 3669 4408; x_wconf 79' lang='lat' dir='ltr'>ignaviam</span> <span class='ocrx_word' id='word_1_742' title='bbox 3721 4335 3790 4390; x_wconf 91' lang='lat' dir='ltr'>il-</span> 
     </span>
    </p>
   </div>
   <div class='ocr_carea' id='block_1_94' title="bbox 2126 4426 3791 4499">
    <p class='ocr_par' dir='ltr' id='par_1_94' title="bbox 2126 4426 3791 4499">
     <span class='ocr_line' id='line_1_94' title="bbox 2126 4426 3791 4499; baseline -0.002 -16"><span class='ocrx_word' id='word_1_743' title='bbox 2126 4428 2250 4483; x_wconf 91' lang='lat' dir='ltr'>lum</span> <span class='ocrx_word' id='word_1_744' title='bbox 2305 4426 2609 4499; x_wconf 88' lang='lat' dir='ltr'>(Spiritum</span> <span class='ocrx_word' id='word_1_745' title='bbox 2663 4431 2932 4482; x_wconf 89' lang='lat' dir='ltr'>sanctum</span> <span class='ocrx_word' id='word_1_746' title='bbox 2980 4426 3225 4498; x_wconf 88' lang='lat' dir='ltr'>scilicet)</span> <span class='ocrx_word' id='word_1_747' title='bbox 3273 4426 3576 4482; x_wconf 86' lang='lat' dir='ltr'>discedere</span> <span class='ocrx_word' id='word_1_748' title='bbox 3628 4442 3662 4479; x_wconf 81' lang='grc' dir='ltr'>ει</span> <span class='ocrx_word' id='word_1_749' title='bbox 3719 4442 3791 4480; x_wconf 88' lang='lat' dir='ltr'>se</span> 
     </span>
    </p>
   </div>
   <div class='ocr_carea' id='block_1_95' title="bbox 2128 4517 2349 4572">
    <p class='ocr_par' dir='ltr' id='par_1_95' title="bbox 2128 4517 2349 4572">
     <span class='ocr_line' id='line_1_95' title="bbox 2128 4517 2349 4572; baseline -0.005 0"><span class='ocrx_word' id='word_1_750' title='bbox 2128 4517 2282 4572; x_wconf 85' lang='lat' dir='ltr'>velit.</span> <span class='ocrx_word' id='word_1_751' title='bbox 2324 4539 2349 4564; x_wconf 79' lang='grc' dir='ltr'><strong>υ</strong></span> 
     </span>
    </p>
   </div>
   <div class='ocr_carea' id='block_1_96' title="bbox 1645 4951 2500 5048">
    <p class='ocr_par' dir='ltr' id='par_1_96' title="bbox 1645 4951 2500 5048">
     <span class='ocr_line' id='line_1_96' title="bbox 1645 4951 2500 5048; baseline -0.004 -1"><span class='ocrx_word' id='word_1_752' title='bbox 1645 4951 2500 5048; x_wconf 85' lang='lat' dir='ltr'>APPENDIX.</span> 
     </span>
    </p>
   </div>
   <div class='ocr_carea' id='block_1_97' title="bbox 1889 5133 2266 5207">
    <p class='ocr_par' dir='ltr' id='par_1_97' title="bbox 1889 5133 2266 5207">
     <span class='ocr_line' id='line_1_97' title="bbox 1889 5133 2266 5207; baseline -0.005 -18"><span class='ocrx_word' id='word_1_753' title='bbox 1889 5134 2057 5207; x_wconf 89' lang='lat' dir='ltr'>(Opp.</span> <span class='ocrx_word' id='word_1_754' title='bbox 2090 5137 2135 5188; x_wconf 88' lang='lat' dir='ltr'>t.</span> <span class='ocrx_word' id='word_1_755' title='bbox 2170 5133 2266 5205; x_wconf 95' lang='lat' dir='ltr'>II.)</span> 
     </span>
    </p>
   </div>
   <div class='ocr_carea' id='block_1_98' title="bbox 438 5435 2012 5515">
    <p class='ocr_par' dir='ltr' id='par_1_98' title="bbox 438 5435 2012 5515">
     <span class='ocr_line' id='line_1_98' title="bbox 438 5435 2012 5515; baseline 0.001 -21"><span class='ocrx_word' id='word_1_756' title='bbox 438 5440 556 5494; x_wconf 92' lang='lat' dir='ltr'>Col.</span> <span class='ocrx_word' id='word_1_757' title='bbox 588 5443 661 5495; x_wconf 89' lang='lat'><strong>73</strong></span> <span class='ocrx_word' id='word_1_758' title='bbox 691 5446 730 5496; x_wconf 91' lang='lat' dir='ltr'>C</span> <span class='ocrx_word' id='word_1_759' title='bbox 758 5442 810 5495; x_wconf 84' lang='lat'>‘2.</span> <span class='ocrx_word' id='word_1_760' title='bbox 842 5441 983 5515; x_wconf 81' lang='grc' dir='ltr'>Πρὸς</span> <span class='ocrx_word' id='word_1_761' title='bbox 1034 5435 1302 5514; x_wconf 75' lang='grc' dir='ltr'>Ἀϐραάμ.</span> <span class='ocrx_word' id='word_1_762' title='bbox 1355 5443 1635 5498; x_wconf 84' lang='lat' dir='ltr'>Additum</span> <span class='ocrx_word' id='word_1_763' title='bbox 1667 5448 1755 5498; x_wconf 86' lang='lat' dir='ltr'>est</span> <span class='ocrx_word' id='word_1_764' title='bbox 1799 5459 1867 5497; x_wconf 85' lang='lat' dir='ltr'>ex</span> <span class='ocrx_word' id='word_1_765' title='bbox 1895 5445 2012 5496; x_wconf 87' lang='lat' dir='ltr'>An-</span> 
     </span>
    </p>
   </div>
   <div class='ocr_carea' id='block_1_99' title="bbox 365 5527 2014 5604">
    <p class='ocr_par' dir='ltr' id='par_1_99' title="bbox 365 5527 2014 5604">
     <span class='ocr_line' id='line_1_99' title="bbox 365 5527 2014 5604; baseline 0.001 -20"><span class='ocrx_word' id='word_1_766' title='bbox 365 5529 498 5602; x_wconf 80' lang='lat' dir='ltr'>glic.</span> <span class='ocrx_word' id='word_1_767' title='bbox 529 5527 580 5581; x_wconf 77' lang='grc' dir='ltr'>ἐν</span> <span class='ocrx_word' id='word_1_768' title='bbox 615 5530 849 5603; x_wconf 74' lang='grc' dir='ltr'>ὁράματι</span> <span class='ocrx_word' id='word_1_769' title='bbox 902 5528 1186 5604; x_wconf 81' lang='grc' dir='ltr'>λέγοντος’</span> <span class='ocrx_word' id='word_1_770' title='bbox 1224 5533 1609 5603; x_wconf 78' lang='lat' dir='ltr'>quamobrem</span> <span class='ocrx_word' id='word_1_771' title='bbox 1639 5539 1698 5588; x_wconf 88' lang='lat' dir='ltr'>et</span> <span class='ocrx_word' id='word_1_772' title='bbox 1727 5531 2014 5602; x_wconf 76' lang='lat' dir='ltr'>adjicien-</span> 
     </span>
    </p>
   </div>
   <div class='ocr_carea' id='block_1_100' title="bbox 365 5619 2018 5694">
    <p class='ocr_par' dir='ltr' id='par_1_100' title="bbox 365 5619 2018 5694">
     <span class='ocr_line' id='line_1_100' title="bbox 365 5619 2018 5694; baseline -0.001 -19"><span class='ocrx_word' id='word_1_773' title='bbox 365 5622 505 5675; x_wconf 90' lang='lat' dir='ltr'>dum</span> <span class='ocrx_word' id='word_1_774' title='bbox 532 5619 1098 5690; x_wconf 81' lang='lat' dir='ltr'>verbisinterprotis,</span> <span class='ocrx_word' id='word_1_775' title='bbox 1137 5645 1158 5670; x_wconf 80' lang='grc' dir='ltr'>α</span> <span class='ocrx_word' id='word_1_776' title='bbox 1186 5621 1413 5676; x_wconf 88' lang='lat' dir='ltr'>Domini</span> <span class='ocrx_word' id='word_1_777' title='bbox 1437 5623 1836 5694; x_wconf 88' lang='lat' dir='ltr'>conscriptum</span> <span class='ocrx_word' id='word_1_778' title='bbox 1861 5621 2018 5675; x_wconf 87' lang='lat' dir='ltr'>inve-</span> 
     </span>
    </p>
   </div>
   <div class='ocr_carea' id='block_1_101' title="bbox 365 5707 2016 5784">
    <p class='ocr_par' dir='ltr' id='par_1_101' title="bbox 365 5707 2016 5784">
     <span class='ocr_line' id='line_1_101' title="bbox 365 5707 2016 5784; baseline 0 -22"><span class='ocrx_word' id='word_1_779' title='bbox 365 5709 563 5764; x_wconf 85' lang='lat' dir='ltr'>nimus</span> <span class='ocrx_word' id='word_1_780' title='bbox 593 5707 654 5762; x_wconf 91' lang='lat' dir='ltr'>in</span> <span class='ocrx_word' id='word_1_781' title='bbox 705 5708 926 5763; x_wconf 88' lang='lat' dir='ltr'>visione</span> <span class='ocrx_word' id='word_1_782' title='bbox 978 5710 1250 5765; x_wconf 83' lang='lat' dir='ltr'>dicentis.</span> <span class='ocrx_word' id='word_1_783' title='bbox 1288 5733 1315 5759; x_wconf 84' lang='lat'>»</span> <span class='ocrx_word' id='word_1_784' title='bbox 1349 5713 1492 5768; x_wconf 88' lang='lat' dir='ltr'>Gen.</span> <span class='ocrx_word' id='word_1_785' title='bbox 1527 5729 1618 5778; x_wconf 80' lang='lat' dir='ltr'>xv,</span> <span class='ocrx_word' id='word_1_786' title='bbox 1654 5714 1678 5766; x_wconf 96' lang='lat'>1</span> <span class='ocrx_word' id='word_1_787' title='bbox 1708 5729 1720 5768; x_wconf 92' lang='lat'>:</span> <span class='ocrx_word' id='word_1_788' title='bbox 1755 5712 1840 5765; x_wconf 83' lang='grc' dir='ltr'>Ἐν</span> <span class='ocrx_word' id='word_1_789' title='bbox 1895 5709 2016 5784; x_wconf 67' lang='lat' dir='ltr'>ape.</span> 
     </span>
    </p>
   </div>
   <div class='ocr_carea' id='block_1_102' title="bbox 2130 5434 3792 5511">
    <p class='ocr_par' dir='ltr' id='par_1_102' title="bbox 2130 5434 3792 5511">
     <span class='ocr_line' id='line_1_102' title="bbox 2130 5434 3792 5511; baseline 0.001 -21"><span class='ocrx_word' id='word_1_790' title='bbox 2130 5457 2254 5510; x_wconf 82' lang='grc' dir='ltr'>ματι</span> <span class='ocrx_word' id='word_1_791' title='bbox 2324 5436 2512 5498; x_wconf 80' lang='grc' dir='ltr'>νυκτὸς</span> <span class='ocrx_word' id='word_1_792' title='bbox 2603 5434 2774 5511; x_wconf 76' lang='grc' dir='ltr'>λέγων</span> <span class='ocrx_word' id='word_1_793' title='bbox 2811 5481 2825 5506; x_wconf 82' lang='lat'>,</span> <span class='ocrx_word' id='word_1_794' title='bbox 2888 5438 2949 5491; x_wconf 81' lang='lat' dir='ltr'>in</span> <span class='ocrx_word' id='word_1_795' title='bbox 3023 5436 3233 5491; x_wconf 77' lang='lat' dir='ltr'>visione</span> <span class='ocrx_word' id='word_1_796' title='bbox 3295 5436 3474 5490; x_wconf 81' lang='lat' dir='ltr'>noctis</span> <span class='ocrx_word' id='word_1_797' title='bbox 3545 5434 3741 5490; x_wconf 76' lang='lat' dir='ltr'>dicens</span> <span class='ocrx_word' id='word_1_798' title='bbox 3778 5478 3792 5491; x_wconf 92' lang='lat'>.</span> 
     </span>
    </p>
   </div>
   <div class='ocr_carea' id='block_1_103' title="bbox 2126 5524 3793 5596">
    <p class='ocr_par' dir='ltr' id='par_1_103' title="bbox 2126 5524 3793 5596">
     <span class='ocr_line' id='line_1_103' title="bbox 2126 5524 3793 5596; baseline -0.003 -13"><span class='ocrx_word' id='word_1_799' title='bbox 2126 5529 2276 5592; x_wconf 87' lang='lat' dir='ltr'>Quid</span> <span class='ocrx_word' id='word_1_800' title='bbox 2311 5527 2582 5583; x_wconf 82' lang='lat' dir='ltr'>habuerit</span> <span class='ocrx_word' id='word_1_801' title='bbox 2611 5528 2792 5582; x_wconf 84' lang='lat' dir='ltr'>codex</span> <span class='ocrx_word' id='word_1_802' title='bbox 2841 5525 2986 5582; x_wconf 87' lang='lat' dir='ltr'>Oliv.</span> <span class='ocrx_word' id='word_1_803' title='bbox 3022 5543 3137 5580; x_wconf 91' lang='lat' dir='ltr'>non</span> <span class='ocrx_word' id='word_1_804' title='bbox 3187 5524 3589 5596; x_wconf 86' lang='lat' dir='ltr'>exprimimus,</span> <span class='ocrx_word' id='word_1_805' title='bbox 3625 5525 3793 5594; x_wconf 86' lang='lat' dir='ltr'>quod</span> 
     </span>
    </p>
   </div>
   <div class='ocr_carea' id='block_1_104' title="bbox 2127 5611 3792 5686">
    <p class='ocr_par' dir='ltr' id='par_1_104' title="bbox 2127 5611 3792 5686">
     <span class='ocr_line' id='line_1_104' title="bbox 2127 5611 3792 5686; baseline -0.002 -14"><span class='ocrx_word' id='word_1_806' title='bbox 2127 5617 2245 5672; x_wconf 69' lang='lat' dir='ltr'>hmo</span> <span class='ocrx_word' id='word_1_807' title='bbox 2277 5617 2459 5672; x_wconf 88' lang='lat' dir='ltr'>altera</span> <span class='ocrx_word' id='word_1_808' title='bbox 2503 5619 2559 5670; x_wconf 86' lang='lat' dir='ltr'>in</span> <span class='ocrx_word' id='word_1_809' title='bbox 2605 5617 2883 5686; x_wconf 80' lang='lat' dir='ltr'>psalmum</span> <span class='ocrx_word' id='word_1_810' title='bbox 2931 5631 3106 5669; x_wconf 83' lang='lat' dir='ltr'>xxvm</span> <span class='ocrx_word' id='word_1_811' title='bbox 3146 5611 3392 5668; x_wconf 90' lang='lat' dir='ltr'>homilia</span> <span class='ocrx_word' id='word_1_812' title='bbox 3431 5612 3503 5668; x_wconf 90' lang='lat' dir='ltr'>ab</span> <span class='ocrx_word' id='word_1_813' title='bbox 3550 5612 3652 5667; x_wconf 92' lang='lat' dir='ltr'>illo</span> <span class='ocrx_word' id='word_1_814' title='bbox 3681 5613 3792 5668; x_wconf 83' lang='lat' dir='ltr'>ab-</span> 
     </span>
    </p>
   </div>
   <div class='ocr_carea' id='block_1_105' title="bbox 2125 5712 2302 5764">
    <p class='ocr_par' dir='ltr' id='par_1_105' title="bbox 2125 5712 2302 5764">
     <span class='ocr_line' id='line_1_105' title="bbox 2125 5712 2302 5764; baseline -0.011 -1"><span class='ocrx_word' id='word_1_815' title='bbox 2125 5712 2302 5764; x_wconf 89' lang='lat' dir='ltr'>esset.</span> 
     </span>
    </p>
   </div>
  </div>
