  <div class='ocr_page' id='page_1' title='image "/cluster/home/n/w/nwhite01/storage/ocr_20150623/30:no.2/coo.31924054873116/548.png"; bbox 0 0 4176 6378; ppageno 0'>
   <div class='ocr_carea' id='block_1_1' title="bbox 345 359 501 419">
    <p class='ocr_par' dir='ltr' id='par_1_1' title="bbox 345 359 501 419">
     <span class='ocr_line' id='line_1_1' title="bbox 345 359 501 419; baseline -0.013 0"><span class='ocrx_word' id='word_1_1' title='bbox 345 359 501 419; x_wconf 75' lang='grc'>1069</span> 
     </span>
    </p>
   </div>
   <div class='ocr_carea' id='block_1_2' title="bbox 1509 351 2598 414">
    <p class='ocr_par' dir='ltr' id='par_1_2' title="bbox 1509 351 2598 414">
     <span class='ocr_line' id='line_1_2' title="bbox 1509 351 2598 414; baseline 0.002 -2"><span class='ocrx_word' id='word_1_2' title='bbox 1509 354 1619 413; x_wconf 81' lang='grc' dir='ltr'>ΑΒ</span> <span class='ocrx_word' id='word_1_3' title='bbox 1658 351 2041 412; x_wconf 76' lang='lat' dir='ltr'>HOMILIAS</span> <span class='ocrx_word' id='word_1_4' title='bbox 2086 352 2168 411; x_wconf 89' lang='lat' dir='ltr'>IN</span> <span class='ocrx_word' id='word_1_5' title='bbox 2210 352 2598 414; x_wconf 80' lang='lat' dir='ltr'>PSALMOS.</span> 
     </span>
    </p>
   </div>
   <div class='ocr_carea' id='block_1_3' title="bbox 3608 350 3764 414">
    <p class='ocr_par' dir='ltr' id='par_1_3' title="bbox 3608 350 3764 414">
     <span class='ocr_line' id='line_1_3' title="bbox 3608 350 3764 414; baseline 0.019 -3"><span class='ocrx_word' id='word_1_6' title='bbox 3608 350 3764 414; x_wconf 77' lang='lat'>1070</span> 
     </span>
    </p>
   </div>
   <div class='ocr_carea' id='block_1_4' title="bbox 408 481 3763 566">
    <p class='ocr_par' dir='ltr' id='par_1_4' title="bbox 408 481 3763 566">
     <span class='ocr_line' id='line_1_4' title="bbox 408 481 3763 566; baseline -0.002 -22"><span class='ocrx_word' id='word_1_7' title='bbox 408 495 426 544; x_wconf 86' lang='grc' dir='ltr'><strong>Ι</strong></span> <span class='ocrx_word' id='word_1_8' title='bbox 438 490 557 545; x_wconf 91' lang='lat' dir='ltr'>bid.</span> <span class='ocrx_word' id='word_1_9' title='bbox 589 490 643 544; x_wconf 91' lang='lat'>8.</span> <span class='ocrx_word' id='word_1_10' title='bbox 679 489 738 543; x_wconf 85' lang='lat' dir='ltr'>Et</span> <span class='ocrx_word' id='word_1_11' title='bbox 768 489 867 543; x_wconf 85' lang='lat' dir='ltr'>ubi</span> <span class='ocrx_word' id='word_1_12' title='bbox 897 500 1066 541; x_wconf 88' lang='lat' dir='ltr'>voces.</span> <span class='ocrx_word' id='word_1_13' title='bbox 1105 484 1436 540; x_wconf 82' lang='lat' dir='ltr'>Restitutus</span> <span class='ocrx_word' id='word_1_14' title='bbox 1487 487 1577 538; x_wconf 89' lang='lat' dir='ltr'>est</span> <span class='ocrx_word' id='word_1_15' title='bbox 1605 482 1700 538; x_wconf 91' lang='lat' dir='ltr'>hic</span> <span class='ocrx_word' id='word_1_16' title='bbox 1730 481 1896 538; x_wconf 89' lang='lat' dir='ltr'>locus</span> <span class='ocrx_word' id='word_1_17' title='bbox 1927 499 1996 537; x_wconf 85' lang='lat' dir='ltr'>ex</span> <span class='ocrx_word' id='word_1_18' title='bbox 2025 500 2076 566; x_wconf 71' lang='grc' dir='ltr'><strong>Α</strong></span> <span class='ocrx_word' id='word_1_19' title='bbox 2113 483 2381 553; x_wconf 80' lang='lat' dir='ltr'>Ligarunt</span> <span class='ocrx_word' id='word_1_20' title='bbox 2410 485 2665 553; x_wconf 75' lang='lat' dir='ltr'>scienter,</span> <span class='ocrx_word' id='word_1_21' title='bbox 2697 489 2948 544; x_wconf 76' lang='lat' dir='ltr'>carmine</span> <span class='ocrx_word' id='word_1_22' title='bbox 2972 490 3155 542; x_wconf 85' lang='lat' dir='ltr'>autem</span> <span class='ocrx_word' id='word_1_23' title='bbox 3175 485 3511 558; x_wconf 83' lang='lat' dir='ltr'>sanguinem</span> <span class='ocrx_word' id='word_1_24' title='bbox 3537 485 3763 557; x_wconf 87' lang='lat' dir='ltr'>nigrum</span> 
     </span>
    </p>
   </div>
   <div class='ocr_carea' id='block_1_5' title="bbox 334 571 1994 650">
    <p class='ocr_par' dir='ltr' id='par_1_5' title="bbox 334 571 1994 650">
     <span class='ocr_line' id='line_1_5' title="bbox 334 571 1994 650; baseline -0.005 -16"><span class='ocrx_word' id='word_1_25' title='bbox 334 579 647 650; x_wconf 65' lang='lat' dir='ltr'>Scriptura:</span> <span class='ocrx_word' id='word_1_26' title='bbox 675 576 887 641; x_wconf 78' lang='lat' dir='ltr'>verbis,</span> <span class='ocrx_word' id='word_1_27' title='bbox 926 591 1057 630; x_wconf 91' lang='lat' dir='ltr'>cum</span> <span class='ocrx_word' id='word_1_28' title='bbox 1095 577 1271 629; x_wconf 81' lang='lat' dir='ltr'>antea</span> <span class='ocrx_word' id='word_1_29' title='bbox 1311 571 1627 627; x_wconf 87' lang='lat' dir='ltr'>mutilatus</span> <span class='ocrx_word' id='word_1_30' title='bbox 1659 575 1814 628; x_wconf 86' lang='lat' dir='ltr'>esset</span> <span class='ocrx_word' id='word_1_31' title='bbox 1839 571 1994 643; x_wconf 89' lang='lat' dir='ltr'>apud</span> 
     </span>
    </p>
   </div>
   <div class='ocr_carea' id='block_1_6' title="bbox 337 657 1993 739">
    <p class='ocr_par' dir='ltr' id='par_1_6' title="bbox 337 657 1993 739">
     <span class='ocr_line' id='line_1_6' title="bbox 337 657 1993 739; baseline -0.008 -16"><span class='ocrx_word' id='word_1_32' title='bbox 337 669 740 739; x_wconf 68' lang='lat' dir='ltr'>interpretem.</span> <span class='ocrx_word' id='word_1_33' title='bbox 795 664 889 720; x_wconf 90' lang='lat' dir='ltr'>Sic</span> <span class='ocrx_word' id='word_1_34' title='bbox 933 663 1088 720; x_wconf 90' lang='lat' dir='ltr'>enim</span> <span class='ocrx_word' id='word_1_35' title='bbox 1140 667 1230 718; x_wconf 90' lang='lat' dir='ltr'>est</span> <span class='ocrx_word' id='word_1_36' title='bbox 1278 662 1454 717; x_wconf 86' lang='lat' dir='ltr'>Exodi</span> <span class='ocrx_word' id='word_1_37' title='bbox 1495 679 1616 729; x_wconf 84' lang='lat' dir='ltr'>x1x,</span> <span class='ocrx_word' id='word_1_38' title='bbox 1666 661 1726 715; x_wconf 87' lang='grc'>11</span> <span class='ocrx_word' id='word_1_39' title='bbox 1765 676 1777 716; x_wconf 91' lang='lat'><strong>:</strong></span> <span class='ocrx_word' id='word_1_40' title='bbox 1827 657 1925 712; x_wconf 81' lang='grc' dir='ltr'>Καὶ</span> <span class='ocrx_word' id='word_1_41' title='bbox 1958 660 1993 728; x_wconf 81' lang='grc' dir='ltr'>ἡ</span> 
     </span>
    </p>
   </div>
   <div class='ocr_carea' id='block_1_7' title="bbox 335 745 1991 834">
    <p class='ocr_par' dir='ltr' id='par_1_7' title="bbox 335 745 1991 834">
     <span class='ocr_line' id='line_1_7' title="bbox 335 745 1991 834; baseline -0.003 -25"><span class='ocrx_word' id='word_1_42' title='bbox 335 753 535 834; x_wconf 69' lang='grc' dir='ltr'>νεφὲλη</span> <span class='ocrx_word' id='word_1_43' title='bbox 585 753 794 828; x_wconf 73' lang='grc' dir='ltr'>ἀπέλθῃ</span> <span class='ocrx_word' id='word_1_44' title='bbox 854 751 959 806; x_wconf 80' lang='grc' dir='ltr'>ἀπὸ</span> <span class='ocrx_word' id='word_1_45' title='bbox 1017 754 1113 806; x_wconf 72' lang='grc' dir='ltr'>ϊοῐι⁹</span> <span class='ocrx_word' id='word_1_46' title='bbox 1174 745 1335 825; x_wconf 80' lang='grc' dir='ltr'>ὅρους</span> <span class='ocrx_word' id='word_1_47' title='bbox 1369 768 1382 782; x_wconf 79' lang='grc'><strong><em>³</em></strong></span> <span class='ocrx_word' id='word_1_48' title='bbox 1442 753 1508 806; x_wconf 85' lang='lat' dir='ltr'>Et</span> <span class='ocrx_word' id='word_1_49' title='bbox 1563 750 1783 822; x_wconf 83' lang='lat' dir='ltr'>quando</span> <span class='ocrx_word' id='word_1_50' title='bbox 1838 765 1991 805; x_wconf 89' lang='lat' dir='ltr'>voces</span> 
     </span>
    </p>
   </div>
   <div class='ocr_carea' id='block_1_8' title="bbox 337 839 2001 911">
    <p class='ocr_par' dir='ltr' id='par_1_8' title="bbox 337 839 2001 911">
     <span class='ocr_line' id='line_1_8' title="bbox 337 839 2001 911; baseline -0.007 -8"><span class='ocrx_word' id='word_1_51' title='bbox 337 856 388 904; x_wconf 86' lang='lat' dir='ltr'>et</span> <span class='ocrx_word' id='word_1_52' title='bbox 446 846 588 902; x_wconf 62' lang='lat' dir='ltr'>tubae</span> <span class='ocrx_word' id='word_1_53' title='bbox 638 851 689 901; x_wconf 91' lang='lat' dir='ltr'>et</span> <span class='ocrx_word' id='word_1_54' title='bbox 732 845 904 900; x_wconf 77' lang='lat' dir='ltr'>nubes</span> <span class='ocrx_word' id='word_1_55' title='bbox 959 842 1314 898; x_wconf 74' lang='lat' dir='ltr'>discesserint</span> <span class='ocrx_word' id='word_1_56' title='bbox 1362 857 1394 896; x_wconf 91' lang='lat' dir='ltr'>a</span> <span class='ocrx_word' id='word_1_57' title='bbox 1423 845 1624 911; x_wconf 87' lang='lat' dir='ltr'>monte,</span> <span class='ocrx_word' id='word_1_58' title='bbox 1683 839 1774 894; x_wconf 88' lang='lat' dir='ltr'>illi</span> <span class='ocrx_word' id='word_1_59' title='bbox 1818 853 2001 894; x_wconf 86' lang='lat' dir='ltr'>ascen-</span> 
     </span>
    </p>
   </div>
   <div class='ocr_carea' id='block_1_9' title="bbox 340 937 486 992">
    <p class='ocr_par' dir='ltr' id='par_1_9' title="bbox 340 937 486 992">
     <span class='ocr_line' id='line_1_9' title="bbox 340 937 486 992; baseline -0.027 0"><span class='ocrx_word' id='word_1_60' title='bbox 340 937 486 992; x_wconf 88' lang='lat' dir='ltr'>dent.</span> 
     </span>
    </p>
   </div>
   <div class='ocr_carea' id='block_1_10' title="bbox 409 1017 1999 1091">
    <p class='ocr_par' dir='ltr' id='par_1_10' title="bbox 409 1017 1999 1091">
     <span class='ocr_line' id='line_1_10' title="bbox 409 1017 1999 1091; baseline -0.006 -12"><span class='ocrx_word' id='word_1_61' title='bbox 409 1025 529 1079; x_wconf 83' lang='lat' dir='ltr'>Col.</span> <span class='ocrx_word' id='word_1_62' title='bbox 562 1026 634 1080; x_wconf 89' lang='lat'>75</span> <span class='ocrx_word' id='word_1_63' title='bbox 663 1026 706 1079; x_wconf 82' lang='lat' dir='ltr'><strong>A</strong></span> <span class='ocrx_word' id='word_1_64' title='bbox 740 1023 827 1078; x_wconf 93' lang='grc'>11.</span> <span class='ocrx_word' id='word_1_65' title='bbox 861 1024 971 1079; x_wconf 70' lang='lat' dir='ltr'>Vox</span> <span class='ocrx_word' id='word_1_66' title='bbox 999 1037 1123 1079; x_wconf 86' lang='lat' dir='ltr'>vero</span> <span class='ocrx_word' id='word_1_67' title='bbox 1155 1023 1276 1076; x_wconf 85' lang='lat' dir='ltr'>illa.</span> <span class='ocrx_word' id='word_1_68' title='bbox 1307 1020 1535 1091; x_wconf 85' lang='lat' dir='ltr'>Legisse</span> <span class='ocrx_word' id='word_1_69' title='bbox 1565 1019 1796 1072; x_wconf 85' lang='lat' dir='ltr'>videtur</span> <span class='ocrx_word' id='word_1_70' title='bbox 1817 1017 1999 1072; x_wconf 84' lang='lat' dir='ltr'>inter-</span> 
     </span>
    </p>
   </div>
   <div class='ocr_carea' id='block_1_11' title="bbox 340 1106 1998 1188">
    <p class='ocr_par' dir='ltr' id='par_1_11' title="bbox 340 1106 1998 1188">
     <span class='ocr_line' id='line_1_11' title="bbox 340 1106 1998 1188; baseline -0.006 -18"><span class='ocrx_word' id='word_1_71' title='bbox 340 1133 493 1187; x_wconf 84' lang='lat' dir='ltr'>pres,</span> <span class='ocrx_word' id='word_1_72' title='bbox 526 1111 708 1188; x_wconf 76' lang='grc' dir='ltr'>ὅρασις</span> <span class='ocrx_word' id='word_1_73' title='bbox 739 1112 830 1180; x_wconf 80' lang='grc' dir='ltr'>ἧν,</span> <span class='ocrx_word' id='word_1_74' title='bbox 863 1115 1001 1167; x_wconf 89' lang='lat' dir='ltr'>dum</span> <span class='ocrx_word' id='word_1_75' title='bbox 1035 1111 1228 1170; x_wconf 79' lang='lat' dir='ltr'>vertit.</span> <span class='ocrx_word' id='word_1_76' title='bbox 1259 1132 1286 1161; x_wconf 82' lang='lat'><strong>«</strong></span> <span class='ocrx_word' id='word_1_77' title='bbox 1317 1109 1440 1164; x_wconf 73' lang='lat' dir='ltr'>Vox</span> <span class='ocrx_word' id='word_1_78' title='bbox 1469 1126 1600 1163; x_wconf 89' lang='lat' dir='ltr'>vero</span> <span class='ocrx_word' id='word_1_79' title='bbox 1633 1107 1892 1179; x_wconf 69' lang='lat' dir='ltr'>illa,qua</span> <span class='ocrx_word' id='word_1_80' title='bbox 1927 1106 1998 1160; x_wconf 87' lang='lat' dir='ltr'>ad</span> 
     </span>
    </p>
   </div>
   <div class='ocr_carea' id='block_1_12' title="bbox 339 1195 1999 1274">
    <p class='ocr_par' dir='ltr' id='par_1_12' title="bbox 339 1195 1999 1274">
     <span class='ocr_line' id='line_1_12' title="bbox 339 1195 1999 1274; baseline -0.008 -15"><span class='ocrx_word' id='word_1_81' title='bbox 339 1205 612 1274; x_wconf 83' lang='lat' dir='ltr'>populum</span> <span class='ocrx_word' id='word_1_82' title='bbox 640 1207 788 1258; x_wconf 80' lang='lat' dir='ltr'>facta</span> <span class='ocrx_word' id='word_1_83' title='bbox 809 1201 1069 1270; x_wconf 88' lang='lat' dir='ltr'>est,visio</span> <span class='ocrx_word' id='word_1_84' title='bbox 1097 1205 1278 1263; x_wconf 79' lang='lat' dir='ltr'>erat,»</span> <span class='ocrx_word' id='word_1_85' title='bbox 1309 1215 1421 1253; x_wconf 90' lang='lat' dir='ltr'>non</span> <span class='ocrx_word' id='word_1_86' title='bbox 1445 1195 1614 1270; x_wconf 80' lang='grc' dir='ltr'>ὁρατή</span> <span class='ocrx_word' id='word_1_87' title='bbox 1637 1195 1838 1264; x_wconf 58' lang='grc' dir='ltr'>ἦνβθά</span> <span class='ocrx_word' id='word_1_88' title='bbox 1871 1211 1999 1266; x_wconf 88' lang='lat' dir='ltr'>per-</span> 
     </span>
    </p>
   </div>
   <div class='ocr_carea' id='block_1_13' title="bbox 342 1281 1994 1364">
    <p class='ocr_par' dir='ltr' id='par_1_13' title="bbox 342 1281 1994 1364">
     <span class='ocr_line' id='line_1_13' title="bbox 342 1281 1994 1364; baseline -0.008 -16"><span class='ocrx_word' id='word_1_89' title='bbox 342 1309 557 1364; x_wconf 82' lang='lat' dir='ltr'>peram.</span> <span class='ocrx_word' id='word_1_90' title='bbox 593 1291 771 1347; x_wconf 89' lang='lat' dir='ltr'>Paulo</span> <span class='ocrx_word' id='word_1_91' title='bbox 805 1299 933 1363; x_wconf 83' lang='lat' dir='ltr'>post</span> <span class='ocrx_word' id='word_1_92' title='bbox 964 1291 1138 1345; x_wconf 90' lang='lat' dir='ltr'>etiam</span> <span class='ocrx_word' id='word_1_93' title='bbox 1172 1286 1612 1342; x_wconf 86' lang='lat' dir='ltr'>immutavimus</span> <span class='ocrx_word' id='word_1_94' title='bbox 1656 1284 1823 1353; x_wconf 89' lang='lat' dir='ltr'>illud,</span> <span class='ocrx_word' id='word_1_95' title='bbox 1861 1281 1994 1350; x_wconf 74' lang='grc' dir='ltr'>αὕτη</span> 
     </span>
    </p>
   </div>
   <div class='ocr_carea' id='block_1_14' title="bbox 345 1374 1996 1458">
    <p class='ocr_par' dir='ltr' id='par_1_14' title="bbox 345 1374 1996 1458">
     <span class='ocr_line' id='line_1_14' title="bbox 345 1374 1996 1458; baseline -0.005 -24"><span class='ocrx_word' id='word_1_96' title='bbox 345 1379 440 1434; x_wconf 79' lang='grc' dir='ltr'>οὖν</span> <span class='ocrx_word' id='word_1_97' title='bbox 473 1382 507 1449; x_wconf 87' lang='grc' dir='ltr'>ἡ</span> <span class='ocrx_word' id='word_1_98' title='bbox 545 1382 720 1458; x_wconf 80' lang='grc' dir='ltr'>φωνή,</span> <span class='ocrx_word' id='word_1_99' title='bbox 753 1381 905 1452; x_wconf 91' lang='lat' dir='ltr'>quod</span> <span class='ocrx_word' id='word_1_100' title='bbox 941 1380 1140 1435; x_wconf 89' lang='lat' dir='ltr'>Latine</span> <span class='ocrx_word' id='word_1_101' title='bbox 1164 1383 1309 1441; x_wconf 89' lang='lat' dir='ltr'>erat,</span> <span class='ocrx_word' id='word_1_102' title='bbox 1335 1379 1518 1447; x_wconf 82' lang='lat' dir='ltr'>«Ipsa</span> <span class='ocrx_word' id='word_1_103' title='bbox 1543 1376 1742 1446; x_wconf 85' lang='lat' dir='ltr'>itaque</span> <span class='ocrx_word' id='word_1_104' title='bbox 1770 1391 1876 1428; x_wconf 87' lang='lat' dir='ltr'>vox</span> <span class='ocrx_word' id='word_1_105' title='bbox 1902 1374 1996 1434; x_wconf 81' lang='lat' dir='ltr'>Dei</span> 
     </span>
    </p>
   </div>
   <div class='ocr_carea' id='block_1_15' title="bbox 343 1459 1999 1541">
    <p class='ocr_par' dir='ltr' id='par_1_15' title="bbox 343 1459 1999 1541">
     <span class='ocr_line' id='line_1_15' title="bbox 343 1459 1999 1541; baseline -0.007 -16"><span class='ocrx_word' id='word_1_106' title='bbox 343 1477 468 1525; x_wconf 86' lang='lat' dir='ltr'>erat</span> <span class='ocrx_word' id='word_1_107' title='bbox 498 1487 675 1541; x_wconf 83' lang='lat' dir='ltr'>super</span> <span class='ocrx_word' id='word_1_108' title='bbox 707 1486 924 1541; x_wconf 89' lang='lat' dir='ltr'>aquas:</span> <span class='ocrx_word' id='word_1_109' title='bbox 960 1490 988 1518; x_wconf 85' lang='lat'><strong>»</strong></span> <span class='ocrx_word' id='word_1_110' title='bbox 1022 1485 1211 1538; x_wconf 87' lang='lat' dir='ltr'>neque</span> <span class='ocrx_word' id='word_1_111' title='bbox 1240 1465 1394 1521; x_wconf 90' lang='lat' dir='ltr'>enim</span> <span class='ocrx_word' id='word_1_112' title='bbox 1420 1464 1702 1536; x_wconf 89' lang='lat' dir='ltr'>scriptum</span> <span class='ocrx_word' id='word_1_113' title='bbox 1728 1466 1839 1530; x_wconf 84' lang='lat' dir='ltr'>est,</span> <span class='ocrx_word' id='word_1_114' title='bbox 1865 1459 1999 1526; x_wconf 78' lang='grc' dir='ltr'>αὐτὴ</span> 
     </span>
    </p>
   </div>
   <div class='ocr_carea' id='block_1_16' title="bbox 345 1553 1999 1629">
    <p class='ocr_par' dir='ltr' id='par_1_16' title="bbox 345 1553 1999 1629">
     <span class='ocr_line' id='line_1_16' title="bbox 345 1553 1999 1629; baseline -0.004 -19"><span class='ocrx_word' id='word_1_115' title='bbox 345 1555 434 1610; x_wconf 76' lang='grc' dir='ltr'>οὖν</span> <span class='ocrx_word' id='word_1_116' title='bbox 465 1559 521 1626; x_wconf 80' lang='grc' dir='ltr'>ἡ.</span> <span class='ocrx_word' id='word_1_117' title='bbox 555 1559 646 1613; x_wconf 84' lang='lat' dir='ltr'>Sic</span> <span class='ocrx_word' id='word_1_118' title='bbox 680 1573 908 1629; x_wconf 84' lang='lat' dir='ltr'>quoque</span> <span class='ocrx_word' id='word_1_119' title='bbox 942 1556 1189 1610; x_wconf 76' lang='lat' dir='ltr'>fideliter</span> <span class='ocrx_word' id='word_1_120' title='bbox 1209 1553 1497 1624; x_wconf 82' lang='lat' dir='ltr'>expressit</span> <span class='ocrx_word' id='word_1_121' title='bbox 1521 1556 1771 1606; x_wconf 87' lang='lat' dir='ltr'>mentem</span> <span class='ocrx_word' id='word_1_122' title='bbox 1803 1555 1999 1606; x_wconf 82' lang='lat' dir='ltr'>aucto-</span> 
     </span>
    </p>
   </div>
   <div class='ocr_carea' id='block_1_17' title="bbox 346 1641 2001 1719">
    <p class='ocr_par' dir='ltr' id='par_1_17' title="bbox 346 1641 2001 1719">
     <span class='ocr_line' id='line_1_17' title="bbox 346 1641 2001 1719; baseline -0.004 -17"><span class='ocrx_word' id='word_1_123' title='bbox 346 1648 424 1703; x_wconf 88' lang='lat' dir='ltr'>ris</span> <span class='ocrx_word' id='word_1_124' title='bbox 456 1658 619 1704; x_wconf 77' lang='lat' dir='ltr'>vetus</span> <span class='ocrx_word' id='word_1_125' title='bbox 640 1648 930 1719; x_wconf 86' lang='lat' dir='ltr'>interpres</span> <span class='ocrx_word' id='word_1_126' title='bbox 951 1645 1349 1714; x_wconf 86' lang='lat' dir='ltr'>Basilii,cujus</span> <span class='ocrx_word' id='word_1_127' title='bbox 1371 1643 1563 1698; x_wconf 86' lang='lat' dir='ltr'>verbis</span> <span class='ocrx_word' id='word_1_128' title='bbox 1590 1643 1778 1698; x_wconf 78' lang='lat' dir='ltr'>utitur</span> <span class='ocrx_word' id='word_1_129' title='bbox 1796 1641 2001 1696; x_wconf 80' lang='lat' dir='ltr'>Roma-</span> 
     </span>
    </p>
   </div>
   <div class='ocr_carea' id='block_1_18' title="bbox 344 1731 2001 1794">
    <p class='ocr_par' dir='ltr' id='par_1_18' title="bbox 344 1731 2001 1794">
     <span class='ocr_line' id='line_1_18' title="bbox 344 1731 2001 1794; baseline -0.004 -2"><span class='ocrx_word' id='word_1_130' title='bbox 344 1755 485 1794; x_wconf 91' lang='lat' dir='ltr'>num</span> <span class='ocrx_word' id='word_1_131' title='bbox 517 1736 872 1792; x_wconf 87' lang='lat' dir='ltr'>Breviarium</span> <span class='ocrx_word' id='word_1_132' title='bbox 892 1735 1064 1791; x_wconf 85' lang='lat' dir='ltr'>tertia</span> <span class='ocrx_word' id='word_1_133' title='bbox 1086 1734 1179 1789; x_wconf 89' lang='lat' dir='ltr'>die</span> <span class='ocrx_word' id='word_1_134' title='bbox 1212 1734 1366 1788; x_wconf 84' lang='lat' dir='ltr'>infra</span> <span class='ocrx_word' id='word_1_135' title='bbox 1399 1737 1661 1787; x_wconf 81' lang='lat' dir='ltr'>octavam</span> <span class='ocrx_word' id='word_1_136' title='bbox 1690 1731 2001 1787; x_wconf 87' lang='lat' dir='ltr'>S.Joannis</span> 
     </span>
    </p>
   </div>
   <div class='ocr_carea' id='block_1_19' title="bbox 347 1825 1076 1897">
    <p class='ocr_par' dir='ltr' id='par_1_19' title="bbox 347 1825 1076 1897">
     <span class='ocr_line' id='line_1_19' title="bbox 347 1825 1076 1897; baseline -0.007 -16"><span class='ocrx_word' id='word_1_137' title='bbox 347 1826 620 1897; x_wconf 67' lang='lat' dir='ltr'>Baptistae</span> <span class='ocrx_word' id='word_1_138' title='bbox 652 1841 854 1880; x_wconf 81' lang='lat' dir='ltr'>mense</span> <span class='ocrx_word' id='word_1_139' title='bbox 884 1825 1076 1879; x_wconf 87' lang='lat' dir='ltr'>Junio.</span> 
     </span>
    </p>
   </div>
   <div class='ocr_carea' id='block_1_20' title="bbox 415 1909 1919 1982">
    <p class='ocr_par' dir='ltr' id='par_1_20' title="bbox 415 1909 1919 1982">
     <span class='ocr_line' id='line_1_20' title="bbox 415 1909 1919 1982; baseline -0.006 -12"><span class='ocrx_word' id='word_1_140' title='bbox 415 1914 533 1970; x_wconf 82' lang='lat' dir='ltr'>Col.</span> <span class='ocrx_word' id='word_1_141' title='bbox 565 1916 636 1968; x_wconf 80' lang='lat'>78</span> <span class='ocrx_word' id='word_1_142' title='bbox 669 1913 924 1982; x_wconf 58' lang='grc' dir='ltr'>(Ἀλφιιά</span> <span class='ocrx_word' id='word_1_143' title='bbox 949 1923 1026 1968; x_wconf 82' lang='lat' dir='ltr'>est</span> <span class='ocrx_word' id='word_1_144' title='bbox 1058 1921 1265 1967; x_wconf 88' lang='lat' dir='ltr'>autem.</span> <span class='ocrx_word' id='word_1_145' title='bbox 1289 1912 1559 1966; x_wconf 82' lang='lat' dir='ltr'>Fortasse</span> <span class='ocrx_word' id='word_1_146' title='bbox 1585 1909 1919 1980; x_wconf 83' lang='lat' dir='ltr'>legendum,</span> 
     </span>
    </p>
   </div>
   <div class='ocr_carea' id='block_1_21' title="bbox 353 1994 1999 2074">
    <p class='ocr_par' dir='ltr' id='par_1_21' title="bbox 353 1994 1999 2074">
     <span class='ocr_line' id='line_1_21' title="bbox 353 1994 1999 2074; baseline -0.005 -15"><span class='ocrx_word' id='word_1_147' title='bbox 353 2003 442 2060; x_wconf 72' lang='grc' dir='ltr'>οὖν</span> <span class='ocrx_word' id='word_1_148' title='bbox 496 2001 638 2057; x_wconf 74' lang='grc' dir='ltr'>ἑστιν</span> <span class='ocrx_word' id='word_1_149' title='bbox 671 2003 699 2056; x_wconf 89' lang='grc' dir='ltr'>ὁ</span> <span class='ocrx_word' id='word_1_150' title='bbox 736 2000 982 2074; x_wconf 53' lang='grc' dir='ltr'>μόσχος</span> <span class='ocrx_word' id='word_1_151' title='bbox 1015 1999 1069 2054; x_wconf 92' lang='grc' dir='ltr'>τί</span> <span class='ocrx_word' id='word_1_152' title='bbox 1103 2000 1130 2052; x_wconf 85' lang='grc' dir='ltr'>ὁ</span> <span class='ocrx_word' id='word_1_153' title='bbox 1163 1994 1395 2060; x_wconf 74' lang='grc' dir='ltr'>Λίϐανος</span> <span class='ocrx_word' id='word_1_154' title='bbox 1433 2018 1443 2068; x_wconf 92' lang='grc'><strong>;</strong></span> <span class='ocrx_word' id='word_1_155' title='bbox 1479 2022 1506 2050; x_wconf 85' lang='grc'>‹‹</span> <span class='ocrx_word' id='word_1_156' title='bbox 1541 1999 1684 2064; x_wconf 85' lang='lat' dir='ltr'>Quid</span> <span class='ocrx_word' id='word_1_157' title='bbox 1737 2014 1871 2067; x_wconf 85' lang='lat' dir='ltr'>ergo</span> <span class='ocrx_word' id='word_1_158' title='bbox 1912 2001 1999 2050; x_wconf 62' lang='lat' dir='ltr'>est</span> 
     </span>
    </p>
   </div>
   <div class='ocr_carea' id='block_1_22' title="bbox 353 2083 1994 2164">
    <p class='ocr_par' dir='ltr' id='par_1_22' title="bbox 353 2083 1994 2164">
     <span class='ocr_line' id='line_1_22' title="bbox 353 2083 1994 2164; baseline -0.01 -14"><span class='ocrx_word' id='word_1_159' title='bbox 353 2092 622 2150; x_wconf 84' lang='lat' dir='ltr'>vitulus?</span> <span class='ocrx_word' id='word_1_160' title='bbox 654 2093 793 2164; x_wconf 91' lang='lat' dir='ltr'>quid</span> <span class='ocrx_word' id='word_1_161' title='bbox 849 2091 1204 2146; x_wconf 69' lang='lat' dir='ltr'>Libanus?»</span> <span class='ocrx_word' id='word_1_162' title='bbox 1259 2089 1346 2144; x_wconf 93' lang='lat' dir='ltr'>vel</span> <span class='ocrx_word' id='word_1_163' title='bbox 1408 2094 1580 2153; x_wconf 83' lang='lat' dir='ltr'>certe,</span> <span class='ocrx_word' id='word_1_164' title='bbox 1623 2085 1675 2140; x_wconf 84' lang='grc' dir='ltr'>τί</span> <span class='ocrx_word' id='word_1_165' title='bbox 1718 2083 1807 2140; x_wconf 76' lang='grc' dir='ltr'>οὖν</span> <span class='ocrx_word' id='word_1_166' title='bbox 1855 2084 1994 2138; x_wconf 69' lang='grc' dir='ltr'>ἔστιν</span> 
     </span>
    </p>
   </div>
   <div class='ocr_carea' id='block_1_23' title="bbox 356 2173 1998 2255">
    <p class='ocr_par' dir='ltr' id='par_1_23' title="bbox 356 2173 1998 2255">
     <span class='ocr_line' id='line_1_23' title="bbox 356 2173 1998 2255; baseline -0.006 -17"><span class='ocrx_word' id='word_1_167' title='bbox 356 2184 382 2238; x_wconf 86' lang='grc' dir='ltr'>ὁ</span> <span class='ocrx_word' id='word_1_168' title='bbox 441 2182 651 2255; x_wconf 76' lang='grc' dir='ltr'>μόσχος</span> <span class='ocrx_word' id='word_1_169' title='bbox 705 2184 801 2234; x_wconf 80' lang='grc' dir='ltr'>τοῦ</span> <span class='ocrx_word' id='word_1_170' title='bbox 858 2173 1096 2234; x_wconf 77' lang='grc' dir='ltr'>Λιϐάνου</span> <span class='ocrx_word' id='word_1_171' title='bbox 1131 2198 1144 2248; x_wconf 87' lang='lat'>;</span> <span class='ocrx_word' id='word_1_172' title='bbox 1178 2202 1205 2230; x_wconf 88' lang='grc'><em>‹‹</em></span> <span class='ocrx_word' id='word_1_173' title='bbox 1240 2179 1391 2244; x_wconf 89' lang='lat' dir='ltr'>Quid</span> <span class='ocrx_word' id='word_1_174' title='bbox 1452 2195 1588 2249; x_wconf 88' lang='lat' dir='ltr'>ergo</span> <span class='ocrx_word' id='word_1_175' title='bbox 1639 2182 1727 2231; x_wconf 87' lang='lat' dir='ltr'>est</span> <span class='ocrx_word' id='word_1_176' title='bbox 1774 2174 1998 2230; x_wconf 89' lang='lat' dir='ltr'>vitulus</span> 
     </span>
    </p>
   </div>
   <div class='ocr_carea' id='block_1_24' title="bbox 356 2258 2002 2340">
    <p class='ocr_par' dir='ltr' id='par_1_24' title="bbox 356 2258 2002 2340">
     <span class='ocr_line' id='line_1_24' title="bbox 356 2258 2002 2340; baseline -0.009 -12"><span class='ocrx_word' id='word_1_177' title='bbox 356 2271 611 2328; x_wconf 78' lang='lat' dir='ltr'>Libani?</span> <span class='ocrx_word' id='word_1_178' title='bbox 647 2293 674 2319; x_wconf 80' lang='grc'><strong>››</strong></span> <span class='ocrx_word' id='word_1_179' title='bbox 729 2269 889 2336; x_wconf 87' lang='lat' dir='ltr'>Quod</span> <span class='ocrx_word' id='word_1_180' title='bbox 950 2267 1239 2340; x_wconf 79' lang='lat' dir='ltr'>sequitur,</span> <span class='ocrx_word' id='word_1_181' title='bbox 1290 2263 1376 2320; x_wconf 76' lang='grc' dir='ltr'>διὰ</span> <span class='ocrx_word' id='word_1_182' title='bbox 1431 2269 1526 2319; x_wconf 70' lang='grc' dir='ltr'>τοῦ</span> <span class='ocrx_word' id='word_1_183' title='bbox 1576 2258 1810 2318; x_wconf 72' lang='grc' dir='ltr'>Λιϐάνου</span> <span class='ocrx_word' id='word_1_184' title='bbox 1871 2282 2002 2334; x_wconf 85' lang='grc' dir='ltr'>μορ-</span> 
     </span>
    </p>
   </div>
   <div class='ocr_carea' id='block_1_25' title="bbox 354 2354 2000 2434">
    <p class='ocr_par' dir='ltr' id='par_1_25' title="bbox 354 2354 2000 2434">
     <span class='ocr_line' id='line_1_25' title="bbox 354 2354 2000 2434; baseline -0.005 -20"><span class='ocrx_word' id='word_1_185' title='bbox 354 2364 598 2434; x_wconf 81' lang='grc' dir='ltr'>φοῦντες,</span> <span class='ocrx_word' id='word_1_186' title='bbox 645 2359 931 2430; x_wconf 88' lang='lat' dir='ltr'>interpres</span> <span class='ocrx_word' id='word_1_187' title='bbox 984 2358 1265 2426; x_wconf 83' lang='lat' dir='ltr'>ediderat,</span> <span class='ocrx_word' id='word_1_188' title='bbox 1309 2379 1336 2407; x_wconf 90' lang='grc'>‹‹</span> <span class='ocrx_word' id='word_1_189' title='bbox 1386 2360 1462 2409; x_wconf 90' lang='lat' dir='ltr'>De</span> <span class='ocrx_word' id='word_1_190' title='bbox 1517 2355 1727 2410; x_wconf 84' lang='lat' dir='ltr'>Libano</span> <span class='ocrx_word' id='word_1_191' title='bbox 1779 2354 2000 2419; x_wconf 87' lang='lat' dir='ltr'>dicunt,</span> 
     </span>
    </p>
   </div>
   <div class='ocr_carea' id='block_1_26' title="bbox 355 2444 2001 2522">
    <p class='ocr_par' dir='ltr' id='par_1_26' title="bbox 355 2444 2001 2522">
     <span class='ocr_line' id='line_1_26' title="bbox 355 2444 2001 2522; baseline -0.005 -16"><span class='ocrx_word' id='word_1_192' title='bbox 355 2451 508 2522; x_wconf 91' lang='lat' dir='ltr'>quod</span> <span class='ocrx_word' id='word_1_193' title='bbox 566 2449 1018 2504; x_wconf 83' lang='lat' dir='ltr'>simulacrorum</span> <span class='ocrx_word' id='word_1_194' title='bbox 1064 2446 1318 2502; x_wconf 88' lang='lat' dir='ltr'>cultores</span> <span class='ocrx_word' id='word_1_195' title='bbox 1365 2444 1679 2501; x_wconf 87' lang='lat' dir='ltr'>vitulorum</span> <span class='ocrx_word' id='word_1_196' title='bbox 1729 2444 2001 2515; x_wconf 86' lang='lat' dir='ltr'>imagun-</span> 
     </span>
    </p>
   </div>
   <div class='ocr_carea' id='block_1_27' title="bbox 355 2532 2004 2608">
    <p class='ocr_par' dir='ltr' id='par_1_27' title="bbox 355 2532 2004 2608">
     <span class='ocr_line' id='line_1_27' title="bbox 355 2532 2004 2608; baseline -0.005 -14"><span class='ocrx_word' id='word_1_197' title='bbox 355 2541 538 2607; x_wconf 85' lang='lat' dir='ltr'>cutas,</span> <span class='ocrx_word' id='word_1_198' title='bbox 591 2555 738 2608; x_wconf 88' lang='lat' dir='ltr'>quas</span> <span class='ocrx_word' id='word_1_199' title='bbox 787 2538 895 2592; x_wconf 89' lang='lat' dir='ltr'>sibi</span> <span class='ocrx_word' id='word_1_200' title='bbox 948 2536 1007 2590; x_wconf 90' lang='lat' dir='ltr'>in</span> <span class='ocrx_word' id='word_1_201' title='bbox 1030 2536 1246 2590; x_wconf 89' lang='lat' dir='ltr'>Libano</span> <span class='ocrx_word' id='word_1_202' title='bbox 1293 2536 1544 2606; x_wconf 81' lang='lat' dir='ltr'>tingunt,</span> <span class='ocrx_word' id='word_1_203' title='bbox 1577 2532 1779 2603; x_wconf 88' lang='lat' dir='ltr'>sicque</span> <span class='ocrx_word' id='word_1_204' title='bbox 1827 2549 1946 2600; x_wconf 86' lang='lat' dir='ltr'>ens,</span> <span class='ocrx_word' id='word_1_205' title='bbox 1976 2552 2004 2579; x_wconf 84' lang='grc'><strong>)›</strong></span> 
     </span>
    </p>
   </div>
   <div class='ocr_carea' id='block_1_28' title="bbox 356 2615 2003 2697">
    <p class='ocr_par' dir='ltr' id='par_1_28' title="bbox 356 2615 2003 2697">
     <span class='ocr_line' id='line_1_28' title="bbox 356 2615 2003 2697; baseline -0.007 -13"><span class='ocrx_word' id='word_1_206' title='bbox 356 2633 465 2684; x_wconf 87' lang='lat' dir='ltr'>etc.</span> <span class='ocrx_word' id='word_1_207' title='bbox 526 2631 752 2682; x_wconf 82' lang='lat' dir='ltr'>Rursus</span> <span class='ocrx_word' id='word_1_208' title='bbox 807 2626 948 2679; x_wconf 90' lang='lat' dir='ltr'>illud</span> <span class='ocrx_word' id='word_1_209' title='bbox 986 2668 1002 2694; x_wconf 89' lang='lat'>,</span> <span class='ocrx_word' id='word_1_210' title='bbox 1063 2625 1090 2678; x_wconf 87' lang='grc' dir='ltr'>ὁ</span> <span class='ocrx_word' id='word_1_211' title='bbox 1153 2622 1363 2697; x_wconf 80' lang='grc' dir='ltr'>μόσχος</span> <span class='ocrx_word' id='word_1_212' title='bbox 1423 2623 1450 2676; x_wconf 81' lang='grc' dir='ltr'>ὁ</span> <span class='ocrx_word' id='word_1_213' title='bbox 1512 2619 1600 2675; x_wconf 76' lang='grc' dir='ltr'>διὰ</span> <span class='ocrx_word' id='word_1_214' title='bbox 1654 2625 1751 2675; x_wconf 78' lang='grc' dir='ltr'>τοῦ</span> <span class='ocrx_word' id='word_1_215' title='bbox 1805 2615 1946 2674; x_wconf 75' lang='grc' dir='ltr'>Λιϐἀ</span> <span class='ocrx_word' id='word_1_216' title='bbox 1980 2651 2003 2660; x_wconf 92' lang='grc'><strong><em>-</em></strong></span> 
     </span>
    </p>
   </div>
   <div class='ocr_carea' id='block_1_29' title="bbox 356 2711 2005 2786">
    <p class='ocr_par' dir='ltr' id='par_1_29' title="bbox 356 2711 2005 2786">
     <span class='ocr_line' id='line_1_29' title="bbox 356 2711 2005 2786; baseline -0.004 -16"><span class='ocrx_word' id='word_1_217' title='bbox 356 2737 472 2786; x_wconf 84' lang='grc' dir='ltr'>νου,</span> <span class='ocrx_word' id='word_1_218' title='bbox 507 2716 822 2772; x_wconf 87' lang='lat' dir='ltr'>Cornarius</span> <span class='ocrx_word' id='word_1_219' title='bbox 851 2715 1044 2781; x_wconf 89' lang='lat' dir='ltr'>vertit,</span> <span class='ocrx_word' id='word_1_220' title='bbox 1080 2737 1108 2764; x_wconf 82' lang='lat'><strong>«</strong></span> <span class='ocrx_word' id='word_1_221' title='bbox 1139 2718 1241 2768; x_wconf 87' lang='lat' dir='ltr'>aut</span> <span class='ocrx_word' id='word_1_222' title='bbox 1279 2711 1500 2768; x_wconf 88' lang='lat' dir='ltr'>vitulus</span> <span class='ocrx_word' id='word_1_223' title='bbox 1549 2712 1737 2766; x_wconf 89' lang='lat' dir='ltr'>thuris</span> <span class='ocrx_word' id='word_1_224' title='bbox 1770 2712 1842 2765; x_wconf 89' lang='lat' dir='ltr'>ab</span> <span class='ocrx_word' id='word_1_225' title='bbox 1872 2711 2005 2782; x_wconf 83' lang='lat' dir='ltr'>igne</span> 
     </span>
    </p>
   </div>
   <div class='ocr_carea' id='block_1_30' title="bbox 360 2799 2008 2878">
    <p class='ocr_par' dir='ltr' id='par_1_30' title="bbox 360 2799 2008 2878">
     <span class='ocr_line' id='line_1_30' title="bbox 360 2799 2008 2878; baseline -0.006 -17"><span class='ocrx_word' id='word_1_226' title='bbox 360 2806 713 2878; x_wconf 84' lang='lat' dir='ltr'>liquescens.</span> <span class='ocrx_word' id='word_1_227' title='bbox 742 2826 768 2853; x_wconf 83' lang='lat'><strong>»</strong></span> <span class='ocrx_word' id='word_1_228' title='bbox 793 2801 1246 2871; x_wconf 86' lang='lat' dir='ltr'>Montacutius,«</span> <span class='ocrx_word' id='word_1_229' title='bbox 1273 2805 1374 2856; x_wconf 90' lang='lat' dir='ltr'>aut</span> <span class='ocrx_word' id='word_1_230' title='bbox 1394 2801 1612 2856; x_wconf 88' lang='lat' dir='ltr'>vitulus</span> <span class='ocrx_word' id='word_1_231' title='bbox 1637 2817 1665 2854; x_wconf 92' lang='lat' dir='ltr'>e</span> <span class='ocrx_word' id='word_1_232' title='bbox 1690 2800 1910 2854; x_wconf 85' lang='lat' dir='ltr'>Libano</span> <span class='ocrx_word' id='word_1_233' title='bbox 1932 2799 2008 2853; x_wconf 84' lang='lat' dir='ltr'>ef-</span> 
     </span>
    </p>
   </div>
   <div class='ocr_carea' id='block_1_31' title="bbox 362 2891 2005 2966">
    <p class='ocr_par' dir='ltr' id='par_1_31' title="bbox 362 2891 2005 2966">
     <span class='ocr_line' id='line_1_31' title="bbox 362 2891 2005 2966; baseline -0.005 -17"><span class='ocrx_word' id='word_1_234' title='bbox 362 2896 547 2951; x_wconf 88' lang='lat' dir='ltr'>fectus</span> <span class='ocrx_word' id='word_1_235' title='bbox 579 2911 680 2966; x_wconf 90' lang='lat' dir='ltr'>per</span> <span class='ocrx_word' id='word_1_236' title='bbox 709 2893 904 2965; x_wconf 84' lang='lat' dir='ltr'>ignem</span> <span class='ocrx_word' id='word_1_237' title='bbox 935 2892 1310 2962; x_wconf 87' lang='lat' dir='ltr'>liquefactus.</span> <span class='ocrx_word' id='word_1_238' title='bbox 1348 2912 1376 2939; x_wconf 86' lang='lat'>»</span> <span class='ocrx_word' id='word_1_239' title='bbox 1407 2892 1591 2944; x_wconf 86' lang='lat' dir='ltr'>Antea</span> <span class='ocrx_word' id='word_1_240' title='bbox 1621 2891 1839 2943; x_wconf 80' lang='lat' dir='ltr'>editum</span> <span class='ocrx_word' id='word_1_241' title='bbox 1863 2892 2005 2956; x_wconf 86' lang='lat' dir='ltr'>erat,</span> 
     </span>
    </p>
   </div>
   <div class='ocr_carea' id='block_1_32' title="bbox 362 2978 2005 3053">
    <p class='ocr_par' dir='ltr' id='par_1_32' title="bbox 362 2978 2005 3053">
     <span class='ocr_line' id='line_1_32' title="bbox 362 2978 2005 3053; baseline -0.004 -18"><span class='ocrx_word' id='word_1_242' title='bbox 362 3009 388 3035; x_wconf 82' lang='lat'><strong>«</strong></span> <span class='ocrx_word' id='word_1_243' title='bbox 422 2989 536 3039; x_wconf 77' lang='lat' dir='ltr'>Aut</span> <span class='ocrx_word' id='word_1_244' title='bbox 565 2983 780 3038; x_wconf 87' lang='lat' dir='ltr'>vitulus</span> <span class='ocrx_word' id='word_1_245' title='bbox 813 2988 924 3048; x_wconf 88' lang='lat' dir='ltr'>est,</span> <span class='ocrx_word' id='word_1_246' title='bbox 957 2982 1055 3053; x_wconf 91' lang='lat' dir='ltr'>qui</span> <span class='ocrx_word' id='word_1_247' title='bbox 1089 2982 1146 3035; x_wconf 93' lang='lat' dir='ltr'>in</span> <span class='ocrx_word' id='word_1_248' title='bbox 1182 2985 1381 3035; x_wconf 86' lang='lat' dir='ltr'>monte</span> <span class='ocrx_word' id='word_1_249' title='bbox 1426 2979 1647 3034; x_wconf 84' lang='lat' dir='ltr'>Libano</span> <span class='ocrx_word' id='word_1_250' title='bbox 1679 2995 1782 3050; x_wconf 86' lang='lat' dir='ltr'>per</span> <span class='ocrx_word' id='word_1_251' title='bbox 1812 2978 2005 3047; x_wconf 82' lang='lat' dir='ltr'>ignem</span> 
     </span>
    </p>
   </div>
   <div class='ocr_carea' id='block_1_33' title="bbox 363 3065 2008 3145">
    <p class='ocr_par' dir='ltr' id='par_1_33' title="bbox 363 3065 2008 3145">
     <span class='ocr_line' id='line_1_33' title="bbox 363 3065 2008 3145; baseline -0.005 -19"><span class='ocrx_word' id='word_1_252' title='bbox 363 3074 609 3145; x_wconf 85' lang='lat' dir='ltr'>liquefit,</span> <span class='ocrx_word' id='word_1_253' title='bbox 639 3071 964 3126; x_wconf 88' lang='lat' dir='ltr'>secundum</span> <span class='ocrx_word' id='word_1_254' title='bbox 1017 3069 1171 3140; x_wconf 90' lang='lat' dir='ltr'>quod</span> <span class='ocrx_word' id='word_1_255' title='bbox 1221 3069 1440 3123; x_wconf 88' lang='lat' dir='ltr'>dictum</span> <span class='ocrx_word' id='word_1_256' title='bbox 1492 3072 1580 3122; x_wconf 87' lang='lat' dir='ltr'>est</span> <span class='ocrx_word' id='word_1_257' title='bbox 1617 3083 1630 3121; x_wconf 87' lang='lat'><strong>:</strong></span> <span class='ocrx_word' id='word_1_258' title='bbox 1668 3089 1695 3114; x_wconf 74' lang='grc' dir='ltr'><em>η</em></span> <span class='ocrx_word' id='word_1_259' title='bbox 1727 3065 2008 3120; x_wconf 89' lang='lat' dir='ltr'>nimirum</span> 
     </span>
    </p>
   </div>
   <div class='ocr_carea' id='block_1_34' title="bbox 363 3149 2010 3233">
    <p class='ocr_par' dir='ltr' id='par_1_34' title="bbox 363 3149 2010 3233">
     <span class='ocr_line' id='line_1_34' title="bbox 363 3149 2010 3233; baseline -0.005 -17"><span class='ocrx_word' id='word_1_260' title='bbox 363 3162 511 3233; x_wconf 88' lang='lat' dir='ltr'>psal.</span> <span class='ocrx_word' id='word_1_261' title='bbox 548 3177 716 3228; x_wconf 80' lang='lat' dir='ltr'>vau,</span> <span class='ocrx_word' id='word_1_262' title='bbox 750 3161 800 3225; x_wconf 92' lang='lat'>3,</span> <span class='ocrx_word' id='word_1_263' title='bbox 837 3175 943 3212; x_wconf 87' lang='lat' dir='ltr'>vox</span> <span class='ocrx_word' id='word_1_264' title='bbox 970 3157 1164 3212; x_wconf 60' lang='lat' dir='ltr'>Graeca</span> <span class='ocrx_word' id='word_1_265' title='bbox 1197 3149 1429 3214; x_wconf 73' lang='grc' dir='ltr'>Λίϐανος</span> <span class='ocrx_word' id='word_1_266' title='bbox 1462 3159 1518 3209; x_wconf 91' lang='lat' dir='ltr'>et</span> <span class='ocrx_word' id='word_1_267' title='bbox 1551 3159 1806 3209; x_wconf 88' lang='lat' dir='ltr'>montem</span> <span class='ocrx_word' id='word_1_268' title='bbox 1843 3153 2010 3208; x_wconf 90' lang='lat' dir='ltr'>illum</span> 
     </span>
    </p>
   </div>
   <div class='ocr_carea' id='block_1_35' title="bbox 361 3243 2083 3323">
    <p class='ocr_par' dir='ltr' id='par_1_35' title="bbox 361 3243 2083 3323">
     <span class='ocr_line' id='line_1_35' title="bbox 361 3243 2083 3323; baseline -0.005 -18"><span class='ocrx_word' id='word_1_269' title='bbox 361 3253 534 3323; x_wconf 80' lang='lat' dir='ltr'>Syriae</span> <span class='ocrx_word' id='word_1_270' title='bbox 566 3250 861 3321; x_wconf 84' lang='lat' dir='ltr'>signiﬁcat</span> <span class='ocrx_word' id='word_1_271' title='bbox 881 3252 938 3301; x_wconf 91' lang='lat' dir='ltr'>et</span> <span class='ocrx_word' id='word_1_272' title='bbox 966 3247 1104 3300; x_wconf 91' lang='lat' dir='ltr'>thus</span> <span class='ocrx_word' id='word_1_273' title='bbox 1125 3263 1137 3299; x_wconf 88' lang='lat'>:</span> <span class='ocrx_word' id='word_1_274' title='bbox 1162 3246 1260 3300; x_wconf 89' lang='lat' dir='ltr'>sed</span> <span class='ocrx_word' id='word_1_275' title='bbox 1286 3245 1437 3315; x_wconf 89' lang='lat' dir='ltr'>apud</span> <span class='ocrx_word' id='word_1_276' title='bbox 1471 3245 1739 3300; x_wconf 69' lang='lat' dir='ltr'>Hebraeos</span> <span class='ocrx_word' id='word_1_277' title='bbox 1760 3243 1898 3297; x_wconf 89' lang='lat' dir='ltr'>thus</span> <span class='ocrx_word' id='word_1_278' title='bbox 1920 3244 2008 3323; x_wconf 35' lang='lat' dir='ltr'>din—</span> <span class='ocrx_word' id='word_1_279' title='bbox 2041 3249 2083 3313; x_wconf 74' lang='grc' dir='ltr'>ρ</span> 
     </span>
    </p>
   </div>
   <div class='ocr_carea' id='block_1_36' title="bbox 363 3313 2010 3420">
    <p class='ocr_par' dir='ltr' id='par_1_36' title="bbox 363 3313 2010 3420">
     <span class='ocr_line' id='line_1_36' title="bbox 363 3313 2010 3420; baseline -0.004 -26"><span class='ocrx_word' id='word_1_280' title='bbox 363 3313 516 3394; x_wconf 69' lang='lat' dir='ltr'>citur</span> <span class='ocrx_word' id='word_1_281' title='bbox 540 3313 710 3398; x_wconf 55' lang='lat' dir='ltr'>min“)</span> <span class='ocrx_word' id='word_1_282' title='bbox 742 3337 1012 3391; x_wconf 83' lang='lat' dir='ltr'>Lebonah</span> <span class='ocrx_word' id='word_1_283' title='bbox 1045 3351 1078 3388; x_wconf 89' lang='lat' dir='ltr'>a</span> <span class='ocrx_word' id='word_1_284' title='bbox 1107 3313 1378 3393; x_wconf 83' lang='lat' dir='ltr'>candore.</span> <span class='ocrx_word' id='word_1_285' title='bbox 1415 3349 1587 3388; x_wconf 90' lang='lat' dir='ltr'>mons</span> <span class='ocrx_word' id='word_1_286' title='bbox 1626 3337 1822 3387; x_wconf 89' lang='lat' dir='ltr'>autem</span> <span class='ocrx_word' id='word_1_287' title='bbox 1855 3313 2010 3420; x_wconf 50' lang='lat' dir='ltr'>tua&quot;)</span> 
     </span>
    </p>
   </div>
   <div class='ocr_carea' id='block_1_37' title="bbox 367 3420 2013 3497">
    <p class='ocr_par' dir='ltr' id='par_1_37' title="bbox 367 3420 2013 3497">
     <span class='ocr_line' id='line_1_37' title="bbox 367 3420 2013 3497; baseline -0.007 -15"><span class='ocrx_word' id='word_1_288' title='bbox 367 3427 659 3490; x_wconf 82' lang='lat' dir='ltr'>Lebanon,</span> <span class='ocrx_word' id='word_1_289' title='bbox 680 3426 833 3497; x_wconf 91' lang='lat' dir='ltr'>quod</span> <span class='ocrx_word' id='word_1_290' title='bbox 867 3425 924 3478; x_wconf 92' lang='lat' dir='ltr'>in</span> <span class='ocrx_word' id='word_1_291' title='bbox 958 3440 1023 3478; x_wconf 92' lang='lat' dir='ltr'>eo</span> <span class='ocrx_word' id='word_1_292' title='bbox 1047 3423 1186 3478; x_wconf 89' lang='lat' dir='ltr'>thus</span> <span class='ocrx_word' id='word_1_293' title='bbox 1215 3427 1472 3488; x_wconf 87' lang='lat' dir='ltr'>crescat;</span> <span class='ocrx_word' id='word_1_294' title='bbox 1494 3425 1698 3476; x_wconf 85' lang='lat' dir='ltr'>auctor</span> <span class='ocrx_word' id='word_1_295' title='bbox 1719 3420 2013 3492; x_wconf 83' lang='lat' dir='ltr'>Pagninus</span> 
     </span>
    </p>
   </div>
   <div class='ocr_carea' id='block_1_38' title="bbox 364 3508 2016 3581">
    <p class='ocr_par' dir='ltr' id='par_1_38' title="bbox 364 3508 2016 3581">
     <span class='ocr_line' id='line_1_38' title="bbox 364 3508 2016 3581; baseline -0.005 -11"><span class='ocrx_word' id='word_1_296' title='bbox 364 3516 424 3570; x_wconf 91' lang='lat' dir='ltr'>in</span> <span class='ocrx_word' id='word_1_297' title='bbox 485 3516 689 3570; x_wconf 86' lang='lat' dir='ltr'>Lexico</span> <span class='ocrx_word' id='word_1_298' title='bbox 743 3513 1046 3568; x_wconf 90' lang='lat' dir='ltr'>Hebraico.</span> <span class='ocrx_word' id='word_1_299' title='bbox 1098 3511 1354 3565; x_wconf 89' lang='lat' dir='ltr'>Possuut</span> <span class='ocrx_word' id='word_1_300' title='bbox 1399 3509 1582 3581; x_wconf 87' lang='lat' dir='ltr'>igitur</span> <span class='ocrx_word' id='word_1_301' title='bbox 1628 3509 1873 3580; x_wconf 85' lang='lat' dir='ltr'>intelligi</span> <span class='ocrx_word' id='word_1_302' title='bbox 1924 3508 2016 3562; x_wconf 75' lang='lat' dir='ltr'>hae</span> 
     </span>
    </p>
   </div>
   <div class='ocr_carea' id='block_1_39' title="bbox 368 3597 2018 3675">
    <p class='ocr_par' dir='ltr' id='par_1_39' title="bbox 368 3597 2018 3675">
     <span class='ocr_line' id='line_1_39' title="bbox 368 3597 2018 3675; baseline -0.005 -17"><span class='ocrx_word' id='word_1_303' title='bbox 368 3601 752 3675; x_wconf 63' lang='lat' dir='ltr'>imaguncula</span> <span class='ocrx_word' id='word_1_304' title='bbox 795 3600 1113 3656; x_wconf 85' lang='lat' dir='ltr'>vitulorum</span> <span class='ocrx_word' id='word_1_305' title='bbox 1145 3615 1176 3654; x_wconf 92' lang='lat' dir='ltr'>e</span> <span class='ocrx_word' id='word_1_306' title='bbox 1207 3598 1421 3654; x_wconf 87' lang='lat' dir='ltr'>Libano</span> <span class='ocrx_word' id='word_1_307' title='bbox 1469 3598 1692 3666; x_wconf 68' lang='lat' dir='ltr'>effictas,</span> <span class='ocrx_word' id='word_1_308' title='bbox 1724 3599 1782 3652; x_wconf 92' lang='lat' dir='ltr'>id</span> <span class='ocrx_word' id='word_1_309' title='bbox 1827 3601 1915 3652; x_wconf 89' lang='lat' dir='ltr'>est</span> <span class='ocrx_word' id='word_1_310' title='bbox 1945 3597 2018 3675; x_wconf 85' lang='lat' dir='ltr'>de</span> 
     </span>
    </p>
   </div>
   <div class='ocr_carea' id='block_1_40' title="bbox 373 3686 2016 3758">
    <p class='ocr_par' dir='ltr' id='par_1_40' title="bbox 373 3686 2016 3758">
     <span class='ocr_line' id='line_1_40' title="bbox 373 3686 2016 3758; baseline -0.004 -12"><span class='ocrx_word' id='word_1_311' title='bbox 373 3693 573 3747; x_wconf 90' lang='lat' dir='ltr'>Libani</span> <span class='ocrx_word' id='word_1_312' title='bbox 609 3691 938 3755; x_wconf 88' lang='lat' dir='ltr'>arboribus,</span> <span class='ocrx_word' id='word_1_313' title='bbox 970 3689 1058 3744; x_wconf 90' lang='lat' dir='ltr'>vel</span> <span class='ocrx_word' id='word_1_314' title='bbox 1087 3704 1157 3743; x_wconf 83' lang='lat' dir='ltr'>ex</span> <span class='ocrx_word' id='word_1_315' title='bbox 1186 3688 1379 3755; x_wconf 91' lang='lat' dir='ltr'>thure,</span> <span class='ocrx_word' id='word_1_316' title='bbox 1404 3689 1557 3758; x_wconf 92' lang='lat' dir='ltr'>quod</span> <span class='ocrx_word' id='word_1_317' title='bbox 1588 3687 1648 3742; x_wconf 90' lang='lat' dir='ltr'>in</span> <span class='ocrx_word' id='word_1_318' title='bbox 1679 3686 1782 3743; x_wconf 88' lang='lat' dir='ltr'>illo</span> <span class='ocrx_word' id='word_1_319' title='bbox 1817 3689 2016 3741; x_wconf 87' lang='lat' dir='ltr'>monte</span> 
     </span>
    </p>
   </div>
   <div class='ocr_carea' id='block_1_41' title="bbox 369 3774 2019 3846">
    <p class='ocr_par' dir='ltr' id='par_1_41' title="bbox 369 3774 2019 3846">
     <span class='ocr_line' id='line_1_41' title="bbox 369 3774 2019 3846; baseline -0.002 -14"><span class='ocrx_word' id='word_1_320' title='bbox 369 3777 595 3843; x_wconf 85' lang='lat' dir='ltr'>crescit,</span> <span class='ocrx_word' id='word_1_321' title='bbox 627 3783 685 3830; x_wconf 89' lang='lat' dir='ltr'>et</span> <span class='ocrx_word' id='word_1_322' title='bbox 715 3775 868 3846; x_wconf 91' lang='lat' dir='ltr'>quod</span> <span class='ocrx_word' id='word_1_323' title='bbox 923 3775 1058 3845; x_wconf 87' lang='lat' dir='ltr'>igne</span> <span class='ocrx_word' id='word_1_324' title='bbox 1103 3780 1297 3845; x_wconf 81' lang='lat' dir='ltr'>potest</span> <span class='ocrx_word' id='word_1_325' title='bbox 1330 3774 1639 3846; x_wconf 83' lang='lat' dir='ltr'>liquefieri.</span> <span class='ocrx_word' id='word_1_326' title='bbox 1675 3774 1854 3830; x_wconf 91' lang='lat' dir='ltr'>Paulo</span> <span class='ocrx_word' id='word_1_327' title='bbox 1887 3778 2019 3845; x_wconf 90' lang='lat' dir='ltr'>post</span> 
     </span>
    </p>
   </div>
   <div class='ocr_carea' id='block_1_42' title="bbox 373 3860 2019 3936">
    <p class='ocr_par' dir='ltr' id='par_1_42' title="bbox 373 3860 2019 3936">
     <span class='ocr_line' id='line_1_42' title="bbox 373 3860 2019 3936; baseline -0.004 -17"><span class='ocrx_word' id='word_1_328' title='bbox 373 3865 539 3921; x_wconf 87' lang='lat' dir='ltr'>initio</span> <span class='ocrx_word' id='word_1_329' title='bbox 569 3864 872 3936; x_wconf 85' lang='lat' dir='ltr'>sequentis</span> <span class='ocrx_word' id='word_1_330' title='bbox 905 3863 1130 3933; x_wconf 65' lang='lat' dir='ltr'>paginae</span> <span class='ocrx_word' id='word_1_331' title='bbox 1159 3860 1250 3914; x_wconf 84' lang='grc' dir='ltr'>τὸν</span> <span class='ocrx_word' id='word_1_332' title='bbox 1279 3860 1525 3935; x_wconf 81' lang='grc' dir='ltr'>ἀρχηγὸν</span> <span class='ocrx_word' id='word_1_333' title='bbox 1545 3867 1644 3930; x_wconf 79' lang='grc' dir='ltr'>τῆς</span> <span class='ocrx_word' id='word_1_334' title='bbox 1671 3866 1780 3915; x_wconf 78' lang='grc' dir='ltr'>τῶν</span> <span class='ocrx_word' id='word_1_335' title='bbox 1813 3860 2019 3935; x_wconf 75' lang='grc' dir='ltr'>κὲδρων</span> 
     </span>
    </p>
   </div>
   <div class='ocr_carea' id='block_1_43' title="bbox 371 3952 2020 4029">
    <p class='ocr_par' dir='ltr' id='par_1_43' title="bbox 371 3952 2020 4029">
     <span class='ocr_line' id='line_1_43' title="bbox 371 3952 2020 4029; baseline -0.002 -21"><span class='ocrx_word' id='word_1_336' title='bbox 371 3955 646 4029; x_wconf 76' lang='grc' dir='ltr'>ὲπάρσεως</span> <span class='ocrx_word' id='word_1_337' title='bbox 680 3952 966 4008; x_wconf 88' lang='lat' dir='ltr'>vertimus</span> <span class='ocrx_word' id='word_1_338' title='bbox 991 3952 1340 4022; x_wconf 85' lang='lat' dir='ltr'>:Principem</span> <span class='ocrx_word' id='word_1_339' title='bbox 1369 3955 1421 4005; x_wconf 86' lang='lat' dir='ltr'>et</span> <span class='ocrx_word' id='word_1_340' title='bbox 1450 3960 1730 4006; x_wconf 75' lang='lat' dir='ltr'>auctorem</span> <span class='ocrx_word' id='word_1_341' title='bbox 1757 3952 2020 4007; x_wconf 73' lang='lat' dir='ltr'>elationis</span> 
     </span>
    </p>
   </div>
   <div class='ocr_carea' id='block_1_44' title="bbox 370 4038 2020 4110">
    <p class='ocr_par' dir='ltr' id='par_1_44' title="bbox 370 4038 2020 4110">
     <span class='ocr_line' id='line_1_44' title="bbox 370 4038 2020 4110; baseline -0.002 -11"><span class='ocrx_word' id='word_1_342' title='bbox 370 4044 674 4100; x_wconf 86' lang='lat' dir='ltr'>cedrorum.</span> <span class='ocrx_word' id='word_1_343' title='bbox 736 4043 1016 4110; x_wconf 79' lang='lat' dir='ltr'>Quoniam</span> <span class='ocrx_word' id='word_1_344' title='bbox 1061 4038 1213 4094; x_wconf 80' lang='lat' dir='ltr'>cedri</span> <span class='ocrx_word' id='word_1_345' title='bbox 1265 4040 1402 4110; x_wconf 76' lang='lat' dir='ltr'>ipsae</span> <span class='ocrx_word' id='word_1_346' title='bbox 1445 4056 1569 4094; x_wconf 82' lang='lat' dir='ltr'>cum</span> <span class='ocrx_word' id='word_1_347' title='bbox 1624 4041 1750 4094; x_wconf 72' lang='lat' dir='ltr'>altze</span> <span class='ocrx_word' id='word_1_348' title='bbox 1792 4043 1923 4105; x_wconf 86' lang='lat' dir='ltr'>sint,</span> <span class='ocrx_word' id='word_1_349' title='bbox 1955 4056 2020 4095; x_wconf 89' lang='lat' dir='ltr'>ea</span> 
     </span>
    </p>
   </div>
   <div class='ocr_carea' id='block_1_45' title="bbox 372 4129 2019 4204">
    <p class='ocr_par' dir='ltr' id='par_1_45' title="bbox 372 4129 2019 4204">
     <span class='ocr_line' id='line_1_45' title="bbox 372 4129 2019 4204; baseline -0.002 -18"><span class='ocrx_word' id='word_1_350' title='bbox 372 4133 513 4204; x_wconf 85' lang='lat' dir='ltr'>quod</span> <span class='ocrx_word' id='word_1_351' title='bbox 577 4149 747 4201; x_wconf 79' lang='lat' dir='ltr'>supra</span> <span class='ocrx_word' id='word_1_352' title='bbox 811 4139 1052 4185; x_wconf 80' lang='lat' dir='ltr'>montem</span> <span class='ocrx_word' id='word_1_353' title='bbox 1105 4134 1251 4183; x_wconf 79' lang='lat' dir='ltr'>natae</span> <span class='ocrx_word' id='word_1_354' title='bbox 1301 4132 1476 4198; x_wconf 84' lang='lat' dir='ltr'>sunt,</span> <span class='ocrx_word' id='word_1_355' title='bbox 1524 4129 1809 4184; x_wconf 83' lang='lat' dir='ltr'>accedente</span> <span class='ocrx_word' id='word_1_356' title='bbox 1861 4145 2019 4184; x_wconf 85' lang='lat' dir='ltr'>mon—</span> 
     </span>
    </p>
   </div>
   <div class='ocr_carea' id='block_1_46' title="bbox 373 4219 2023 4288">
    <p class='ocr_par' dir='ltr' id='par_1_46' title="bbox 373 4219 2023 4288">
     <span class='ocr_line' id='line_1_46' title="bbox 373 4219 2023 4288; baseline -0.001 -13"><span class='ocrx_word' id='word_1_357' title='bbox 373 4225 440 4277; x_wconf 80' lang='lat' dir='ltr'>(is</span> <span class='ocrx_word' id='word_1_358' title='bbox 521 4220 845 4276; x_wconf 73' lang='lat' dir='ltr'>celsitudine</span> <span class='ocrx_word' id='word_1_359' title='bbox 925 4221 1233 4288; x_wconf 69' lang='lat' dir='ltr'>conspicuae</span> <span class='ocrx_word' id='word_1_360' title='bbox 1309 4219 1488 4286; x_wconf 81' lang='lat' dir='ltr'>magis</span> <span class='ocrx_word' id='word_1_361' title='bbox 1569 4219 1709 4288; x_wconf 83' lang='lat' dir='ltr'>ﬁunt</span> <span class='ocrx_word' id='word_1_362' title='bbox 1750 4263 1764 4288; x_wconf 89' lang='lat'>,</span> <span class='ocrx_word' id='word_1_363' title='bbox 1819 4227 1885 4274; x_wconf 90' lang='lat' dir='ltr'>ut</span> <span class='ocrx_word' id='word_1_364' title='bbox 1942 4219 2023 4274; x_wconf 87' lang='lat' dir='ltr'>ait</span> 
     </span>
    </p>
   </div>
   <div class='ocr_carea' id='block_1_47' title="bbox 375 4307 2024 4382">
    <p class='ocr_par' dir='ltr' id='par_1_47' title="bbox 375 4307 2024 4382">
     <span class='ocr_line' id='line_1_47' title="bbox 375 4307 2024 4382; baseline -0.001 -18"><span class='ocrx_word' id='word_1_365' title='bbox 375 4313 498 4382; x_wconf 89' lang='lat' dir='ltr'>ipse</span> <span class='ocrx_word' id='word_1_366' title='bbox 557 4309 812 4365; x_wconf 86' lang='lat' dir='ltr'>Basilius</span> <span class='ocrx_word' id='word_1_367' title='bbox 872 4308 1086 4363; x_wconf 87' lang='lat' dir='ltr'>citatus</span> <span class='ocrx_word' id='word_1_368' title='bbox 1158 4307 1216 4362; x_wconf 90' lang='lat' dir='ltr'>in</span> <span class='ocrx_word' id='word_1_369' title='bbox 1288 4311 1506 4363; x_wconf 84' lang='lat' dir='ltr'>Catena</span> <span class='ocrx_word' id='word_1_370' title='bbox 1573 4307 1905 4364; x_wconf 73' lang='lat' dir='ltr'>Grazcorum</span> <span class='ocrx_word' id='word_1_371' title='bbox 1961 4310 2024 4363; x_wconf 87' lang='lat' dir='ltr'>in</span> 
     </span>
    </p>
   </div>
   <div class='ocr_carea' id='block_1_48' title="bbox 378 4401 640 4454">
    <p class='ocr_par' dir='ltr' id='par_1_48' title="bbox 378 4401 640 4454">
     <span class='ocr_line' id='line_1_48' title="bbox 378 4401 640 4454; baseline -0.008 0"><span class='ocrx_word' id='word_1_372' title='bbox 378 4401 640 4454; x_wconf 86' lang='lat' dir='ltr'>Psalmos.</span> 
     </span>
    </p>
   </div>
   <div class='ocr_carea' id='block_1_49' title="bbox 446 4485 2024 4558">
    <p class='ocr_par' dir='ltr' id='par_1_49' title="bbox 446 4485 2024 4558">
     <span class='ocr_line' id='line_1_49' title="bbox 446 4485 2024 4558; baseline -0.002 -13"><span class='ocrx_word' id='word_1_373' title='bbox 446 4487 564 4545; x_wconf 77' lang='lat' dir='ltr'>Col.</span> <span class='ocrx_word' id='word_1_374' title='bbox 599 4487 668 4541; x_wconf 91' lang='lat'>83</span> <span class='ocrx_word' id='word_1_375' title='bbox 699 4487 740 4542; x_wconf 77' lang='grc' dir='ltr'>Ο</span> <span class='ocrx_word' id='word_1_376' title='bbox 767 4486 821 4540; x_wconf 89' lang='lat'>6.</span> <span class='ocrx_word' id='word_1_377' title='bbox 857 4486 1070 4540; x_wconf 85' lang='lat' dir='ltr'>Cantici</span> <span class='ocrx_word' id='word_1_378' title='bbox 1100 4485 1170 4539; x_wconf 86' lang='lat' dir='ltr'>ad</span> <span class='ocrx_word' id='word_1_379' title='bbox 1198 4486 1424 4542; x_wconf 72' lang='lat' dir='ltr'>animae.</span> <span class='ocrx_word' id='word_1_380' title='bbox 1474 4488 1788 4544; x_wconf 85' lang='lat' dir='ltr'>Gornarius</span> <span class='ocrx_word' id='word_1_381' title='bbox 1829 4487 2024 4558; x_wconf 85' lang='lat' dir='ltr'>aptius</span> 
     </span>
    </p>
   </div>
   <div class='ocr_carea' id='block_1_50' title="bbox 377 4575 2023 4646">
    <p class='ocr_par' dir='ltr' id='par_1_50' title="bbox 377 4575 2023 4646">
     <span class='ocr_line' id='line_1_50' title="bbox 377 4575 2023 4646; baseline 0 -15"><span class='ocrx_word' id='word_1_382' title='bbox 377 4579 567 4643; x_wconf 89' lang='lat' dir='ltr'>vertit,</span> <span class='ocrx_word' id='word_1_383' title='bbox 604 4601 630 4627; x_wconf 85' lang='lat'><strong>«</strong></span> <span class='ocrx_word' id='word_1_384' title='bbox 655 4576 1040 4645; x_wconf 81' lang='lat' dir='ltr'>Utereturque</span> <span class='ocrx_word' id='word_1_385' title='bbox 1073 4575 1200 4646; x_wconf 91' lang='lat' dir='ltr'>ipso</span> <span class='ocrx_word' id='word_1_386' title='bbox 1220 4591 1324 4645; x_wconf 93' lang='lat' dir='ltr'>pro</span> <span class='ocrx_word' id='word_1_387' title='bbox 1353 4575 1686 4632; x_wconf 88' lang='lat' dir='ltr'>incentione</span> <span class='ocrx_word' id='word_1_388' title='bbox 1720 4578 1789 4631; x_wconf 87' lang='lat' dir='ltr'>ad</span> <span class='ocrx_word' id='word_1_389' title='bbox 1815 4577 2023 4632; x_wconf 69' lang='lat' dir='ltr'>animae</span> 
     </span>
    </p>
   </div>
   <div class='ocr_carea' id='block_1_51' title="bbox 379 4659 2030 4734">
    <p class='ocr_par' dir='ltr' id='par_1_51' title="bbox 379 4659 2030 4734">
     <span class='ocr_line' id='line_1_51' title="bbox 379 4659 2030 4734; baseline -0.001 -13"><span class='ocrx_word' id='word_1_390' title='bbox 379 4687 494 4722; x_wconf 59' lang='lat' dir='ltr'>sum</span> <span class='ocrx_word' id='word_1_391' title='bbox 528 4666 838 4723; x_wconf 88' lang='lat' dir='ltr'>medelam.</span> <span class='ocrx_word' id='word_1_392' title='bbox 875 4687 903 4714; x_wconf 91' lang='grc'><strong>››</strong></span> <span class='ocrx_word' id='word_1_393' title='bbox 930 4659 1147 4734; x_wconf 81' lang='grc' dir='ltr'>Ἐπῳδή</span> <span class='ocrx_word' id='word_1_394' title='bbox 1181 4669 1236 4719; x_wconf 89' lang='lat' dir='ltr'>et</span> <span class='ocrx_word' id='word_1_395' title='bbox 1256 4659 1482 4732; x_wconf 74' lang='grc' dir='ltr'>ἓπαοιδή</span> <span class='ocrx_word' id='word_1_396' title='bbox 1519 4683 1552 4719; x_wconf 91' lang='lat' dir='ltr'>a</span> <span class='ocrx_word' id='word_1_397' title='bbox 1593 4665 1868 4720; x_wconf 77' lang='lat' dir='ltr'>Cicerone</span> <span class='ocrx_word' id='word_1_398' title='bbox 1895 4682 2030 4720; x_wconf 87' lang='lat' dir='ltr'>can-</span> 
     </span>
    </p>
   </div>
   <div class='ocr_carea' id='block_1_52' title="bbox 378 4753 2032 4822">
    <p class='ocr_par' dir='ltr' id='par_1_52' title="bbox 378 4753 2032 4822">
     <span class='ocr_line' id='line_1_52' title="bbox 378 4753 2032 4822; baseline 0 -14"><span class='ocrx_word' id='word_1_399' title='bbox 378 4758 475 4822; x_wconf 92' lang='lat' dir='ltr'>tio,</span> <span class='ocrx_word' id='word_1_400' title='bbox 509 4777 542 4812; x_wconf 83' lang='lat' dir='ltr'>a</span> <span class='ocrx_word' id='word_1_401' title='bbox 572 4755 753 4812; x_wconf 87' lang='lat' dir='ltr'>Gellio</span> <span class='ocrx_word' id='word_1_402' title='bbox 780 4757 1020 4811; x_wconf 85' lang='lat' dir='ltr'>lncentio</span> <span class='ocrx_word' id='word_1_403' title='bbox 1047 4753 1312 4822; x_wconf 87' lang='lat' dir='ltr'>vertitur,</span> <span class='ocrx_word' id='word_1_404' title='bbox 1345 4755 1416 4808; x_wconf 90' lang='lat' dir='ltr'>ab</span> <span class='ocrx_word' id='word_1_405' title='bbox 1449 4753 1580 4810; x_wconf 90' lang='lat' dir='ltr'>aliis</span> <span class='ocrx_word' id='word_1_406' title='bbox 1622 4753 1942 4810; x_wconf 81' lang='lat' dir='ltr'>incantatio</span> <span class='ocrx_word' id='word_1_407' title='bbox 1974 4759 2032 4809; x_wconf 88' lang='lat' dir='ltr'>et</span> 
     </span>
    </p>
   </div>
   <div class='ocr_carea' id='block_1_53' title="bbox 384 4843 2028 4911">
    <p class='ocr_par' dir='ltr' id='par_1_53' title="bbox 384 4843 2028 4911">
     <span class='ocr_line' id='line_1_53' title="bbox 384 4843 2028 4911; baseline 0 -13"><span class='ocrx_word' id='word_1_408' title='bbox 384 4849 906 4911; x_wconf 86' lang='lat' dir='ltr'>incantamentum,</span> <span class='ocrx_word' id='word_1_409' title='bbox 949 4843 1058 4898; x_wconf 92' lang='lat' dir='ltr'>hoc</span> <span class='ocrx_word' id='word_1_410' title='bbox 1089 4847 1199 4911; x_wconf 89' lang='lat' dir='ltr'>est,</span> <span class='ocrx_word' id='word_1_411' title='bbox 1233 4859 1469 4898; x_wconf 86' lang='lat' dir='ltr'>carmen</span> <span class='ocrx_word' id='word_1_412' title='bbox 1522 4847 1592 4898; x_wconf 88' lang='lat' dir='ltr'>ad</span> <span class='ocrx_word' id='word_1_413' title='bbox 1627 4843 2028 4899; x_wconf 83' lang='lat' dir='ltr'>amoliendum</span> 
     </span>
    </p>
   </div>
   <div class='ocr_carea' id='block_1_54' title="bbox 381 4931 2030 5006">
    <p class='ocr_par' dir='ltr' id='par_1_54' title="bbox 381 4931 2030 5006">
     <span class='ocr_line' id='line_1_54' title="bbox 381 4931 2030 5006; baseline 0.001 -20"><span class='ocrx_word' id='word_1_414' title='bbox 381 4933 602 5006; x_wconf 78' lang='lat' dir='ltr'>aliquid</span> <span class='ocrx_word' id='word_1_415' title='bbox 631 4933 870 4989; x_wconf 83' lang='lat' dir='ltr'>noxium</span> <span class='ocrx_word' id='word_1_416' title='bbox 893 4931 981 4986; x_wconf 92' lang='lat' dir='ltr'>vel</span> <span class='ocrx_word' id='word_1_417' title='bbox 1003 4938 1153 4987; x_wconf 82' lang='lat' dir='ltr'>certe</span> <span class='ocrx_word' id='word_1_418' title='bbox 1183 4931 1623 4988; x_wconf 79' lang='lat' dir='ltr'>emolliendum.</span> <span class='ocrx_word' id='word_1_419' title='bbox 1651 4933 1810 4989; x_wconf 83' lang='lat' dir='ltr'>Plato</span> <span class='ocrx_word' id='word_1_420' title='bbox 1835 4935 1892 4988; x_wconf 91' lang='lat' dir='ltr'>in</span> <span class='ocrx_word' id='word_1_421' title='bbox 1922 4938 2030 4989; x_wconf 87' lang='lat' dir='ltr'>Eu-</span> 
     </span>
    </p>
   </div>
   <div class='ocr_carea' id='block_1_55' title="bbox 381 5016 2033 5096">
    <p class='ocr_par' dir='ltr' id='par_1_55' title="bbox 381 5016 2033 5096">
     <span class='ocr_line' id='line_1_55' title="bbox 381 5016 2033 5096; baseline -0.003 -19"><span class='ocrx_word' id='word_1_422' title='bbox 381 5022 768 5096; x_wconf 77' lang='lat' dir='ltr'>(hydemoz&#39;H</span> <span class='ocrx_word' id='word_1_423' title='bbox 830 5019 925 5091; x_wconf 76' lang='grc' dir='ltr'>μὲν</span> <span class='ocrx_word' id='word_1_424' title='bbox 984 5019 1085 5094; x_wconf 81' lang='grc' dir='ltr'>γὰρ</span> <span class='ocrx_word' id='word_1_425' title='bbox 1142 5022 1249 5074; x_wconf 84' lang='grc' dir='ltr'>τῶν</span> <span class='ocrx_word' id='word_1_426' title='bbox 1304 5016 1552 5091; x_wconf 80' lang='grc' dir='ltr'>ἐπῳδῶν,</span> <span class='ocrx_word' id='word_1_427' title='bbox 1599 5018 1772 5094; x_wconf 76' lang='grc' dir='ltr'>ἔχεών</span> <span class='ocrx_word' id='word_1_428' title='bbox 1831 5042 1889 5075; x_wconf 88' lang='grc' dir='ltr'>τε</span> <span class='ocrx_word' id='word_1_429' title='bbox 1943 5021 2033 5074; x_wconf 81' lang='grc' dir='ltr'>καὶ</span> 
     </span>
    </p>
   </div>
   <div class='ocr_carea' id='block_1_56' title="bbox 383 5107 2034 5188">
    <p class='ocr_par' dir='ltr' id='par_1_56' title="bbox 383 5107 2034 5188">
     <span class='ocr_line' id='line_1_56' title="bbox 383 5107 2034 5188; baseline -0.001 -24"><span class='ocrx_word' id='word_1_430' title='bbox 383 5110 724 5188; x_wconf 64' lang='grc' dir='ltr'>φαλαγγίων,</span> <span class='ocrx_word' id='word_1_431' title='bbox 757 5107 848 5162; x_wconf 84' lang='grc' dir='ltr'>καὶ</span> <span class='ocrx_word' id='word_1_432' title='bbox 879 5107 1178 5182; x_wconf 79' lang='grc' dir='ltr'>σκορπίων,</span> <span class='ocrx_word' id='word_1_433' title='bbox 1210 5107 1300 5161; x_wconf 83' lang='grc' dir='ltr'>καὶ</span> <span class='ocrx_word' id='word_1_434' title='bbox 1348 5113 1455 5162; x_wconf 82' lang='grc' dir='ltr'>τῶν</span> <span class='ocrx_word' id='word_1_435' title='bbox 1503 5107 1689 5163; x_wconf 82' lang='grc' dir='ltr'>ἄλΛων</span> <span class='ocrx_word' id='word_1_436' title='bbox 1741 5109 1947 5184; x_wconf 79' lang='grc' dir='ltr'>θηρίων</span> <span class='ocrx_word' id='word_1_437' title='bbox 1975 5129 2034 5162; x_wconf 75' lang='grc' dir='ltr'>τε</span> 
     </span>
    </p>
   </div>
   <div class='ocr_carea' id='block_1_57' title="bbox 379 5195 2033 5270">
    <p class='ocr_par' dir='ltr' id='par_1_57' title="bbox 379 5195 2033 5270">
     <span class='ocr_line' id='line_1_57' title="bbox 379 5195 2033 5270; baseline 0.001 -16"><span class='ocrx_word' id='word_1_438' title='bbox 379 5201 469 5254; x_wconf 79' lang='grc' dir='ltr'>καὶ</span> <span class='ocrx_word' id='word_1_439' title='bbox 500 5199 670 5254; x_wconf 86' lang='grc' dir='ltr'>νόσων</span> <span class='ocrx_word' id='word_1_440' title='bbox 704 5195 940 5268; x_wconf 80' lang='grc' dir='ltr'>κήλησίς</span> <span class='ocrx_word' id='word_1_441' title='bbox 968 5198 1132 5250; x_wconf 71' lang='grc' dir='ltr'>ἐστιν’</span> <span class='ocrx_word' id='word_1_442' title='bbox 1169 5220 1197 5248; x_wconf 75' lang='grc' dir='ltr'>α</span> <span class='ocrx_word' id='word_1_443' title='bbox 1229 5203 1375 5253; x_wconf 88' lang='lat' dir='ltr'>Nam</span> <span class='ocrx_word' id='word_1_444' title='bbox 1407 5216 1503 5254; x_wconf 89' lang='lat' dir='ltr'>ars</span> <span class='ocrx_word' id='word_1_445' title='bbox 1552 5201 1788 5270; x_wconf 85' lang='lat' dir='ltr'>quidem</span> <span class='ocrx_word' id='word_1_446' title='bbox 1822 5217 2033 5255; x_wconf 83' lang='lat' dir='ltr'>excan-</span> 
     </span>
    </p>
   </div>
   <div class='ocr_carea' id='block_1_58' title="bbox 382 5288 2034 5361">
    <p class='ocr_par' dir='ltr' id='par_1_58' title="bbox 382 5288 2034 5361">
     <span class='ocr_line' id='line_1_58' title="bbox 382 5288 2034 5361; baseline -0.001 -17"><span class='ocrx_word' id='word_1_447' title='bbox 382 5296 654 5361; x_wconf 77' lang='lat' dir='ltr'>tatorum,</span> <span class='ocrx_word' id='word_1_448' title='bbox 687 5291 938 5361; x_wconf 84' lang='lat' dir='ltr'>viperas,</span> <span class='ocrx_word' id='word_1_449' title='bbox 973 5288 1309 5360; x_wconf 88' lang='lat' dir='ltr'>phalangia,</span> <span class='ocrx_word' id='word_1_450' title='bbox 1343 5289 1625 5360; x_wconf 87' lang='lat' dir='ltr'>scorpios,</span> <span class='ocrx_word' id='word_1_451' title='bbox 1656 5296 1713 5344; x_wconf 89' lang='lat' dir='ltr'>et</span> <span class='ocrx_word' id='word_1_452' title='bbox 1758 5289 1874 5346; x_wconf 88' lang='lat' dir='ltr'>alia</span> <span class='ocrx_word' id='word_1_453' title='bbox 1903 5306 2034 5361; x_wconf 87' lang='lat' dir='ltr'>pes-</span> 
     </span>
    </p>
   </div>
   <div class='ocr_carea' id='block_1_59' title="bbox 384 5376 2036 5448">
    <p class='ocr_par' dir='ltr' id='par_1_59' title="bbox 384 5376 2036 5448">
     <span class='ocr_line' id='line_1_59' title="bbox 384 5376 2036 5448; baseline 0.001 -16"><span class='ocrx_word' id='word_1_454' title='bbox 384 5379 552 5435; x_wconf 79' lang='lat' dir='ltr'>tifera</span> <span class='ocrx_word' id='word_1_455' title='bbox 608 5378 888 5435; x_wconf 85' lang='lat' dir='ltr'>animalia</span> <span class='ocrx_word' id='word_1_456' title='bbox 947 5376 1093 5432; x_wconf 90' lang='lat' dir='ltr'>lenit</span> <span class='ocrx_word' id='word_1_457' title='bbox 1159 5394 1223 5432; x_wconf 85' lang='lat' dir='ltr'>ac</span> <span class='ocrx_word' id='word_1_458' title='bbox 1280 5379 1626 5448; x_wconf 88' lang='lat' dir='ltr'>permulcet.</span> <span class='ocrx_word' id='word_1_459' title='bbox 1680 5402 1708 5430; x_wconf 84' lang='lat'>»</span> <span class='ocrx_word' id='word_1_460' title='bbox 1750 5379 2036 5435; x_wconf 87' lang='lat' dir='ltr'>Homerus</span> 
     </span>
    </p>
   </div>
   <div class='ocr_carea' id='block_1_60' title="bbox 385 5464 1361 5539">
    <p class='ocr_par' dir='ltr' id='par_1_60' title="bbox 385 5464 1361 5539">
     <span class='ocr_line' id='line_1_60' title="bbox 385 5464 1361 5539; baseline 0.002 -19"><span class='ocrx_word' id='word_1_461' title='bbox 385 5464 597 5524; x_wconf 83' lang='grc' dir='ltr'>Ὀδυσσ.</span> <span class='ocrx_word' id='word_1_462' title='bbox 632 5469 699 5523; x_wconf 91' lang='grc' dir='ltr'>Τ.</span> <span class='ocrx_word' id='word_1_463' title='bbox 734 5469 804 5522; x_wconf 91' lang='lat' dir='ltr'>de</span> <span class='ocrx_word' id='word_1_464' title='bbox 840 5467 1082 5522; x_wconf 88' lang='lat' dir='ltr'>vulnere</span> <span class='ocrx_word' id='word_1_465' title='bbox 1112 5465 1361 5539; x_wconf 84' lang='lat' dir='ltr'>Ulyssis,</span> 
     </span>
    </p>
   </div>
   <div class='ocr_carea' id='block_1_61' title="bbox 460 5605 1856 5740">
    <p class='ocr_par' dir='ltr' id='par_1_61' title="bbox 460 5605 1856 5740">
     <span class='ocr_line' id='line_1_61' title="bbox 460 5605 1856 5740; baseline -0.001 -76"><span class='ocrx_word' id='word_1_466' title='bbox 460 5606 1056 5740; x_wconf 56' lang='grc' dir='ltr'>⁸ᾼὲᾗσανθέπισταμίινως,</span> <span class='ocrx_word' id='word_1_467' title='bbox 1091 5605 1322 5683; x_wconf 75' lang='grc' dir='ltr'>ἒπαριδῇ</span> <span class='ocrx_word' id='word_1_468' title='bbox 1357 5605 1402 5662; x_wconf 78' lang='grc' dir='ltr'>δ’</span> <span class='ocrx_word' id='word_1_469' title='bbox 1433 5610 1570 5681; x_wconf 82' lang='grc' dir='ltr'>αἷμα</span> <span class='ocrx_word' id='word_1_470' title='bbox 1606 5605 1856 5663; x_wconf 82' lang='grc' dir='ltr'>κελαινὸν</span> 
     </span>
     <span class='ocr_line' id='line_1_62' title="bbox 529 5703 744 5740; baseline 0.005 -2"><span class='ocrx_word' id='word_1_471' title='bbox 529 5703 629 5740; x_wconf 84' lang='grc' dir='ltr'>σγε</span> <span class='ocrx_word' id='word_1_472' title='bbox 668 5703 744 5739; x_wconf 92' lang='grc' dir='ltr'>ον.</span> 
     </span>
    </p>
   </div>
   <div class='ocr_carea' id='block_1_62' title="bbox 529 5703 744 5758">
    <p class='ocr_par' dir='ltr' id='par_1_62' title="bbox 529 5703 744 5758">
     <span class='ocr_line' id='line_1_63' title="bbox 529 5703 744 5758; baseline 0.005 -20"><span class='ocrx_word' id='word_1_473' title='bbox 529 5703 744 5758; x_wconf 80' lang='grc' dir='ltr'>σχευον.</span> 
     </span>
    </p>
   </div>
   <div class='ocr_carea' id='block_1_63' title="bbox 2106 575 2705 646">
    <p class='ocr_par' dir='ltr' id='par_1_63' title="bbox 2106 575 2705 646">
     <span class='ocr_line' id='line_1_64' title="bbox 2106 575 2705 646; baseline 0.01 -20"><span class='ocrx_word' id='word_1_474' title='bbox 2106 578 2502 644; x_wconf 78' lang='lat' dir='ltr'>represserunt.</span> <span class='ocrx_word' id='word_1_475' title='bbox 2540 575 2705 646; x_wconf 89' lang='lat' dir='ltr'>dign.</span> 
     </span>
    </p>
   </div>
   <div class='ocr_carea' id='block_1_64' title="bbox 2180 661 2803 737">
    <p class='ocr_par' dir='ltr' id='par_1_64' title="bbox 2180 661 2803 737">
     <span class='ocr_line' id='line_1_65' title="bbox 2180 661 2803 737; baseline 0.003 -19"><span class='ocrx_word' id='word_1_476' title='bbox 2180 661 2496 734; x_wconf 88' lang='lat' dir='ltr'>Sophocles</span> <span class='ocrx_word' id='word_1_477' title='bbox 2529 663 2588 718; x_wconf 89' lang='lat' dir='ltr'>in</span> <span class='ocrx_word' id='word_1_478' title='bbox 2621 665 2803 737; x_wconf 83' lang='lat' dir='ltr'>Ajace,</span> 
     </span>
    </p>
   </div>
   <div class='ocr_carea' id='block_1_65' title="bbox 2785 779 3437 856">
    <p class='ocr_par' dir='ltr' id='par_1_65' title="bbox 2785 779 3437 856">
     <span class='ocr_line' id='line_1_66' title="bbox 2785 779 3437 856; baseline -0.002 -23"><span class='ocrx_word' id='word_1_479' title='bbox 2785 779 2846 833; x_wconf 83' lang='grc' dir='ltr'>οὐ</span> <span class='ocrx_word' id='word_1_480' title='bbox 2879 779 3013 853; x_wconf 88' lang='grc' dir='ltr'>πρὸς</span> <span class='ocrx_word' id='word_1_481' title='bbox 3047 779 3234 856; x_wconf 77' lang='grc' dir='ltr'>ἰατροῦ</span> <span class='ocrx_word' id='word_1_482' title='bbox 3267 783 3437 856; x_wconf 80' lang='grc' dir='ltr'>σοφοῦ</span> 
     </span>
    </p>
   </div>
   <div class='ocr_carea' id='block_1_66' title="bbox 2181 847 3330 926">
    <p class='ocr_par' dir='ltr' id='par_1_66' title="bbox 2181 847 3330 926">
     <span class='ocr_line' id='line_1_67' title="bbox 2181 847 3330 926; baseline 0.003 -23"><span class='ocrx_word' id='word_1_483' title='bbox 2181 853 2369 924; x_wconf 84' lang='grc' dir='ltr'>Θροεῖν</span> <span class='ocrx_word' id='word_1_484' title='bbox 2404 847 2619 922; x_wconf 74' lang='grc' dir='ltr'>ἐπῳδὰς</span> <span class='ocrx_word' id='word_1_485' title='bbox 2650 851 2785 926; x_wconf 85' lang='grc' dir='ltr'>πρὸς</span> <span class='ocrx_word' id='word_1_486' title='bbox 2815 847 3056 924; x_wconf 70' lang='grc' dir='ltr'>τομῶντι</span> <span class='ocrx_word' id='word_1_487' title='bbox 3089 847 3330 924; x_wconf 75' lang='grc' dir='ltr'>πῆματι.</span> 
     </span>
    </p>
   </div>
   <div class='ocr_carea' id='block_1_67' title="bbox 2110 968 3768 1038">
    <p class='ocr_par' dir='ltr' id='par_1_67' title="bbox 2110 968 3768 1038">
     <span class='ocr_line' id='line_1_68' title="bbox 2110 968 3768 1038; baseline -0.001 -15"><span class='ocrx_word' id='word_1_488' title='bbox 2110 968 2227 1023; x_wconf 85' lang='grc' dir='ltr'>Νοη</span> <span class='ocrx_word' id='word_1_489' title='bbox 2243 975 2323 1022; x_wconf 83' lang='lat' dir='ltr'>est</span> <span class='ocrx_word' id='word_1_490' title='bbox 2341 968 2601 1038; x_wconf 83' lang='lat' dir='ltr'>sapientis</span> <span class='ocrx_word' id='word_1_491' title='bbox 2621 968 2820 1022; x_wconf 86' lang='lat' dir='ltr'>medici</span> <span class='ocrx_word' id='word_1_492' title='bbox 2838 971 3270 1024; x_wconf 75' lang='lat' dir='ltr'>inmutationem</span> <span class='ocrx_word' id='word_1_493' title='bbox 3285 969 3524 1024; x_wconf 71' lang='lat' dir='ltr'>recitare</span> <span class='ocrx_word' id='word_1_494' title='bbox 3541 969 3602 1024; x_wconf 81' lang='lat' dir='ltr'>in</span> <span class='ocrx_word' id='word_1_495' title='bbox 3620 983 3768 1023; x_wconf 87' lang='lat' dir='ltr'>mor-</span> 
     </span>
    </p>
   </div>
   <div class='ocr_carea' id='block_1_68' title="bbox 2112 1055 3763 1127">
    <p class='ocr_par' dir='ltr' id='par_1_68' title="bbox 2112 1055 3763 1127">
     <span class='ocr_line' id='line_1_69' title="bbox 2112 1055 3763 1127; baseline 0 -16"><span class='ocrx_word' id='word_1_496' title='bbox 2112 1055 2196 1123; x_wconf 88' lang='lat' dir='ltr'>bo,</span> <span class='ocrx_word' id='word_1_497' title='bbox 2229 1058 2326 1125; x_wconf 85' lang='lat' dir='ltr'>qui</span> <span class='ocrx_word' id='word_1_498' title='bbox 2340 1060 2577 1111; x_wconf 81' lang='lat' dir='ltr'>sectione</span> <span class='ocrx_word' id='word_1_499' title='bbox 2607 1072 2736 1126; x_wconf 86' lang='lat' dir='ltr'>opus</span> <span class='ocrx_word' id='word_1_500' title='bbox 2767 1057 2942 1111; x_wconf 85' lang='lat' dir='ltr'>habet.</span> <span class='ocrx_word' id='word_1_501' title='bbox 2985 1057 3258 1112; x_wconf 88' lang='lat' dir='ltr'>Horatius</span> <span class='ocrx_word' id='word_1_502' title='bbox 3290 1057 3471 1127; x_wconf 81' lang='lat' dir='ltr'>Epist.</span> <span class='ocrx_word' id='word_1_503' title='bbox 3503 1057 3555 1123; x_wconf 91' lang='grc'>1,</span> <span class='ocrx_word' id='word_1_504' title='bbox 3587 1056 3692 1111; x_wconf 91' lang='lat' dir='ltr'>lib.</span> <span class='ocrx_word' id='word_1_505' title='bbox 3723 1073 3763 1112; x_wconf 90' lang='grc' dir='ltr'>ι.</span> 
     </span>
    </p>
   </div>
   <div class='ocr_carea' id='block_1_69' title="bbox 2183 1145 3692 1216">
    <p class='ocr_par' dir='ltr' id='par_1_69' title="bbox 2183 1145 3692 1216">
     <span class='ocr_line' id='line_1_70' title="bbox 2183 1145 3692 1216; baseline 0 -16"><span class='ocrx_word' id='word_1_506' title='bbox 2183 1146 2323 1200; x_wconf 86' lang='lat' dir='ltr'>Sunt</span> <span class='ocrx_word' id='word_1_507' title='bbox 2357 1146 2517 1200; x_wconf 86' lang='lat' dir='ltr'>verba</span> <span class='ocrx_word' id='word_1_508' title='bbox 2553 1148 2604 1200; x_wconf 85' lang='lat' dir='ltr'>et</span> <span class='ocrx_word' id='word_1_509' title='bbox 2635 1161 2808 1211; x_wconf 86' lang='lat' dir='ltr'>voces,</span> <span class='ocrx_word' id='word_1_510' title='bbox 2840 1146 3037 1216; x_wconf 83' lang='lat' dir='ltr'>quibus</span> <span class='ocrx_word' id='word_1_511' title='bbox 3059 1147 3208 1201; x_wconf 80' lang='lat' dir='ltr'>hunc</span> <span class='ocrx_word' id='word_1_512' title='bbox 3238 1145 3419 1201; x_wconf 85' lang='lat' dir='ltr'>lenire</span> <span class='ocrx_word' id='word_1_513' title='bbox 3448 1145 3692 1202; x_wconf 85' lang='lat' dir='ltr'>dolorem</span> 
     </span>
    </p>
   </div>
   <div class='ocr_carea' id='block_1_70' title="bbox 2186 1235 3508 1305">
    <p class='ocr_par' dir='ltr' id='par_1_70' title="bbox 2186 1235 3508 1305">
     <span class='ocr_line' id='line_1_71' title="bbox 2186 1235 3508 1305; baseline 0 -17"><span class='ocrx_word' id='word_1_514' title='bbox 2186 1236 2364 1288; x_wconf 87' lang='lat' dir='ltr'>Possis</span> <span class='ocrx_word' id='word_1_515' title='bbox 2393 1238 2446 1287; x_wconf 89' lang='lat' dir='ltr'>et</span> <span class='ocrx_word' id='word_1_516' title='bbox 2473 1250 2732 1303; x_wconf 84' lang='lat' dir='ltr'>magnam</span> <span class='ocrx_word' id='word_1_517' title='bbox 2762 1235 2942 1288; x_wconf 83' lang='lat' dir='ltr'>morbi</span> <span class='ocrx_word' id='word_1_518' title='bbox 2971 1235 3248 1303; x_wconf 84' lang='lat' dir='ltr'>deponere</span> <span class='ocrx_word' id='word_1_519' title='bbox 3271 1243 3508 1305; x_wconf 84' lang='lat' dir='ltr'>partem.</span> 
     </span>
    </p>
   </div>
   <div class='ocr_carea' id='block_1_71' title="bbox 2183 1321 3762 1378">
    <p class='ocr_par' dir='ltr' id='par_1_71' title="bbox 2183 1321 3762 1378">
     <span class='ocr_line' id='line_1_72' title="bbox 2183 1321 3762 1378; baseline 0 -1"><span class='ocrx_word' id='word_1_520' title='bbox 2183 1322 2302 1377; x_wconf 89' lang='lat' dir='ltr'>Col.</span> <span class='ocrx_word' id='word_1_521' title='bbox 2336 1323 2442 1377; x_wconf 74' lang='grc'>403</span> <span class='ocrx_word' id='word_1_522' title='bbox 2474 1321 2515 1376; x_wconf 93' lang='grc' dir='ltr'>Β</span> <span class='ocrx_word' id='word_1_523' title='bbox 2546 1323 2597 1377; x_wconf 90' lang='grc'>4.</span> <span class='ocrx_word' id='word_1_524' title='bbox 2645 1321 2905 1377; x_wconf 64' lang='grc' dir='ltr'>Ρνωιίιιπ.</span> <span class='ocrx_word' id='word_1_525' title='bbox 2959 1322 3387 1378; x_wconf 85' lang='lat' dir='ltr'>Admonuimus</span> <span class='ocrx_word' id='word_1_526' title='bbox 3429 1322 3762 1378; x_wconf 88' lang='lat' dir='ltr'>iterandam</span> 
     </span>
    </p>
   </div>
   <div class='ocr_carea' id='block_1_72' title="bbox 2111 1411 3763 1483">
    <p class='ocr_par' dir='ltr' id='par_1_72' title="bbox 2111 1411 3763 1483">
     <span class='ocr_line' id='line_1_73' title="bbox 2111 1411 3763 1483; baseline 0.001 -17"><span class='ocrx_word' id='word_1_527' title='bbox 2111 1412 2207 1467; x_wconf 91' lang='lat' dir='ltr'>hic</span> <span class='ocrx_word' id='word_1_528' title='bbox 2240 1413 2424 1466; x_wconf 85' lang='lat' dir='ltr'>fuisse</span> <span class='ocrx_word' id='word_1_529' title='bbox 2454 1427 2653 1466; x_wconf 89' lang='lat' dir='ltr'>vocem</span> <span class='ocrx_word' id='word_1_530' title='bbox 2686 1434 2713 1461; x_wconf 83' lang='grc'>‹‹</span> <span class='ocrx_word' id='word_1_531' title='bbox 2748 1412 2917 1477; x_wconf 81' lang='lat' dir='ltr'>ﬁdes,</span> <span class='ocrx_word' id='word_1_532' title='bbox 2950 1431 2980 1460; x_wconf 87' lang='grc'>››</span> <span class='ocrx_word' id='word_1_533' title='bbox 3015 1415 3078 1465; x_wconf 87' lang='lat' dir='ltr'>ut</span> <span class='ocrx_word' id='word_1_534' title='bbox 3107 1411 3165 1466; x_wconf 91' lang='lat' dir='ltr'>in</span> <span class='ocrx_word' id='word_1_535' title='bbox 3197 1411 3429 1479; x_wconf 70' lang='lat' dir='ltr'>Grzecis,</span> <span class='ocrx_word' id='word_1_536' title='bbox 3451 1412 3510 1466; x_wconf 90' lang='lat' dir='ltr'>in</span> <span class='ocrx_word' id='word_1_537' title='bbox 3542 1411 3763 1483; x_wconf 80' lang='lat' dir='ltr'>quibus</span> 
     </span>
    </p>
   </div>
   <div class='ocr_carea' id='block_1_73' title="bbox 2112 1499 3766 1571">
    <p class='ocr_par' dir='ltr' id='par_1_73' title="bbox 2112 1499 3766 1571">
     <span class='ocr_line' id='line_1_74' title="bbox 2112 1499 3766 1571; baseline 0.001 -15"><span class='ocrx_word' id='word_1_538' title='bbox 2112 1506 2170 1556; x_wconf 89' lang='lat' dir='ltr'>et</span> <span class='ocrx_word' id='word_1_539' title='bbox 2199 1518 2325 1571; x_wconf 76' lang='lat' dir='ltr'>quae</span> <span class='ocrx_word' id='word_1_540' title='bbox 2356 1506 2689 1571; x_wconf 88' lang='lat' dir='ltr'>sequuntur</span> <span class='ocrx_word' id='word_1_541' title='bbox 2717 1500 2977 1570; x_wconf 79' lang='lat' dir='ltr'>exigunt,</span> <span class='ocrx_word' id='word_1_542' title='bbox 3011 1506 3075 1554; x_wconf 90' lang='lat' dir='ltr'>ut</span> <span class='ocrx_word' id='word_1_543' title='bbox 3102 1499 3186 1555; x_wconf 88' lang='lat' dir='ltr'>ita</span> <span class='ocrx_word' id='word_1_544' title='bbox 3225 1505 3501 1568; x_wconf 83' lang='lat' dir='ltr'>vertatur,</span> <span class='ocrx_word' id='word_1_545' title='bbox 3534 1523 3562 1551; x_wconf 86' lang='lat'><strong>«</strong></span> <span class='ocrx_word' id='word_1_546' title='bbox 3595 1501 3766 1557; x_wconf 85' lang='lat' dir='ltr'>Fides</span> 
     </span>
    </p>
   </div>
   <div class='ocr_carea' id='block_1_74' title="bbox 2113 1587 3582 1660">
    <p class='ocr_par' dir='ltr' id='par_1_74' title="bbox 2113 1587 3582 1660">
     <span class='ocr_line' id='line_1_75' title="bbox 2113 1587 3582 1660; baseline -0.003 -16"><span class='ocrx_word' id='word_1_547' title='bbox 2113 1606 2230 1644; x_wconf 89' lang='lat' dir='ltr'>non</span> <span class='ocrx_word' id='word_1_548' title='bbox 2261 1606 2387 1660; x_wconf 75' lang='lat' dir='ltr'>quae</span> <span class='ocrx_word' id='word_1_549' title='bbox 2419 1589 2794 1660; x_wconf 89' lang='lat' dir='ltr'>geometricis</span> <span class='ocrx_word' id='word_1_550' title='bbox 2825 1587 3033 1643; x_wconf 89' lang='lat' dir='ltr'>nititur</span> <span class='ocrx_word' id='word_1_551' title='bbox 3055 1589 3522 1659; x_wconf 85' lang='lat' dir='ltr'>probationibus.</span> <span class='ocrx_word' id='word_1_552' title='bbox 3553 1611 3582 1640; x_wconf 84' lang='lat'>»</span> 
     </span>
    </p>
   </div>
   <div class='ocr_carea' id='block_1_75' title="bbox 2181 1675 3766 1734">
    <p class='ocr_par' dir='ltr' id='par_1_75' title="bbox 2181 1675 3766 1734">
     <span class='ocr_line' id='line_1_76' title="bbox 2181 1675 3766 1734; baseline -0.003 0"><span class='ocrx_word' id='word_1_553' title='bbox 2181 1678 2305 1734; x_wconf 85' lang='lat' dir='ltr'>Col.</span> <span class='ocrx_word' id='word_1_554' title='bbox 2366 1678 2472 1733; x_wconf 81' lang='grc'>406</span> <span class='ocrx_word' id='word_1_555' title='bbox 2532 1680 2570 1729; x_wconf 82' lang='grc' dir='ltr'>Α</span> <span class='ocrx_word' id='word_1_556' title='bbox 2635 1678 2720 1731; x_wconf 90' lang='grc'>15.</span> <span class='ocrx_word' id='word_1_557' title='bbox 2782 1678 3096 1732; x_wconf 82' lang='lat' dir='ltr'>Assensum.</span> <span class='ocrx_word' id='word_1_558' title='bbox 3152 1677 3368 1733; x_wconf 88' lang='lat' dir='ltr'>Omisit</span> <span class='ocrx_word' id='word_1_559' title='bbox 3420 1693 3616 1732; x_wconf 82' lang='lat' dir='ltr'>vocem</span> <span class='ocrx_word' id='word_1_560' title='bbox 3673 1675 3766 1730; x_wconf 88' lang='grc' dir='ltr'>πί-</span> 
     </span>
    </p>
   </div>
   <div class='ocr_carea' id='block_1_76' title="bbox 2113 1765 3766 1826">
    <p class='ocr_par' dir='ltr' id='par_1_76' title="bbox 2113 1765 3766 1826">
     <span class='ocr_line' id='line_1_77' title="bbox 2113 1765 3766 1826; baseline 0.001 -6"><span class='ocrx_word' id='word_1_561' title='bbox 2113 1786 2280 1826; x_wconf 87' lang='grc' dir='ltr'>στεως</span> <span class='ocrx_word' id='word_1_562' title='bbox 2307 1765 2622 1821; x_wconf 80' lang='lat' dir='ltr'>Carnarius</span> <span class='ocrx_word' id='word_1_563' title='bbox 2670 1765 2756 1819; x_wconf 87' lang='lat' dir='ltr'>sic</span> <span class='ocrx_word' id='word_1_564' title='bbox 2804 1765 3050 1820; x_wconf 79' lang='lat' dir='ltr'>eﬂ&#39;erens</span> <span class='ocrx_word' id='word_1_565' title='bbox 3086 1781 3099 1820; x_wconf 88' lang='lat'><strong>:</strong></span> <span class='ocrx_word' id='word_1_566' title='bbox 3137 1787 3164 1816; x_wconf 78' lang='lat'>«</span> <span class='ocrx_word' id='word_1_567' title='bbox 3197 1773 3520 1821; x_wconf 82' lang='lat' dir='ltr'>Assensum</span> <span class='ocrx_word' id='word_1_568' title='bbox 3553 1784 3622 1822; x_wconf 82' lang='lat' dir='ltr'>ex</span> <span class='ocrx_word' id='word_1_569' title='bbox 3651 1767 3766 1822; x_wconf 86' lang='lat' dir='ltr'>ﬁde</span> 
     </span>
    </p>
   </div>
   <div class='ocr_carea' id='block_1_77' title="bbox 1981 1853 3766 1957">
    <p class='ocr_par' dir='ltr' id='par_1_77' title="bbox 1981 1853 3766 1957">
     <span class='ocr_line' id='line_1_78' title="bbox 1981 1853 3766 1957; baseline 0.001 -47"><span class='ocrx_word' id='word_1_570' title='bbox 1981 1905 1994 1957; x_wconf 65' lang='grc' dir='ltr'>ί</span> <span class='ocrx_word' id='word_1_571' title='bbox 2030 1875 2076 1939; x_wconf 84' lang='grc' dir='ltr'>Β</span> <span class='ocrx_word' id='word_1_572' title='bbox 2111 1856 2257 1910; x_wconf 86' lang='lat' dir='ltr'>citra</span> <span class='ocrx_word' id='word_1_573' title='bbox 2287 1854 2779 1910; x_wconf 87' lang='lat' dir='ltr'>examinationem</span> <span class='ocrx_word' id='word_1_574' title='bbox 2805 1853 3103 1923; x_wconf 71' lang='lat' dir='ltr'>requirit,»</span> <span class='ocrx_word' id='word_1_575' title='bbox 3127 1854 3526 1910; x_wconf 86' lang='lat' dir='ltr'>Montacutius</span> <span class='ocrx_word' id='word_1_576' title='bbox 3549 1877 3575 1906; x_wconf 86' lang='grc'>‹‹</span> <span class='ocrx_word' id='word_1_577' title='bbox 3595 1873 3630 1911; x_wconf 91' lang='lat' dir='ltr'>a</span> <span class='ocrx_word' id='word_1_578' title='bbox 3652 1855 3766 1911; x_wconf 83' lang='lat' dir='ltr'>ﬁde</span> 
     </span>
    </p>
   </div>
   <div class='ocr_carea' id='block_1_78' title="bbox 1943 1926 1971 1958">
    <p class='ocr_par' dir='ltr' id='par_1_78' title="bbox 1943 1926 1971 1958">
     <span class='ocr_line' id='line_1_79' title="bbox 1943 1926 1971 1958; baseline 0 0"><span class='ocrx_word' id='word_1_579' title='bbox 1943 1926 1971 1958; x_wconf 85' lang='grc' dir='ltr'><strong>τ</strong></span> 
     </span>
    </p>
   </div>
   <div class='ocr_carea' id='block_1_79' title="bbox 2109 1942 3765 2014">
    <p class='ocr_par' dir='ltr' id='par_1_79' title="bbox 2109 1942 3765 2014">
     <span class='ocr_line' id='line_1_80' title="bbox 2109 1942 3765 2014; baseline 0.001 -16"><span class='ocrx_word' id='word_1_580' title='bbox 2109 1945 2354 1999; x_wconf 89' lang='lat' dir='ltr'>minime</span> <span class='ocrx_word' id='word_1_581' title='bbox 2383 1943 2626 2014; x_wconf 88' lang='lat' dir='ltr'>probata</span> <span class='ocrx_word' id='word_1_582' title='bbox 2659 1948 2717 1997; x_wconf 88' lang='lat' dir='ltr'>et</span> <span class='ocrx_word' id='word_1_583' title='bbox 2745 1942 3044 2012; x_wconf 85' lang='lat' dir='ltr'>explorata</span> <span class='ocrx_word' id='word_1_584' title='bbox 3075 1943 3404 1999; x_wconf 84' lang='lat' dir='ltr'>rationibus</span> <span class='ocrx_word' id='word_1_585' title='bbox 3449 1961 3765 2000; x_wconf 76' lang='lat' dir='ltr'>assensum</span> 
     </span>
    </p>
   </div>
   <div class='ocr_carea' id='block_1_80' title="bbox 2110 2030 3764 2106">
    <p class='ocr_par' dir='ltr' id='par_1_80' title="bbox 2110 2030 3764 2106">
     <span class='ocr_line' id='line_1_81' title="bbox 2110 2030 3764 2106; baseline -0.001 -17"><span class='ocrx_word' id='word_1_586' title='bbox 2110 2034 2340 2106; x_wconf 82' lang='lat' dir='ltr'>quaerit.</span> <span class='ocrx_word' id='word_1_587' title='bbox 2376 2053 2405 2082; x_wconf 81' lang='lat'><strong><em>»</em></strong></span> <span class='ocrx_word' id='word_1_588' title='bbox 2448 2031 2670 2086; x_wconf 76' lang='lat' dir='ltr'>Similis</span> <span class='ocrx_word' id='word_1_589' title='bbox 2715 2030 2815 2086; x_wconf 87' lang='lat' dir='ltr'>illa</span> <span class='ocrx_word' id='word_1_590' title='bbox 2845 2032 3138 2086; x_wconf 86' lang='lat' dir='ltr'>sententia</span> <span class='ocrx_word' id='word_1_591' title='bbox 3163 2033 3215 2087; x_wconf 94' lang='lat' dir='ltr'>S.</span> <span class='ocrx_word' id='word_1_592' title='bbox 3241 2033 3483 2088; x_wconf 89' lang='lat' dir='ltr'>Joannis</span> <span class='ocrx_word' id='word_1_593' title='bbox 3515 2034 3764 2106; x_wconf 81' lang='lat' dir='ltr'>Chryso-</span> 
     </span>
    </p>
   </div>
   <div class='ocr_carea' id='block_1_81' title="bbox 2111 2119 3760 2192">
    <p class='ocr_par' dir='ltr' id='par_1_81' title="bbox 2111 2119 3760 2192">
     <span class='ocr_line' id='line_1_82' title="bbox 2111 2119 3760 2192; baseline -0.002 -14"><span class='ocrx_word' id='word_1_594' title='bbox 2111 2121 2286 2178; x_wconf 90' lang='lat' dir='ltr'>stomi</span> <span class='ocrx_word' id='word_1_595' title='bbox 2312 2121 2412 2176; x_wconf 90' lang='lat' dir='ltr'>lib.</span> <span class='ocrx_word' id='word_1_596' title='bbox 2454 2119 2655 2175; x_wconf 85' lang='lat' dir='ltr'>Contra</span> <span class='ocrx_word' id='word_1_597' title='bbox 2683 2121 2914 2190; x_wconf 86' lang='lat' dir='ltr'>gentiles</span> <span class='ocrx_word' id='word_1_598' title='bbox 2938 2138 2994 2192; x_wconf 93' lang='lat' dir='ltr'>p.</span> <span class='ocrx_word' id='word_1_599' title='bbox 3027 2121 3134 2175; x_wconf 84' lang='lat'>735</span> <span class='ocrx_word' id='word_1_600' title='bbox 3157 2122 3299 2177; x_wconf 88' lang='lat' dir='ltr'>edit.</span> <span class='ocrx_word' id='word_1_601' title='bbox 3333 2123 3652 2178; x_wconf 89' lang='lat' dir='ltr'>Parisiens.</span> <span class='ocrx_word' id='word_1_602' title='bbox 3696 2123 3760 2175; x_wconf 82' lang='grc' dir='ltr'>Οἳ</span> 
     </span>
    </p>
   </div>
   <div class='ocr_carea' id='block_1_82' title="bbox 2112 2206 3759 2282">
    <p class='ocr_par' dir='ltr' id='par_1_82' title="bbox 2112 2206 3759 2282">
     <span class='ocr_line' id='line_1_83' title="bbox 2112 2206 3759 2282; baseline 0 -18"><span class='ocrx_word' id='word_1_603' title='bbox 2112 2207 2456 2264; x_wconf 74' lang='grc' dir='ltr'>διαπιστοῦσι</span> <span class='ocrx_word' id='word_1_604' title='bbox 2511 2212 2630 2262; x_wconf 85' lang='grc' dir='ltr'>τοῖς</span> <span class='ocrx_word' id='word_1_605' title='bbox 2680 2209 3064 2282; x_wconf 67' lang='grc' dir='ltr'>γεγενημένοις</span> <span class='ocrx_word' id='word_1_606' title='bbox 3099 2251 3113 2278; x_wconf 86' lang='grc'><strong><em>,</em></strong></span> <span class='ocrx_word' id='word_1_607' title='bbox 3162 2208 3253 2263; x_wconf 68' lang='grc' dir='ltr'>καὶ</span> <span class='ocrx_word' id='word_1_608' title='bbox 3320 2206 3526 2265; x_wconf 82' lang='grc' dir='ltr'>πολλοὶ</span> <span class='ocrx_word' id='word_1_609' title='bbox 3584 2210 3759 2272; x_wconf 79' lang='grc' dir='ltr'>οὕτως</span> 
     </span>
    </p>
   </div>
   <div class='ocr_carea' id='block_1_83' title="bbox 2113 2293 3763 2368">
    <p class='ocr_par' dir='ltr' id='par_1_83' title="bbox 2113 2293 3763 2368">
     <span class='ocr_line' id='line_1_84' title="bbox 2113 2293 3763 2368; baseline 0.002 -15"><span class='ocrx_word' id='word_1_610' title='bbox 2113 2293 2482 2358; x_wconf 75' lang='grc' dir='ltr'>ἀϐασανίστως</span> <span class='ocrx_word' id='word_1_611' title='bbox 2541 2295 2629 2351; x_wconf 79' lang='grc' dir='ltr'>καὶ</span> <span class='ocrx_word' id='word_1_612' title='bbox 2689 2296 3042 2366; x_wconf 71' lang='grc' dir='ltr'>ἀνεξετάστως</span> <span class='ocrx_word' id='word_1_613' title='bbox 3079 2317 3091 2330; x_wconf 83' lang='grc'><em>’</em></span> <span class='ocrx_word' id='word_1_614' title='bbox 3154 2300 3262 2368; x_wconf 76' lang='lat' dir='ltr'>Qui</span> <span class='ocrx_word' id='word_1_615' title='bbox 3328 2301 3544 2356; x_wconf 84' lang='lat' dir='ltr'>nullam</span> <span class='ocrx_word' id='word_1_616' title='bbox 3601 2301 3763 2364; x_wconf 72' lang='lat' dir='ltr'>ﬁdem</span> 
     </span>
    </p>
   </div>
   <div class='ocr_carea' id='block_1_84' title="bbox 2115 2387 3766 2462">
    <p class='ocr_par' dir='ltr' id='par_1_84' title="bbox 2115 2387 3766 2462">
     <span class='ocr_line' id='line_1_85' title="bbox 2115 2387 3766 2462; baseline 0.001 -17"><span class='ocrx_word' id='word_1_617' title='bbox 2115 2390 2508 2461; x_wconf 84' lang='lat' dir='ltr'>habent,atque</span> <span class='ocrx_word' id='word_1_618' title='bbox 2539 2389 2704 2443; x_wconf 84' lang='lat' dir='ltr'>multi</span> <span class='ocrx_word' id='word_1_619' title='bbox 2733 2387 2799 2443; x_wconf 88' lang='lat' dir='ltr'>de</span> <span class='ocrx_word' id='word_1_620' title='bbox 2828 2405 2885 2444; x_wconf 88' lang='lat' dir='ltr'>re</span> <span class='ocrx_word' id='word_1_621' title='bbox 2914 2393 3026 2444; x_wconf 87' lang='lat' dir='ltr'>tota</span> <span class='ocrx_word' id='word_1_622' title='bbox 3056 2390 3200 2446; x_wconf 79' lang='lat' dir='ltr'>nihil</span> <span class='ocrx_word' id='word_1_623' title='bbox 3222 2390 3526 2462; x_wconf 86' lang='lat' dir='ltr'>quidquam</span> <span class='ocrx_word' id='word_1_624' title='bbox 3549 2391 3766 2447; x_wconf 83' lang='lat' dir='ltr'>investi-</span> 
     </span>
    </p>
   </div>
   <div class='ocr_carea' id='block_1_85' title="bbox 2115 2478 3768 2551">
    <p class='ocr_par' dir='ltr' id='par_1_85' title="bbox 2115 2478 3768 2551">
     <span class='ocr_line' id='line_1_86' title="bbox 2115 2478 3768 2551; baseline 0.001 -18"><span class='ocrx_word' id='word_1_625' title='bbox 2115 2495 2279 2549; x_wconf 86' lang='lat' dir='ltr'>gare,</span> <span class='ocrx_word' id='word_1_626' title='bbox 2310 2479 2456 2533; x_wconf 78' lang='lat' dir='ltr'>nihil</span> <span class='ocrx_word' id='word_1_627' title='bbox 2488 2478 2812 2534; x_wconf 70' lang='lat' dir='ltr'>examinare</span> <span class='ocrx_word' id='word_1_628' title='bbox 2839 2478 3115 2533; x_wconf 84' lang='lat' dir='ltr'>laborant.</span> <span class='ocrx_word' id='word_1_629' title='bbox 3150 2479 3310 2534; x_wconf 87' lang='lat' dir='ltr'>Idem</span> <span class='ocrx_word' id='word_1_630' title='bbox 3342 2479 3402 2534; x_wconf 90' lang='lat' dir='ltr'>in</span> <span class='ocrx_word' id='word_1_631' title='bbox 3434 2479 3590 2535; x_wconf 73' lang='lat' dir='ltr'>hanc</span> <span class='ocrx_word' id='word_1_632' title='bbox 3609 2479 3768 2551; x_wconf 88' lang='lat' dir='ltr'>psal-</span> 
     </span>
    </p>
   </div>
   <div class='ocr_carea' id='block_1_86' title="bbox 2117 2563 3769 2641">
    <p class='ocr_par' dir='ltr' id='par_1_86' title="bbox 2117 2563 3769 2641">
     <span class='ocr_line' id='line_1_87' title="bbox 2117 2563 3769 2641; baseline -0.001 -20"><span class='ocrx_word' id='word_1_633' title='bbox 2117 2584 2279 2621; x_wconf 89' lang='lat' dir='ltr'>mum</span> <span class='ocrx_word' id='word_1_634' title='bbox 2315 2566 2578 2620; x_wconf 85' lang='lat' dir='ltr'>scribens</span> <span class='ocrx_word' id='word_1_635' title='bbox 2611 2583 2668 2636; x_wconf 90' lang='lat' dir='ltr'>p.</span> <span class='ocrx_word' id='word_1_636' title='bbox 2706 2565 2843 2621; x_wconf 85' lang='grc' dir='ltr'>40οε</span> <span class='ocrx_word' id='word_1_637' title='bbox 2879 2565 3044 2637; x_wconf 80' lang='grc' dir='ltr'>Ορᾷς,</span> <span class='ocrx_word' id='word_1_638' title='bbox 3079 2564 3200 2618; x_wconf 81' lang='grc' dir='ltr'>ὅσον</span> <span class='ocrx_word' id='word_1_639' title='bbox 3234 2563 3396 2620; x_wconf 85' lang='grc' dir='ltr'>κακόν</span> <span class='ocrx_word' id='word_1_640' title='bbox 3441 2565 3576 2633; x_wconf 77' lang='grc' dir='ltr'>ἐστι,</span> <span class='ocrx_word' id='word_1_641' title='bbox 3607 2566 3769 2641; x_wconf 89' lang='grc' dir='ltr'>λογι-</span> 
     </span>
    </p>
   </div>
   <div class='ocr_carea' id='block_1_87' title="bbox 2115 2651 3770 2729">
    <p class='ocr_par' dir='ltr' id='par_1_87' title="bbox 2115 2651 3770 2729">
     <span class='ocr_line' id='line_1_88' title="bbox 2115 2651 3770 2729; baseline 0.001 -21"><span class='ocrx_word' id='word_1_642' title='bbox 2115 2659 2282 2727; x_wconf 82' lang='grc' dir='ltr'>σμοῖς</span> <span class='ocrx_word' id='word_1_643' title='bbox 2327 2653 2631 2729; x_wconf 68' lang='grc' dir='ltr'>ἔπι-τρέπειν</span> <span class='ocrx_word' id='word_1_644' title='bbox 2682 2651 2750 2708; x_wconf 68' lang='grc' dir='ltr'>τὰ</span> <span class='ocrx_word' id='word_1_645' title='bbox 2796 2653 3096 2728; x_wconf 80' lang='grc' dir='ltr'>πράγματα</span> <span class='ocrx_word' id='word_1_646' title='bbox 3141 2660 3241 2723; x_wconf 82' lang='grc' dir='ltr'>τῆς</span> <span class='ocrx_word' id='word_1_647' title='bbox 3281 2653 3534 2724; x_wconf 82' lang='grc' dir='ltr'>πίστεως,</span> <span class='ocrx_word' id='word_1_648' title='bbox 3567 2657 3657 2710; x_wconf 77' lang='grc' dir='ltr'>καὶ</span> <span class='ocrx_word' id='word_1_649' title='bbox 3693 2657 3770 2728; x_wconf 80' lang='grc' dir='ltr'>μὴ</span> 
     </span>
    </p>
   </div>
   <div class='ocr_carea' id='block_1_88' title="bbox 2115 2742 3770 2818">
    <p class='ocr_par' dir='ltr' id='par_1_88' title="bbox 2115 2742 3770 2818">
     <span class='ocr_line' id='line_1_89' title="bbox 2115 2742 3770 2818; baseline 0.001 -19"><span class='ocrx_word' id='word_1_650' title='bbox 2115 2747 2185 2818; x_wconf 75' lang='grc' dir='ltr'>τῇ</span> <span class='ocrx_word' id='word_1_651' title='bbox 2218 2742 2393 2797; x_wconf 76' lang='grc' dir='ltr'>πίστει</span> <span class='ocrx_word' id='word_1_652' title='bbox 2429 2762 2442 2812; x_wconf 88' lang='grc'>;</span> <span class='ocrx_word' id='word_1_653' title='bbox 2476 2766 2504 2794; x_wconf 89' lang='grc'>‹‹</span> <span class='ocrx_word' id='word_1_654' title='bbox 2531 2744 2704 2799; x_wconf 75' lang='lat' dir='ltr'>Vides</span> <span class='ocrx_word' id='word_1_655' title='bbox 2728 2748 3019 2816; x_wconf 88' lang='lat' dir='ltr'>quantum</span> <span class='ocrx_word' id='word_1_656' title='bbox 3039 2744 3117 2800; x_wconf 90' lang='lat' dir='ltr'>sit</span> <span class='ocrx_word' id='word_1_657' title='bbox 3146 2744 3494 2817; x_wconf 89' lang='lat' dir='ltr'>periculum,</span> <span class='ocrx_word' id='word_1_658' title='bbox 3523 2763 3614 2802; x_wconf 89' lang='lat' dir='ltr'>res</span> <span class='ocrx_word' id='word_1_659' title='bbox 3637 2747 3770 2804; x_wconf 82' lang='lat' dir='ltr'>fidei</span> 
     </span>
    </p>
   </div>
   <div class='ocr_carea' id='block_1_89' title="bbox 2119 2833 3770 2908">
    <p class='ocr_par' dir='ltr' id='par_1_89' title="bbox 2119 2833 3770 2908">
     <span class='ocr_line' id='line_1_90' title="bbox 2119 2833 3770 2908; baseline 0.001 -19"><span class='ocrx_word' id='word_1_660' title='bbox 2119 2835 2456 2907; x_wconf 87' lang='lat' dir='ltr'>permittere</span> <span class='ocrx_word' id='word_1_661' title='bbox 2489 2833 2835 2905; x_wconf 81' lang='lat' dir='ltr'>rationibus,</span> <span class='ocrx_word' id='word_1_662' title='bbox 2869 2837 2925 2888; x_wconf 89' lang='lat' dir='ltr'>et</span> <span class='ocrx_word' id='word_1_663' title='bbox 2956 2852 3070 2890; x_wconf 88' lang='lat' dir='ltr'>non</span> <span class='ocrx_word' id='word_1_664' title='bbox 3103 2834 3331 2890; x_wconf 80' lang='lat' dir='ltr'>fidei?»</span> <span class='ocrx_word' id='word_1_665' title='bbox 3369 2836 3553 2892; x_wconf 87' lang='lat' dir='ltr'>Locus</span> <span class='ocrx_word' id='word_1_666' title='bbox 3575 2837 3770 2908; x_wconf 82' lang='lat' dir='ltr'>proxi-</span> 
     </span>
    </p>
   </div>
   <div class='ocr_carea' id='block_1_90' title="bbox 2120 2923 3766 2999">
    <p class='ocr_par' dir='ltr' id='par_1_90' title="bbox 2120 2923 3766 2999">
     <span class='ocr_line' id='line_1_91' title="bbox 2120 2923 3766 2999; baseline -0.001 -20"><span class='ocrx_word' id='word_1_667' title='bbox 2120 2941 2214 2979; x_wconf 89' lang='lat' dir='ltr'>me</span> <span class='ocrx_word' id='word_1_668' title='bbox 2244 2939 2499 2994; x_wconf 85' lang='lat' dir='ltr'>sequens</span> <span class='ocrx_word' id='word_1_669' title='bbox 2557 2927 2645 2977; x_wconf 90' lang='lat' dir='ltr'>est</span> <span class='ocrx_word' id='word_1_670' title='bbox 2702 2924 2991 2977; x_wconf 83' lang='lat' dir='ltr'>Hebraeor.</span> <span class='ocrx_word' id='word_1_671' title='bbox 3051 2941 3127 2992; x_wconf 76' lang='grc' dir='ltr'>ιι,</span> <span class='ocrx_word' id='word_1_672' title='bbox 3187 2925 3222 2977; x_wconf 88' lang='grc'><strong>6</strong></span> <span class='ocrx_word' id='word_1_673' title='bbox 3269 2941 3282 2979; x_wconf 89' lang='lat'>:</span> <span class='ocrx_word' id='word_1_674' title='bbox 3331 2923 3620 2978; x_wconf 82' lang='grc' dir='ltr'>Πιστεῦσαι</span> <span class='ocrx_word' id='word_1_675' title='bbox 3664 2923 3766 2999; x_wconf 78' lang='grc' dir='ltr'>γὰρ</span> 
     </span>
    </p>
   </div>
   <div class='ocr_carea' id='block_1_91' title="bbox 2122 3008 3772 3084">
    <p class='ocr_par' dir='ltr' id='par_1_91' title="bbox 2122 3008 3772 3084">
     <span class='ocr_line' id='line_1_92' title="bbox 2122 3008 3772 3084; baseline 0.004 -19"><span class='ocrx_word' id='word_1_676' title='bbox 2122 3009 2205 3065; x_wconf 81' lang='grc' dir='ltr'>δεῖ</span> <span class='ocrx_word' id='word_1_677' title='bbox 2254 3012 2344 3064; x_wconf 86' lang='grc' dir='ltr'>τὸν</span> <span class='ocrx_word' id='word_1_678' title='bbox 2396 3009 2843 3084; x_wconf 68' lang='grc' dir='ltr'>προσερχόμενον</span> <span class='ocrx_word' id='word_1_679' title='bbox 2883 3015 2962 3081; x_wconf 77' lang='grc' dir='ltr'>τῷ</span> <span class='ocrx_word' id='word_1_680' title='bbox 3007 3015 3143 3082; x_wconf 75' lang='grc' dir='ltr'>Θεῷ,</span> <span class='ocrx_word' id='word_1_681' title='bbox 3197 3009 3279 3065; x_wconf 78' lang='grc' dir='ltr'>ὅτι</span> <span class='ocrx_word' id='word_1_682' title='bbox 3339 3008 3478 3070; x_wconf 72' lang='grc' dir='ltr'>ἔστι.</span> <span class='ocrx_word' id='word_1_683' title='bbox 3541 3015 3772 3071; x_wconf 80' lang='lat' dir='ltr'>Credere</span> 
     </span>
    </p>
   </div>
   <div class='ocr_carea' id='block_1_92' title="bbox 2122 3099 3767 3174">
    <p class='ocr_par' dir='ltr' id='par_1_92' title="bbox 2122 3099 3767 3174">
     <span class='ocr_line' id='line_1_93' title="bbox 2122 3099 3767 3174; baseline 0.001 -17"><span class='ocrx_word' id='word_1_684' title='bbox 2122 3103 2275 3157; x_wconf 87' lang='lat' dir='ltr'>enim</span> <span class='ocrx_word' id='word_1_685' title='bbox 2300 3103 2508 3172; x_wconf 79' lang='lat' dir='ltr'>Oportet</span> <span class='ocrx_word' id='word_1_686' title='bbox 2555 3099 2900 3156; x_wconf 76' lang='lat' dir='ltr'>accedentem</span> <span class='ocrx_word' id='word_1_687' title='bbox 2930 3101 2999 3156; x_wconf 87' lang='lat' dir='ltr'>ad</span> <span class='ocrx_word' id='word_1_688' title='bbox 3029 3102 3222 3169; x_wconf 88' lang='lat' dir='ltr'>Deum,</span> <span class='ocrx_word' id='word_1_689' title='bbox 3255 3103 3387 3174; x_wconf 85' lang='lat' dir='ltr'>quia</span> <span class='ocrx_word' id='word_1_690' title='bbox 3419 3112 3516 3160; x_wconf 85' lang='lat' dir='ltr'>est.</span> <span class='ocrx_word' id='word_1_691' title='bbox 3549 3105 3666 3160; x_wconf 90' lang='lat' dir='ltr'>Sub</span> <span class='ocrx_word' id='word_1_692' title='bbox 3694 3105 3767 3159; x_wconf 86' lang='lat' dir='ltr'><strong>ﬁ-</strong></span> 
     </span>
    </p>
   </div>
   <div class='ocr_carea' id='block_1_93' title="bbox 2124 3188 3769 3264">
    <p class='ocr_par' dir='ltr' id='par_1_93' title="bbox 2124 3188 3769 3264">
     <span class='ocr_line' id='line_1_94' title="bbox 2124 3188 3769 3264; baseline 0.003 -18"><span class='ocrx_word' id='word_1_693' title='bbox 2124 3208 2254 3246; x_wconf 88' lang='lat' dir='ltr'>nem</span> <span class='ocrx_word' id='word_1_694' title='bbox 2291 3188 2984 3262; x_wconf 77' lang='lat' dir='ltr'>pagiuasimmutavimus</span> <span class='ocrx_word' id='word_1_695' title='bbox 3015 3189 3157 3246; x_wconf 87' lang='lat' dir='ltr'>illud</span> <span class='ocrx_word' id='word_1_696' title='bbox 3194 3191 3529 3264; x_wconf 88' lang='lat' dir='ltr'>interpretis</span> <span class='ocrx_word' id='word_1_697' title='bbox 3572 3215 3600 3245; x_wconf 87' lang='grc'>‹‹</span> <span class='ocrx_word' id='word_1_698' title='bbox 3631 3211 3769 3250; x_wconf 85' lang='lat' dir='ltr'>oon-</span> 
     </span>
    </p>
   </div>
   <div class='ocr_carea' id='block_1_94' title="bbox 2123 3278 3773 3352">
    <p class='ocr_par' dir='ltr' id='par_1_94' title="bbox 2123 3278 3773 3352">
     <span class='ocr_line' id='line_1_95' title="bbox 2123 3278 3773 3352; baseline 0.001 -17"><span class='ocrx_word' id='word_1_699' title='bbox 2123 3281 2298 3336; x_wconf 90' lang='lat' dir='ltr'>tendo</span> <span class='ocrx_word' id='word_1_700' title='bbox 2319 3280 2386 3334; x_wconf 91' lang='lat' dir='ltr'>ad</span> <span class='ocrx_word' id='word_1_701' title='bbox 2403 3278 2817 3350; x_wconf 84' lang='lat' dir='ltr'>perfectionem</span> <span class='ocrx_word' id='word_1_702' title='bbox 2843 3295 2945 3351; x_wconf 89' lang='lat' dir='ltr'>per</span> <span class='ocrx_word' id='word_1_703' title='bbox 2967 3279 3368 3352; x_wconf 82' lang='lat' dir='ltr'>martyrium.»</span> <span class='ocrx_word' id='word_1_704' title='bbox 3389 3281 3492 3338; x_wconf 90' lang='lat' dir='ltr'>Hic</span> <span class='ocrx_word' id='word_1_705' title='bbox 3513 3282 3669 3339; x_wconf 86' lang='lat' dir='ltr'>enim</span> <span class='ocrx_word' id='word_1_706' title='bbox 3691 3303 3773 3337; x_wconf 71' lang='grc' dir='ltr'>τι·</span> 
     </span>
    </p>
   </div>
   <div class='ocr_carea' id='block_1_95' title="bbox 2124 3365 3772 3439">
    <p class='ocr_par' dir='ltr' id='par_1_95' title="bbox 2124 3365 3772 3439">
     <span class='ocr_line' id='line_1_96' title="bbox 2124 3365 3772 3439; baseline 0.005 -19"><span class='ocrx_word' id='word_1_707' title='bbox 2124 3365 2344 3430; x_wconf 81' lang='grc' dir='ltr'>λείωσις</span> <span class='ocrx_word' id='word_1_708' title='bbox 2391 3367 2956 3423; x_wconf 87' lang='lat' dir='ltr'>consummationem</span> <span class='ocrx_word' id='word_1_709' title='bbox 3004 3375 3194 3439; x_wconf 85' lang='lat' dir='ltr'>sonat,</span> <span class='ocrx_word' id='word_1_710' title='bbox 3229 3374 3293 3425; x_wconf 91' lang='lat' dir='ltr'>ut</span> <span class='ocrx_word' id='word_1_711' title='bbox 3331 3375 3494 3426; x_wconf 71' lang='lat' dir='ltr'>Lucae</span> <span class='ocrx_word' id='word_1_712' title='bbox 3532 3389 3656 3439; x_wconf 87' lang='lat' dir='ltr'>xm,</span> <span class='ocrx_word' id='word_1_713' title='bbox 3680 3374 3772 3430; x_wconf 91' lang='lat'>32.</span> 
     </span>
    </p>
   </div>
   <div class='ocr_carea' id='block_1_96' title="bbox 2123 3452 3772 3534">
    <p class='ocr_par' dir='ltr' id='par_1_96' title="bbox 2123 3452 3772 3534">
     <span class='ocr_line' id='line_1_97' title="bbox 2123 3452 3772 3534; baseline 0.001 -22"><span class='ocrx_word' id='word_1_714' title='bbox 2123 3453 2310 3516; x_wconf 74' lang='grc' dir='ltr'>Ἱάσεις</span> <span class='ocrx_word' id='word_1_715' title='bbox 2374 3452 2609 3509; x_wconf 75' lang='grc' dir='ltr'>ἐπιτελῶ</span> <span class='ocrx_word' id='word_1_716' title='bbox 2686 3455 2924 3530; x_wconf 79' lang='grc' dir='ltr'>σήμερον</span> <span class='ocrx_word' id='word_1_717' title='bbox 2983 3454 3073 3509; x_wconf 87' lang='grc' dir='ltr'>καὶ</span> <span class='ocrx_word' id='word_1_718' title='bbox 3149 3452 3361 3532; x_wconf 72' lang='grc' dir='ltr'>αὔριον,</span> <span class='ocrx_word' id='word_1_719' title='bbox 3413 3457 3501 3512; x_wconf 82' lang='grc' dir='ltr'>καὶ</span> <span class='ocrx_word' id='word_1_720' title='bbox 3559 3462 3627 3532; x_wconf 79' lang='grc' dir='ltr'>τῇ</span> <span class='ocrx_word' id='word_1_721' title='bbox 3684 3459 3772 3534; x_wconf 91' lang='grc' dir='ltr'>τρί</span> 
     </span>
    </p>
   </div>
   <div class='ocr_carea' id='block_1_97' title="bbox 2123 3541 3777 3619">
    <p class='ocr_par' dir='ltr' id='par_1_97' title="bbox 2123 3541 3777 3619">
     <span class='ocr_line' id='line_1_98' title="bbox 2123 3541 3777 3619; baseline 0.005 -20"><span class='ocrx_word' id='word_1_722' title='bbox 2123 3566 2190 3619; x_wconf 75' lang='grc' dir='ltr'>τῃ</span> <span class='ocrx_word' id='word_1_723' title='bbox 2222 3541 2563 3616; x_wconf 66' lang='grc' dir='ltr'>τελειοῦμαν</span> <span class='ocrx_word' id='word_1_724' title='bbox 2606 3545 2885 3602; x_wconf 86' lang='lat' dir='ltr'>Sanitates</span> <span class='ocrx_word' id='word_1_725' title='bbox 2936 3547 3162 3618; x_wconf 79' lang='lat' dir='ltr'>perﬁcio</span> <span class='ocrx_word' id='word_1_726' title='bbox 3211 3547 3376 3604; x_wconf 82' lang='lat' dir='ltr'>hodie</span> <span class='ocrx_word' id='word_1_727' title='bbox 3425 3555 3481 3605; x_wconf 86' lang='lat' dir='ltr'>et</span> <span class='ocrx_word' id='word_1_728' title='bbox 3534 3566 3675 3619; x_wconf 83' lang='lat' dir='ltr'>cras,</span> <span class='ocrx_word' id='word_1_729' title='bbox 3726 3559 3777 3607; x_wconf 88' lang='lat' dir='ltr'>et</span> 
     </span>
    </p>
   </div>
   <div class='ocr_carea' id='block_1_98' title="bbox 2126 3634 3776 3709">
    <p class='ocr_par' dir='ltr' id='par_1_98' title="bbox 2126 3634 3776 3709">
     <span class='ocr_line' id='line_1_99' title="bbox 2126 3634 3776 3709; baseline 0.002 -19"><span class='ocrx_word' id='word_1_730' title='bbox 2126 3638 2292 3690; x_wconf 88' lang='lat' dir='ltr'>tertia</span> <span class='ocrx_word' id='word_1_731' title='bbox 2347 3634 2434 3689; x_wconf 84' lang='lat' dir='ltr'>die</span> <span class='ocrx_word' id='word_1_732' title='bbox 2485 3650 2852 3690; x_wconf 85' lang='lat' dir='ltr'>consummor.</span> <span class='ocrx_word' id='word_1_733' title='bbox 2911 3639 2980 3690; x_wconf 85' lang='lat' dir='ltr'>Et</span> <span class='ocrx_word' id='word_1_734' title='bbox 3030 3636 3285 3709; x_wconf 88' lang='lat' dir='ltr'>Sapient.</span> <span class='ocrx_word' id='word_1_735' title='bbox 3348 3654 3423 3706; x_wconf 82' lang='grc' dir='ltr'>ιν,</span> <span class='ocrx_word' id='word_1_736' title='bbox 3481 3639 3547 3693; x_wconf 92' lang='grc'>13</span> <span class='ocrx_word' id='word_1_737' title='bbox 3607 3657 3621 3696; x_wconf 90' lang='lat'><strong>:</strong></span> <span class='ocrx_word' id='word_1_738' title='bbox 3679 3643 3776 3694; x_wconf 78' lang='grc' dir='ltr'>Τι-</span> 
     </span>
    </p>
   </div>
   <div class='ocr_carea' id='block_1_99' title="bbox 2130 3719 3777 3804">
    <p class='ocr_par' dir='ltr' id='par_1_99' title="bbox 2130 3719 3777 3804">
     <span class='ocr_line' id='line_1_100' title="bbox 2130 3719 3777 3804; baseline 0.003 -26"><span class='ocrx_word' id='word_1_739' title='bbox 2130 3722 2378 3786; x_wconf 75' lang='grc' dir='ltr'>λιιωθεὶς</span> <span class='ocrx_word' id='word_1_740' title='bbox 2463 3721 2514 3777; x_wconf 73' lang='grc' dir='ltr'>ἑν</span> <span class='ocrx_word' id='word_1_741' title='bbox 2594 3719 2768 3798; x_wconf 85' lang='grc' dir='ltr'>ὀλίγῳ</span> <span class='ocrx_word' id='word_1_742' title='bbox 2841 3721 3132 3798; x_wconf 75' lang='grc' dir='ltr'>ἐπλήρωσε</span> <span class='ocrx_word' id='word_1_743' title='bbox 3213 3725 3449 3800; x_wconf 85' lang='grc' dir='ltr'>χρόνους</span> <span class='ocrx_word' id='word_1_744' title='bbox 3536 3727 3777 3804; x_wconf 77' lang='grc' dir='ltr'>μακροὺς</span> 
     </span>
    </p>
   </div>
   <div class='ocr_carea' id='block_1_100' title="bbox 2127 3813 3780 3886">
    <p class='ocr_par' dir='ltr' id='par_1_100' title="bbox 2127 3813 3780 3886">
     <span class='ocr_line' id='line_1_101' title="bbox 2127 3813 3780 3886; baseline 0.004 -17"><span class='ocrx_word' id='word_1_745' title='bbox 2127 3815 2553 3870; x_wconf 75' lang='lat' dir='ltr'>Consummatus</span> <span class='ocrx_word' id='word_1_746' title='bbox 2583 3815 2642 3870; x_wconf 87' lang='lat' dir='ltr'>in</span> <span class='ocrx_word' id='word_1_747' title='bbox 2673 3813 2820 3869; x_wconf 86' lang='lat' dir='ltr'>brevi</span> <span class='ocrx_word' id='word_1_748' title='bbox 2848 3815 3084 3886; x_wconf 74' lang='lat' dir='ltr'>explevit</span> <span class='ocrx_word' id='word_1_749' title='bbox 3113 3818 3355 3886; x_wconf 83' lang='lat' dir='ltr'>tempora</span> <span class='ocrx_word' id='word_1_750' title='bbox 3383 3818 3579 3872; x_wconf 82' lang='lat' dir='ltr'>multa.</span> <span class='ocrx_word' id='word_1_751' title='bbox 3604 3820 3780 3874; x_wconf 87' lang='lat' dir='ltr'>Theo-</span> 
     </span>
    </p>
   </div>
   <div class='ocr_carea' id='block_1_101' title="bbox 2131 3902 3776 3979">
    <p class='ocr_par' dir='ltr' id='par_1_101' title="bbox 2131 3902 3776 3979">
     <span class='ocr_line' id='line_1_102' title="bbox 2131 3902 3776 3979; baseline 0.003 -21"><span class='ocrx_word' id='word_1_752' title='bbox 2131 3903 2373 3958; x_wconf 88' lang='lat' dir='ltr'>doretus</span> <span class='ocrx_word' id='word_1_753' title='bbox 2421 3902 2628 3958; x_wconf 88' lang='lat' dir='ltr'>itidem</span> <span class='ocrx_word' id='word_1_754' title='bbox 2678 3902 2800 3958; x_wconf 63' lang='lat' dir='ltr'>haec</span> <span class='ocrx_word' id='word_1_755' title='bbox 2845 3903 3020 3959; x_wconf 87' lang='lat' dir='ltr'>verba</span> <span class='ocrx_word' id='word_1_756' title='bbox 3064 3903 3276 3977; x_wconf 87' lang='lat' dir='ltr'>psalmi</span> <span class='ocrx_word' id='word_1_757' title='bbox 3323 3922 3638 3979; x_wconf 83' lang='lat' dir='ltr'>exponens,</span> <span class='ocrx_word' id='word_1_758' title='bbox 3675 3908 3776 3963; x_wconf 87' lang='lat' dir='ltr'>de-</span> 
     </span>
    </p>
   </div>
   <div class='ocr_carea' id='block_1_102' title="bbox 2129 3991 3779 4066">
    <p class='ocr_par' dir='ltr' id='par_1_102' title="bbox 2129 3991 3779 4066">
     <span class='ocr_line' id='line_1_103' title="bbox 2129 3991 3779 4066; baseline 0.004 -21"><span class='ocrx_word' id='word_1_759' title='bbox 2129 4007 2256 4046; x_wconf 92' lang='lat' dir='ltr'>cere</span> <span class='ocrx_word' id='word_1_760' title='bbox 2291 3991 2372 4045; x_wconf 88' lang='lat' dir='ltr'>ait</span> <span class='ocrx_word' id='word_1_761' title='bbox 2401 3992 2678 4046; x_wconf 85' lang='lat' dir='ltr'>audacter</span> <span class='ocrx_word' id='word_1_762' title='bbox 2727 4007 2829 4064; x_wconf 84' lang='lat' dir='ltr'>pro</span> <span class='ocrx_word' id='word_1_763' title='bbox 2881 3991 3129 4048; x_wconf 89' lang='lat' dir='ltr'>Domino</span> <span class='ocrx_word' id='word_1_764' title='bbox 3177 4000 3426 4050; x_wconf 80' lang='lat' dir='ltr'>mortem</span> <span class='ocrx_word' id='word_1_765' title='bbox 3473 3996 3691 4066; x_wconf 89' lang='lat' dir='ltr'>subire,</span> <span class='ocrx_word' id='word_1_766' title='bbox 3723 4000 3779 4052; x_wconf 84' lang='lat' dir='ltr'>et</span> 
     </span>
    </p>
   </div>
   <div class='ocr_carea' id='block_1_103' title="bbox 2129 4079 3775 4153">
    <p class='ocr_par' dir='ltr' id='par_1_103' title="bbox 2129 4079 3775 4153">
     <span class='ocr_line' id='line_1_104' title="bbox 2129 4079 3775 4153; baseline 0.004 -19"><span class='ocrx_word' id='word_1_767' title='bbox 2129 4079 2282 4134; x_wconf 90' lang='lat' dir='ltr'>hanc</span> <span class='ocrx_word' id='word_1_768' title='bbox 2332 4080 2866 4136; x_wconf 77' lang='lat' dir='ltr'>remunerationem</span> <span class='ocrx_word' id='word_1_769' title='bbox 2901 4097 3004 4153; x_wconf 89' lang='lat' dir='ltr'>pro</span> <span class='ocrx_word' id='word_1_770' title='bbox 3043 4082 3220 4138; x_wconf 88' lang='lat' dir='ltr'>variis</span> <span class='ocrx_word' id='word_1_771' title='bbox 3256 4084 3552 4141; x_wconf 83' lang='lat' dir='ltr'>beneﬁciis</span> <span class='ocrx_word' id='word_1_772' title='bbox 3590 4085 3729 4142; x_wconf 88' lang='lat' dir='ltr'>dare</span> <span class='ocrx_word' id='word_1_773' title='bbox 3762 4101 3775 4140; x_wconf 89' lang='lat'><strong>:</strong></span> 
     </span>
    </p>
   </div>
   <div class='ocr_carea' id='block_1_104' title="bbox 2132 4167 3782 4246">
    <p class='ocr_par' dir='ltr' id='par_1_104' title="bbox 2132 4167 3782 4246">
     <span class='ocr_line' id='line_1_105' title="bbox 2132 4167 3782 4246; baseline 0.003 -23"><span class='ocrx_word' id='word_1_774' title='bbox 2132 4168 2404 4242; x_wconf 73' lang='grc' dir='ltr'>Προσήκει</span> <span class='ocrx_word' id='word_1_775' title='bbox 2454 4167 2634 4221; x_wconf 81' lang='grc' dir='ltr'>τοίνυν</span> <span class='ocrx_word' id='word_1_776' title='bbox 2683 4167 2995 4244; x_wconf 65' lang='grc' dir='ltr'>θαρραλέως</span> <span class='ocrx_word' id='word_1_777' title='bbox 3044 4169 3133 4223; x_wconf 83' lang='grc' dir='ltr'>τὸν</span> <span class='ocrx_word' id='word_1_778' title='bbox 3194 4170 3324 4246; x_wconf 76' lang='grc' dir='ltr'>ὑπὲρ</span> <span class='ocrx_word' id='word_1_779' title='bbox 3370 4173 3534 4227; x_wconf 73' lang='grc' dir='ltr'>αὐτοῦ</span> <span class='ocrx_word' id='word_1_780' title='bbox 3563 4173 3782 4228; x_wconf 75' lang='grc' dir='ltr'>καταδὲο</span> 
     </span>
    </p>
   </div>
   <div class='ocr_carea' id='block_1_105' title="bbox 2133 4255 3782 4333">
    <p class='ocr_par' dir='ltr' id='par_1_105' title="bbox 2133 4255 3782 4333">
     <span class='ocr_line' id='line_1_106' title="bbox 2133 4255 3782 4333; baseline 0.005 -23"><span class='ocrx_word' id='word_1_781' title='bbox 2133 4256 2318 4327; x_wconf 79' lang='grc' dir='ltr'>ξασθαι</span> <span class='ocrx_word' id='word_1_782' title='bbox 2377 4255 2624 4325; x_wconf 82' lang='grc' dir='ltr'>θάνατον,</span> <span class='ocrx_word' id='word_1_783' title='bbox 2656 4259 2744 4312; x_wconf 77' lang='grc' dir='ltr'>καὶ</span> <span class='ocrx_word' id='word_1_784' title='bbox 2802 4256 3006 4329; x_wconf 64' lang='grc' dir='ltr'>ταύτην</span> <span class='ocrx_word' id='word_1_785' title='bbox 3048 4256 3230 4314; x_wconf 73' lang='grc' dir='ltr'>δοῦναι</span> <span class='ocrx_word' id='word_1_786' title='bbox 3280 4267 3381 4330; x_wconf 82' lang='grc' dir='ltr'>τῆς</span> <span class='ocrx_word' id='word_1_787' title='bbox 3429 4261 3782 4333; x_wconf 81' lang='grc' dir='ltr'>παντοδαπῆς</span> 
     </span>
    </p>
   </div>
   <div class='ocr_carea' id='block_1_106' title="bbox 2135 4342 3782 4424">
    <p class='ocr_par' dir='ltr' id='par_1_106' title="bbox 2135 4342 3782 4424">
     <span class='ocr_line' id='line_1_107' title="bbox 2135 4342 3782 4424; baseline 0.007 -26"><span class='ocrx_word' id='word_1_788' title='bbox 2135 4343 2438 4421; x_wconf 66' lang='grc' dir='ltr'>εὐεργεσίας</span> <span class='ocrx_word' id='word_1_789' title='bbox 2465 4342 2759 4402; x_wconf 82' lang='grc' dir='ltr'>ἀντίδοσιν.</span> <span class='ocrx_word' id='word_1_790' title='bbox 2783 4349 2874 4402; x_wconf 90' lang='lat' dir='ltr'>Sic</span> <span class='ocrx_word' id='word_1_791' title='bbox 2898 4350 3050 4420; x_wconf 84' lang='lat' dir='ltr'>apud</span> <span class='ocrx_word' id='word_1_792' title='bbox 3083 4350 3453 4424; x_wconf 82' lang='lat' dir='ltr'>Apostolum,</span> <span class='ocrx_word' id='word_1_793' title='bbox 3486 4354 3782 4410; x_wconf 63' lang='lat' dir='ltr'>Hebraeor.</span> 
     </span>
    </p>
   </div>
   <div class='ocr_carea' id='block_1_107' title="bbox 2133 4435 3786 4515">
    <p class='ocr_par' dir='ltr' id='par_1_107' title="bbox 2133 4435 3786 4515">
     <span class='ocr_line' id='line_1_108' title="bbox 2133 4435 3786 4515; baseline 0.005 -28"><span class='ocrx_word' id='word_1_794' title='bbox 2133 4453 2194 4508; x_wconf 78' lang='grc' dir='ltr'>ιι,</span> <span class='ocrx_word' id='word_1_795' title='bbox 2250 4438 2370 4493; x_wconf 85' lang='grc' dir='ltr'>1Ο;</span> <span class='ocrx_word' id='word_1_796' title='bbox 2433 4436 2529 4489; x_wconf 76' lang='grc' dir='ltr'>Διά</span> <span class='ocrx_word' id='word_1_797' title='bbox 2580 4435 2917 4508; x_wconf 76' lang='grc' dir='ltr'>παθημάτων</span> <span class='ocrx_word' id='word_1_798' title='bbox 2972 4435 3281 4507; x_wconf 77' lang='grc' dir='ltr'>τελειῶσαι,</span> <span class='ocrx_word' id='word_1_799' title='bbox 3345 4448 3452 4498; x_wconf 85' lang='lat' dir='ltr'>Per</span> <span class='ocrx_word' id='word_1_800' title='bbox 3501 4445 3786 4515; x_wconf 85' lang='lat' dir='ltr'>passiones</span> 
     </span>
    </p>
   </div>
   <div class='ocr_carea' id='block_1_108' title="bbox 2134 4526 3784 4608">
    <p class='ocr_par' dir='ltr' id='par_1_108' title="bbox 2134 4526 3784 4608">
     <span class='ocr_line' id='line_1_109' title="bbox 2134 4526 3784 4608; baseline 0.003 -27"><span class='ocrx_word' id='word_1_801' title='bbox 2134 4543 2521 4582; x_wconf 84' lang='lat' dir='ltr'>consummare</span> <span class='ocrx_word' id='word_1_802' title='bbox 2553 4547 2566 4596; x_wconf 89' lang='lat'><strong>;</strong></span> <span class='ocrx_word' id='word_1_803' title='bbox 2602 4531 2656 4582; x_wconf 89' lang='lat' dir='ltr'>et</span> <span class='ocrx_word' id='word_1_804' title='bbox 2689 4526 2860 4582; x_wconf 90' lang='lat' dir='ltr'>Hebr.</span> <span class='ocrx_word' id='word_1_805' title='bbox 2899 4545 2988 4596; x_wconf 82' lang='lat' dir='ltr'>XL,</span> <span class='ocrx_word' id='word_1_806' title='bbox 3023 4530 3090 4583; x_wconf 79' lang='grc'>40</span> <span class='ocrx_word' id='word_1_807' title='bbox 3123 4529 3267 4585; x_wconf 73' lang='grc' dir='ltr'>εἻνα</span> <span class='ocrx_word' id='word_1_808' title='bbox 3301 4531 3377 4602; x_wconf 80' lang='grc' dir='ltr'>μή</span> <span class='ocrx_word' id='word_1_809' title='bbox 3411 4532 3586 4608; x_wconf 82' lang='grc' dir='ltr'>χωρὶς</span> <span class='ocrx_word' id='word_1_810' title='bbox 3624 4533 3784 4605; x_wconf 82' lang='grc' dir='ltr'>ἡμῶν</span> 
     </span>
    </p>
   </div>
   <div class='ocr_carea' id='block_1_109' title="bbox 2067 4613 3789 4681">
    <p class='ocr_par' dir='ltr' id='par_1_109' title="bbox 2067 4613 3789 4681">
     <span class='ocr_line' id='line_1_110' title="bbox 2067 4613 3789 4681; baseline 0.006 -12"><span class='ocrx_word' id='word_1_811' title='bbox 2067 4619 2108 4681; x_wconf 90' lang='grc'>[)</span> <span class='ocrx_word' id='word_1_812' title='bbox 2139 4613 2471 4669; x_wconf 77' lang='grc' dir='ltr'>τελειωθῶσι</span> <span class='ocrx_word' id='word_1_813' title='bbox 2507 4635 2519 4647; x_wconf 69' lang='grc' dir='ltr'><em>υ</em></span> <span class='ocrx_word' id='word_1_814' title='bbox 2551 4618 2613 4672; x_wconf 83' lang='lat' dir='ltr'>Ut</span> <span class='ocrx_word' id='word_1_815' title='bbox 2646 4634 2761 4671; x_wconf 87' lang='lat' dir='ltr'>non</span> <span class='ocrx_word' id='word_1_816' title='bbox 2788 4618 2914 4672; x_wconf 84' lang='lat' dir='ltr'>sine</span> <span class='ocrx_word' id='word_1_817' title='bbox 2942 4620 3098 4674; x_wconf 87' lang='lat' dir='ltr'>nobis</span> <span class='ocrx_word' id='word_1_818' title='bbox 3126 4632 3656 4679; x_wconf 82' lang='lat' dir='ltr'>consummarentur.</span> <span class='ocrx_word' id='word_1_819' title='bbox 3704 4626 3789 4679; x_wconf 88' lang='lat' dir='ltr'>Ita</span> 
     </span>
    </p>
   </div>
   <div class='ocr_carea' id='block_1_110' title="bbox 2141 4705 3788 4784">
    <p class='ocr_par' dir='ltr' id='par_1_110' title="bbox 2141 4705 3788 4784">
     <span class='ocr_line' id='line_1_111' title="bbox 2141 4705 3788 4784; baseline 0.003 -23"><span class='ocrx_word' id='word_1_820' title='bbox 2141 4723 2292 4777; x_wconf 74' lang='lat' dir='ltr'>saepe</span> <span class='ocrx_word' id='word_1_821' title='bbox 2324 4705 2599 4760; x_wconf 91' lang='lat' dir='ltr'>dicuntur</span> <span class='ocrx_word' id='word_1_822' title='bbox 2628 4707 2686 4760; x_wconf 89' lang='lat' dir='ltr'>in</span> <span class='ocrx_word' id='word_1_823' title='bbox 2738 4705 3169 4781; x_wconf 82' lang='lat' dir='ltr'>Martyrologiis</span> <span class='ocrx_word' id='word_1_824' title='bbox 3200 4709 3305 4765; x_wconf 90' lang='lat' dir='ltr'>viri</span> <span class='ocrx_word' id='word_1_825' title='bbox 3352 4713 3536 4767; x_wconf 86' lang='lat' dir='ltr'>sancti</span> <span class='ocrx_word' id='word_1_826' title='bbox 3572 4717 3788 4784; x_wconf 77' lang='lat' dir='ltr'>marty-</span> 
     </span>
    </p>
   </div>
   <div class='ocr_carea' id='block_1_111' title="bbox 2141 4795 3616 4870">
    <p class='ocr_par' dir='ltr' id='par_1_111' title="bbox 2141 4795 3616 4870">
     <span class='ocr_line' id='line_1_112' title="bbox 2141 4795 3616 4870; baseline 0.005 -21"><span class='ocrx_word' id='word_1_827' title='bbox 2141 4795 2292 4849; x_wconf 89' lang='lat' dir='ltr'>rium</span> <span class='ocrx_word' id='word_1_828' title='bbox 2325 4811 2761 4865; x_wconf 88' lang='lat' dir='ltr'>consummare,</span> <span class='ocrx_word' id='word_1_829' title='bbox 2793 4800 2850 4851; x_wconf 89' lang='lat' dir='ltr'>et</span> <span class='ocrx_word' id='word_1_830' title='bbox 2880 4799 3158 4870; x_wconf 85' lang='lat' dir='ltr'>martyrio</span> <span class='ocrx_word' id='word_1_831' title='bbox 3191 4802 3616 4856; x_wconf 88' lang='lat' dir='ltr'>consummari.</span> 
     </span>
    </p>
   </div>
   <div class='ocr_carea' id='block_1_112' title="bbox 2211 4883 3786 4962">
    <p class='ocr_par' dir='ltr' id='par_1_112' title="bbox 2211 4883 3786 4962">
     <span class='ocr_line' id='line_1_113' title="bbox 2211 4883 3786 4962; baseline 0.004 -23"><span class='ocrx_word' id='word_1_832' title='bbox 2211 4883 2328 4939; x_wconf 86' lang='lat' dir='ltr'>Col.</span> <span class='ocrx_word' id='word_1_833' title='bbox 2365 4885 2464 4938; x_wconf 88' lang='grc'>107</span> <span class='ocrx_word' id='word_1_834' title='bbox 2497 4889 2551 4939; x_wconf 87' lang='grc' dir='ltr'>Β.</span> <span class='ocrx_word' id='word_1_835' title='bbox 2588 4885 2639 4940; x_wconf 82' lang='grc'><strong>4.</strong></span> <span class='ocrx_word' id='word_1_836' title='bbox 2693 4889 2754 4940; x_wconf 88' lang='lat' dir='ltr'>In</span> <span class='ocrx_word' id='word_1_837' title='bbox 2805 4893 3151 4958; x_wconf 82' lang='lat' dir='ltr'>conspectum</span> <span class='ocrx_word' id='word_1_838' title='bbox 3199 4890 3379 4945; x_wconf 69' lang='lat' dir='ltr'>Ac/iis.</span> <span class='ocrx_word' id='word_1_839' title='bbox 3431 4891 3516 4945; x_wconf 89' lang='lat' dir='ltr'>Ita</span> <span class='ocrx_word' id='word_1_840' title='bbox 3548 4890 3786 4962; x_wconf 88' lang='lat' dir='ltr'>quidem</span> 
     </span>
    </p>
   </div>
   <div class='ocr_carea' id='block_1_113' title="bbox 2141 4973 3793 5050">
    <p class='ocr_par' dir='ltr' id='par_1_113' title="bbox 2141 4973 3793 5050">
     <span class='ocr_line' id='line_1_114' title="bbox 2141 4973 3793 5050; baseline 0.004 -23"><span class='ocrx_word' id='word_1_841' title='bbox 2141 4973 2297 5044; x_wconf 89' lang='lat' dir='ltr'>apud</span> <span class='ocrx_word' id='word_1_842' title='bbox 2331 4977 2628 5028; x_wconf 86' lang='lat' dir='ltr'>auctorem</span> <span class='ocrx_word' id='word_1_843' title='bbox 2663 4973 2916 5042; x_wconf 70' lang='lat' dir='ltr'>Vulgata:</span> <span class='ocrx_word' id='word_1_844' title='bbox 2948 4975 3162 5031; x_wconf 76' lang='lat' dir='ltr'>Latinae</span> <span class='ocrx_word' id='word_1_845' title='bbox 3187 4982 3423 5033; x_wconf 88' lang='lat' dir='ltr'>vocatur</span> <span class='ocrx_word' id='word_1_846' title='bbox 3451 4978 3546 5034; x_wconf 89' lang='lat' dir='ltr'>ille</span> <span class='ocrx_word' id='word_1_847' title='bbox 3579 4997 3699 5050; x_wconf 83' lang='lat' dir='ltr'>rex,</span> <span class='ocrx_word' id='word_1_848' title='bbox 3733 4983 3793 5036; x_wconf 88' lang='lat' dir='ltr'>at</span> 
     </span>
    </p>
   </div>
   <div class='ocr_carea' id='block_1_114' title="bbox 2143 5061 3789 5141">
    <p class='ocr_par' dir='ltr' id='par_1_114' title="bbox 2143 5061 3789 5141">
     <span class='ocr_line' id='line_1_115' title="bbox 2143 5061 3789 5141; baseline 0.005 -26"><span class='ocrx_word' id='word_1_849' title='bbox 2143 5062 2296 5133; x_wconf 90' lang='lat' dir='ltr'>apud</span> <span class='ocrx_word' id='word_1_850' title='bbox 2341 5061 2547 5131; x_wconf 83' lang='lat' dir='ltr'>LXX,I</span> <span class='ocrx_word' id='word_1_851' title='bbox 2580 5063 2718 5136; x_wconf 78' lang='lat' dir='ltr'>Reg.</span> <span class='ocrx_word' id='word_1_852' title='bbox 2771 5081 2888 5132; x_wconf 84' lang='lat' dir='ltr'>xx1,</span> <span class='ocrx_word' id='word_1_853' title='bbox 2942 5065 3026 5133; x_wconf 86' lang='grc'>14,</span> <span class='ocrx_word' id='word_1_854' title='bbox 3081 5066 3317 5141; x_wconf 82' lang='grc' dir='ltr'>Ἀγχούς</span> <span class='ocrx_word' id='word_1_855' title='bbox 3362 5068 3598 5125; x_wconf 87' lang='lat' dir='ltr'>Auchus</span> <span class='ocrx_word' id='word_1_856' title='bbox 3646 5069 3789 5124; x_wconf 91' lang='lat' dir='ltr'>dici-</span> 
     </span>
    </p>
   </div>
   <div class='ocr_carea' id='block_1_115' title="bbox 2142 5151 3791 5226">
    <p class='ocr_par' dir='ltr' id='par_1_115' title="bbox 2142 5151 3791 5226">
     <span class='ocr_line' id='line_1_116' title="bbox 2142 5151 3791 5226; baseline 0.003 -20"><span class='ocrx_word' id='word_1_857' title='bbox 2142 5155 2262 5218; x_wconf 90' lang='lat' dir='ltr'>tur,</span> <span class='ocrx_word' id='word_1_858' title='bbox 2295 5153 2467 5223; x_wconf 91' lang='lat' dir='ltr'>cujus</span> <span class='ocrx_word' id='word_1_859' title='bbox 2498 5151 2618 5207; x_wconf 60' lang='lat' dir='ltr'>hac</span> <span class='ocrx_word' id='word_1_860' title='bbox 2648 5152 2825 5208; x_wconf 90' lang='lat' dir='ltr'>verba</span> <span class='ocrx_word' id='word_1_861' title='bbox 2855 5159 2994 5208; x_wconf 85' lang='lat' dir='ltr'>sunt</span> <span class='ocrx_word' id='word_1_862' title='bbox 3025 5155 3095 5210; x_wconf 89' lang='lat' dir='ltr'>ad</span> <span class='ocrx_word' id='word_1_863' title='bbox 3149 5157 3401 5214; x_wconf 83' lang='lat' dir='ltr'>famulos</span> <span class='ocrx_word' id='word_1_864' title='bbox 3455 5176 3616 5226; x_wconf 89' lang='lat' dir='ltr'>suos,</span> <span class='ocrx_word' id='word_1_865' title='bbox 3650 5154 3791 5212; x_wconf 75' lang='grc' dir='ltr'>Ἰδοὺ</span> 
     </span>
    </p>
   </div>
   <div class='ocr_carea' id='block_1_116' title="bbox 2146 5235 3795 5321">
    <p class='ocr_par' dir='ltr' id='par_1_116' title="bbox 2146 5235 3795 5321">
     <span class='ocr_line' id='line_1_117' title="bbox 2146 5235 3795 5321; baseline 0.008 -29"><span class='ocrx_word' id='word_1_866' title='bbox 2146 5235 2287 5292; x_wconf 64' lang='grc' dir='ltr'>ἴδετε</span> <span class='ocrx_word' id='word_1_867' title='bbox 2341 5237 2509 5314; x_wconf 77' lang='grc' dir='ltr'>ἄνδρα</span> <span class='ocrx_word' id='word_1_868' title='bbox 2557 5239 2884 5311; x_wconf 73' lang='grc' dir='ltr'>ἐπίληπτον,</span> <span class='ocrx_word' id='word_1_869' title='bbox 2916 5245 3044 5299; x_wconf 88' lang='lat' dir='ltr'>Ecce</span> <span class='ocrx_word' id='word_1_870' title='bbox 3098 5247 3319 5302; x_wconf 77' lang='lat' dir='ltr'>vidistis</span> <span class='ocrx_word' id='word_1_871' title='bbox 3374 5250 3556 5304; x_wconf 73' lang='lat' dir='ltr'>virum</span> <span class='ocrx_word' id='word_1_872' title='bbox 3611 5250 3795 5321; x_wconf 74' lang='lat' dir='ltr'>furio-</span> 
     </span>
    </p>
   </div>
   <div class='ocr_carea' id='block_1_117' title="bbox 2143 5327 3799 5412">
    <p class='ocr_par' dir='ltr' id='par_1_117' title="bbox 2143 5327 3799 5412">
     <span class='ocr_line' id='line_1_118' title="bbox 2143 5327 3799 5412; baseline 0.005 -27"><span class='ocrx_word' id='word_1_873' title='bbox 2143 5346 2307 5386; x_wconf 90' lang='lat' dir='ltr'>sum:</span> <span class='ocrx_word' id='word_1_874' title='bbox 2341 5330 2503 5398; x_wconf 90' lang='lat' dir='ltr'>item,</span> <span class='ocrx_word' id='word_1_875' title='bbox 2554 5331 2641 5397; x_wconf 75' lang='grc' dir='ltr'>Μὴ</span> <span class='ocrx_word' id='word_1_876' title='bbox 2695 5327 3025 5402; x_wconf 69' lang='grc' dir='ltr'>ἐλαττοῦμαι</span> <span class='ocrx_word' id='word_1_877' title='bbox 3073 5331 3390 5404; x_wconf 66' lang='grc' dir='ltr'>ἐπιλήπτων</span> <span class='ocrx_word' id='word_1_878' title='bbox 3441 5335 3551 5412; x_wconf 81' lang='grc' dir='ltr'>ἐγώ</span> <span class='ocrx_word' id='word_1_879' title='bbox 3594 5357 3608 5409; x_wconf 86' lang='grc'><strong>;</strong></span> <span class='ocrx_word' id='word_1_880' title='bbox 3656 5339 3799 5394; x_wconf 87' lang='lat' dir='ltr'>Num</span> 
     </span>
    </p>
   </div>
   <div class='ocr_carea' id='block_1_118' title="bbox 2146 5419 3800 5498">
    <p class='ocr_par' dir='ltr' id='par_1_118' title="bbox 2146 5419 3800 5498">
     <span class='ocr_line' id='line_1_119' title="bbox 2146 5419 3800 5498; baseline 0.005 -24"><span class='ocrx_word' id='word_1_881' title='bbox 2146 5419 2372 5487; x_wconf 83' lang='lat' dir='ltr'>indigeo</span> <span class='ocrx_word' id='word_1_882' title='bbox 2400 5419 2715 5490; x_wconf 80' lang='lat' dir='ltr'>[urentibus</span> <span class='ocrx_word' id='word_1_883' title='bbox 2761 5421 3404 5498; x_wconf 81' lang='lat' dir='ltr'>ego?Chrysostomus,</span> <span class='ocrx_word' id='word_1_884' title='bbox 3456 5427 3560 5482; x_wconf 91' lang='lat' dir='ltr'>lib.</span> <span class='ocrx_word' id='word_1_885' title='bbox 3607 5445 3672 5482; x_wconf 89' lang='grc' dir='ltr'><strong>ιιι</strong></span> <span class='ocrx_word' id='word_1_886' title='bbox 3727 5427 3800 5482; x_wconf 88' lang='lat' dir='ltr'>De</span> 
     </span>
    </p>
   </div>
   <div class='ocr_carea' id='block_1_119' title="bbox 2148 5508 3797 5590">
    <p class='ocr_par' dir='ltr' id='par_1_119' title="bbox 2148 5508 3797 5590">
     <span class='ocr_line' id='line_1_120' title="bbox 2148 5508 3797 5590; baseline 0.003 -27"><span class='ocrx_word' id='word_1_887' title='bbox 2148 5508 2526 5573; x_wconf 80' lang='lat' dir='ltr'>Providentia,</span> <span class='ocrx_word' id='word_1_888' title='bbox 2559 5525 2689 5580; x_wconf 87' lang='lat' dir='ltr'>pag.</span> <span class='ocrx_word' id='word_1_889' title='bbox 2721 5509 2828 5562; x_wconf 81' lang='lat'>237</span> <span class='ocrx_word' id='word_1_890' title='bbox 2863 5527 2876 5564; x_wconf 86' lang='lat'><strong>:</strong></span> <span class='ocrx_word' id='word_1_891' title='bbox 2912 5509 3054 5583; x_wconf 81' lang='grc' dir='ltr'>Πρὸς</span> <span class='ocrx_word' id='word_1_892' title='bbox 3103 5513 3193 5566; x_wconf 85' lang='grc' dir='ltr'>τὸν</span> <span class='ocrx_word' id='word_1_893' title='bbox 3253 5514 3492 5590; x_wconf 81' lang='grc' dir='ltr'>Ἀγχοὺς</span> <span class='ocrx_word' id='word_1_894' title='bbox 3524 5514 3797 5582; x_wconf 84' lang='grc' dir='ltr'>ἀπελθὼν,</span> 
     </span>
    </p>
   </div>
   <div class='ocr_carea' id='block_1_120' title="bbox 2147 5594 3802 5678">
    <p class='ocr_par' dir='ltr' id='par_1_120' title="bbox 2147 5594 3802 5678">
     <span class='ocr_line' id='line_1_121' title="bbox 2147 5594 3802 5678; baseline 0.007 -29"><span class='ocrx_word' id='word_1_895' title='bbox 2147 5594 2275 5657; x_wconf 76' lang='grc' dir='ltr'>τοὺς</span> <span class='ocrx_word' id='word_1_896' title='bbox 2326 5595 2686 5670; x_wconf 77' lang='grc' dir='ltr'>μαινομὲνους</span> <span class='ocrx_word' id='word_1_897' title='bbox 2741 5596 3082 5672; x_wconf 70' lang='grc' dir='ltr'>ὑπεκρίνατο.</span> <span class='ocrx_word' id='word_1_898' title='bbox 3125 5624 3151 5656; x_wconf 75' lang='grc' dir='ltr'>α</span> <span class='ocrx_word' id='word_1_899' title='bbox 3193 5605 3276 5660; x_wconf 80' lang='lat' dir='ltr'>Ad</span> <span class='ocrx_word' id='word_1_900' title='bbox 3326 5606 3565 5662; x_wconf 77' lang='lat' dir='ltr'>Auchus</span> <span class='ocrx_word' id='word_1_901' title='bbox 3616 5604 3802 5678; x_wconf 77' lang='lat' dir='ltr'>profe-</span> 
     </span>
    </p>
   </div>
   <div class='ocr_carea' id='block_1_121' title="bbox 2151 5687 3801 5770">
    <p class='ocr_par' dir='ltr' id='par_1_121' title="bbox 2151 5687 3801 5770">
     <span class='ocr_line' id='line_1_122' title="bbox 2151 5687 3801 5770; baseline 0.006 -28"><span class='ocrx_word' id='word_1_902' title='bbox 2151 5692 2302 5755; x_wconf 87' lang='lat' dir='ltr'>ctus,</span> <span class='ocrx_word' id='word_1_903' title='bbox 2337 5687 2614 5743; x_wconf 89' lang='lat' dir='ltr'>insanum</span> <span class='ocrx_word' id='word_1_904' title='bbox 2632 5703 2694 5743; x_wconf 91' lang='lat' dir='ltr'>se</span> <span class='ocrx_word' id='word_1_905' title='bbox 2718 5687 3056 5746; x_wconf 83' lang='lat' dir='ltr'>simulabat.</span> <span class='ocrx_word' id='word_1_906' title='bbox 3087 5715 3114 5742; x_wconf 86' lang='lat'>»</span> <span class='ocrx_word' id='word_1_907' title='bbox 3136 5696 3324 5768; x_wconf 88' lang='lat' dir='ltr'>Alque</span> <span class='ocrx_word' id='word_1_908' title='bbox 3345 5697 3498 5770; x_wconf 85' lang='lat' dir='ltr'>apud</span> <span class='ocrx_word' id='word_1_909' title='bbox 3525 5695 3801 5768; x_wconf 80' lang='lat' dir='ltr'>profanos</span> 
     </span>
    </p>
   </div>
  </div>
