4176 6384
368 385 520 447 1071

1556 374 1790 434 NOTAE
1831 373 2276 434 FRONTONIS
2320 374 2583 435 DUCEI

3632 373 3796 434 1073

364 515 603 589 quidem
638 514 904 568 auctores
949 505 1256 578 ιπίληπτος
1319 509 1650 578 correptum
1703 503 2001 577 epilepsia,

2126 521 2236 574 γων
2266 502 2356 558 τὸν
2392 500 2601 558 Σαούλ·
2639 527 2667 556 ‹‹
2698 505 2772 561 Ss
2798 502 3086 577 epilepsia
3116 507 3450 576 correptum
3488 502 3803 560 simulavit

341 591 421 661 let
467 601 750 659 comitiali
801 601 1004 656 morbo
1054 598 1414 653 laborantem
1461 594 1776 666 signiﬁcat,
1810 599 1867 648 et
1897 590 2019 646 ἐπι-

365 691 648 763 ληπτίζειν
675 708 740 748 eo
769 690 972 746 morbo
1005 687 1289 754 laborare,
1325 691 1388 739 ut
1419 685 1691 740 observat
1728 682 2015 738 Henricus

365 783 699 855 Stephanus
747 780 804 834 in
861 776 1300 842 1hesuuro;sed
1355 774 1576 829 fallitur
1623 789 1752 827 cum
1803 772 2020 826 ibidem

371 872 535 929 addit
565 866 978 938 ἑπιλήπτισθαι,
1013 883 1116 938 pro
1145 865 1351 920 eodem
1391 862 1584 918 afferri
1616 880 1708 917 χχι
1731 860 1876 915 lib.I
1910 865 2019 916 Re-

371 979 534 1036 gum,
568 961 654 1016 vel
684 958 766 1013 illi
818 960 970 1012 certe
1018 954 1322 1019 falluntur,
1377 953 1477 1024 qui
1529 952 1678 1006 hanc
1719 950 2018 1006 notionem

371 1053 456 1107 illi
488 1051 660 1107 verbo
693 1048 752 1104 in
781 1064 846 1103 eo
878 1045 1004 1101 loco
1032 1045 1340 1115 attingunt.
1378 1041 1530 1096 Licet
1570 1041 1728 1095 enim
1753 1039 1890 1094 alibi
1915 1055 2021 1094 vox

372 1138 674 1208 ἐπίληπτος
728 1134 1009 1192 comitiali
1062 1133 1266 1188 morbo
1311 1131 1674 1186 laborantem
1707 1129 2019 1201 significet,

370 1235 548 1301 atque
575 1228 751 1282 etiam
782 1241 814 1279 a
845 1225 1107 1278 dwmone
1136 1229 1490 1291 correptum,
1529 1224 1592 1272 ut
1618 1219 1771 1289 apud
1805 1217 2019 1287 Grego-

370 1320 522 1373 rium
555 1315 1009 1377 Nazianzenum,
1044 1314 1188 1366 orat.
1229 1309 1312 1372 18,
1347 1308 1416 1361 de
1465 1311 1670 1362 sancto
1710 1305 2014 1378 Cypriano,

367 1426 424 1480 p.
455 1407 562 1461 280
594 1421 608 1460 :
635 1404 692 1456 c0
737 1397 920 1475 ἄφρων
971 1397 1225 1471 ἐραστὴς,
1265 1395 1354 1449 καὶ
1407 1394 1636 1470 σώφρων
1688 1390 2016 1462 ἐπίληπτος,

368 1517 394 1549 α
424 1497 676 1551 Demens
722 1497 966 1559 amator,
1018 1493 1074 1542 et
1123 1488 1381 1558 prudens
1421 1483 1760 1555 arreptitius
1796 1501 1808 1537 :
1841 1507 1861 1535 ι
1904 1500 2016 1538 non

360 1593 559 1642 tamen
589 1580 1044 1638 existimandum
1079 1581 1187 1646 est,
1222 1575 1558 1644 ubicunque
1581 1572 1652 1627 ab
1684 1571 2015 1642 interpreti-

363 1674 475 1727 bus
532 1669 747 1726 Graacis
795 1665 1016 1720 Veteris
1072 1661 1429 1718 Testamenti
1493 1660 1844 1724 adhibetur,
1885 1675 2014 1714 eam

362 1777 536 1834 posse
582 1758 684 1813 illa
733 1755 932 1812 omnia
975 1769 1206 1817 sonare,
1250 1752 1297 1806 si
1349 1766 1518 1806 voces
1559 1749 1833 1813 Hebraeae,
1865 1765 2013 1819 quas

364 1851 486 1906 illic
526 1847 822 1921 exprimit,
869 1845 926 1900 id
984 1860 1097 1899 non
1150 1841 1359 1897 ferant.
1415 1840 1617 1910 Itaque
1667 1838 1785 1893 illic
1835 1838 2012 1892 dictio

364 1941 646 1997 Hebraica
674 1949 850 2002 mum
901 1933 1208 2000 furiosum,
1240 1931 1326 1986 vel
1368 1931 1643 1986 insanum
1695 1928 2008 2000 signiﬁcat,

368 2037 430 2086 ut
490 2029 562 2085 IV
621 2029 762 2098 Reg.
815 2043 890 2095 Ix,
929 2025 986 2078 11
1027 2020 1137 2077 :Tl
1189 2019 1272 2073 ὅτι
1333 2017 1581 2087 εἷ’σῆλθεν
1631 2017 1659 2070 ὀ
1710 2015 2010 2086 ἐπίληπτος

365 2119 540 2179 οὗτοςο
601 2115 742 2185 Quid
799 2115 946 2170 venit
1002 2114 1232 2166 insanus
1289 2110 1390 2163 iste
1436 2108 1505 2162 ad
1552 2110 1653 2163 te?
1695 2115 1750 2161 et
1793 2106 2007 2162 Jerem.

361 2225 514 2274 XXIX,
544 2208 658 2261 36:
698 2201 798 2259 Καὶ
865 2199 1026 2254 παντὶ
1086 2198 1358 2272 ἀνθρώπῳ
1419 2195 1758 2268 μαινομένῳ,
1811 2197 1874 2250 Et
1917 2213 2008 2251 su-

353 2314 456 2370 per
485 2297 761 2351 hominem
788 2293 1157 2347 insanientem
1190 2306 1202 2344 :
1235 2293 1290 2342 et
1330 2283 1786 2355 ὲπιληπτεύεσθαι
1820 2285 2011 2342 furere

357 2391 446 2445 est
497 2393 554 2443 et
595 2384 890 2443 insanire:
926 2382 1027 2436 sed
1079 2377 1358 2435 comitiali
1408 2379 1610 2433 morbo
1646 2377 2008 2432 laborantem

356 2495 470 2534 non
503 2475 816 2547 signiﬁcat.
841 2471 1231 2536 Quamobrem
1264 2468 1419 2540 apud
1455 2466 1675 2521 Theod.
1712 2466 2007 2522 Balsamo-

355 2584 488 2622 nem
521 2563 939 2621 commentario
969 2560 1030 2615 in
1061 2558 1233 2631 epist.
1265 2557 1420 2613 Petri
1469 2555 1776 2612 Alexandr.
1803 2572 2005 2628 perpe-

356 2673 482 2712 ram
512 2653 686 2710 vertit
714 2652 1027 2722 interpres.
1057 2646 1158 2700 Τὸν
1209 2644 1513 2714 ἆπίληπτον
1566 2641 1826 2717 ὑπεκρίθη
1880 2641 2003 2720 φεύ-

2133 591 2364 663 t'ugiens
2396 592 2554 649 Saul.
2590 617 2610 642 η
2648 594 2751 648 Hic
2783 609 2921 664 ergo
2965 593 3366 660 scribendum,
3421 615 3448 642 ‹‹
3495 592 3797 648 simulans

2133 698 2224 736 me
2253 681 2487 738 insania
2517 687 2874 754 correptum,
2909 686 3009 736 aut
3037 682 3325 753 percitum
3361 681 3578 737 furore.
3617 706 3646 732 υ

2202 771 2322 826 Col.
2361 773 2461 826 114
2487 775 2531 826 Α
2563 774 2649 826 13.
2700 774 2783 826 Ea:
2820 772 3090 828 exsoluta.
3143 768 3576 841 Ἀνθρωπότητα
3623 779 3798 828 vocat

2131 876 2244 914 non
2281 877 2457 914 unam
2489 861 2747 931 aliquam
2782 859 3250 928 multitudinem,
3298 876 3404 915 nec
3445 861 3796 919 universum

2129 949 2781 1018 genushumanum,sed
2802 967 2900 1004 eos
2916 949 3469 1020 homines,quorum
3491 965 3585 1004 res
3607 956 3790 1022 gesta

2131 1057 2197 1095 ac
2229 1041 2393 1112 probi
2428 1057 2619 1096 mores
2641 1042 2696 1095 id
2724 1045 3268 1113 promeruerant,ut
3290 1040 3365 1095 ab
3389 1040 3626 1097 aeternis
3649 1057 3799 1113 sup-

2130 1129 2322 1200 pliciis
2352 1129 2649 1184 immunes
2681 1134 2878 1185 essent
2912 1146 2924 1185 :
2960 1130 3159 1200 itaque
3184 1131 3254 1184 ad
3288 1129 3532 1185 verbum
3577 1131 3799 1186 Corna-

2130 1218 2274 1285 rius,
2310 1223 2487 1284 recte,
2522 1242 2550 1268 «
2585 1219 3073 1290 Quandoquidem
3107 1235 3198 1274 me
3232 1235 3265 1274 a
3288 1217 3540 1274 vinculis
3577 1218 3801 1291 peccati

2130 1305 2416 1375 liberasti,
2457 1309 2598 1362 dum
2648 1307 3006 1363 descendisti
3051 1308 3121 1362 ad
3157 1307 3482 1374 infernum,
3513 1312 3571 1363 et
3611 1308 3806 1363 exsol-

2127 1394 2260 1449 visti
2294 1395 2727 1451 humanitatem
2759 1396 3016 1451 vinctam
3053 1397 3260 1452 mortis
3302 1396 3707 1464 exsistentem,
3739 1400 3804 1452 et

2126 1485 2183 1538 in
2223 1486 2556 1540 carceribus
2589 1485 2799 1540 inferni
2832 1486 3276 1541 inevitabilibus
3307 1487 3628 1542 detentum.
3663 1508 3694 1538 »
3729 1487 3798 1543 In

2126 1574 2346 1629 Catena
2377 1574 2576 1629 Graeca
2626 1577 2686 1629 in
2734 1575 2981 1630 Psalmos
3029 1574 3158 1647 lego
3205 1572 3482 1628 κατελθὼν
3520 1572 3597 1636 εἰς
3629 1569 3794 1644 ᾅδην,

2124 1660 2214 1714 καὶ
2249 1659 2415 1724 λύσας
2441 1662 2540 1730 τήν
2578 1663 2994 1737 ἀνθρωπότητα.
3031 1664 3204 1719 Porro
3238 1663 3390 1718 hanc
3407 1664 3478 1720 de
3499 1665 3792 1720 descensu

2125 1752 2336 1807 animae
2369 1752 2584 1807 Christi
2636 1754 2705 1807 ad
2760 1753 2980 1808 inferos
3028 1767 3400 1808 communem
3445 1757 3792 1808 sanctorum

2125 1845 2366 1895 Patrum
2394 1841 2727 1896 doctrinam
2761 1841 2981 1896 frustra
3007 1857 3040 1896 a
3071 1841 3236 1896 novis
3259 1839 3530 1896 Ecclesiae
3571 1841 3794 1897 Christi

2126 1930 2526 2002 perduellibus
2558 1937 2958 2002 Oppugnatam
2991 1934 3191 1986 tuetur
3209 1930 3386 1985 etiam
3413 1929 3552 1985 alibi
3583 1935 3649 1984 ut
3679 1930 3794 1986 hoc

2121 2019 2247 2076 loco
2285 2019 2563 2088 Basilius,
2617 2019 2897 2074 nimirum
2950 2021 3011 2073 in
3068 2020 3346 2090 psalmum
3393 2035 3564 2074 xuv:
3611 2014 3793 2074 Ἀλλὰ

2121 2106 2399 2162 κατελθεῖν
2448 2105 2522 2168 εἷς
2575 2105 2707 2177 ᾅδου
2753 2114 2854 2176 τῆς
2911 2107 3036 2182 περὶ
3089 2109 3187 2175 τὴν
3247 2107 3528 2161 ἀνάστασιν
3573 2105 3786 2161 οἷιονο-

2127 2197 2250 2269 μίας
2292 2193 2485 2250 ἓνεκεψ
2536 2203 2592 2252 et
2639 2201 2699 2252 in
2744 2199 2891 2269 psal.
2942 2215 3163 2254 XLVIII:
3201 2200 3398 2272 Σαφῶς
3447 2195 3785 2275 προφητεύει

2119 2286 2218 2354 τὴν
2251 2289 2346 2338 τοῦ
2374 2284 2572 2361 Κυρίου
2603 2281 2831 2339 κάθοδον
2864 2283 2940 2348 εἰς
2966 2279 3116 2354 ᾅδου.

2193 2375 2312 2431 Col.
2349 2376 2450 2429 115
2483 2380 2524 2429 Β
2557 2376 2642 2428 12.
2679 2374 2764 2427 Ἐν
2793 2371 2985 2433 αὐλαῖς
3033 2377 3149 2428 τοῦ.
3185 2375 3315 2430 Haec
3369 2373 3577 2430 ultima
3627 2375 3784 2447 psal-

2123 2464 2202 2519 mi
2232 2464 2406 2519 verba
2437 2480 2505 2518 ex
2535 2463 2716 2533 Oliva,
2765 2470 2822 2519 et
2863 2463 3119 2536 Anglicis
3158 2465 3386 2534 adjecta
3435 2467 3594 2527 sunt,
3640 2481 3779 2521 cum

2121 2571 2228 2610 sua
2276 2554 2757 2625 interpretatione
2791 2569 2968 2625 quam
3000 2570 3088 2622 ea,
3130 2569 3257 2625 quae
3287 2558 3643 2626 sequuntur,
3677 2570 3777 2609 ex-

2119 2647 2365 2717 ponunt.

1085 2953 1248 3047 AD
1321 2949 2303 3047 COMMENTARIUS
2376 2951 2506 3044 IN
2575 2949 3035 3043 ISAIAM.

419 3301 540 3360 Col.
594 3302 691 3358 131
746 3306 808 3356 Β.
860 3299 1052 3356 Videas
1107 3296 1296 3352 simul.
1348 3299 1563 3350 Praeter
1617 3309 1716 3349 eos
1771 3297 1952 3350 testes
1987 3331 2001 3358 ,
2034 3292 2076 3360 C
2116 3291 2483 3347 characteres
2515 3289 2574 3346 F.
2609 3288 2678 3346 Η.
2715 3289 2759 3345 l.
2785 3293 2841 3344 et
2861 3290 2925 3345 A.
2955 3289 3370 3361 designabunt.
3401 3289 3551 3348 Illud
3573 3292 3772 3346 autem

347 3409 497 3464 quos
528 3393 600 3448 ad
631 3389 1012 3446 vindicandos
1045 3385 1260 3442 Basilio
1293 3384 1744 3440 commentarios
1773 3383 1918 3438 istos
1942 3384 1999 3436 in

349 3482 556 3536 Isaiam
583 3480 722 3536 citat
747 3480 835 3535 vir
851 3476 1236 3534 doctissimus
1257 3474 1606 3529 Godefridus
1625 3471 1998 3539 Tilmannus,

349 3570 496 3626 alios
517 3571 666 3625 duos
687 3568 960 3624 laudabo.
986 3564 1266 3620 Tarasins
1284 3563 1440 3619 enim
1471 3559 2001 3632 Constantinopoli-

348 3665 524 3715 tanus
555 3656 888 3730 patriarcha
919 3654 976 3710 in
1011 3652 1259 3726 epistola
1290 3654 1359 3708 ad
1408 3651 1730 3706 Adrianum
1764 3664 2000 3720 papam,

353 3766 479 3818 qua:
513 3748 572 3802 in
603 3747 742 3802 Jure
773 3750 965 3801 Graeco
993 3748 1250 3798 Romano
1282 3746 1469 3797 exstat
1501 3759 1556 3812 p.
1593 3740 1717 3806 193,
1772 3737 1871 3792 ubi
1913 3752 2001 3792 re-

351 3838 538 3892 fertur
596 3836 691 3891 hic
745 3836 907 3890 locus
940 3850 954 3889 :
989 3834 1100 3888 Τοῦ
1151 3826 1442 3887 Βασιλείου
1499 3827 1558 3882 ἐκ
1612 3829 1711 3896 τῆς
1770 3824 1844 3887 εἷς
1908 3824 1999 3877 τὸν

357 3924 576 3980 Ἡσαΐαν
636 3922 947 3998 ἑρμηνείας.
996 3919 1178 3993 Νόμον
1234 3916 1431 3973 ἔδωκεν
1478 3917 1554 3978 εἷς
1605 3916 1884 3989 βοήθειαν,
1913 3909 2003 3966 τίνα

356 4009 581 4068 εἷ’πωσιν
631 4011 736 4087 οὐχ
765 4011 839 4074 ὡς
885 4011 946 4065 τὸ
998 4009 1146 4085 ῥῆμα
1190 4013 1372 4063 τοῦτο.
1409 4030 1436 4057 ‹‹
1479 4008 1682 4079 Legem
1735 4005 1895 4060 dedit
1941 4004 2001 4058 in

353 4105 662 4172 auxilium,
693 4107 759 4159 ut
789 4103 986 4157 dicant
1014 4118 1127 4156 non
1155 4104 1218 4155 ut
1247 4100 1355 4154 hoc
1386 4097 1666 4164 verbum;
1695 4118 1721 4144 ››
1746 4100 1802 4151 et
1835 4111 1998 4166 repe-

347 4194 464 4250 ries
504 4193 625 4248 haec
674 4193 802 4264 ipsa
843 4192 1018 4247 verba
1063 4191 1124 4244 in
1170 4192 1347 4259 caput
1395 4191 1684 4240 octavum.
1726 4183 1884 4240 Alter
1912 4188 2001 4240 est

345 4287 548 4338 auctor
577 4280 934 4338 scholiorum
984 4280 1318 4335 Graecorum
1351 4276 1410 4329 in
1444 4273 1735 4346 Epistolas
1765 4283 1997 4344 aposto-

340 4371 507 4437 licas,
541 4387 670 4443 quae
702 4369 938 4426 nomine
958 4364 1295 4425 OEcumenii
1318 4364 1997 4434 circumferuntur,apud

340 4476 517 4530 quem
551 4460 672 4514 haec
707 4475 776 4514 ex
806 4457 1012 4513 Photio
1045 4456 1421 4527 proferuntur
1469 4470 1601 4525 pag.
1634 4453 1739 4507 399
1787 4451 1996 4508 editio-

338 4549 430 4604 nis
462 4548 696 4604 Veron.:
733 4548 820 4602 Ἐν
865 4549 934 4619 τῇ
985 4541 1251 4618 ἑρμηνείᾳ
1277 4545 1374 4596 τοῦ
1419 4539 1642 4595 Ἡσαΐου
1675 4541 1702 4594 ὁ
1735 4537 1786 4594 ἐν
1820 4539 1995 4614 ἁγίοις

337 4636 618 4698 Βασίλειος
675 4633 922 4708 δεύτερον
977 4631 1331 4704 ἐπιμνησθεὶς
1385 4634 1481 4685 τοῦ
1540 4629 1731 4705 ῥητοῦ,
1785 4626 1873 4682 ἐπὶ
1904 4649 1993 4683 κα-

333 4727 516 4799 θάρσει
549 4726 678 4781 αὐτὸ
712 4722 946 4794 ἐδέξατο·
989 4748 1007 4772 α
1046 4726 1107 4778 In
1140 4721 1624 4794 interpretatione
1656 4720 1818 4776 Isaia:
1851 4737 1985 4775 san-

333 4823 461 4872 ctus
505 4817 756 4872 Basilius
806 4815 1019 4870 iterum
1071 4814 1222 4867 facta
1253 4811 1432 4882 hujus
1476 4810 1635 4865 verbi
1669 4810 1984 4880 mentione,

329 4923 431 4976 pro
465 4904 869 4978 purificatione
902 4903 1099 4975 ipsum
1151 4901 1393 4970 accepit.
1427 4921 1454 4948 ››
1487 4899 1678 4954 Habes
1713 4899 1867 4953 hunc
1901 4898 1980 4955 lo-

327 5012 460 5050 cum
486 4995 542 5051 in
570 4999 747 5066 caput
770 4994 1356 5065 quartum.Caeterum
1383 4988 1455 5042 ad
1481 4987 1661 5058 hujus
1683 4993 1983 5044 Commen-

321 5085 453 5139 tarii
479 5083 794 5140 editionem
822 5080 1222 5138 adornandam
1247 5082 1456 5148 praeter
1477 5078 1879 5149 apographum
1913 5096 1979 5134 ex

320 5173 530 5243 Anglia
556 5174 799 5229 missum
822 5173 998 5228 variis
1019 5167 1366 5224 lectionibus
1393 5167 1448 5220 in
1476 5168 1738 5238 margine
1763 5169 1978 5225 notatis

320 5260 710 5332 illustratum,
736 5279 844 5334 ope
874 5263 1127 5315 duorum
1152 5255 1418 5311 codicum
1451 5255 1766 5327 Regiorum
1793 5259 1975 5330 adjuti

320 5365 550 5420 sumus,
575 5367 826 5422 quorum
860 5351 1006 5406 alter
1037 5348 1402 5411 chartareus,
1433 5345 1585 5416 regis
1611 5347 1905 5403 Francisci
1930 5350 1971 5414 Ι,

321 5453 386 5492 ex
413 5453 528 5508 quo
553 5457 718 5494 suam
743 5437 1284 5510 interpretationem
1312 5433 1534 5489 afﬁnxit
1552 5437 1838 5508 interpres
1861 5437 1973 5490 Til-

320 5544 597 5595 mannus,
634 5529 777 5583 alter
798 5524 1545 5593 membranaceus,llcnrici
1569 5526 1611 5579 Η
1641 5525 1975 5597 insignibus

2112 3379 2411 3453 propheta)
2462 3381 2640 3434 Amos
2684 3377 2865 3433 habes
2907 3395 3035 3450 cap.
3068 3395 3172 3447 vn,
3207 3379 3275 3433 12
3309 3395 3322 3434 :
3356 3377 3414 3431 Ὁ
3467 3377 3632 3451 ὀρῶν,
3669 3377 3772 3452 βά-

2112 3465 2245 3536 διζε·
2281 3470 2354 3524 Tu
2403 3470 2502 3540 qni
2553 3467 2723 3534 vides,
2772 3469 2886 3522 abi.
2933 3469 2996 3522 In
3047 3483 3220 3538 quem
3264 3466 3456 3523 locum
3499 3467 3776 3523 scribens

2111 3556 2362 3630 Cyrillus
2391 3555 2819 3612 Alexandrinus
2866 3555 3022 3611 idem
3072 3556 3301 3612 videtur
3342 3555 3586 3612 innuerc
3629 3572 3767 3612 esse

2114 3663 2323 3702 nomen
2354 3647 2454 3699 τοῦ
2507 3645 2765 3719 ὁρῶντος,
2821 3646 3055 3701 videnti:
3101 3649 3150 3700 el
3185 3645 3480 3718 praphelae.
3514 3644 3767 3718 Ὁρῶν-τα

2116 3733 2210 3807 μὶν
2269 3733 2367 3810 γὰρ
2423 3733 2513 3788 τὸν
2564 3734 2855 3811 προφήτην
2912 3731 3112 3805 ἐκάλει,
3173 3731 3322 3803 πλὴν
3360 3732 3458 3788 οὐκ
3509 3733 3769 3805 ἀξιώσας,

2114 3823 2238 3882 οὐδὲ
2285 3825 2363 3900 τῷ
2398 3830 2516 3891 τῆς
2567 3825 2900 3904 προφητείας
2952 3825 3175 3897 ὀνόματι
3221 3826 3622 3898 κατασεμνύνας
3670 3824 3769 3878 αὖ·

2110 3915 2224 3972 τόν.
2261 3939 2289 3968 κ
2337 3917 2645 3972 Videntem
2696 3918 2854 3972 enim
2903 3915 3158 3988 appellat
3209 3916 3604 3989 prophetam:
3659 3916 3767 3971 sed

2111 4009 2267 4064 enim
2302 4024 2416 4062 non
2449 4005 2687 4062 honoris
2720 4023 2918 4073 causa,
2950 4023 3140 4077 neque
3186 4011 3250 4060 ut
3278 4021 3412 4061 eum
3443 4005 3768 4078 prophetia

2111 4098 2349 4153 nomine
2395 4101 2719 4152 veneretur.
2754 4117 2782 4144 »
2815 4095 3287 4167 Theophylactus
3336 4095 3392 4150 in
3436 4111 3563 4166 cap.
3597 4112 3615 4150 ι
3646 4095 3766 4150 Na-

2109 4191 2252 4246 hum
2285 4207 2298 4246 :
2335 4185 2513 4243 Ἀλλὰ
2541 4187 2629 4242 καί
2681 4185 2866 4261 ὅρασις
2914 4186 3095 4262 ὥσπερ
3125 4187 3304 4242 κοινόν
3337 4207 3388 4241 τι
3421 4184 3570 4241 δοκεῖ
3603 4186 3765 4244 εἶναι.

2111 4277 2231 4335 Ἐπὶ
2263 4276 2475 4332 πάντων
2517 4277 2616 4354 γὰρ
2665 4281 2771 4332 τῶν
2821 4276 3038 4351 τρόπων
3080 4283 3180 4346 τῆς
3206 4280 3542 4354 προφητείας
3576 4277 3603 4331 ὁ
3634 4281 3766 4339 νοῦς

2107 4368 2172 4436 ἦν
2209 4365 2629 4440 ἐλλαμπόμενος
2659 4371 2736 4439 τῷ
2775 4367 2915 4444 φωτὶ
2951 4371 3050 4423 τοῦ
3081 4365 3420 4439 Πνεύματοςο-
3452 4392 3472 4416 ι
3510 4369 3766 4440 Insuper

2106 4462 2163 4514 et
2193 4457 2339 4513 visio
2371 4457 2527 4513 velut
2557 4475 2872 4514 commune
2902 4457 3196 4513 vaticiniis
3226 4457 3455 4512 videtur
3487 4473 3637 4514 esse.
3669 4456 3762 4513 Si-

2106 4548 2345 4618 quidem
2375 4547 2430 4602 in
2467 4547 2740 4603 omnibus
2773 4547 3089 4619 prophetiae
3125 4547 3329 4602 formis
3371 4563 3540 4602 mens
3568 4546 3758 4618 Spiri-

2104 4641 2201 4692 tus
2232 4635 2455 4692 lumine
2482 4635 2946 4692 illustrabatur.»
2969 4637 3080 4692 Sed
3114 4636 3548 4691 observandum
3571 4641 3661 4692 est
3695 4637 3758 4691 in

2097 4725 2246 4782 libro
2276 4727 2297 4781 I
2326 4731 2546 4796 Regum
2599 4743 2727 4797 cap.
2763 4743 2838 4792 Ix,
2867 4725 2921 4796 9,
2973 4726 3054 4780 ita
3083 4725 3383 4796 conceptis
3409 4725 3598 4780 verbis
3630 4725 3761 4781 haec

2096 4817 2286 4871 elI‘erri
2337 4833 2370 4870 Β.
2421 4814 2603 4870 LXX:
2638 4816 2760 4870 ’Ότι
2817 4814 2906 4868 τὸν
2955 4815 3248 4886 προφήτην
3297 4811 3480 4868 ἐκάλει
3540 4813 3568 4867 ὁ
3620 4811 3757 4876 λαὸς

2094 4899 2424 4976 ἔμπροσθεν,
2457 4903 2484 4954 ὁ
2521 4901 2761 4976 βλέπων·
2800 4926 2825 4952 ‹‹
2859 4902 3145 4968 Quoniam
3188 4903 3534 4975 prophetam
3586 4921 3758 4960 voca-

2094 4996 2194 5050 bat
2223 4991 2478 5064 populus
2527 4998 2718 5062 antea,
2754 4993 2992 5048 Videns.
3029 5015 3056 5041 »
3090 4992 3240 5049 Illud
3291 4993 3491 5064 igitur,
3542 4986 3757 5067 ἔμπρο-

2092 5091 2234 5146 σθεν,
2271 5098 2383 5135 non
2418 5097 2551 5136 cum
2585 5081 2889 5154 participio
2924 5078 3485 5154 pluton/junxerunt
3516 5081 3752 5148 alii,sed

2091 5187 2225 5226 cum
2259 5173 2430 5226 verbo
2462 5167 2667 5238 ἐκάλει,
2699 5170 2866 5242 quasi
2915 5171 3093 5241 dicat,
3134 5171 3274 5226 olim
3324 5170 3413 5227 vel
3463 5176 3632 5228 antea
3664 5172 3753 5228 sic

2088 5263 2359 5314 vocatum
2389 5260 2567 5316 fuisse
2585 5260 2954 5333 prophetam,
2976 5284 3002 5309 ‹‹
3027 5260 3392 5328 Videntem,»
3415 5277 3529 5316 non
3551 5267 3752 5318 autem

2090 5372 2116 5398 «
2150 5351 2335 5404 Antea
2356 5350 2672 5420 videntem,
2700 5371 2728 5399 ››
2753 5349 2836 5404 vel
2861 5372 2886 5400 ί(
2913 5349 3351 5404 Praavidentem.
3386 5372 3412 5398 ››
3433 5353 3517 5406 Ita
3538 5350 3749 5406 S.Hie-

2087 5455 2366 5510 ronymus
2399 5441 2520 5495 sive
2557 5445 2760 5495 auctor
2790 5439 3054 5510 Vulgata;
3090 5438 3330 5492 Latinae.
3378 5460 3404 5489 «
3451 5440 3559 5502 Qui
3593 5441 3755 5496 enim

2089 5528 2371 5600 propheta
2401 5529 2615 5584 dicitur
2647 5529 2819 5583 hodie
2847 5570 2860 5594 ,
2896 5527 3213 5582 vocabatur
3243 5527 3382 5582 olim
3414 5527 3637 5583 Videns
3674 5546 3686 5582 :
3727 5551 3752 5581 ι

317 5621 582 5684 ornatus,
636 5618 846 5673 tertius
891 5617 1065 5674 etiam
1119 5632 1184 5669 ex
1236 5613 1623 5670 illustrissimi
1657 5613 1972 5671 cardinalis
2080 5617 2236 5672 idem
2270 5618 2562 5688 Pagninus
2595 5635 2661 5673 ex
2695 5617 3032 5684 Hebraeo,et
3051 5616 3440 5687 Symmachus
3469 5633 3482 5671 :
3515 5616 3616 5670 Τὸν
3639 5617 3748 5692 γὰρ

316 5706 562 5763 Joeusaai
596 5705 952 5761 bibliotheca
1001 5711 1205 5760 erutus
1252 5703 1364 5758 fuit
1399 5719 1412 5757 :
1447 5703 1710 5774 singulos
1753 5705 1969 5775 proprii

2116 5707 2369 5784 τροφήτην
2421 5706 2543 5760 τότε
2591 5704 2818 5760 ἐκάλουν
2853 5704 2989 5760 κατὰ
3018 5703 3080 5759 τὸ
3121 5703 3353 5780 ἀρχαῖον
3386 5705 3476 5761 τὸν
3511 5706 3745 5780 ὁρῶντα.
