  <div class='ocr_page' id='page_1' title='image "/cluster/home/n/w/nwhite01/storage/ocr_20150623/30:no.2/coo.31924054873116/551.png"; bbox 0 0 4176 6406; ppageno 0'>
   <div class='ocr_carea' id='block_1_1' title="bbox 349 392 504 454">
    <p class='ocr_par' dir='ltr' id='par_1_1' title="bbox 349 392 504 454">
     <span class='ocr_line' id='line_1_1' title="bbox 349 392 504 454; baseline 0 -1"><span class='ocrx_word' id='word_1_1' title='bbox 349 392 504 454; x_wconf 77' lang='lat'>1075</span> 
     </span>
    </p>
   </div>
   <div class='ocr_carea' id='block_1_2' title="bbox 1551 393 2573 457">
    <p class='ocr_par' dir='ltr' id='par_1_2' title="bbox 1551 393 2573 457">
     <span class='ocr_line' id='line_1_2' title="bbox 1551 393 2573 457; baseline 0.002 -5"><span class='ocrx_word' id='word_1_2' title='bbox 1551 394 1783 456; x_wconf 69' lang='lat' dir='ltr'>NOTAE</span> <span class='ocrx_word' id='word_1_3' title='bbox 1828 393 2190 456; x_wconf 82' lang='lat' dir='ltr'>FBONTON</span> <span class='ocrx_word' id='word_1_4' title='bbox 2204 393 2268 456; x_wconf 90' lang='lat' dir='ltr'>IS</span> <span class='ocrx_word' id='word_1_5' title='bbox 2314 394 2573 457; x_wconf 68' lang='lat' dir='ltr'>DUCJEI</span> 
     </span>
    </p>
   </div>
   <div class='ocr_carea' id='block_1_3' title="bbox 3615 399 3786 460">
    <p class='ocr_par' dir='ltr' id='par_1_3' title="bbox 3615 399 3786 460">
     <span class='ocr_line' id='line_1_3' title="bbox 3615 399 3786 460; baseline 0 -2"><span class='ocrx_word' id='word_1_6' title='bbox 3615 399 3786 460; x_wconf 82' lang='lat'>1076</span> 
     </span>
    </p>
   </div>
   <div class='ocr_carea' id='block_1_4' title="bbox 344 517 2006 598">
    <p class='ocr_par' dir='ltr' id='par_1_4' title="bbox 344 520 1996 593">
     <span class='ocr_line' id='line_1_4' title="bbox 344 520 1996 593; baseline 0.001 -18"><span class='ocrx_word' id='word_1_7' title='bbox 344 521 508 593; x_wconf 91' lang='lat' dir='ltr'>pium</span> <span class='ocrx_word' id='word_1_8' title='bbox 539 521 598 576; x_wconf 92' lang='lat' dir='ltr'>in</span> <span class='ocrx_word' id='word_1_9' title='bbox 625 520 889 593; x_wconf 84' lang='lat' dir='ltr'>margine</span> <span class='ocrx_word' id='word_1_10' title='bbox 918 523 1112 578; x_wconf 84' lang='lat' dir='ltr'>textus</span> <span class='ocrx_word' id='word_1_11' title='bbox 1144 521 1296 577; x_wconf 82' lang='lat' dir='ltr'>LXX</span> <span class='ocrx_word' id='word_1_12' title='bbox 1329 521 1481 576; x_wconf 87' lang='lat' dir='ltr'>idem</span> <span class='ocrx_word' id='word_1_13' title='bbox 1513 520 1738 592; x_wconf 74' lang='lat' dir='ltr'>Aquilae</span> <span class='ocrx_word' id='word_1_14' title='bbox 1787 521 1996 577; x_wconf 88' lang='lat' dir='ltr'>tribui-</span> 
     </span>
    </p>
   </div>
   <div class='ocr_carea' id='block_1_5' title="bbox 2121 517 3784 598">
    <p class='ocr_par' dir='ltr' id='par_1_5' title="bbox 2121 517 3784 598">
     <span class='ocr_line' id='line_1_5' title="bbox 2121 517 3784 598; baseline 0.003 -26"><span class='ocrx_word' id='word_1_15' title='bbox 2121 519 2268 594; x_wconf 74' lang='grc' dir='ltr'>ἱχνος</span> <span class='ocrx_word' id='word_1_16' title='bbox 2302 518 2410 575; x_wconf 64' lang='lat' dir='ltr'>tati</span> <span class='ocrx_word' id='word_1_17' title='bbox 2445 517 2664 594; x_wconf 80' lang='grc' dir='ltr'>πληγῆς</span> <span class='ocrx_word' id='word_1_18' title='bbox 2695 518 2958 598; x_wconf 68' lang='grc' dir='ltr'>ὕφαιμον,</span> <span class='ocrx_word' id='word_1_19' title='bbox 3008 518 3038 574; x_wconf 71' lang='grc' dir='ltr'><strong>ὅ</strong></span> <span class='ocrx_word' id='word_1_20' title='bbox 3078 520 3172 582; x_wconf 70' lang='grc' dir='ltr'>τὰς</span> <span class='ocrx_word' id='word_1_21' title='bbox 3213 519 3487 583; x_wconf 66' lang='grc' dir='ltr'>ὑπούλους</span> <span class='ocrx_word' id='word_1_22' title='bbox 3538 520 3784 595; x_wconf 78' lang='grc' dir='ltr'>καρδίας</span> 
     </span>
    </p>
   </div>
   <div class='ocr_carea' id='block_1_6' title="bbox 344 609 1998 682">
    <p class='ocr_par' dir='ltr' id='par_1_6' title="bbox 344 609 1998 682">
     <span class='ocr_line' id='line_1_6' title="bbox 344 609 1998 682; baseline 0.001 -17"><span class='ocrx_word' id='word_1_23' title='bbox 344 614 480 667; x_wconf 90' lang='lat' dir='ltr'>tur:</span> <span class='ocrx_word' id='word_1_24' title='bbox 515 627 694 682; x_wconf 78' lang='lat' dir='ltr'>quam</span> <span class='ocrx_word' id='word_1_25' title='bbox 728 611 800 667; x_wconf 88' lang='lat' dir='ltr'>ob</span> <span class='ocrx_word' id='word_1_26' title='bbox 835 627 1074 666; x_wconf 88' lang='lat' dir='ltr'>causam</span> <span class='ocrx_word' id='word_1_27' title='bbox 1099 611 1424 666; x_wconf 83' lang='lat' dir='ltr'>Flaminius</span> <span class='ocrx_word' id='word_1_28' title='bbox 1452 609 1719 668; x_wconf 82' lang='lat' dir='ltr'>Nobilius</span> <span class='ocrx_word' id='word_1_29' title='bbox 1752 611 1808 665; x_wconf 92' lang='lat' dir='ltr'>in</span> <span class='ocrx_word' id='word_1_30' title='bbox 1836 616 1998 668; x_wconf 88' lang='lat' dir='ltr'>nota-</span> 
     </span>
    </p>
   </div>
   <div class='ocr_carea' id='block_1_7' title="bbox 347 698 1999 771">
    <p class='ocr_par' dir='ltr' id='par_1_7' title="bbox 347 698 1999 771">
     <span class='ocr_line' id='line_1_7' title="bbox 347 698 1999 771; baseline 0 -17"><span class='ocrx_word' id='word_1_31' title='bbox 347 699 608 756; x_wconf 87' lang='lat' dir='ltr'>tionibus</span> <span class='ocrx_word' id='word_1_32' title='bbox 639 702 700 755; x_wconf 84' lang='lat' dir='ltr'>in</span> <span class='ocrx_word' id='word_1_33' title='bbox 731 701 933 755; x_wconf 87' lang='lat' dir='ltr'>Isaiam</span> <span class='ocrx_word' id='word_1_34' title='bbox 965 700 1304 771; x_wconf 80' lang='lat' dir='ltr'>Procopium</span> <span class='ocrx_word' id='word_1_35' title='bbox 1337 699 1480 754; x_wconf 85' lang='lat' dir='ltr'>dicit</span> <span class='ocrx_word' id='word_1_36' title='bbox 1511 698 1618 754; x_wconf 86' lang='lat' dir='ltr'>hoc</span> <span class='ocrx_word' id='word_1_37' title='bbox 1649 699 1872 771; x_wconf 74' lang='lat' dir='ltr'>Aquilaa</span> <span class='ocrx_word' id='word_1_38' title='bbox 1899 700 1999 755; x_wconf 85' lang='lat' dir='ltr'>tri-</span> 
     </span>
    </p>
   </div>
   <div class='ocr_carea' id='block_1_8' title="bbox 347 789 2000 862">
    <p class='ocr_par' dir='ltr' id='par_1_8' title="bbox 347 789 2000 862">
     <span class='ocr_line' id='line_1_8' title="bbox 347 789 2000 862; baseline 0.002 -20"><span class='ocrx_word' id='word_1_39' title='bbox 347 789 550 858; x_wconf 90' lang='lat' dir='ltr'>buere,</span> <span class='ocrx_word' id='word_1_40' title='bbox 611 789 879 862; x_wconf 86' lang='lat' dir='ltr'>quamvis</span> <span class='ocrx_word' id='word_1_41' title='bbox 943 806 1138 844; x_wconf 79' lang='lat' dir='ltr'>revera</span> <span class='ocrx_word' id='word_1_42' title='bbox 1220 789 1478 860; x_wconf 82' lang='lat' dir='ltr'>Procopii</span> <span class='ocrx_word' id='word_1_43' title='bbox 1541 790 2000 845; x_wconf 80' lang='lat' dir='ltr'>commentarius</span> 
     </span>
    </p>
   </div>
   <div class='ocr_carea' id='block_1_9' title="bbox 349 877 1998 951">
    <p class='ocr_par' dir='ltr' id='par_1_9' title="bbox 349 877 1998 951">
     <span class='ocr_line' id='line_1_9' title="bbox 349 877 1998 951; baseline -0.001 -18"><span class='ocrx_word' id='word_1_44' title='bbox 349 881 681 934; x_wconf 81' lang='lat' dir='ltr'>membrum</span> <span class='ocrx_word' id='word_1_45' title='bbox 718 877 862 933; x_wconf 91' lang='lat' dir='ltr'>illud</span> <span class='ocrx_word' id='word_1_46' title='bbox 898 896 1008 933; x_wconf 89' lang='lat' dir='ltr'>non</span> <span class='ocrx_word' id='word_1_47' title='bbox 1045 882 1360 951; x_wconf 76' lang='lat' dir='ltr'>agnoscat:</span> <span class='ocrx_word' id='word_1_48' title='bbox 1396 879 1495 933; x_wconf 84' lang='lat' dir='ltr'>sed</span> <span class='ocrx_word' id='word_1_49' title='bbox 1531 878 1998 934; x_wconf 82' lang='lat' dir='ltr'>animadverten-</span> 
     </span>
    </p>
   </div>
   <div class='ocr_carea' id='block_1_10' title="bbox 343 967 1997 1040">
    <p class='ocr_par' dir='ltr' id='par_1_10' title="bbox 343 967 1997 1040">
     <span class='ocr_line' id='line_1_10' title="bbox 343 967 1997 1040; baseline 0.001 -18"><span class='ocrx_word' id='word_1_50' title='bbox 343 969 484 1024; x_wconf 89' lang='lat' dir='ltr'>dum</span> <span class='ocrx_word' id='word_1_51' title='bbox 519 973 609 1025; x_wconf 85' lang='lat' dir='ltr'>est</span> <span class='ocrx_word' id='word_1_52' title='bbox 640 970 696 1023; x_wconf 91' lang='lat' dir='ltr'>in</span> <span class='ocrx_word' id='word_1_53' title='bbox 731 985 796 1024; x_wconf 92' lang='lat' dir='ltr'>eo</span> <span class='ocrx_word' id='word_1_54' title='bbox 828 969 1250 1023; x_wconf 89' lang='lat' dir='ltr'>commentario</span> <span class='ocrx_word' id='word_1_55' title='bbox 1286 972 1506 1022; x_wconf 84' lang='lat' dir='ltr'>textum</span> <span class='ocrx_word' id='word_1_56' title='bbox 1554 985 1621 1022; x_wconf 83' lang='lat' dir='ltr'>ex</span> <span class='ocrx_word' id='word_1_57' title='bbox 1655 967 1765 1023; x_wconf 88' lang='lat' dir='ltr'>alio</span> <span class='ocrx_word' id='word_1_58' title='bbox 1798 984 1997 1040; x_wconf 85' lang='lat' dir='ltr'>perve-</span> 
     </span>
    </p>
   </div>
   <div class='ocr_carea' id='block_1_11' title="bbox 343 1057 1999 1128">
    <p class='ocr_par' dir='ltr' id='par_1_11' title="bbox 343 1057 1999 1128">
     <span class='ocr_line' id='line_1_11' title="bbox 343 1057 1999 1128; baseline 0 -16"><span class='ocrx_word' id='word_1_59' title='bbox 343 1061 504 1112; x_wconf 86' lang='lat' dir='ltr'>tusto</span> <span class='ocrx_word' id='word_1_60' title='bbox 527 1058 724 1112; x_wconf 84' lang='lat' dir='ltr'>codice</span> <span class='ocrx_word' id='word_1_61' title='bbox 747 1057 1153 1128; x_wconf 86' lang='lat' dir='ltr'>manuscripto</span> <span class='ocrx_word' id='word_1_62' title='bbox 1179 1057 1384 1111; x_wconf 77' lang='lat' dir='ltr'>Renati</span> <span class='ocrx_word' id='word_1_63' title='bbox 1411 1057 1820 1128; x_wconf 85' lang='lat' dir='ltr'>Marchali,qui</span> <span class='ocrx_word' id='word_1_64' title='bbox 1848 1074 1999 1112; x_wconf 89' lang='lat' dir='ltr'>nunc</span> 
     </span>
    </p>
   </div>
   <div class='ocr_carea' id='block_1_12' title="bbox 338 1146 1992 1218">
    <p class='ocr_par' dir='ltr' id='par_1_12' title="bbox 338 1146 1992 1218">
     <span class='ocr_line' id='line_1_12' title="bbox 338 1146 1992 1218; baseline -0.001 -16"><span class='ocrx_word' id='word_1_65' title='bbox 338 1150 426 1202; x_wconf 88' lang='lat' dir='ltr'>est</span> <span class='ocrx_word' id='word_1_66' title='bbox 448 1146 832 1202; x_wconf 76' lang='lat' dir='ltr'>illustrissimi</span> <span class='ocrx_word' id='word_1_67' title='bbox 861 1147 1178 1203; x_wconf 84' lang='lat' dir='ltr'>cardinalis</span> <span class='ocrx_word' id='word_1_68' title='bbox 1202 1147 1286 1202; x_wconf 82' lang='lat' dir='ltr'>Ru</span> <span class='ocrx_word' id='word_1_69' title='bbox 1299 1146 1622 1218; x_wconf 77' lang='lat' dir='ltr'>piluealdii,</span> <span class='ocrx_word' id='word_1_70' title='bbox 1641 1147 1992 1217; x_wconf 86' lang='lat' dir='ltr'>exscriptum</span> 
     </span>
    </p>
   </div>
   <div class='ocr_carea' id='block_1_13' title="bbox 337 1235 1997 1308">
    <p class='ocr_par' dir='ltr' id='par_1_13' title="bbox 337 1235 1997 1308">
     <span class='ocr_line' id='line_1_13' title="bbox 337 1235 1997 1308; baseline 0.001 -17"><span class='ocrx_word' id='word_1_71' title='bbox 337 1235 520 1292; x_wconf 82' lang='lat' dir='ltr'>fuisse</span> <span class='ocrx_word' id='word_1_72' title='bbox 554 1239 610 1290; x_wconf 89' lang='lat' dir='ltr'>et</span> <span class='ocrx_word' id='word_1_73' title='bbox 663 1236 925 1308; x_wconf 88' lang='lat' dir='ltr'>Procopii</span> <span class='ocrx_word' id='word_1_74' title='bbox 972 1236 1394 1292; x_wconf 81' lang='lat' dir='ltr'>commentario</span> <span class='ocrx_word' id='word_1_75' title='bbox 1441 1237 1764 1308; x_wconf 71' lang='lat' dir='ltr'>praeﬁxum.</span> <span class='ocrx_word' id='word_1_76' title='bbox 1817 1235 1997 1292; x_wconf 87' lang='lat' dir='ltr'>Paulo</span> 
     </span>
    </p>
   </div>
   <div class='ocr_carea' id='block_1_14' title="bbox 338 1323 1994 1397">
    <p class='ocr_par' dir='ltr' id='par_1_14' title="bbox 338 1323 1994 1397">
     <span class='ocr_line' id='line_1_14' title="bbox 338 1323 1994 1397; baseline -0.001 -17"><span class='ocrx_word' id='word_1_77' title='bbox 338 1327 470 1396; x_wconf 88' lang='lat' dir='ltr'>post</span> <span class='ocrx_word' id='word_1_78' title='bbox 516 1323 966 1381; x_wconf 83' lang='lat' dir='ltr'>immutavimus</span> <span class='ocrx_word' id='word_1_79' title='bbox 1013 1323 1114 1380; x_wconf 87' lang='lat' dir='ltr'>illa</span> <span class='ocrx_word' id='word_1_80' title='bbox 1156 1325 1528 1396; x_wconf 78' lang='lat' dir='ltr'>interpretis:</span> <span class='ocrx_word' id='word_1_81' title='bbox 1565 1349 1591 1374; x_wconf 95' lang='grc'>‹‹</span> <span class='ocrx_word' id='word_1_82' title='bbox 1623 1325 1810 1381; x_wconf 91' lang='lat' dir='ltr'>Tanta</span> <span class='ocrx_word' id='word_1_83' title='bbox 1839 1325 1994 1397; x_wconf 87' lang='lat' dir='ltr'>passi</span> 
     </span>
    </p>
   </div>
   <div class='ocr_carea' id='block_1_15' title="bbox 335 1413 1995 1487">
    <p class='ocr_par' dir='ltr' id='par_1_15' title="bbox 335 1413 1995 1487">
     <span class='ocr_line' id='line_1_15' title="bbox 335 1413 1995 1487; baseline 0.001 -18"><span class='ocrx_word' id='word_1_84' title='bbox 335 1413 479 1469; x_wconf 87' lang='lat' dir='ltr'>estis</span> <span class='ocrx_word' id='word_1_85' title='bbox 512 1413 756 1484; x_wconf 81' lang='lat' dir='ltr'>frustra,</span> <span class='ocrx_word' id='word_1_86' title='bbox 789 1415 960 1470; x_wconf 89' lang='lat' dir='ltr'>bonis</span> <span class='ocrx_word' id='word_1_87' title='bbox 991 1432 1145 1486; x_wconf 89' lang='lat' dir='ltr'>op.v.</span> <span class='ocrx_word' id='word_1_88' title='bbox 1173 1415 1265 1470; x_wconf 91' lang='lat' dir='ltr'>ad.</span> <span class='ocrx_word' id='word_1_89' title='bbox 1305 1415 1580 1487; x_wconf 90' lang='lat' dir='ltr'>n.r.quod</span> <span class='ocrx_word' id='word_1_90' title='bbox 1605 1432 1732 1486; x_wconf 71' lang='lat' dir='ltr'>qua:</span> <span class='ocrx_word' id='word_1_91' title='bbox 1757 1417 1995 1470; x_wconf 88' lang='lat' dir='ltr'>tandem</span> 
     </span>
    </p>
   </div>
   <div class='ocr_carea' id='block_1_16' title="bbox 335 1501 1995 1576">
    <p class='ocr_par' dir='ltr' id='par_1_16' title="bbox 335 1501 1995 1576">
     <span class='ocr_line' id='line_1_16' title="bbox 335 1501 1995 1576; baseline -0.001 -19"><span class='ocrx_word' id='word_1_92' title='bbox 335 1504 530 1558; x_wconf 81' lang='lat' dir='ltr'>futura</span> <span class='ocrx_word' id='word_1_93' title='bbox 551 1508 717 1558; x_wconf 89' lang='lat' dir='ltr'>erant</span> <span class='ocrx_word' id='word_1_94' title='bbox 741 1503 1084 1576; x_wconf 75' lang='lat' dir='ltr'>neglexistis</span> <span class='ocrx_word' id='word_1_95' title='bbox 1107 1504 1454 1576; x_wconf 68' lang='lat' dir='ltr'>praevidere:</span> <span class='ocrx_word' id='word_1_96' title='bbox 1485 1526 1508 1553; x_wconf 72' lang='grc' dir='ltr'>-ο</span> <span class='ocrx_word' id='word_1_97' title='bbox 1551 1504 1843 1576; x_wconf 84' lang='lat' dir='ltr'>siquidem</span> <span class='ocrx_word' id='word_1_98' title='bbox 1869 1501 1995 1574; x_wconf 68' lang='grc' dir='ltr'>ἀμὶς</span> 
     </span>
    </p>
   </div>
   <div class='ocr_carea' id='block_1_17' title="bbox 335 1588 1995 1667">
    <p class='ocr_par' dir='ltr' id='par_1_17' title="bbox 335 1588 1995 1667">
     <span class='ocr_line' id='line_1_17' title="bbox 335 1588 1995 1667; baseline 0.002 -23"><span class='ocrx_word' id='word_1_99' title='bbox 335 1588 457 1645; x_wconf 83' lang='grc' dir='ltr'>λεια</span> <span class='ocrx_word' id='word_1_100' title='bbox 485 1590 539 1644; x_wconf 74' lang='grc' dir='ltr'>ἔν</span> <span class='ocrx_word' id='word_1_101' title='bbox 568 1596 685 1653; x_wconf 83' lang='grc' dir='ltr'>τοῖς</span> <span class='ocrx_word' id='word_1_102' title='bbox 717 1591 938 1667; x_wconf 77' lang='grc' dir='ltr'>ὕστερον</span> <span class='ocrx_word' id='word_1_103' title='bbox 971 1599 1142 1649; x_wconf 88' lang='lat' dir='ltr'>sonat</span> <span class='ocrx_word' id='word_1_104' title='bbox 1191 1617 1217 1644; x_wconf 81' lang='grc' dir='ltr'>(ι</span> <span class='ocrx_word' id='word_1_105' title='bbox 1275 1593 1691 1666; x_wconf 80' lang='lat' dir='ltr'>negligentiam</span> <span class='ocrx_word' id='word_1_106' title='bbox 1733 1594 1791 1650; x_wconf 92' lang='lat' dir='ltr'>in</span> <span class='ocrx_word' id='word_1_107' title='bbox 1823 1595 1995 1650; x_wconf 88' lang='lat' dir='ltr'>annis</span> 
     </span>
    </p>
   </div>
   <div class='ocr_carea' id='block_1_18' title="bbox 336 1681 1277 1754">
    <p class='ocr_par' dir='ltr' id='par_1_18' title="bbox 336 1681 1277 1754">
     <span class='ocr_line' id='line_1_18' title="bbox 336 1681 1277 1754; baseline -0.002 -18"><span class='ocrx_word' id='word_1_108' title='bbox 336 1681 837 1754; x_wconf 81' lang='lat' dir='ltr'>consequentibus</span> <span class='ocrx_word' id='word_1_109' title='bbox 870 1682 1215 1738; x_wconf 86' lang='lat' dir='ltr'>exhibitam.</span> <span class='ocrx_word' id='word_1_110' title='bbox 1253 1703 1277 1734; x_wconf 77' lang='grc' dir='ltr'><strong>ιι</strong></span> 
     </span>
    </p>
   </div>
   <div class='ocr_carea' id='block_1_19' title="bbox 410 1787 1993 1860">
    <p class='ocr_par' dir='ltr' id='par_1_19' title="bbox 410 1787 1993 1860">
     <span class='ocr_line' id='line_1_19' title="bbox 410 1787 1993 1860; baseline 0.001 -16"><span class='ocrx_word' id='word_1_111' title='bbox 410 1787 533 1844; x_wconf 90' lang='lat' dir='ltr'>Col.</span> <span class='ocrx_word' id='word_1_112' title='bbox 581 1790 683 1843; x_wconf 74' lang='grc'>146</span> <span class='ocrx_word' id='word_1_113' title='bbox 721 1790 760 1843; x_wconf 90' lang='lat' dir='ltr'>D</span> <span class='ocrx_word' id='word_1_114' title='bbox 792 1791 843 1843; x_wconf 81' lang='grc'><strong>4.</strong></span> <span class='ocrx_word' id='word_1_115' title='bbox 874 1791 1116 1860; x_wconf 77' lang='lat' dir='ltr'>Accipite</span> <span class='ocrx_word' id='word_1_116' title='bbox 1163 1789 1332 1845; x_wconf 81' lang='lat' dir='ltr'>enim.</span> <span class='ocrx_word' id='word_1_117' title='bbox 1383 1793 1702 1845; x_wconf 83' lang='lat' dir='ltr'>Commune</span> <span class='ocrx_word' id='word_1_118' title='bbox 1735 1791 1840 1845; x_wconf 88' lang='lat' dir='ltr'>hoc</span> <span class='ocrx_word' id='word_1_119' title='bbox 1869 1806 1993 1845; x_wconf 84' lang='lat' dir='ltr'>om-</span> 
     </span>
    </p>
   </div>
   <div class='ocr_carea' id='block_1_20' title="bbox 2112 607 3772 683">
    <p class='ocr_par' dir='ltr' id='par_1_20' title="bbox 2112 607 3772 683">
     <span class='ocr_line' id='line_1_20' title="bbox 2112 607 3772 683; baseline 0.005 -20"><span class='ocrx_word' id='word_1_120' title='bbox 2112 607 2298 680; x_wconf 82' lang='grc' dir='ltr'>δηλοῖ.</span> <span class='ocrx_word' id='word_1_121' title='bbox 2361 612 2526 667; x_wconf 82' lang='lat' dir='ltr'>Livor</span> <span class='ocrx_word' id='word_1_122' title='bbox 2571 617 2757 666; x_wconf 86' lang='lat' dir='ltr'>autem</span> <span class='ocrx_word' id='word_1_123' title='bbox 2787 622 2867 667; x_wconf 77' lang='lat' dir='ltr'>est</span> <span class='ocrx_word' id='word_1_124' title='bbox 2894 610 3088 683; x_wconf 66' lang='lat' dir='ltr'>plagae</span> <span class='ocrx_word' id='word_1_125' title='bbox 3113 615 3414 681; x_wconf 69' lang='lat' dir='ltr'>vestigium</span> <span class='ocrx_word' id='word_1_126' title='bbox 3452 615 3772 671; x_wconf 82' lang='lat' dir='ltr'>subcruen-</span> 
     </span>
    </p>
   </div>
   <div class='ocr_carea' id='block_1_21' title="bbox 2111 701 3602 770">
    <p class='ocr_par' dir='ltr' id='par_1_21' title="bbox 2111 701 3602 770">
     <span class='ocr_line' id='line_1_21' title="bbox 2111 701 3602 770; baseline 0.001 -15"><span class='ocrx_word' id='word_1_127' title='bbox 2111 713 2251 765; x_wconf 79' lang='lat' dir='ltr'>lum,</span> <span class='ocrx_word' id='word_1_128' title='bbox 2287 703 2434 754; x_wconf 82' lang='lat' dir='ltr'>unde</span> <span class='ocrx_word' id='word_1_129' title='bbox 2463 701 2690 755; x_wconf 76' lang='lat' dir='ltr'>subdola</span> <span class='ocrx_word' id='word_1_130' title='bbox 2721 705 2772 756; x_wconf 89' lang='lat' dir='ltr'>et</span> <span class='ocrx_word' id='word_1_131' title='bbox 2803 701 3034 770; x_wconf 75' lang='lat' dir='ltr'>fallacia</span> <span class='ocrx_word' id='word_1_132' title='bbox 3065 703 3233 757; x_wconf 80' lang='lat' dir='ltr'>corda</span> <span class='ocrx_word' id='word_1_133' title='bbox 3265 706 3602 758; x_wconf 83' lang='lat' dir='ltr'>innuunlur.</span> 
     </span>
    </p>
   </div>
   <div class='ocr_carea' id='block_1_22' title="bbox 2183 809 3774 882">
    <p class='ocr_par' dir='ltr' id='par_1_22' title="bbox 2183 809 3774 882">
     <span class='ocr_line' id='line_1_22' title="bbox 2183 809 3774 882; baseline 0.002 -20"><span class='ocrx_word' id='word_1_134' title='bbox 2183 809 2410 862; x_wconf 64' lang='lat' dir='ltr'>Col.1~’19</span> <span class='ocrx_word' id='word_1_135' title='bbox 2441 812 2486 862; x_wconf 79' lang='grc' dir='ltr'><strong>Α</strong></span> <span class='ocrx_word' id='word_1_136' title='bbox 2527 809 2971 878; x_wconf 72' lang='grc' dir='ltr'>14.ριιίεσιιηᾳιιθ</span> <span class='ocrx_word' id='word_1_137' title='bbox 3001 810 3325 875; x_wconf 69' lang='lat' dir='ltr'>enim.Qua3</span> <span class='ocrx_word' id='word_1_138' title='bbox 3346 809 3402 862; x_wconf 91' lang='lat' dir='ltr'>in</span> <span class='ocrx_word' id='word_1_139' title='bbox 3432 809 3540 864; x_wconf 80' lang='lat' dir='ltr'>hac</span> <span class='ocrx_word' id='word_1_140' title='bbox 3560 811 3774 882; x_wconf 84' lang='lat' dir='ltr'>pagina</span> 
     </span>
    </p>
   </div>
   <div class='ocr_carea' id='block_1_23' title="bbox 2111 896 3770 969">
    <p class='ocr_par' dir='ltr' id='par_1_23' title="bbox 2111 896 3770 969">
     <span class='ocr_line' id='line_1_23' title="bbox 2111 896 3770 969; baseline 0.003 -20"><span class='ocrx_word' id='word_1_141' title='bbox 2111 903 2367 951; x_wconf 80' lang='lat' dir='ltr'>correcta</span> <span class='ocrx_word' id='word_1_142' title='bbox 2398 904 2558 962; x_wconf 83' lang='lat' dir='ltr'>sunt,</span> <span class='ocrx_word' id='word_1_143' title='bbox 2592 914 2658 952; x_wconf 85' lang='lat' dir='ltr'>ea</span> <span class='ocrx_word' id='word_1_144' title='bbox 2693 896 2893 968; x_wconf 83' lang='lat' dir='ltr'>paucis</span> <span class='ocrx_word' id='word_1_145' title='bbox 2927 897 3344 962; x_wconf 65' lang='lat' dir='ltr'>indicabimus,</span> <span class='ocrx_word' id='word_1_146' title='bbox 3390 915 3579 969; x_wconf 82' lang='lat' dir='ltr'>neque</span> <span class='ocrx_word' id='word_1_147' title='bbox 3611 903 3770 955; x_wconf 84' lang='lat' dir='ltr'>enim</span> 
     </span>
    </p>
   </div>
   <div class='ocr_carea' id='block_1_24' title="bbox 2111 985 3776 1054">
    <p class='ocr_par' dir='ltr' id='par_1_24' title="bbox 2111 985 3776 1054">
     <span class='ocr_line' id='line_1_24' title="bbox 2111 985 3776 1054; baseline 0.004 -16"><span class='ocrx_word' id='word_1_148' title='bbox 2111 985 2267 1039; x_wconf 90' lang='lat' dir='ltr'>omni</span> <span class='ocrx_word' id='word_1_149' title='bbox 2280 1002 2370 1039; x_wconf 89' lang='lat' dir='ltr'>um</span> <span class='ocrx_word' id='word_1_150' title='bbox 2383 987 2665 1041; x_wconf 87' lang='lat' dir='ltr'>rationem</span> <span class='ocrx_word' id='word_1_151' title='bbox 2685 988 2927 1041; x_wconf 89' lang='lat' dir='ltr'>reddere</span> <span class='ocrx_word' id='word_1_152' title='bbox 2944 1003 3179 1042; x_wconf 89' lang='lat' dir='ltr'>necesse</span> <span class='ocrx_word' id='word_1_153' title='bbox 3193 988 3422 1054; x_wconf 88' lang='lat' dir='ltr'>est,nisi</span> <span class='ocrx_word' id='word_1_154' title='bbox 3439 989 3628 1044; x_wconf 86' lang='lat' dir='ltr'>sicubi</span> <span class='ocrx_word' id='word_1_155' title='bbox 3642 1006 3776 1045; x_wconf 88' lang='lat' dir='ltr'>sese</span> 
     </span>
    </p>
   </div>
   <div class='ocr_carea' id='block_1_25' title="bbox 2109 1074 3772 1133">
    <p class='ocr_par' dir='ltr' id='par_1_25' title="bbox 2109 1074 3772 1133">
     <span class='ocr_line' id='line_1_25' title="bbox 2109 1074 3772 1133; baseline 0.004 -7"><span class='ocrx_word' id='word_1_156' title='bbox 2109 1074 2552 1129; x_wconf 72' lang='lat' dir='ltr'>atleratoccasio</span> <span class='ocrx_word' id='word_1_157' title='bbox 2569 1074 2794 1130; x_wconf 82' lang='lat' dir='ltr'>similes</span> <span class='ocrx_word' id='word_1_158' title='bbox 2808 1076 3047 1130; x_wconf 88' lang='lat' dir='ltr'>Patrum</span> <span class='ocrx_word' id='word_1_159' title='bbox 3065 1075 3391 1131; x_wconf 83' lang='lat' dir='ltr'>sententias</span> <span class='ocrx_word' id='word_1_160' title='bbox 3410 1075 3743 1132; x_wconf 90' lang='lat' dir='ltr'>illustrandi</span> <span class='ocrx_word' id='word_1_161' title='bbox 3758 1121 3772 1133; x_wconf 91' lang='lat'>.</span> 
     </span>
    </p>
   </div>
   <div class='ocr_carea' id='block_1_26' title="bbox 2110 1163 3774 1238">
    <p class='ocr_par' dir='ltr' id='par_1_26' title="bbox 2110 1163 3774 1238">
     <span class='ocr_line' id='line_1_26' title="bbox 2110 1163 3774 1238; baseline 0.004 -21"><span class='ocrx_word' id='word_1_162' title='bbox 2110 1163 2385 1218; x_wconf 86' lang='lat' dir='ltr'>Poterunt</span> <span class='ocrx_word' id='word_1_163' title='bbox 2415 1165 2515 1235; x_wconf 90' lang='lat' dir='ltr'>qui</span> <span class='ocrx_word' id='word_1_164' title='bbox 2549 1166 2867 1220; x_wconf 90' lang='lat' dir='ltr'>editionem</span> <span class='ocrx_word' id='word_1_165' title='bbox 2915 1165 3088 1220; x_wconf 83' lang='lat' dir='ltr'>istam</span> <span class='ocrx_word' id='word_1_166' title='bbox 3122 1183 3255 1221; x_wconf 90' lang='lat' dir='ltr'>cum</span> <span class='ocrx_word' id='word_1_167' title='bbox 3293 1169 3774 1238; x_wconf 69' lang='lat' dir='ltr'>praecedentibus</span> 
     </span>
    </p>
   </div>
   <div class='ocr_carea' id='block_1_27' title="bbox 2108 1253 3776 1328">
    <p class='ocr_par' dir='ltr' id='par_1_27' title="bbox 2108 1253 3776 1328">
     <span class='ocr_line' id='line_1_27' title="bbox 2108 1253 3776 1328; baseline 0.003 -21"><span class='ocrx_word' id='word_1_168' title='bbox 2108 1254 2483 1321; x_wconf 88' lang='lat' dir='ltr'>contulerint,</span> <span class='ocrx_word' id='word_1_169' title='bbox 2517 1253 2752 1325; x_wconf 87' lang='lat' dir='ltr'>singula</span> <span class='ocrx_word' id='word_1_170' title='bbox 2781 1271 2908 1326; x_wconf 66' lang='lat' dir='ltr'>qua:</span> <span class='ocrx_word' id='word_1_171' title='bbox 2940 1260 3079 1310; x_wconf 90' lang='lat' dir='ltr'>sunt</span> <span class='ocrx_word' id='word_1_172' title='bbox 3111 1257 3426 1312; x_wconf 85' lang='lat' dir='ltr'>emendata</span> <span class='ocrx_word' id='word_1_173' title='bbox 3457 1273 3776 1328; x_wconf 89' lang='lat' dir='ltr'>cognosce-</span> 
     </span>
    </p>
   </div>
   <div class='ocr_carea' id='block_1_28' title="bbox 2108 1341 3775 1416">
    <p class='ocr_par' dir='ltr' id='par_1_28' title="bbox 2108 1341 3775 1416">
     <span class='ocr_line' id='line_1_28' title="bbox 2108 1341 3775 1416; baseline 0.002 -20"><span class='ocrx_word' id='word_1_174' title='bbox 2108 1359 2187 1398; x_wconf 87' lang='lat' dir='ltr'>re.</span> <span class='ocrx_word' id='word_1_175' title='bbox 2217 1342 2320 1398; x_wconf 88' lang='lat' dir='ltr'>Hic</span> <span class='ocrx_word' id='word_1_176' title='bbox 2347 1360 2478 1413; x_wconf 84' lang='lat' dir='ltr'>ergo</span> <span class='ocrx_word' id='word_1_177' title='bbox 2507 1342 2651 1397; x_wconf 92' lang='lat' dir='ltr'>illud</span> <span class='ocrx_word' id='word_1_178' title='bbox 2688 1341 3085 1416; x_wconf 72' lang='grc' dir='ltr'>ἁμαρτάνουσιν</span> <span class='ocrx_word' id='word_1_179' title='bbox 3116 1346 3186 1399; x_wconf 90' lang='lat' dir='ltr'>ad</span> <span class='ocrx_word' id='word_1_180' title='bbox 3219 1346 3455 1400; x_wconf 69' lang='lat' dir='ltr'>Judaeos</span> <span class='ocrx_word' id='word_1_181' title='bbox 3487 1345 3775 1401; x_wconf 81' lang='lat' dir='ltr'>retulerat</span> 
     </span>
    </p>
   </div>
   <div class='ocr_carea' id='block_1_29' title="bbox 2107 1432 3768 1505">
    <p class='ocr_par' dir='ltr' id='par_1_29' title="bbox 2107 1432 3768 1505">
     <span class='ocr_line' id='line_1_29' title="bbox 2107 1432 3768 1505; baseline 0.002 -19"><span class='ocrx_word' id='word_1_182' title='bbox 2107 1433 2416 1504; x_wconf 80' lang='lat' dir='ltr'>interpres,</span> <span class='ocrx_word' id='word_1_183' title='bbox 2451 1456 2478 1482; x_wconf 84' lang='grc'><em>‹‹</em></span> <span class='ocrx_word' id='word_1_184' title='bbox 2515 1432 2670 1488; x_wconf 90' lang='lat' dir='ltr'>mala</span> <span class='ocrx_word' id='word_1_185' title='bbox 2696 1432 2783 1487; x_wconf 91' lang='lat' dir='ltr'>illi</span> <span class='ocrx_word' id='word_1_186' title='bbox 2815 1434 3030 1504; x_wconf 88' lang='lat' dir='ltr'>populo</span> <span class='ocrx_word' id='word_1_187' title='bbox 3063 1435 3328 1505; x_wconf 90' lang='lat' dir='ltr'>peccanti</span> <span class='ocrx_word' id='word_1_188' title='bbox 3353 1435 3577 1490; x_wconf 85' lang='lat' dir='ltr'>intenta</span> <span class='ocrx_word' id='word_1_189' title='bbox 3601 1442 3768 1502; x_wconf 88' lang='lat' dir='ltr'>sunt,</span> 
     </span>
    </p>
   </div>
   <div class='ocr_carea' id='block_1_30' title="bbox 2104 1517 3772 1592">
    <p class='ocr_par' dir='ltr' id='par_1_30' title="bbox 2104 1517 3772 1592">
     <span class='ocr_line' id='line_1_30' title="bbox 2104 1517 3772 1592; baseline 0.004 -20"><span class='ocrx_word' id='word_1_190' title='bbox 2104 1517 2334 1574; x_wconf 85' lang='lat' dir='ltr'>licuerit</span> <span class='ocrx_word' id='word_1_191' title='bbox 2363 1524 2420 1574; x_wconf 89' lang='lat' dir='ltr'>et</span> <span class='ocrx_word' id='word_1_192' title='bbox 2452 1520 2510 1574; x_wconf 90' lang='lat' dir='ltr'>in</span> <span class='ocrx_word' id='word_1_193' title='bbox 2544 1521 2713 1574; x_wconf 89' lang='lat' dir='ltr'>nobis</span> <span class='ocrx_word' id='word_1_194' title='bbox 2747 1522 2890 1591; x_wconf 90' lang='lat' dir='ltr'>ipsis</span> <span class='ocrx_word' id='word_1_195' title='bbox 2918 1523 3263 1592; x_wconf 85' lang='lat' dir='ltr'>perspicere.</span> <span class='ocrx_word' id='word_1_196' title='bbox 3305 1545 3333 1572; x_wconf 82' lang='lat'><em>»</em></span> <span class='ocrx_word' id='word_1_197' title='bbox 3360 1523 3588 1578; x_wconf 80' lang='lat' dir='ltr'>Rursus</span> <span class='ocrx_word' id='word_1_198' title='bbox 3612 1523 3772 1579; x_wconf 82' lang='lat' dir='ltr'>infra</span> 
     </span>
    </p>
   </div>
   <div class='ocr_carea' id='block_1_31' title="bbox 2106 1609 3767 1684">
    <p class='ocr_par' dir='ltr' id='par_1_31' title="bbox 2106 1609 3767 1684">
     <span class='ocr_line' id='line_1_31' title="bbox 2106 1609 3767 1684; baseline 0.003 -21"><span class='ocrx_word' id='word_1_199' title='bbox 2106 1609 2423 1679; x_wconf 79' lang='lat' dir='ltr'>scripserat</span> <span class='ocrx_word' id='word_1_200' title='bbox 2455 1633 2480 1658; x_wconf 83' lang='lat'><strong>«</strong></span> <span class='ocrx_word' id='word_1_201' title='bbox 2517 1609 2821 1664; x_wconf 70' lang='lat' dir='ltr'>aediﬁcatio</span> <span class='ocrx_word' id='word_1_202' title='bbox 2852 1627 3057 1678; x_wconf 61' lang='lat' dir='ltr'>nosira</span> <span class='ocrx_word' id='word_1_203' title='bbox 3085 1612 3132 1666; x_wconf 91' lang='lat' dir='ltr'>si</span> <span class='ocrx_word' id='word_1_204' title='bbox 3168 1628 3202 1666; x_wconf 92' lang='lat' dir='ltr'>a</span> <span class='ocrx_word' id='word_1_205' title='bbox 3248 1612 3515 1666; x_wconf 87' lang='lat' dir='ltr'>doctrina</span> <span class='ocrx_word' id='word_1_206' title='bbox 3546 1630 3767 1684; x_wconf 87' lang='lat' dir='ltr'>pepen-</span> 
     </span>
    </p>
   </div>
   <div class='ocr_carea' id='block_1_32' title="bbox 2103 1697 3769 1767">
    <p class='ocr_par' dir='ltr' id='par_1_32' title="bbox 2103 1697 3769 1767">
     <span class='ocr_line' id='line_1_32' title="bbox 2103 1697 3769 1767; baseline 0.002 -15"><span class='ocrx_word' id='word_1_207' title='bbox 2103 1697 2275 1767; x_wconf 86' lang='lat' dir='ltr'>derit,</span> <span class='ocrx_word' id='word_1_208' title='bbox 2308 1697 2478 1753; x_wconf 92' lang='lat' dir='ltr'>nobis</span> <span class='ocrx_word' id='word_1_209' title='bbox 2509 1699 2707 1754; x_wconf 88' lang='lat' dir='ltr'>minus</span> <span class='ocrx_word' id='word_1_210' title='bbox 2737 1700 3148 1756; x_wconf 83' lang='lat' dir='ltr'>convenienter</span> <span class='ocrx_word' id='word_1_211' title='bbox 3208 1701 3388 1755; x_wconf 89' lang='lat' dir='ltr'>vitam</span> <span class='ocrx_word' id='word_1_212' title='bbox 3441 1699 3594 1757; x_wconf 91' lang='lat' dir='ltr'>hanc</span> <span class='ocrx_word' id='word_1_213' title='bbox 3642 1701 3769 1758; x_wconf 85' lang='lat' dir='ltr'>exi-</span> 
     </span>
    </p>
   </div>
   <div class='ocr_carea' id='block_1_33' title="bbox 2102 1787 2465 1857">
    <p class='ocr_par' dir='ltr' id='par_1_33' title="bbox 2102 1787 2465 1857">
     <span class='ocr_line' id='line_1_33' title="bbox 2102 1787 2465 1857; baseline -0.014 -15"><span class='ocrx_word' id='word_1_214' title='bbox 2102 1787 2398 1857; x_wconf 81' lang='lat' dir='ltr'>gentibus.</span> <span class='ocrx_word' id='word_1_215' title='bbox 2437 1811 2465 1837; x_wconf 87' lang='grc'>››</span> 
     </span>
    </p>
   </div>
   <div class='ocr_carea' id='block_1_34' title="bbox 339 1874 3764 1962">
    <p class='ocr_par' dir='ltr' id='par_1_34' title="bbox 339 1874 3764 1962">
     <span class='ocr_line' id='line_1_34' title="bbox 339 1874 3764 1962; baseline 0.001 -30"><span class='ocrx_word' id='word_1_216' title='bbox 339 1877 514 1932; x_wconf 89' lang='lat' dir='ltr'>nibus</span> <span class='ocrx_word' id='word_1_217' title='bbox 535 1877 1708 1962; x_wconf 85' lang='lat' dir='ltr'>BasiliimanuscriptiscumGallicistum</span> <span class='ocrx_word' id='word_1_218' title='bbox 1732 1878 1993 1950; x_wconf 84' lang='lat' dir='ltr'>Anglicis</span> <span class='ocrx_word' id='word_1_219' title='bbox 2025 1899 2071 1962; x_wconf 81' lang='grc' dir='ltr'>Β</span> <span class='ocrx_word' id='word_1_220' title='bbox 2176 1876 2294 1932; x_wconf 90' lang='lat' dir='ltr'>Col.</span> <span class='ocrx_word' id='word_1_221' title='bbox 2346 1878 2438 1932; x_wconf 88' lang='lat' dir='ltr'>-l5l</span> <span class='ocrx_word' id='word_1_222' title='bbox 2489 1877 2530 1931; x_wconf 88' lang='grc' dir='ltr'>Β</span> <span class='ocrx_word' id='word_1_223' title='bbox 2583 1878 2632 1931; x_wconf 94' lang='grc'>1.</span> <span class='ocrx_word' id='word_1_224' title='bbox 2678 1877 2784 1946; x_wconf 88' lang='lat' dir='ltr'>Qui</span> <span class='ocrx_word' id='word_1_225' title='bbox 2824 1879 2888 1933; x_wconf 86' lang='lat' dir='ltr'>in</span> <span class='ocrx_word' id='word_1_226' title='bbox 2951 1894 3179 1934; x_wconf 74' lang='lat' dir='ltr'>arcano.</span> <span class='ocrx_word' id='word_1_227' title='bbox 3245 1874 3584 1932; x_wconf 80' lang='grc' dir='ltr'>Ὑποκλαίειν</span> <span class='ocrx_word' id='word_1_228' title='bbox 3651 1879 3764 1936; x_wconf 85' lang='lat' dir='ltr'>hoc</span> 
     </span>
    </p>
   </div>
   <div class='ocr_carea' id='block_1_35' title="bbox 334 1960 1990 2041">
    <p class='ocr_par' dir='ltr' id='par_1_35' title="bbox 334 1960 1990 2041">
     <span class='ocr_line' id='line_1_35' title="bbox 334 1960 1990 2041; baseline 0.002 -22"><span class='ocrx_word' id='word_1_229' title='bbox 334 1971 426 2022; x_wconf 77' lang='lat' dir='ltr'>est</span> <span class='ocrx_word' id='word_1_230' title='bbox 465 1967 768 2031; x_wconf 89' lang='lat' dir='ltr'>mendum,</span> <span class='ocrx_word' id='word_1_231' title='bbox 807 1960 1012 2020; x_wconf 76' lang='grc' dir='ltr'>Λάϐετε</span> <span class='ocrx_word' id='word_1_232' title='bbox 1059 1965 1160 2041; x_wconf 75' lang='grc' dir='ltr'>γὰρ</span> <span class='ocrx_word' id='word_1_233' title='bbox 1193 1965 1472 2041; x_wconf 69' lang='grc' dir='ltr'>ἀπαρχήν,</span> <span class='ocrx_word' id='word_1_234' title='bbox 1507 1968 1660 2039; x_wconf 90' lang='lat' dir='ltr'>quod</span> <span class='ocrx_word' id='word_1_235' title='bbox 1702 1968 1990 2038; x_wconf 80' lang='lat' dir='ltr'>interpres</span> 
     </span>
    </p>
   </div>
   <div class='ocr_carea' id='block_1_36' title="bbox 333 2056 1991 2129">
    <p class='ocr_par' dir='ltr' id='par_1_36' title="bbox 333 2056 1991 2129">
     <span class='ocr_line' id='line_1_36' title="bbox 333 2056 1991 2129; baseline 0.001 -19"><span class='ocrx_word' id='word_1_236' title='bbox 333 2060 488 2112; x_wconf 89' lang='lat' dir='ltr'>recte</span> <span class='ocrx_word' id='word_1_237' title='bbox 518 2056 1076 2128; x_wconf 85' lang='lat' dir='ltr'>expressit,Accipite</span> <span class='ocrx_word' id='word_1_238' title='bbox 1102 2057 1386 2128; x_wconf 78' lang='lat' dir='ltr'>primitias</span> <span class='ocrx_word' id='word_1_239' title='bbox 1407 2078 1426 2112; x_wconf 84' lang='lat'>.-</span> <span class='ocrx_word' id='word_1_240' title='bbox 1460 2058 1615 2129; x_wconf 89' lang='lat' dir='ltr'>apud</span> <span class='ocrx_word' id='word_1_241' title='bbox 1639 2057 1832 2113; x_wconf 88' lang='lat' dir='ltr'>solum</span> <span class='ocrx_word' id='word_1_242' title='bbox 1859 2058 1991 2112; x_wconf 91' lang='lat' dir='ltr'>Pro-</span> 
     </span>
    </p>
   </div>
   <div class='ocr_carea' id='block_1_37' title="bbox 334 2139 1992 2220">
    <p class='ocr_par' dir='ltr' id='par_1_37' title="bbox 334 2139 1992 2220">
     <span class='ocr_line' id='line_1_37' title="bbox 334 2139 1992 2220; baseline 0.001 -20"><span class='ocrx_word' id='word_1_243' title='bbox 334 2143 591 2217; x_wconf 90' lang='lat' dir='ltr'>copium,</span> <span class='ocrx_word' id='word_1_244' title='bbox 626 2161 683 2216; x_wconf 93' lang='lat' dir='ltr'>p.</span> <span class='ocrx_word' id='word_1_245' title='bbox 720 2146 806 2214; x_wconf 90' lang='grc'>13,</span> <span class='ocrx_word' id='word_1_246' title='bbox 833 2145 1047 2218; x_wconf 83' lang='lat' dir='ltr'>legitur</span> <span class='ocrx_word' id='word_1_247' title='bbox 1077 2139 1282 2201; x_wconf 79' lang='grc' dir='ltr'>Λάϐετε</span> <span class='ocrx_word' id='word_1_248' title='bbox 1306 2145 1508 2220; x_wconf 77' lang='grc' dir='ltr'>ἀρχήν,</span> <span class='ocrx_word' id='word_1_249' title='bbox 1542 2163 1646 2202; x_wconf 90' lang='lat' dir='ltr'>nec</span> <span class='ocrx_word' id='word_1_250' title='bbox 1679 2147 1786 2202; x_wconf 82' lang='lat' dir='ltr'>fuit</span> <span class='ocrx_word' id='word_1_251' title='bbox 1815 2164 1992 2202; x_wconf 82' lang='lat' dir='ltr'>causa</span> 
     </span>
    </p>
   </div>
   <div class='ocr_carea' id='block_1_38' title="bbox 335 2232 1992 2308">
    <p class='ocr_par' dir='ltr' id='par_1_38' title="bbox 335 2232 1992 2308">
     <span class='ocr_line' id='line_1_38' title="bbox 335 2232 1992 2308; baseline 0.002 -20"><span class='ocrx_word' id='word_1_252' title='bbox 335 2251 440 2289; x_wconf 93' lang='lat' dir='ltr'>cur</span> <span class='ocrx_word' id='word_1_253' title='bbox 471 2232 630 2289; x_wconf 90' lang='lat' dir='ltr'>illius</span> <span class='ocrx_word' id='word_1_254' title='bbox 663 2235 953 2306; x_wconf 75' lang='lat' dir='ltr'>interpres</span> <span class='ocrx_word' id='word_1_255' title='bbox 986 2235 1225 2290; x_wconf 86' lang='lat' dir='ltr'>adderet</span> <span class='ocrx_word' id='word_1_256' title='bbox 1269 2236 1453 2292; x_wconf 81' lang='lat' dir='ltr'>textui</span> <span class='ocrx_word' id='word_1_257' title='bbox 1486 2234 1612 2305; x_wconf 81' lang='grc' dir='ltr'>ἀπό,</span> <span class='ocrx_word' id='word_1_258' title='bbox 1655 2253 1786 2291; x_wconf 89' lang='lat' dir='ltr'>cum</span> <span class='ocrx_word' id='word_1_259' title='bbox 1822 2237 1992 2308; x_wconf 86' lang='lat' dir='ltr'>plane</span> 
     </span>
    </p>
   </div>
   <div class='ocr_carea' id='block_1_39' title="bbox 338 2323 1995 2398">
    <p class='ocr_par' dir='ltr' id='par_1_39' title="bbox 338 2323 1995 2398">
     <span class='ocr_line' id='line_1_39' title="bbox 338 2323 1995 2398; baseline 0.002 -20"><span class='ocrx_word' id='word_1_260' title='bbox 338 2323 494 2379; x_wconf 88' lang='lat' dir='ltr'>absit</span> <span class='ocrx_word' id='word_1_261' title='bbox 540 2340 574 2379; x_wconf 87' lang='lat' dir='ltr'>a</span> <span class='ocrx_word' id='word_1_262' title='bbox 613 2323 924 2394; x_wconf 72' lang='lat' dir='ltr'>Scriptum</span> <span class='ocrx_word' id='word_1_263' title='bbox 965 2328 1125 2380; x_wconf 86' lang='lat' dir='ltr'>textu</span> <span class='ocrx_word' id='word_1_264' title='bbox 1157 2325 1395 2381; x_wconf 86' lang='lat' dir='ltr'>Numer.</span> <span class='ocrx_word' id='word_1_265' title='bbox 1435 2342 1474 2390; x_wconf 84' lang='grc' dir='ltr'>ι,</span> <span class='ocrx_word' id='word_1_266' title='bbox 1508 2327 1560 2393; x_wconf 88' lang='lat'>2,</span> <span class='ocrx_word' id='word_1_267' title='bbox 1614 2326 1712 2380; x_wconf 87' lang='lat' dir='ltr'>ubi</span> <span class='ocrx_word' id='word_1_268' title='bbox 1743 2325 1995 2398; x_wconf 81' lang='lat' dir='ltr'>Vulgata</span> 
     </span>
    </p>
   </div>
   <div class='ocr_carea' id='block_1_40' title="bbox 341 2411 1995 2485">
    <p class='ocr_par' dir='ltr' id='par_1_40' title="bbox 341 2411 1995 2485">
     <span class='ocr_line' id='line_1_40' title="bbox 341 2411 1995 2485; baseline 0.001 -17"><span class='ocrx_word' id='word_1_269' title='bbox 341 2411 567 2479; x_wconf 89' lang='lat' dir='ltr'>Latina,</span> <span class='ocrx_word' id='word_1_270' title='bbox 620 2411 818 2468; x_wconf 81' lang='lat' dir='ltr'>Tollite</span> <span class='ocrx_word' id='word_1_271' title='bbox 886 2429 1160 2468; x_wconf 78' lang='lat' dir='ltr'>summam</span> <span class='ocrx_word' id='word_1_272' title='bbox 1225 2415 1496 2470; x_wconf 78' lang='lat' dir='ltr'>universae</span> <span class='ocrx_word' id='word_1_273' title='bbox 1553 2416 1995 2485; x_wconf 81' lang='lat' dir='ltr'>congregationis</span> 
     </span>
    </p>
   </div>
   <div class='ocr_carea' id='block_1_41' title="bbox 342 2501 1998 2559">
    <p class='ocr_par' dir='ltr' id='par_1_41' title="bbox 342 2501 1998 2559">
     <span class='ocr_line' id='line_1_41' title="bbox 342 2501 1998 2559; baseline 0.002 -3"><span class='ocrx_word' id='word_1_274' title='bbox 342 2501 593 2556; x_wconf 85' lang='lat' dir='ltr'>Sanctus</span> <span class='ocrx_word' id='word_1_275' title='bbox 622 2501 966 2558; x_wconf 78' lang='lat' dir='ltr'>Ambrosius</span> <span class='ocrx_word' id='word_1_276' title='bbox 998 2521 1026 2558; x_wconf 91' lang='lat' dir='ltr'>e</span> <span class='ocrx_word' id='word_1_277' title='bbox 1058 2503 1254 2558; x_wconf 66' lang='lat' dir='ltr'>Graeco</span> <span class='ocrx_word' id='word_1_278' title='bbox 1285 2510 1516 2558; x_wconf 88' lang='lat' dir='ltr'>vertens</span> <span class='ocrx_word' id='word_1_279' title='bbox 1549 2504 1716 2559; x_wconf 88' lang='lat' dir='ltr'>initio</span> <span class='ocrx_word' id='word_1_280' title='bbox 1749 2503 1880 2558; x_wconf 92' lang='lat' dir='ltr'>libri</span> <span class='ocrx_word' id='word_1_281' title='bbox 1919 2509 1998 2559; x_wconf 87' lang='lat' dir='ltr'>De</span> 
     </span>
    </p>
   </div>
   <div class='ocr_carea' id='block_1_42' title="bbox 271 2593 1997 2664">
    <p class='ocr_par' dir='ltr' id='par_1_42' title="bbox 271 2593 1997 2664">
     <span class='ocr_line' id='line_1_42' title="bbox 271 2593 1997 2664; baseline 0.002 -20"><span class='ocrx_word' id='word_1_282' title='bbox 271 2607 278 2612; x_wconf 77' lang='grc'><em>’</em></span> <span class='ocrx_word' id='word_1_283' title='bbox 347 2607 460 2645; x_wconf 70' lang='grc' dir='ltr'><strong>χιιι</strong></span> <span class='ocrx_word' id='word_1_284' title='bbox 489 2593 876 2648; x_wconf 73' lang='lat' dir='ltr'>mansionibus</span> <span class='ocrx_word' id='word_1_285' title='bbox 907 2593 990 2646; x_wconf 91' lang='lat' dir='ltr'>sic</span> <span class='ocrx_word' id='word_1_286' title='bbox 1019 2593 1470 2664; x_wconf 78' lang='lat' dir='ltr'>interpretatur:</span> <span class='ocrx_word' id='word_1_287' title='bbox 1505 2593 1697 2663; x_wconf 79' lang='lat' dir='ltr'>Accipe</span> <span class='ocrx_word' id='word_1_288' title='bbox 1724 2610 1997 2648; x_wconf 82' lang='lat' dir='ltr'>summam</span> 
     </span>
    </p>
   </div>
   <div class='ocr_carea' id='block_1_43' title="bbox 351 2681 2000 2752">
    <p class='ocr_par' dir='ltr' id='par_1_43' title="bbox 351 2681 2000 2752">
     <span class='ocr_line' id='line_1_43' title="bbox 351 2681 2000 2752; baseline 0.002 -18"><span class='ocrx_word' id='word_1_289' title='bbox 351 2681 632 2736; x_wconf 60' lang='lat' dir='ltr'>universae</span> <span class='ocrx_word' id='word_1_290' title='bbox 659 2684 1098 2752; x_wconf 68' lang='lat' dir='ltr'>congregationis</span> <span class='ocrx_word' id='word_1_291' title='bbox 1145 2682 1403 2751; x_wconf 72' lang='lat' dir='ltr'>filiorum</span> <span class='ocrx_word' id='word_1_292' title='bbox 1454 2681 1630 2736; x_wconf 81' lang='lat' dir='ltr'>Israel</span> <span class='ocrx_word' id='word_1_293' title='bbox 1674 2698 1773 2752; x_wconf 86' lang='lat' dir='ltr'>per</span> <span class='ocrx_word' id='word_1_294' title='bbox 1818 2681 2000 2737; x_wconf 87' lang='lat' dir='ltr'>domos</span> 
     </span>
    </p>
   </div>
   <div class='ocr_carea' id='block_1_44' title="bbox 351 2770 2003 2838">
    <p class='ocr_par' dir='ltr' id='par_1_44' title="bbox 351 2770 2003 2838">
     <span class='ocr_line' id='line_1_44' title="bbox 351 2770 2003 2838; baseline 0.002 -15"><span class='ocrx_word' id='word_1_295' title='bbox 351 2770 720 2838; x_wconf 83' lang='lat' dir='ltr'>familiarum.</span> <span class='ocrx_word' id='word_1_296' title='bbox 758 2774 879 2826; x_wconf 88' lang='lat' dir='ltr'>Vox</span> <span class='ocrx_word' id='word_1_297' title='bbox 909 2772 1150 2825; x_wconf 73' lang='lat' dir='ltr'>Hebraea</span> <span class='ocrx_word' id='word_1_298' title='bbox 1182 2788 1297 2825; x_wconf 92' lang='lat' dir='ltr'>non</span> <span class='ocrx_word' id='word_1_299' title='bbox 1351 2770 1586 2826; x_wconf 91' lang='lat' dir='ltr'>initium</span> <span class='ocrx_word' id='word_1_300' title='bbox 1633 2774 1886 2833; x_wconf 88' lang='lat' dir='ltr'>tantum.</span> <span class='ocrx_word' id='word_1_301' title='bbox 1940 2776 2003 2826; x_wconf 88' lang='lat' dir='ltr'>ut</span> 
     </span>
    </p>
   </div>
   <div class='ocr_carea' id='block_1_45' title="bbox 350 2857 2000 2931">
    <p class='ocr_par' dir='ltr' id='par_1_45' title="bbox 350 2857 2000 2931">
     <span class='ocr_line' id='line_1_45' title="bbox 350 2857 2000 2931; baseline 0.002 -19"><span class='ocrx_word' id='word_1_302' title='bbox 350 2857 525 2913; x_wconf 87' lang='lat' dir='ltr'>vertit</span> <span class='ocrx_word' id='word_1_303' title='bbox 571 2859 952 2916; x_wconf 85' lang='lat' dir='ltr'>doctissimus</span> <span class='ocrx_word' id='word_1_304' title='bbox 1001 2859 1266 2931; x_wconf 85' lang='lat' dir='ltr'>ProcOpii</span> <span class='ocrx_word' id='word_1_305' title='bbox 1315 2859 1625 2931; x_wconf 88' lang='lat' dir='ltr'>interpres,</span> <span class='ocrx_word' id='word_1_306' title='bbox 1678 2861 1780 2916; x_wconf 89' lang='lat' dir='ltr'>sed</span> <span class='ocrx_word' id='word_1_307' title='bbox 1823 2861 2000 2916; x_wconf 89' lang='lat' dir='ltr'>etiam</span> 
     </span>
    </p>
   </div>
   <div class='ocr_carea' id='block_1_46' title="bbox 355 2948 2004 3020">
    <p class='ocr_par' dir='ltr' id='par_1_46' title="bbox 355 2948 2004 3020">
     <span class='ocr_line' id='line_1_46' title="bbox 355 2948 2004 3020; baseline 0.002 -18"><span class='ocrx_word' id='word_1_308' title='bbox 355 2964 658 3003; x_wconf 89' lang='lat' dir='ltr'>summam</span> <span class='ocrx_word' id='word_1_309' title='bbox 689 2951 747 3003; x_wconf 89' lang='lat' dir='ltr'>et</span> <span class='ocrx_word' id='word_1_310' title='bbox 777 2954 956 3020; x_wconf 85' lang='lat' dir='ltr'>caput</span> <span class='ocrx_word' id='word_1_311' title='bbox 982 2952 1244 3017; x_wconf 86' lang='lat' dir='ltr'>sonat,ut</span> <span class='ocrx_word' id='word_1_312' title='bbox 1267 2948 1410 3003; x_wconf 87' lang='lat' dir='ltr'>vidit</span> <span class='ocrx_word' id='word_1_313' title='bbox 1431 2948 1778 3005; x_wconf 84' lang='lat' dir='ltr'>Ambrosius</span> <span class='ocrx_word' id='word_1_314' title='bbox 1807 2966 2004 3006; x_wconf 86' lang='lat' dir='ltr'>vocem</span> 
     </span>
    </p>
   </div>
   <div class='ocr_carea' id='block_1_47' title="bbox 350 3035 1999 3110">
    <p class='ocr_par' dir='ltr' id='par_1_47' title="bbox 350 3035 1999 3110">
     <span class='ocr_line' id='line_1_47' title="bbox 350 3035 1999 3110; baseline 0.004 -22"><span class='ocrx_word' id='word_1_315' title='bbox 350 3035 528 3109; x_wconf 83' lang='grc' dir='ltr'>ἀρχήν</span> <span class='ocrx_word' id='word_1_316' title='bbox 564 3036 658 3092; x_wconf 85' lang='lat' dir='ltr'>hic</span> <span class='ocrx_word' id='word_1_317' title='bbox 691 3053 760 3092; x_wconf 84' lang='lat' dir='ltr'>ex</span> <span class='ocrx_word' id='word_1_318' title='bbox 791 3037 1136 3093; x_wconf 89' lang='lat' dir='ltr'>Hebraismo</span> <span class='ocrx_word' id='word_1_319' title='bbox 1168 3038 1524 3110; x_wconf 88' lang='lat' dir='ltr'>signiﬁcare,</span> <span class='ocrx_word' id='word_1_320' title='bbox 1553 3038 1649 3093; x_wconf 92' lang='lat' dir='ltr'>oui</span> <span class='ocrx_word' id='word_1_321' title='bbox 1682 3038 1876 3110; x_wconf 89' lang='lat' dir='ltr'>potius</span> <span class='ocrx_word' id='word_1_322' title='bbox 1907 3057 1999 3094; x_wconf 90' lang='lat' dir='ltr'>as-</span> 
     </span>
    </p>
   </div>
   <div class='ocr_carea' id='block_1_48' title="bbox 354 3125 2004 3199">
    <p class='ocr_par' dir='ltr' id='par_1_48' title="bbox 354 3125 2004 3199">
     <span class='ocr_line' id='line_1_48' title="bbox 354 3125 2004 3199; baseline 0.002 -20"><span class='ocrx_word' id='word_1_323' title='bbox 354 3125 752 3197; x_wconf 90' lang='lat' dir='ltr'>sentiendum,</span> <span class='ocrx_word' id='word_1_324' title='bbox 786 3143 960 3198; x_wconf 87' lang='lat' dir='ltr'>quam</span> <span class='ocrx_word' id='word_1_325' title='bbox 996 3126 1342 3199; x_wconf 82' lang='lat' dir='ltr'>Augustino,</span> <span class='ocrx_word' id='word_1_326' title='bbox 1375 3127 1474 3198; x_wconf 89' lang='lat' dir='ltr'>qui</span> <span class='ocrx_word' id='word_1_327' title='bbox 1509 3129 1568 3182; x_wconf 92' lang='lat' dir='ltr'>in</span> <span class='ocrx_word' id='word_1_328' title='bbox 1608 3127 2004 3184; x_wconf 91' lang='lat' dir='ltr'>locutionibus</span> 
     </span>
    </p>
   </div>
   <div class='ocr_carea' id='block_1_49' title="bbox 357 3213 2000 3290">
    <p class='ocr_par' dir='ltr' id='par_1_49' title="bbox 357 3213 2000 3290">
     <span class='ocr_line' id='line_1_49' title="bbox 357 3213 2000 3290; baseline 0.002 -21"><span class='ocrx_word' id='word_1_329' title='bbox 357 3213 659 3271; x_wconf 86' lang='lat' dir='ltr'>Hebraicis</span> <span class='ocrx_word' id='word_1_330' title='bbox 710 3213 888 3290; x_wconf 75' lang='grc' dir='ltr'>ἀρχήν</span> <span class='ocrx_word' id='word_1_331' title='bbox 941 3231 1150 3271; x_wconf 87' lang='lat' dir='ltr'>sonare</span> <span class='ocrx_word' id='word_1_332' title='bbox 1193 3220 1358 3288; x_wconf 89' lang='lat' dir='ltr'>putat</span> <span class='ocrx_word' id='word_1_333' title='bbox 1385 3217 1563 3271; x_wconf 91' lang='lat' dir='ltr'>robur</span> <span class='ocrx_word' id='word_1_334' title='bbox 1593 3219 1780 3272; x_wconf 72' lang='lat' dir='ltr'>aetatis</span> <span class='ocrx_word' id='word_1_335' title='bbox 1814 3217 1871 3272; x_wconf 93' lang='lat' dir='ltr'>in</span> <span class='ocrx_word' id='word_1_336' title='bbox 1900 3235 2000 3288; x_wconf 86' lang='lat' dir='ltr'>po-</span> 
     </span>
    </p>
   </div>
   <div class='ocr_carea' id='block_1_50' title="bbox 354 3303 2006 3378">
    <p class='ocr_par' dir='ltr' id='par_1_50' title="bbox 354 3303 2006 3378">
     <span class='ocr_line' id='line_1_50' title="bbox 354 3303 2006 3378; baseline 0 -20"><span class='ocrx_word' id='word_1_337' title='bbox 354 3303 515 3375; x_wconf 90' lang='lat' dir='ltr'>pulo.</span> <span class='ocrx_word' id='word_1_338' title='bbox 550 3304 643 3360; x_wconf 91' lang='lat' dir='ltr'>Sic</span> <span class='ocrx_word' id='word_1_339' title='bbox 675 3309 732 3360; x_wconf 90' lang='lat' dir='ltr'>et</span> <span class='ocrx_word' id='word_1_340' title='bbox 763 3305 1003 3362; x_wconf 89' lang='lat' dir='ltr'>Numer.</span> <span class='ocrx_word' id='word_1_341' title='bbox 1037 3321 1078 3370; x_wconf 82' lang='lat'>1,</span> <span class='ocrx_word' id='word_1_342' title='bbox 1111 3304 1199 3372; x_wconf 82' lang='grc'>49,</span> <span class='ocrx_word' id='word_1_343' title='bbox 1231 3305 1476 3360; x_wconf 87' lang='lat' dir='ltr'>vertitur</span> <span class='ocrx_word' id='word_1_344' title='bbox 1505 3306 1706 3361; x_wconf 91' lang='lat' dir='ltr'>eadem</span> <span class='ocrx_word' id='word_1_345' title='bbox 1741 3324 1847 3362; x_wconf 84' lang='lat' dir='ltr'>vox</span> <span class='ocrx_word' id='word_1_346' title='bbox 1896 3304 2006 3378; x_wconf 75' lang='grc' dir='ltr'>ἀρι·</span> 
     </span>
    </p>
   </div>
   <div class='ocr_carea' id='block_1_51' title="bbox 357 3389 2012 3467">
    <p class='ocr_par' dir='ltr' id='par_1_51' title="bbox 357 3389 2012 3467">
     <span class='ocr_line' id='line_1_51' title="bbox 357 3389 2012 3467; baseline 0.005 -24"><span class='ocrx_word' id='word_1_347' title='bbox 357 3389 520 3462; x_wconf 82' lang='grc' dir='ltr'>θμὸς,</span> <span class='ocrx_word' id='word_1_348' title='bbox 582 3391 684 3448; x_wconf 83' lang='grc' dir='ltr'>Καὶ</span> <span class='ocrx_word' id='word_1_349' title='bbox 731 3391 822 3446; x_wconf 84' lang='grc' dir='ltr'>τὸν</span> <span class='ocrx_word' id='word_1_350' title='bbox 878 3390 1110 3466; x_wconf 79' lang='grc' dir='ltr'>ἀριθμὸν</span> <span class='ocrx_word' id='word_1_351' title='bbox 1162 3391 1337 3446; x_wconf 82' lang='grc' dir='ltr'>αὐτῶν</span> <span class='ocrx_word' id='word_1_352' title='bbox 1390 3392 1452 3446; x_wconf 78' lang='grc' dir='ltr'>οὐ</span> <span class='ocrx_word' id='word_1_353' title='bbox 1505 3392 1677 3467; x_wconf 77' lang='grc' dir='ltr'>λήψῃ,</span> <span class='ocrx_word' id='word_1_354' title='bbox 1727 3397 2012 3450; x_wconf 85' lang='lat' dir='ltr'>Etnume-</span> 
     </span>
    </p>
   </div>
   <div class='ocr_carea' id='block_1_52' title="bbox 359 3480 2013 3554">
    <p class='ocr_par' dir='ltr' id='par_1_52' title="bbox 359 3480 2013 3554">
     <span class='ocr_line' id='line_1_52' title="bbox 359 3480 2013 3554; baseline 0 -19"><span class='ocrx_word' id='word_1_355' title='bbox 359 3497 487 3535; x_wconf 75' lang='lat' dir='ltr'>rum</span> <span class='ocrx_word' id='word_1_356' title='bbox 544 3498 734 3536; x_wconf 89' lang='lat' dir='ltr'>eorum</span> <span class='ocrx_word' id='word_1_357' title='bbox 778 3500 893 3536; x_wconf 87' lang='lat' dir='ltr'>non</span> <span class='ocrx_word' id='word_1_358' title='bbox 937 3499 1159 3539; x_wconf 87' lang='lat' dir='ltr'>sumes:</span> <span class='ocrx_word' id='word_1_359' title='bbox 1199 3488 1254 3539; x_wconf 92' lang='lat' dir='ltr'>et</span> <span class='ocrx_word' id='word_1_360' title='bbox 1303 3483 1478 3539; x_wconf 87' lang='lat' dir='ltr'>Exodi</span> <span class='ocrx_word' id='word_1_361' title='bbox 1526 3501 1655 3554; x_wconf 76' lang='lat' dir='ltr'><strong>xxx,</strong></span> <span class='ocrx_word' id='word_1_362' title='bbox 1693 3485 1775 3550; x_wconf 79' lang='lat'>12,</span> <span class='ocrx_word' id='word_1_363' title='bbox 1811 3480 2013 3537; x_wconf 88' lang='grc' dir='ltr'>συλλο-</span> 
     </span>
    </p>
   </div>
   <div class='ocr_carea' id='block_1_53' title="bbox 358 3565 2012 3647">
    <p class='ocr_par' dir='ltr' id='par_1_53' title="bbox 358 3565 2012 3647">
     <span class='ocr_line' id='line_1_53' title="bbox 358 3565 2012 3647; baseline 0.004 -27"><span class='ocrx_word' id='word_1_364' title='bbox 358 3567 606 3642; x_wconf 84' lang='grc' dir='ltr'>γισμός·</span> <span class='ocrx_word' id='word_1_365' title='bbox 669 3569 790 3624; x_wconf 79' lang='grc' dir='ltr'>Ἐὰν</span> <span class='ocrx_word' id='word_1_366' title='bbox 859 3565 1034 3646; x_wconf 75' lang='grc' dir='ltr'>λάϐῃς</span> <span class='ocrx_word' id='word_1_367' title='bbox 1099 3573 1191 3627; x_wconf 90' lang='grc' dir='ltr'>τὸν</span> <span class='ocrx_word' id='word_1_368' title='bbox 1268 3570 1643 3647; x_wconf 81' lang='grc' dir='ltr'>συλλογισμὸν</span> <span class='ocrx_word' id='word_1_369' title='bbox 1707 3577 1814 3627; x_wconf 80' lang='grc' dir='ltr'>τῶν</span> <span class='ocrx_word' id='word_1_370' title='bbox 1881 3574 2012 3626; x_wconf 72' lang='grc' dir='ltr'>υἱῶν</span> 
     </span>
    </p>
   </div>
   <div class='ocr_carea' id='block_1_54' title="bbox 367 3657 2012 3735">
    <p class='ocr_par' dir='ltr' id='par_1_54' title="bbox 367 3657 2012 3735">
     <span class='ocr_line' id='line_1_54' title="bbox 367 3657 2012 3735; baseline 0.004 -24"><span class='ocrx_word' id='word_1_371' title='bbox 367 3657 612 3731; x_wconf 76' lang='grc' dir='ltr'>Ἰσραήλ,</span> <span class='ocrx_word' id='word_1_372' title='bbox 665 3661 728 3717; x_wconf 89' lang='lat' dir='ltr'>Si</span> <span class='ocrx_word' id='word_1_373' title='bbox 755 3664 1033 3733; x_wconf 85' lang='lat' dir='ltr'>acceperis</span> <span class='ocrx_word' id='word_1_374' title='bbox 1061 3667 1521 3735; x_wconf 77' lang='lat' dir='ltr'>computationem</span> <span class='ocrx_word' id='word_1_375' title='bbox 1550 3665 1795 3734; x_wconf 77' lang='lat' dir='ltr'>ﬁliorum</span> <span class='ocrx_word' id='word_1_376' title='bbox 1821 3664 2012 3718; x_wconf 81' lang='lat' dir='ltr'>Israel.</span> 
     </span>
    </p>
   </div>
   <div class='ocr_carea' id='block_1_55' title="bbox 365 3748 2012 3827">
    <p class='ocr_par' dir='ltr' id='par_1_55' title="bbox 365 3748 2012 3827">
     <span class='ocr_line' id='line_1_55' title="bbox 365 3748 2012 3827; baseline 0.001 -25"><span class='ocrx_word' id='word_1_377' title='bbox 365 3748 482 3803; x_wconf 89' lang='lat' dir='ltr'>Hoc</span> <span class='ocrx_word' id='word_1_378' title='bbox 513 3749 694 3821; x_wconf 86' lang='lat' dir='ltr'>igitur</span> <span class='ocrx_word' id='word_1_379' title='bbox 735 3755 953 3823; x_wconf 88' lang='lat' dir='ltr'>prol&#39;ert</span> <span class='ocrx_word' id='word_1_380' title='bbox 986 3753 1233 3809; x_wconf 88' lang='lat' dir='ltr'>Basilius</span> <span class='ocrx_word' id='word_1_381' title='bbox 1261 3759 1324 3808; x_wconf 89' lang='lat' dir='ltr'>ut</span> <span class='ocrx_word' id='word_1_382' title='bbox 1356 3755 1562 3825; x_wconf 87' lang='lat' dir='ltr'>probet</span> <span class='ocrx_word' id='word_1_383' title='bbox 1608 3752 1744 3805; x_wconf 71' lang='grc' dir='ltr'>κατὰ</span> <span class='ocrx_word' id='word_1_384' title='bbox 1771 3749 2012 3827; x_wconf 75' lang='grc' dir='ltr'>κεφαλήν</span> 
     </span>
    </p>
   </div>
   <div class='ocr_carea' id='block_1_56' title="bbox 362 3837 2017 3912">
    <p class='ocr_par' dir='ltr' id='par_1_56' title="bbox 362 3837 2017 3912">
     <span class='ocr_line' id='line_1_56' title="bbox 362 3837 2017 3912; baseline 0.004 -20"><span class='ocrx_word' id='word_1_385' title='bbox 362 3837 520 3893; x_wconf 86' lang='lat' dir='ltr'>idem</span> <span class='ocrx_word' id='word_1_386' title='bbox 560 3838 751 3896; x_wconf 84' lang='lat' dir='ltr'>valere</span> <span class='ocrx_word' id='word_1_387' title='bbox 799 3843 976 3912; x_wconf 91' lang='lat' dir='ltr'>quod,</span> <span class='ocrx_word' id='word_1_388' title='bbox 1031 3843 1101 3898; x_wconf 89' lang='lat' dir='ltr'>ad</span> <span class='ocrx_word' id='word_1_389' title='bbox 1159 3859 1342 3897; x_wconf 90' lang='lat' dir='ltr'>unum</span> <span class='ocrx_word' id='word_1_390' title='bbox 1394 3859 1638 3909; x_wconf 88' lang='lat' dir='ltr'>omnes;</span> <span class='ocrx_word' id='word_1_391' title='bbox 1690 3841 2017 3898; x_wconf 88' lang='lat' dir='ltr'>delevimus</span> 
     </span>
    </p>
   </div>
   <div class='ocr_carea' id='block_1_57' title="bbox 363 3927 2015 4003">
    <p class='ocr_par' dir='ltr' id='par_1_57' title="bbox 363 3927 2015 4003">
     <span class='ocr_line' id='line_1_57' title="bbox 363 3927 2015 4003; baseline 0.004 -23"><span class='ocrx_word' id='word_1_392' title='bbox 363 3927 521 3982; x_wconf 88' lang='lat' dir='ltr'>enim</span> <span class='ocrx_word' id='word_1_393' title='bbox 556 3928 614 3982; x_wconf 90' lang='lat' dir='ltr'>in</span> <span class='ocrx_word' id='word_1_394' title='bbox 651 3931 999 3999; x_wconf 67' lang='lat' dir='ltr'>praecedenti</span> <span class='ocrx_word' id='word_1_395' title='bbox 1033 3931 1292 4003; x_wconf 82' lang='lat' dir='ltr'>periodo,</span> <span class='ocrx_word' id='word_1_396' title='bbox 1327 3955 1353 3981; x_wconf 92' lang='grc'><em>‹‹</em></span> <span class='ocrx_word' id='word_1_397' title='bbox 1397 3931 1632 3985; x_wconf 88' lang='lat' dir='ltr'>nomine</span> <span class='ocrx_word' id='word_1_398' title='bbox 1661 3929 1892 4002; x_wconf 87' lang='lat' dir='ltr'>capitis.</span> <span class='ocrx_word' id='word_1_399' title='bbox 1943 3935 2015 3986; x_wconf 89' lang='lat' dir='ltr'>Ac</span> 
     </span>
    </p>
   </div>
   <div class='ocr_carea' id='block_1_58' title="bbox 363 4014 2016 4090">
    <p class='ocr_par' dir='ltr' id='par_1_58' title="bbox 363 4014 2016 4090">
     <span class='ocr_line' id='line_1_58' title="bbox 363 4014 2016 4090; baseline 0.002 -20"><span class='ocrx_word' id='word_1_400' title='bbox 363 4014 413 4070; x_wconf 89' lang='lat' dir='ltr'>si</span> <span class='ocrx_word' id='word_1_401' title='bbox 444 4015 869 4090; x_wconf 83' lang='lat' dir='ltr'>diceretipsam</span> <span class='ocrx_word' id='word_1_402' title='bbox 894 4019 1180 4075; x_wconf 81' lang='lat' dir='ltr'>diutinam</span> <span class='ocrx_word' id='word_1_403' title='bbox 1209 4019 1782 4075; x_wconf 87' lang='lat' dir='ltr'>immemorationem</span> <span class='ocrx_word' id='word_1_404' title='bbox 1800 4020 2016 4076; x_wconf 90' lang='lat' dir='ltr'>conﬁr-</span> 
     </span>
    </p>
   </div>
   <div class='ocr_carea' id='block_1_59' title="bbox 365 4105 2101 4180">
    <p class='ocr_par' dir='ltr' id='par_1_59' title="bbox 365 4105 2101 4180">
     <span class='ocr_line' id='line_1_59' title="bbox 365 4105 2101 4180; baseline 0.004 -22"><span class='ocrx_word' id='word_1_405' title='bbox 365 4105 508 4160; x_wconf 88' lang='lat' dir='ltr'>mati</span> <span class='ocrx_word' id='word_1_406' title='bbox 541 4105 782 4164; x_wconf 87' lang='lat' dir='ltr'>doloris.</span> <span class='ocrx_word' id='word_1_407' title='bbox 821 4131 848 4158; x_wconf 84' lang='lat'>»</span> <span class='ocrx_word' id='word_1_408' title='bbox 881 4109 1114 4165; x_wconf 86' lang='lat' dir='ltr'>Putavit</span> <span class='ocrx_word' id='word_1_409' title='bbox 1142 4125 1204 4165; x_wconf 87' lang='lat' dir='ltr'>se</span> <span class='ocrx_word' id='word_1_410' title='bbox 1233 4107 1449 4180; x_wconf 89' lang='lat' dir='ltr'>legisse</span> <span class='ocrx_word' id='word_1_411' title='bbox 1483 4107 1678 4180; x_wconf 82' lang='grc' dir='ltr'>μόνην,</span> <span class='ocrx_word' id='word_1_412' title='bbox 1714 4113 1777 4164; x_wconf 86' lang='lat' dir='ltr'>ut</span> <span class='ocrx_word' id='word_1_413' title='bbox 1811 4109 2016 4165; x_wconf 87' lang='lat' dir='ltr'>eratin</span> <span class='ocrx_word' id='word_1_414' title='bbox 2096 4144 2101 4150; x_wconf 95' lang='lat'><strong><em>-</em></strong></span> 
     </span>
    </p>
   </div>
   <div class='ocr_carea' id='block_1_60' title="bbox 362 4193 2016 4271">
    <p class='ocr_par' dir='ltr' id='par_1_60' title="bbox 362 4193 2016 4271">
     <span class='ocr_line' id='line_1_60' title="bbox 362 4193 2016 4271; baseline 0.004 -23"><span class='ocrx_word' id='word_1_415' title='bbox 362 4193 647 4266; x_wconf 75' lang='lat' dir='ltr'>Anglicis,</span> <span class='ocrx_word' id='word_1_416' title='bbox 696 4214 834 4266; x_wconf 90' lang='lat' dir='ltr'>non,</span> <span class='ocrx_word' id='word_1_417' title='bbox 883 4202 948 4254; x_wconf 79' lang='lat' dir='ltr'>ut</span> <span class='ocrx_word' id='word_1_418' title='bbox 979 4199 1093 4254; x_wconf 86' lang='lat' dir='ltr'>duo</span> <span class='ocrx_word' id='word_1_419' title='bbox 1122 4197 1283 4269; x_wconf 83' lang='lat' dir='ltr'>Regii</span> <span class='ocrx_word' id='word_1_420' title='bbox 1317 4203 1372 4254; x_wconf 90' lang='lat' dir='ltr'>ct</span> <span class='ocrx_word' id='word_1_421' title='bbox 1404 4197 1816 4254; x_wconf 85' lang='lat' dir='ltr'>Cardinalitius</span> <span class='ocrx_word' id='word_1_422' title='bbox 1871 4216 2016 4271; x_wconf 81' lang='lat' dir='ltr'>prae-</span> 
     </span>
    </p>
   </div>
   <div class='ocr_carea' id='block_1_61' title="bbox 362 4282 2020 4362">
    <p class='ocr_par' dir='ltr' id='par_1_61' title="bbox 362 4282 2020 4362">
     <span class='ocr_line' id='line_1_61' title="bbox 362 4282 2020 4362; baseline 0.004 -25"><span class='ocrx_word' id='word_1_423' title='bbox 362 4282 648 4354; x_wconf 82' lang='lat' dir='ltr'>ferebant,</span> <span class='ocrx_word' id='word_1_424' title='bbox 693 4285 816 4362; x_wconf 81' lang='grc' dir='ltr'>περὶ</span> <span class='ocrx_word' id='word_1_425' title='bbox 866 4285 1037 4354; x_wconf 77' lang='grc' dir='ltr'>αὐτὴν</span> <span class='ocrx_word' id='word_1_426' title='bbox 1086 4286 1278 4358; x_wconf 70' lang='grc' dir='ltr'>μόνην,</span> <span class='ocrx_word' id='word_1_427' title='bbox 1331 4287 1584 4360; x_wconf 83' lang='lat' dir='ltr'>«ipsum</span> <span class='ocrx_word' id='word_1_428' title='bbox 1619 4288 1811 4344; x_wconf 86' lang='lat' dir='ltr'>solum</span> <span class='ocrx_word' id='word_1_429' title='bbox 1843 4293 2020 4360; x_wconf 87' lang='lat' dir='ltr'>caput</span> 
     </span>
    </p>
   </div>
   <div class='ocr_carea' id='block_1_62' title="bbox 364 4373 1082 4432">
    <p class='ocr_par' dir='ltr' id='par_1_62' title="bbox 364 4373 1082 4432">
     <span class='ocr_line' id='line_1_62' title="bbox 364 4373 1082 4432; baseline 0.006 -4"><span class='ocrx_word' id='word_1_430' title='bbox 364 4373 624 4431; x_wconf 90' lang='lat' dir='ltr'>dolorem</span> <span class='ocrx_word' id='word_1_431' title='bbox 654 4374 1014 4432; x_wconf 86' lang='lat' dir='ltr'>incumbere.</span> <span class='ocrx_word' id='word_1_432' title='bbox 1053 4398 1082 4426; x_wconf 89' lang='grc'><strong><em>››</em></strong></span> 
     </span>
    </p>
   </div>
   <div class='ocr_carea' id='block_1_63' title="bbox 445 4481 2018 4555">
    <p class='ocr_par' dir='ltr' id='par_1_63' title="bbox 445 4481 2018 4555">
     <span class='ocr_line' id='line_1_63' title="bbox 445 4481 2018 4555; baseline 0 -19"><span class='ocrx_word' id='word_1_433' title='bbox 445 4481 677 4538; x_wconf 79' lang='grc' dir='ltr'>ΟοΙ.147</span> <span class='ocrx_word' id='word_1_434' title='bbox 707 4483 748 4539; x_wconf 91' lang='lat' dir='ltr'>C</span> <span class='ocrx_word' id='word_1_435' title='bbox 777 4483 1013 4539; x_wconf 87' lang='lat' dir='ltr'>3.Corda</span> <span class='ocrx_word' id='word_1_436' title='bbox 1041 4484 1474 4540; x_wconf 84' lang='lat' dir='ltr'>sunt.Ediderat</span> <span class='ocrx_word' id='word_1_437' title='bbox 1503 4485 1850 4555; x_wconf 82' lang='lat' dir='ltr'>interpres,«</span> <span class='ocrx_word' id='word_1_438' title='bbox 1872 4483 2018 4539; x_wconf 91' lang='lat' dir='ltr'>vibi-</span> 
     </span>
    </p>
   </div>
   <div class='ocr_carea' id='block_1_64' title="bbox 366 4572 2018 4644">
    <p class='ocr_par' dir='ltr' id='par_1_64' title="bbox 366 4572 2018 4644">
     <span class='ocr_line' id='line_1_64' title="bbox 366 4572 2018 4644; baseline -0.005 -9"><span class='ocrx_word' id='word_1_439' title='bbox 366 4595 461 4634; x_wconf 86' lang='lat' dir='ltr'>ces</span> <span class='ocrx_word' id='word_1_440' title='bbox 493 4579 690 4634; x_wconf 87' lang='lat' dir='ltr'>autem</span> <span class='ocrx_word' id='word_1_441' title='bbox 743 4574 920 4628; x_wconf 90' lang='lat' dir='ltr'>corda</span> <span class='ocrx_word' id='word_1_442' title='bbox 967 4578 1127 4644; x_wconf 90' lang='lat' dir='ltr'>sunt,</span> <span class='ocrx_word' id='word_1_443' title='bbox 1162 4589 1289 4644; x_wconf 81' lang='lat' dir='ltr'>quae</span> <span class='ocrx_word' id='word_1_444' title='bbox 1322 4573 1456 4629; x_wconf 86' lang='lat' dir='ltr'>licet</span> <span class='ocrx_word' id='word_1_445' title='bbox 1487 4573 1840 4629; x_wconf 82' lang='lat' dir='ltr'>obduxerint</span> <span class='ocrx_word' id='word_1_446' title='bbox 1867 4572 2018 4626; x_wconf 88' lang='lat' dir='ltr'>cica-</span> 
     </span>
    </p>
   </div>
   <div class='ocr_carea' id='block_1_65' title="bbox 2102 1966 3759 2040">
    <p class='ocr_par' dir='ltr' id='par_1_65' title="bbox 2102 1966 3759 2040">
     <span class='ocr_line' id='line_1_65' title="bbox 2102 1966 3759 2040; baseline 0.002 -20"><span class='ocrx_word' id='word_1_447' title='bbox 2102 1966 2225 2021; x_wconf 89' lang='lat' dir='ltr'>loco</span> <span class='ocrx_word' id='word_1_448' title='bbox 2259 1983 2498 2022; x_wconf 90' lang='lat' dir='ltr'>necesse</span> <span class='ocrx_word' id='word_1_449' title='bbox 2548 1984 2663 2022; x_wconf 91' lang='lat' dir='ltr'>non</span> <span class='ocrx_word' id='word_1_450' title='bbox 2714 1968 2826 2022; x_wconf 84' lang='lat' dir='ltr'>fuit</span> <span class='ocrx_word' id='word_1_451' title='bbox 2877 1968 3075 2022; x_wconf 89' lang='lat' dir='ltr'>addito</span> <span class='ocrx_word' id='word_1_452' title='bbox 3120 1967 3378 2039; x_wconf 86' lang='lat' dir='ltr'>epitheto</span> <span class='ocrx_word' id='word_1_453' title='bbox 3405 1969 3759 2040; x_wconf 83' lang='lat' dir='ltr'>exprimere,</span> 
     </span>
    </p>
   </div>
   <div class='ocr_carea' id='block_1_66' title="bbox 2099 2055 3764 2129">
    <p class='ocr_par' dir='ltr' id='par_1_66' title="bbox 2099 2055 3764 2129">
     <span class='ocr_line' id='line_1_66' title="bbox 2099 2055 3764 2129; baseline 0 -19"><span class='ocrx_word' id='word_1_454' title='bbox 2099 2059 2159 2110; x_wconf 88' lang='lat' dir='ltr'>in</span> <span class='ocrx_word' id='word_1_455' title='bbox 2189 2072 2390 2110; x_wconf 86' lang='lat' dir='ltr'>arcano</span> <span class='ocrx_word' id='word_1_456' title='bbox 2417 2073 2628 2111; x_wconf 81' lang='lat' dir='ltr'>secessu</span> <span class='ocrx_word' id='word_1_457' title='bbox 2673 2056 2874 2126; x_wconf 85' lang='lat' dir='ltr'>deﬂere</span> <span class='ocrx_word' id='word_1_458' title='bbox 2908 2075 2922 2125; x_wconf 90' lang='lat'><strong>;</strong></span> <span class='ocrx_word' id='word_1_459' title='bbox 2973 2059 3072 2112; x_wconf 89' lang='lat' dir='ltr'>sed</span> <span class='ocrx_word' id='word_1_460' title='bbox 3109 2074 3210 2128; x_wconf 89' lang='lat' dir='ltr'>pro</span> <span class='ocrx_word' id='word_1_461' title='bbox 3242 2057 3498 2129; x_wconf 90' lang='lat' dir='ltr'>simplici</span> <span class='ocrx_word' id='word_1_462' title='bbox 3547 2055 3764 2111; x_wconf 82' lang='grc' dir='ltr'>κλαίειν</span> 
     </span>
    </p>
   </div>
   <div class='ocr_carea' id='block_1_67' title="bbox 2101 2145 3775 2221">
    <p class='ocr_par' dir='ltr' id='par_1_67' title="bbox 2101 2145 3775 2221">
     <span class='ocr_line' id='line_1_67' title="bbox 2101 2145 3775 2221; baseline 0 -21"><span class='ocrx_word' id='word_1_463' title='bbox 2101 2146 2296 2217; x_wconf 80' lang='lat' dir='ltr'>aptius</span> <span class='ocrx_word' id='word_1_464' title='bbox 2329 2162 2556 2211; x_wconf 86' lang='lat' dir='ltr'>sumas,</span> <span class='ocrx_word' id='word_1_465' title='bbox 2591 2148 2915 2218; x_wconf 69' lang='lat' dir='ltr'>praesertim</span> <span class='ocrx_word' id='word_1_466' title='bbox 2959 2163 3094 2201; x_wconf 90' lang='lat' dir='ltr'>cum</span> <span class='ocrx_word' id='word_1_467' title='bbox 3131 2153 3414 2218; x_wconf 88' lang='lat' dir='ltr'>sequatur</span> <span class='ocrx_word' id='word_1_468' title='bbox 3445 2145 3775 2221; x_wconf 71' lang='grc' dir='ltr'>αἰσχύνεται</span> 
     </span>
    </p>
   </div>
   <div class='ocr_carea' id='block_1_68' title="bbox 2099 2233 3781 2308">
    <p class='ocr_par' dir='ltr' id='par_1_68' title="bbox 2099 2233 3781 2308">
     <span class='ocr_line' id='line_1_68' title="bbox 2099 2233 3781 2308; baseline 0.003 -22"><span class='ocrx_word' id='word_1_469' title='bbox 2099 2235 2223 2308; x_wconf 77' lang='grc' dir='ltr'>γάρ,</span> <span class='ocrx_word' id='word_1_470' title='bbox 2258 2233 2413 2305; x_wconf 90' lang='lat' dir='ltr'>quod</span> <span class='ocrx_word' id='word_1_471' title='bbox 2444 2233 2664 2288; x_wconf 86' lang='lat' dir='ltr'>indicat</span> <span class='ocrx_word' id='word_1_472' title='bbox 2692 2251 2821 2289; x_wconf 88' lang='lat' dir='ltr'>eam</span> <span class='ocrx_word' id='word_1_473' title='bbox 2855 2235 3054 2306; x_wconf 90' lang='lat' dir='ltr'>potius</span> <span class='ocrx_word' id='word_1_474' title='bbox 3110 2235 3424 2290; x_wconf 88' lang='lat' dir='ltr'>stationem</span> <span class='ocrx_word' id='word_1_475' title='bbox 3489 2237 3781 2307; x_wconf 70' lang='lat' dir='ltr'>poeniten-</span> 
     </span>
    </p>
   </div>
   <div class='ocr_carea' id='block_1_69' title="bbox 2103 2321 3783 2398">
    <p class='ocr_par' dir='ltr' id='par_1_69' title="bbox 2103 2321 3783 2398">
     <span class='ocr_line' id='line_1_69' title="bbox 2103 2321 3783 2398; baseline 0.004 -22"><span class='ocrx_word' id='word_1_476' title='bbox 2103 2323 2250 2380; x_wconf 85' lang='lat' dir='ltr'>tium</span> <span class='ocrx_word' id='word_1_477' title='bbox 2283 2340 2413 2394; x_wconf 60' lang='lat' dir='ltr'>quae</span> <span class='ocrx_word' id='word_1_478' title='bbox 2459 2321 2846 2398; x_wconf 78' lang='grc' dir='ltr'>πρόσκλαυσις,</span> <span class='ocrx_word' id='word_1_479' title='bbox 2899 2326 3080 2394; x_wconf 81' lang='lat' dir='ltr'>ﬂetus,</span> <span class='ocrx_word' id='word_1_480' title='bbox 3114 2324 3444 2392; x_wconf 88' lang='lat' dir='ltr'>dicebatur,</span> <span class='ocrx_word' id='word_1_481' title='bbox 3480 2326 3656 2396; x_wconf 86' lang='lat' dir='ltr'>cujus</span> <span class='ocrx_word' id='word_1_482' title='bbox 3710 2327 3783 2382; x_wconf 85' lang='lat' dir='ltr'>ﬁt</span> 
     </span>
    </p>
   </div>
   <div class='ocr_carea' id='block_1_70' title="bbox 2106 2413 3778 2488">
    <p class='ocr_par' dir='ltr' id='par_1_70' title="bbox 2106 2413 3778 2488">
     <span class='ocr_line' id='line_1_70' title="bbox 2106 2413 3778 2488; baseline 0.002 -22"><span class='ocrx_word' id='word_1_483' title='bbox 2106 2413 2324 2468; x_wconf 90' lang='lat' dir='ltr'>mentio</span> <span class='ocrx_word' id='word_1_484' title='bbox 2356 2414 2414 2467; x_wconf 91' lang='lat' dir='ltr'>in</span> <span class='ocrx_word' id='word_1_485' title='bbox 2464 2413 2790 2485; x_wconf 87' lang='lat' dir='ltr'>appendice</span> <span class='ocrx_word' id='word_1_486' title='bbox 2847 2413 3112 2485; x_wconf 77' lang='lat' dir='ltr'>epistolae</span> <span class='ocrx_word' id='word_1_487' title='bbox 3161 2414 3456 2470; x_wconf 70' lang='lat' dir='ltr'>canonica:</span> <span class='ocrx_word' id='word_1_488' title='bbox 3510 2416 3778 2488; x_wconf 89' lang='lat' dir='ltr'>Gregorii</span> 
     </span>
    </p>
   </div>
   <div class='ocr_carea' id='block_1_71' title="bbox 2103 2502 3780 2575">
    <p class='ocr_par' dir='ltr' id='par_1_71' title="bbox 2103 2502 3780 2575">
     <span class='ocr_line' id='line_1_71' title="bbox 2103 2502 3780 2575; baseline 0.001 -17"><span class='ocrx_word' id='word_1_489' title='bbox 2103 2502 2920 2574; x_wconf 86' lang='lat' dir='ltr'>Thaumaturgi.Sequebatur</span> <span class='ocrx_word' id='word_1_490' title='bbox 2941 2503 3282 2573; x_wconf 73' lang='lat' dir='ltr'>hic,«quare</span> <span class='ocrx_word' id='word_1_491' title='bbox 3301 2520 3416 2558; x_wconf 91' lang='lat' dir='ltr'>non</span> <span class='ocrx_word' id='word_1_492' title='bbox 3435 2503 3564 2572; x_wconf 89' lang='lat' dir='ltr'>jam</span> <span class='ocrx_word' id='word_1_493' title='bbox 3596 2521 3780 2575; x_wconf 85' lang='lat' dir='ltr'>oppe-</span> 
     </span>
    </p>
   </div>
   <div class='ocr_carea' id='block_1_72' title="bbox 2107 2589 3778 2664">
    <p class='ocr_par' dir='ltr' id='par_1_72' title="bbox 2107 2589 3778 2664">
     <span class='ocr_line' id='line_1_72' title="bbox 2107 2589 3778 2664; baseline 0.002 -18"><span class='ocrx_word' id='word_1_494' title='bbox 2107 2593 2224 2647; x_wconf 90' lang='lat' dir='ltr'>rior</span> <span class='ocrx_word' id='word_1_495' title='bbox 2243 2592 2447 2646; x_wconf 89' lang='lat' dir='ltr'>horam</span> <span class='ocrx_word' id='word_1_496' title='bbox 2472 2591 2935 2660; x_wconf 86' lang='lat' dir='ltr'>communionis;</span> <span class='ocrx_word' id='word_1_497' title='bbox 2963 2617 2982 2641; x_wconf 74' lang='grc' dir='ltr'><strong>ι</strong></span> <span class='ocrx_word' id='word_1_498' title='bbox 3012 2592 3172 2663; x_wconf 86' lang='lat' dir='ltr'>atqui</span> <span class='ocrx_word' id='word_1_499' title='bbox 3194 2589 3408 2660; x_wconf 72' lang='grc' dir='ltr'>σύναξις</span> <span class='ocrx_word' id='word_1_500' title='bbox 3435 2610 3552 2647; x_wconf 81' lang='lat' dir='ltr'>non</span> <span class='ocrx_word' id='word_1_501' title='bbox 3581 2592 3778 2664; x_wconf 85' lang='lat' dir='ltr'>ipsam</span> 
     </span>
    </p>
   </div>
   <div class='ocr_carea' id='block_1_73' title="bbox 2111 2677 3775 2754">
    <p class='ocr_par' dir='ltr' id='par_1_73' title="bbox 2111 2677 3775 2754">
     <span class='ocr_line' id='line_1_73' title="bbox 2111 2677 3775 2754; baseline 0.004 -23"><span class='ocrx_word' id='word_1_502' title='bbox 2111 2677 2318 2750; x_wconf 68' lang='grc' dir='ltr'>μέθεξιν</span> <span class='ocrx_word' id='word_1_503' title='bbox 2349 2682 2455 2733; x_wconf 80' lang='grc' dir='ltr'>τῶν</span> <span class='ocrx_word' id='word_1_504' title='bbox 2511 2679 2876 2754; x_wconf 73' lang='grc' dir='ltr'>ἁγιασμάτων,</span> <span class='ocrx_word' id='word_1_505' title='bbox 2925 2681 3405 2736; x_wconf 88' lang='lat' dir='ltr'>communionem</span> <span class='ocrx_word' id='word_1_506' title='bbox 3453 2682 3775 2754; x_wconf 80' lang='lat' dir='ltr'>participa-</span> 
     </span>
    </p>
   </div>
   <div class='ocr_carea' id='block_1_74' title="bbox 2107 2769 3771 2841">
    <p class='ocr_par' dir='ltr' id='par_1_74' title="bbox 2107 2769 3771 2841">
     <span class='ocr_line' id='line_1_74' title="bbox 2107 2769 3771 2841; baseline 0.001 -17"><span class='ocrx_word' id='word_1_507' title='bbox 2107 2769 2448 2841; x_wconf 88' lang='lat' dir='ltr'>tionemque</span> <span class='ocrx_word' id='word_1_508' title='bbox 2492 2776 2997 2825; x_wconf 84' lang='lat' dir='ltr'>sacramentorum</span> <span class='ocrx_word' id='word_1_509' title='bbox 3047 2769 3366 2841; x_wconf 81' lang='lat' dir='ltr'>significat,</span> <span class='ocrx_word' id='word_1_510' title='bbox 3426 2772 3528 2825; x_wconf 89' lang='lat' dir='ltr'>sed</span> <span class='ocrx_word' id='word_1_511' title='bbox 3580 2776 3771 2826; x_wconf 88' lang='lat' dir='ltr'>totum</span> 
     </span>
    </p>
   </div>
   <div class='ocr_carea' id='block_1_75' title="bbox 2109 2858 3766 2931">
    <p class='ocr_par' dir='ltr' id='par_1_75' title="bbox 2109 2858 3766 2931">
     <span class='ocr_line' id='line_1_75' title="bbox 2109 2858 3766 2931; baseline 0.002 -19"><span class='ocrx_word' id='word_1_512' title='bbox 2109 2858 2278 2929; x_wconf 91' lang='lat' dir='ltr'>iilud,</span> <span class='ocrx_word' id='word_1_513' title='bbox 2318 2882 2337 2908; x_wconf 81' lang='grc' dir='ltr'>ι</span> <span class='ocrx_word' id='word_1_514' title='bbox 2373 2860 2636 2915; x_wconf 91' lang='lat' dir='ltr'>divinum</span> <span class='ocrx_word' id='word_1_515' title='bbox 2661 2859 2940 2925; x_wconf 88' lang='lat' dir='ltr'>ol&#39;ﬁcium,</span> <span class='ocrx_word' id='word_1_516' title='bbox 2978 2882 3004 2908; x_wconf 85' lang='grc'><strong><em>››</em></strong></span> <span class='ocrx_word' id='word_1_517' title='bbox 3033 2860 3188 2931; x_wconf 91' lang='lat' dir='ltr'>quod</span> <span class='ocrx_word' id='word_1_518' title='bbox 3227 2859 3413 2915; x_wconf 88' lang='lat' dir='ltr'>Latini</span> <span class='ocrx_word' id='word_1_519' title='bbox 3462 2859 3766 2916; x_wconf 86' lang='lat' dir='ltr'>collectam</span> 
     </span>
    </p>
   </div>
   <div class='ocr_carea' id='block_1_76' title="bbox 2113 2946 3761 3023">
    <p class='ocr_par' dir='ltr' id='par_1_76' title="bbox 2113 2946 3761 3023">
     <span class='ocr_line' id='line_1_76' title="bbox 2113 2946 3761 3023; baseline -0.001 -19"><span class='ocrx_word' id='word_1_520' title='bbox 2113 2955 2170 3004; x_wconf 88' lang='lat' dir='ltr'>et</span> <span class='ocrx_word' id='word_1_521' title='bbox 2221 2947 2487 3016; x_wconf 88' lang='lat' dir='ltr'>missam,</span> <span class='ocrx_word' id='word_1_522' title='bbox 2541 2948 2722 3004; x_wconf 62' lang='lat' dir='ltr'>Graeci</span> <span class='ocrx_word' id='word_1_523' title='bbox 2773 2949 2952 3004; x_wconf 89' lang='lat' dir='ltr'>etiam</span> <span class='ocrx_word' id='word_1_524' title='bbox 3003 2947 3150 3020; x_wconf 77' lang='grc' dir='ltr'>ἁγίαν</span> <span class='ocrx_word' id='word_1_525' title='bbox 3187 2946 3534 3023; x_wconf 79' lang='grc' dir='ltr'>λειτουργίαν</span> <span class='ocrx_word' id='word_1_526' title='bbox 3562 2949 3761 3020; x_wconf 86' lang='lat' dir='ltr'>appel-</span> 
     </span>
    </p>
   </div>
   <div class='ocr_carea' id='block_1_77' title="bbox 2113 3037 3765 3108">
    <p class='ocr_par' dir='ltr' id='par_1_77' title="bbox 2113 3037 3765 3108">
     <span class='ocr_line' id='line_1_77' title="bbox 2113 3037 3765 3108; baseline 0.001 -16"><span class='ocrx_word' id='word_1_527' title='bbox 2113 3037 2334 3105; x_wconf 89' lang='lat' dir='ltr'>lant,ut</span> <span class='ocrx_word' id='word_1_528' title='bbox 2360 3040 2640 3092; x_wconf 87' lang='lat' dir='ltr'>adversus</span> <span class='ocrx_word' id='word_1_529' title='bbox 2672 3039 2982 3092; x_wconf 90' lang='lat' dir='ltr'>Erasmum</span> <span class='ocrx_word' id='word_1_530' title='bbox 3017 3037 3286 3108; x_wconf 87' lang='lat' dir='ltr'>pluribus</span> <span class='ocrx_word' id='word_1_531' title='bbox 3314 3039 3682 3094; x_wconf 86' lang='lat' dir='ltr'>ostendimus</span> <span class='ocrx_word' id='word_1_532' title='bbox 3703 3041 3765 3093; x_wconf 87' lang='lat' dir='ltr'>in</span> 
     </span>
    </p>
   </div>
   <div class='ocr_carea' id='block_1_78' title="bbox 2116 3126 3773 3199">
    <p class='ocr_par' dir='ltr' id='par_1_78' title="bbox 2116 3126 3773 3199">
     <span class='ocr_line' id='line_1_78' title="bbox 2116 3126 3773 3199; baseline 0 -17"><span class='ocrx_word' id='word_1_533' title='bbox 2116 3126 2334 3183; x_wconf 88' lang='lat' dir='ltr'>nostris</span> <span class='ocrx_word' id='word_1_534' title='bbox 2364 3129 2520 3183; x_wconf 86' lang='lat' dir='ltr'>notis</span> <span class='ocrx_word' id='word_1_535' title='bbox 2552 3129 2624 3182; x_wconf 86' lang='lat' dir='ltr'>ad</span> <span class='ocrx_word' id='word_1_536' title='bbox 2661 3127 2962 3182; x_wconf 87' lang='lat' dir='ltr'>homiliam</span> <span class='ocrx_word' id='word_1_537' title='bbox 3009 3128 3412 3199; x_wconf 77' lang='lat' dir='ltr'>Chrysostomi</span> <span class='ocrx_word' id='word_1_538' title='bbox 3443 3132 3479 3181; x_wconf 90' lang='lat'><strong>2</strong></span> <span class='ocrx_word' id='word_1_539' title='bbox 3509 3129 3773 3183; x_wconf 81' lang='lat' dir='ltr'>adversus</span> 
     </span>
    </p>
   </div>
   <div class='ocr_carea' id='block_1_79' title="bbox 2117 3215 3781 3288">
    <p class='ocr_par' dir='ltr' id='par_1_79' title="bbox 2117 3215 3781 3288">
     <span class='ocr_line' id='line_1_79' title="bbox 2117 3215 3781 3288; baseline -0.002 -14"><span class='ocrx_word' id='word_1_540' title='bbox 2117 3216 2356 3283; x_wconf 72' lang='lat' dir='ltr'>Juda’os,</span> <span class='ocrx_word' id='word_1_541' title='bbox 2390 3215 2524 3271; x_wconf 87' lang='lat' dir='ltr'>licet</span> <span class='ocrx_word' id='word_1_542' title='bbox 2559 3216 2717 3272; x_wconf 90' lang='lat' dir='ltr'>illius</span> <span class='ocrx_word' id='word_1_543' title='bbox 2761 3216 3153 3287; x_wconf 86' lang='lat' dir='ltr'>patrocinium</span> <span class='ocrx_word' id='word_1_544' title='bbox 3190 3217 3412 3271; x_wconf 83' lang='lat' dir='ltr'>frustra</span> <span class='ocrx_word' id='word_1_545' title='bbox 3444 3217 3781 3288; x_wconf 86' lang='lat' dir='ltr'>suscipiant</span> 
     </span>
    </p>
   </div>
   <div class='ocr_carea' id='block_1_80' title="bbox 2123 3291 3782 3374">
    <p class='ocr_par' dir='ltr' id='par_1_80' title="bbox 2123 3291 3782 3374">
     <span class='ocr_line' id='line_1_80' title="bbox 2123 3291 3782 3374; baseline 0.001 -16"><span class='ocrx_word' id='word_1_546' title='bbox 2123 3305 2230 3358; x_wconf 90' lang='lat' dir='ltr'>viri</span> <span class='ocrx_word' id='word_1_547' title='bbox 2283 3305 2437 3359; x_wconf 87' lang='lat' dir='ltr'>docti</span> <span class='ocrx_word' id='word_1_548' title='bbox 2487 3305 2545 3359; x_wconf 87' lang='lat' dir='ltr'>in</span> <span class='ocrx_word' id='word_1_549' title='bbox 2598 3305 2760 3360; x_wconf 91' lang='lat' dir='ltr'>novis</span> <span class='ocrx_word' id='word_1_550' title='bbox 2811 3307 2936 3360; x_wconf 88' lang='lat' dir='ltr'>suis</span> <span class='ocrx_word' id='word_1_551' title='bbox 2979 3291 3526 3360; x_wconf 80' lang='lat' dir='ltr'>exercitationibus.</span> <span class='ocrx_word' id='word_1_552' title='bbox 3580 3311 3782 3374; x_wconf 86' lang='lat' dir='ltr'>Neque</span> 
     </span>
    </p>
   </div>
   <div class='ocr_carea' id='block_1_81' title="bbox 2122 3391 3782 3466">
    <p class='ocr_par' dir='ltr' id='par_1_81' title="bbox 2122 3391 3782 3466">
     <span class='ocr_line' id='line_1_81' title="bbox 2122 3391 3782 3466; baseline 0 -18"><span class='ocrx_word' id='word_1_553' title='bbox 2122 3395 2279 3449; x_wconf 87' lang='lat' dir='ltr'>enim</span> <span class='ocrx_word' id='word_1_554' title='bbox 2307 3410 2414 3450; x_wconf 91' lang='lat' dir='ltr'>nos</span> <span class='ocrx_word' id='word_1_555' title='bbox 2446 3395 2788 3465; x_wconf 85' lang='lat' dir='ltr'>negavimus</span> <span class='ocrx_word' id='word_1_556' title='bbox 2835 3391 3045 3461; x_wconf 78' lang='grc' dir='ltr'>σύναξιν</span> <span class='ocrx_word' id='word_1_557' title='bbox 3097 3394 3513 3450; x_wconf 85' lang='lat' dir='ltr'>eucharistiam</span> <span class='ocrx_word' id='word_1_558' title='bbox 3547 3395 3782 3466; x_wconf 80' lang='lat' dir='ltr'>signiti-</span> 
     </span>
    </p>
   </div>
   <div class='ocr_carea' id='block_1_82' title="bbox 2123 3483 3786 3553">
    <p class='ocr_par' dir='ltr' id='par_1_82' title="bbox 2123 3483 3786 3553">
     <span class='ocr_line' id='line_1_82' title="bbox 2123 3483 3786 3553; baseline -0.001 -14"><span class='ocrx_word' id='word_1_559' title='bbox 2123 3501 2278 3551; x_wconf 88' lang='lat' dir='ltr'>care,</span> <span class='ocrx_word' id='word_1_560' title='bbox 2315 3483 2398 3538; x_wconf 80' lang='lat' dir='ltr'>vel</span> <span class='ocrx_word' id='word_1_561' title='bbox 2431 3485 2627 3553; x_wconf 84' lang='lat' dir='ltr'>potius</span> <span class='ocrx_word' id='word_1_562' title='bbox 2674 3489 3026 3538; x_wconf 88' lang='lat' dir='ltr'>conventum</span> <span class='ocrx_word' id='word_1_563' title='bbox 3079 3485 3147 3538; x_wconf 88' lang='lat' dir='ltr'>ad</span> <span class='ocrx_word' id='word_1_564' title='bbox 3185 3483 3598 3538; x_wconf 89' lang='lat' dir='ltr'>eucharistiam</span> <span class='ocrx_word' id='word_1_565' title='bbox 3633 3483 3786 3538; x_wconf 83' lang='lat' dir='ltr'>cele-</span> 
     </span>
    </p>
   </div>
   <div class='ocr_carea' id='block_1_83' title="bbox 2125 3570 3781 3643">
    <p class='ocr_par' dir='ltr' id='par_1_83' title="bbox 2125 3570 3781 3643">
     <span class='ocr_line' id='line_1_83' title="bbox 2125 3570 3781 3643; baseline -0.001 -16"><span class='ocrx_word' id='word_1_566' title='bbox 2125 3573 2411 3627; x_wconf 84' lang='lat' dir='ltr'>brandam</span> <span class='ocrx_word' id='word_1_567' title='bbox 2458 3578 2764 3641; x_wconf 85' lang='lat' dir='ltr'>coactum,</span> <span class='ocrx_word' id='word_1_568' title='bbox 2816 3573 2919 3627; x_wconf 84' lang='lat' dir='ltr'>sed</span> <span class='ocrx_word' id='word_1_569' title='bbox 2974 3570 3184 3642; x_wconf 82' lang='grc' dir='ltr'>σύναξιν</span> <span class='ocrx_word' id='word_1_570' title='bbox 3243 3574 3314 3627; x_wconf 85' lang='lat' dir='ltr'>ad</span> <span class='ocrx_word' id='word_1_571' title='bbox 3362 3588 3490 3627; x_wconf 86' lang='lat' dir='ltr'>eam</span> <span class='ocrx_word' id='word_1_572' title='bbox 3544 3577 3781 3643; x_wconf 84' lang='lat' dir='ltr'>partem</span> 
     </span>
    </p>
   </div>
   <div class='ocr_carea' id='block_1_84' title="bbox 2124 3659 3782 3733">
    <p class='ocr_par' dir='ltr' id='par_1_84' title="bbox 2124 3659 3782 3733">
     <span class='ocr_line' id='line_1_84' title="bbox 2124 3659 3782 3733; baseline -0.001 -17"><span class='ocrx_word' id='word_1_573' title='bbox 2124 3660 2482 3732; x_wconf 86' lang='lat' dir='ltr'>sumptionis</span> <span class='ocrx_word' id='word_1_574' title='bbox 2515 3668 3019 3716; x_wconf 87' lang='lat' dir='ltr'>sacramentorum</span> <span class='ocrx_word' id='word_1_575' title='bbox 3055 3660 3329 3733; x_wconf 81' lang='lat' dir='ltr'>restringi</span> <span class='ocrx_word' id='word_1_576' title='bbox 3360 3659 3546 3717; x_wconf 87' lang='lat' dir='ltr'>solere</span> <span class='ocrx_word' id='word_1_577' title='bbox 3577 3662 3651 3715; x_wconf 90' lang='lat' dir='ltr'>ab</span> <span class='ocrx_word' id='word_1_578' title='bbox 3677 3677 3782 3715; x_wconf 85' lang='lat' dir='ltr'>ec-</span> 
     </span>
    </p>
   </div>
   <div class='ocr_carea' id='block_1_85' title="bbox 2125 3748 3782 3822">
    <p class='ocr_par' dir='ltr' id='par_1_85' title="bbox 2125 3748 3782 3822">
     <span class='ocr_line' id='line_1_85' title="bbox 2125 3748 3782 3822; baseline 0.001 -18"><span class='ocrx_word' id='word_1_579' title='bbox 2125 3749 2472 3805; x_wconf 81' lang='lat' dir='ltr'>clesiasticis</span> <span class='ocrx_word' id='word_1_580' title='bbox 2502 3749 2891 3821; x_wconf 88' lang='lat' dir='ltr'>scriptoribus</span> <span class='ocrx_word' id='word_1_581' title='bbox 2915 3757 3252 3807; x_wconf 86' lang='lat' dir='ltr'>constanter</span> <span class='ocrx_word' id='word_1_582' title='bbox 3282 3766 3592 3822; x_wconf 88' lang='lat' dir='ltr'>negamus.</span> <span class='ocrx_word' id='word_1_583' title='bbox 3627 3748 3782 3805; x_wconf 91' lang='lat' dir='ltr'>lllud</span> 
     </span>
    </p>
   </div>
   <div class='ocr_carea' id='block_1_86' title="bbox 2126 3835 3780 3913">
    <p class='ocr_par' dir='ltr' id='par_1_86' title="bbox 2126 3835 3780 3913">
     <span class='ocr_line' id='line_1_86' title="bbox 2126 3835 3780 3913; baseline -0.001 -21"><span class='ocrx_word' id='word_1_584' title='bbox 2126 3839 2365 3893; x_wconf 85' lang='lat' dir='ltr'>demum</span> <span class='ocrx_word' id='word_1_585' title='bbox 2397 3839 2551 3910; x_wconf 86' lang='lat' dir='ltr'>quod</span> <span class='ocrx_word' id='word_1_586' title='bbox 2584 3837 2875 3911; x_wconf 79' lang='lat' dir='ltr'>sequitur,</span> <span class='ocrx_word' id='word_1_587' title='bbox 2907 3840 2936 3892; x_wconf 77' lang='grc' dir='ltr'>ὃ</span> <span class='ocrx_word' id='word_1_588' title='bbox 2985 3859 3036 3892; x_wconf 92' lang='grc' dir='ltr'>τι</span> <span class='ocrx_word' id='word_1_589' title='bbox 3087 3835 3147 3893; x_wconf 74' lang='grc' dir='ltr'>ἄν</span> <span class='ocrx_word' id='word_1_590' title='bbox 3195 3838 3341 3913; x_wconf 82' lang='grc' dir='ltr'>τύχῃ</span> <span class='ocrx_word' id='word_1_591' title='bbox 3403 3837 3780 3910; x_wconf 79' lang='grc' dir='ltr'>πλασάμενος,</span> 
     </span>
    </p>
   </div>
   <div class='ocr_carea' id='block_1_87' title="bbox 2125 3928 3782 4002">
    <p class='ocr_par' dir='ltr' id='par_1_87' title="bbox 2125 3928 3782 4002">
     <span class='ocr_line' id='line_1_87' title="bbox 2125 3928 3782 4002; baseline 0.001 -19"><span class='ocrx_word' id='word_1_592' title='bbox 2125 3933 2378 3983; x_wconf 87' lang='lat' dir='ltr'>verterat</span> <span class='ocrx_word' id='word_1_593' title='bbox 2408 3929 2715 4000; x_wconf 87' lang='lat' dir='ltr'>interpres,</span> <span class='ocrx_word' id='word_1_594' title='bbox 2755 3953 2776 3977; x_wconf 78' lang='grc' dir='ltr'>α</span> <span class='ocrx_word' id='word_1_595' title='bbox 2807 3933 2871 3984; x_wconf 87' lang='lat' dir='ltr'>ut</span> <span class='ocrx_word' id='word_1_596' title='bbox 2903 3946 2975 3985; x_wconf 89' lang='lat' dir='ltr'>ne</span> <span class='ocrx_word' id='word_1_597' title='bbox 3018 3929 3495 4002; x_wconf 85' lang='lat' dir='ltr'>deprehendatur</span> <span class='ocrx_word' id='word_1_598' title='bbox 3535 3931 3663 4000; x_wconf 82' lang='lat' dir='ltr'>ejus</span> <span class='ocrx_word' id='word_1_599' title='bbox 3697 3928 3782 3985; x_wconf 89' lang='lat' dir='ltr'>si-</span> 
     </span>
    </p>
   </div>
   <div class='ocr_carea' id='block_1_88' title="bbox 2126 4018 2456 4074">
    <p class='ocr_par' dir='ltr' id='par_1_88' title="bbox 2126 4018 2456 4074">
     <span class='ocr_line' id='line_1_88' title="bbox 2126 4018 2456 4074; baseline -0.012 0"><span class='ocrx_word' id='word_1_600' title='bbox 2126 4018 2390 4074; x_wconf 87' lang='lat' dir='ltr'>mulatio.</span> <span class='ocrx_word' id='word_1_601' title='bbox 2428 4041 2456 4067; x_wconf 85' lang='lat'>»</span> 
     </span>
    </p>
   </div>
   <div class='ocr_carea' id='block_1_89' title="bbox 2200 4107 3780 4181">
    <p class='ocr_par' dir='ltr' id='par_1_89' title="bbox 2200 4107 3780 4181">
     <span class='ocr_line' id='line_1_89' title="bbox 2200 4107 3780 4181; baseline 0.001 -18"><span class='ocrx_word' id='word_1_602' title='bbox 2200 4107 2316 4163; x_wconf 84' lang='lat' dir='ltr'>Col.</span> <span class='ocrx_word' id='word_1_603' title='bbox 2352 4108 2452 4162; x_wconf 84' lang='grc'>154</span> <span class='ocrx_word' id='word_1_604' title='bbox 2484 4112 2523 4162; x_wconf 90' lang='lat' dir='ltr'>C</span> <span class='ocrx_word' id='word_1_605' title='bbox 2555 4109 2605 4163; x_wconf 93' lang='lat'>1.</span> <span class='ocrx_word' id='word_1_606' title='bbox 2641 4110 2703 4163; x_wconf 82' lang='lat' dir='ltr'>Et</span> <span class='ocrx_word' id='word_1_607' title='bbox 2730 4109 2782 4163; x_wconf 87' lang='lat' dir='ltr'>si</span> <span class='ocrx_word' id='word_1_608' title='bbox 2823 4111 2983 4179; x_wconf 88' lang='lat' dir='ltr'>forte.</span> <span class='ocrx_word' id='word_1_609' title='bbox 3028 4110 3354 4181; x_wconf 85' lang='lat' dir='ltr'>Scripserat</span> <span class='ocrx_word' id='word_1_610' title='bbox 3402 4109 3780 4176; x_wconf 89' lang='lat' dir='ltr'>Tilmannus,</span> 
     </span>
    </p>
   </div>
   <div class='ocr_carea' id='block_1_90' title="bbox 2126 4196 3781 4270">
    <p class='ocr_par' dir='ltr' id='par_1_90' title="bbox 2126 4196 3781 4270">
     <span class='ocr_line' id='line_1_90' title="bbox 2126 4196 3781 4270; baseline 0.001 -18"><span class='ocrx_word' id='word_1_611' title='bbox 2126 4202 2186 4252; x_wconf 88' lang='lat' dir='ltr'>ut</span> <span class='ocrx_word' id='word_1_612' title='bbox 2214 4197 2374 4252; x_wconf 85' lang='lat' dir='ltr'>hodie</span> <span class='ocrx_word' id='word_1_613' title='bbox 2403 4199 2545 4252; x_wconf 78' lang='lat' dir='ltr'>ritus</span> <span class='ocrx_word' id='word_1_614' title='bbox 2573 4196 2842 4269; x_wconf 87' lang='lat' dir='ltr'>quosdam</span> <span class='ocrx_word' id='word_1_615' title='bbox 2888 4205 3258 4270; x_wconf 78' lang='lat' dir='ltr'>exsequantur</span> <span class='ocrx_word' id='word_1_616' title='bbox 3289 4202 3426 4254; x_wconf 82' lang='lat' dir='ltr'>olim</span> <span class='ocrx_word' id='word_1_617' title='bbox 3458 4201 3578 4269; x_wconf 84' lang='lat' dir='ltr'>lege</span> <span class='ocrx_word' id='word_1_618' title='bbox 3608 4202 3781 4254; x_wconf 81' lang='lat' dir='ltr'>inter-</span> 
     </span>
    </p>
   </div>
   <div class='ocr_carea' id='block_1_91' title="bbox 2127 4285 3785 4361">
    <p class='ocr_par' dir='ltr' id='par_1_91' title="bbox 2127 4285 3785 4361">
     <span class='ocr_line' id='line_1_91' title="bbox 2127 4285 3785 4361; baseline 0.002 -21"><span class='ocrx_word' id='word_1_619' title='bbox 2127 4285 2314 4342; x_wconf 82' lang='lat' dir='ltr'>dictos.</span> <span class='ocrx_word' id='word_1_620' title='bbox 2350 4289 2472 4342; x_wconf 91' lang='lat' dir='ltr'>Imo</span> <span class='ocrx_word' id='word_1_621' title='bbox 2499 4287 2675 4342; x_wconf 88' lang='lat' dir='ltr'>etiam</span> <span class='ocrx_word' id='word_1_622' title='bbox 2709 4287 2758 4342; x_wconf 93' lang='lat' dir='ltr'>si</span> <span class='ocrx_word' id='word_1_623' title='bbox 2783 4286 2908 4359; x_wconf 91' lang='lat' dir='ltr'>lege</span> <span class='ocrx_word' id='word_1_624' title='bbox 2936 4288 3305 4361; x_wconf 76' lang='lat' dir='ltr'>praescriptos</span> <span class='ocrx_word' id='word_1_625' title='bbox 3327 4288 3478 4344; x_wconf 90' lang='lat' dir='ltr'>ritus</span> <span class='ocrx_word' id='word_1_626' title='bbox 3502 4289 3637 4360; x_wconf 90' lang='lat' dir='ltr'>quis</span> <span class='ocrx_word' id='word_1_627' title='bbox 3659 4304 3785 4343; x_wconf 89' lang='lat' dir='ltr'>ser-</span> 
     </span>
    </p>
   </div>
   <div class='ocr_carea' id='block_1_92' title="bbox 2127 4375 3786 4450">
    <p class='ocr_par' dir='ltr' id='par_1_92' title="bbox 2127 4375 3786 4450">
     <span class='ocr_line' id='line_1_92' title="bbox 2127 4375 3786 4450; baseline 0.001 -21"><span class='ocrx_word' id='word_1_628' title='bbox 2127 4381 2242 4443; x_wconf 82' lang='lat' dir='ltr'>vet,</span> <span class='ocrx_word' id='word_1_629' title='bbox 2269 4375 2326 4429; x_wconf 92' lang='lat' dir='ltr'>in</span> <span class='ocrx_word' id='word_1_630' title='bbox 2355 4375 2670 4444; x_wconf 89' lang='lat' dir='ltr'>perniciem</span> <span class='ocrx_word' id='word_1_631' title='bbox 2693 4376 2749 4430; x_wconf 93' lang='lat' dir='ltr'>id</span> <span class='ocrx_word' id='word_1_632' title='bbox 2785 4377 2958 4443; x_wconf 86' lang='lat' dir='ltr'>cedit,</span> <span class='ocrx_word' id='word_1_633' title='bbox 2998 4379 3153 4433; x_wconf 90' lang='lat' dir='ltr'>unde</span> <span class='ocrx_word' id='word_1_634' title='bbox 3175 4377 3489 4450; x_wconf 80' lang='lat' dir='ltr'>Apostolus</span> <span class='ocrx_word' id='word_1_635' title='bbox 3510 4377 3696 4433; x_wconf 86' lang='lat' dir='ltr'>Galat.</span> <span class='ocrx_word' id='word_1_636' title='bbox 3727 4394 3786 4447; x_wconf 86' lang='grc' dir='ltr'>ν,</span> 
     </span>
    </p>
   </div>
   <div class='ocr_carea' id='block_1_93' title="bbox 2130 4465 3790 4533">
    <p class='ocr_par' dir='ltr' id='par_1_93' title="bbox 2130 4465 3790 4533">
     <span class='ocr_line' id='line_1_93' title="bbox 2130 4465 3790 4533; baseline 0 -13"><span class='ocrx_word' id='word_1_637' title='bbox 2130 4481 2204 4520; x_wconf 89' lang='lat' dir='ltr'>u:</span> <span class='ocrx_word' id='word_1_638' title='bbox 2241 4465 2510 4533; x_wconf 83' lang='lat' dir='ltr'>Quoniam</span> <span class='ocrx_word' id='word_1_639' title='bbox 2535 4467 2584 4520; x_wconf 88' lang='lat' dir='ltr'>si</span> <span class='ocrx_word' id='word_1_640' title='bbox 2610 4467 3115 4532; x_wconf 83' lang='lat' dir='ltr'>circumcidamini,</span> <span class='ocrx_word' id='word_1_641' title='bbox 3164 4466 3413 4522; x_wconf 83' lang='lat' dir='ltr'>Christus</span> <span class='ocrx_word' id='word_1_642' title='bbox 3452 4466 3607 4522; x_wconf 82' lang='lat' dir='ltr'>vobis</span> <span class='ocrx_word' id='word_1_643' title='bbox 3637 4466 3790 4522; x_wconf 83' lang='lat' dir='ltr'>nihil</span> 
     </span>
    </p>
   </div>
   <div class='ocr_carea' id='block_1_94' title="bbox 2126 4554 3784 4630">
    <p class='ocr_par' dir='ltr' id='par_1_94' title="bbox 2126 4554 3784 4630">
     <span class='ocr_line' id='line_1_94' title="bbox 2126 4554 3784 4630; baseline 0.001 -22"><span class='ocrx_word' id='word_1_644' title='bbox 2126 4554 2395 4625; x_wconf 79' lang='lat' dir='ltr'>proderit.</span> <span class='ocrx_word' id='word_1_645' title='bbox 2433 4555 2492 4610; x_wconf 93' lang='lat' dir='ltr'>In</span> <span class='ocrx_word' id='word_1_646' title='bbox 2514 4555 2754 4626; x_wconf 90' lang='lat' dir='ltr'>periodo</span> <span class='ocrx_word' id='word_1_647' title='bbox 2777 4557 3045 4627; x_wconf 78' lang='lat' dir='ltr'>sequenti</span> <span class='ocrx_word' id='word_1_648' title='bbox 3067 4555 3258 4630; x_wconf 80' lang='grc' dir='ltr'>ὀπώρα</span> <span class='ocrx_word' id='word_1_649' title='bbox 3292 4573 3406 4612; x_wconf 92' lang='lat' dir='ltr'>non</span> <span class='ocrx_word' id='word_1_650' title='bbox 3427 4560 3784 4611; x_wconf 87' lang='lat' dir='ltr'>autumnum</span> 
     </span>
    </p>
   </div>
   <div class='ocr_carea' id='block_1_95' title="bbox 364 4634 2006 4735">
    <p class='ocr_par' dir='ltr' id='par_1_95' title="bbox 364 4661 2006 4735">
     <span class='ocr_line' id='line_1_95' title="bbox 364 4661 2006 4735; baseline -0.007 -13"><span class='ocrx_word' id='word_1_651' title='bbox 364 4664 808 4735; x_wconf 87' lang='lat' dir='ltr'>tricem,subter</span> <span class='ocrx_word' id='word_1_652' title='bbox 822 4666 1012 4717; x_wconf 90' lang='lat' dir='ltr'>tamen</span> <span class='ocrx_word' id='word_1_653' title='bbox 1030 4661 1370 4735; x_wconf 87' lang='lat' dir='ltr'>purulentia</span> <span class='ocrx_word' id='word_1_654' title='bbox 1383 4668 1438 4717; x_wconf 89' lang='lat' dir='ltr'>et</span> <span class='ocrx_word' id='word_1_655' title='bbox 1452 4662 1615 4718; x_wconf 89' lang='lat' dir='ltr'>sanie</span> <span class='ocrx_word' id='word_1_656' title='bbox 1631 4661 2006 4716; x_wconf 65' lang='lat' dir='ltr'>redundant.)</span> 
     </span>
    </p>
   </div>
   <div class='ocr_carea' id='block_1_96' title="bbox 2121 4634 3787 4735">
    <p class='ocr_par' dir='ltr' id='par_1_96' title="bbox 2129 4643 3787 4718">
     <span class='ocr_line' id='line_1_96' title="bbox 2129 4643 3787 4718; baseline -0.001 -19"><span class='ocrx_word' id='word_1_657' title='bbox 2129 4645 2230 4699; x_wconf 85' lang='lat' dir='ltr'>sed</span> <span class='ocrx_word' id='word_1_658' title='bbox 2268 4645 2490 4700; x_wconf 74' lang='lat' dir='ltr'>fructus</span> <span class='ocrx_word' id='word_1_659' title='bbox 2519 4643 2916 4714; x_wconf 88' lang='lat' dir='ltr'>autumnales,</span> <span class='ocrx_word' id='word_1_660' title='bbox 2947 4644 3033 4700; x_wconf 91' lang='lat' dir='ltr'>vel</span> <span class='ocrx_word' id='word_1_661' title='bbox 3061 4662 3236 4717; x_wconf 90' lang='lat' dir='ltr'>poma</span> <span class='ocrx_word' id='word_1_662' title='bbox 3267 4645 3583 4718; x_wconf 86' lang='lat' dir='ltr'>signiﬁcat.</span> <span class='ocrx_word' id='word_1_663' title='bbox 3609 4644 3787 4700; x_wconf 91' lang='lat' dir='ltr'>Deni-</span> 
     </span>
    </p>
   </div>
   <div class='ocr_carea' id='block_1_97' title="bbox 371 4745 2024 4819">
    <p class='ocr_par' dir='ltr' id='par_1_97' title="bbox 371 4745 2024 4819">
     <span class='ocr_line' id='line_1_97' title="bbox 371 4745 2024 4819; baseline -0.005 -7"><span class='ocrx_word' id='word_1_664' title='bbox 371 4756 498 4812; x_wconf 91' lang='lat' dir='ltr'>Non</span> <span class='ocrx_word' id='word_1_665' title='bbox 547 4753 773 4808; x_wconf 89' lang='lat' dir='ltr'>viderat</span> <span class='ocrx_word' id='word_1_666' title='bbox 819 4749 1125 4819; x_wconf 89' lang='lat' dir='ltr'>nimirum,</span> <span class='ocrx_word' id='word_1_667' title='bbox 1168 4752 1278 4807; x_wconf 87' lang='lat' dir='ltr'>etsi</span> <span class='ocrx_word' id='word_1_668' title='bbox 1321 4747 1535 4804; x_wconf 80' lang='grc' dir='ltr'>ὕπουλα</span> <span class='ocrx_word' id='word_1_669' title='bbox 1583 4745 1720 4818; x_wconf 59' lang='lat' dir='ltr'>tim,</span> <span class='ocrx_word' id='word_1_670' title='bbox 1751 4749 2024 4805; x_wconf 89' lang='lat' dir='ltr'>dicantur</span> 
     </span>
    </p>
   </div>
   <div class='ocr_carea' id='block_1_98' title="bbox 367 4839 2019 4916">
    <p class='ocr_par' dir='ltr' id='par_1_98' title="bbox 367 4839 2019 4916">
     <span class='ocr_line' id='line_1_98' title="bbox 367 4839 2019 4916; baseline -0.004 -15"><span class='ocrx_word' id='word_1_671' title='bbox 367 4843 601 4916; x_wconf 89' lang='lat' dir='ltr'>proprie</span> <span class='ocrx_word' id='word_1_672' title='bbox 644 4840 858 4909; x_wconf 85' lang='lat' dir='ltr'>ulcera,</span> <span class='ocrx_word' id='word_1_673' title='bbox 911 4857 1038 4913; x_wconf 68' lang='lat' dir='ltr'>quae</span> <span class='ocrx_word' id='word_1_674' title='bbox 1088 4841 1416 4897; x_wconf 88' lang='lat' dir='ltr'>cicatricem</span> <span class='ocrx_word' id='word_1_675' title='bbox 1469 4841 1862 4909; x_wconf 87' lang='lat' dir='ltr'>obduxerunt,</span> <span class='ocrx_word' id='word_1_676' title='bbox 1919 4839 2019 4895; x_wconf 84' lang='lat' dir='ltr'>sed</span> 
     </span>
    </p>
   </div>
   <div class='ocr_carea' id='block_1_99' title="bbox 367 4928 2020 5008">
    <p class='ocr_par' dir='ltr' id='par_1_99' title="bbox 367 4928 2020 5008">
     <span class='ocr_line' id='line_1_99' title="bbox 367 4928 2020 5008; baseline -0.003 -19"><span class='ocrx_word' id='word_1_677' title='bbox 367 4933 684 5008; x_wconf 87' lang='lat' dir='ltr'>purulenta</span> <span class='ocrx_word' id='word_1_678' title='bbox 740 4935 879 4987; x_wconf 90' lang='lat' dir='ltr'>sunt</span> <span class='ocrx_word' id='word_1_679' title='bbox 925 4931 1158 4995; x_wconf 87' lang='lat' dir='ltr'>subtus,</span> <span class='ocrx_word' id='word_1_680' title='bbox 1211 4935 1406 4985; x_wconf 88' lang='lat' dir='ltr'>tamen</span> <span class='ocrx_word' id='word_1_681' title='bbox 1461 4928 1854 5000; x_wconf 89' lang='lat' dir='ltr'>metaphorice</span> <span class='ocrx_word' id='word_1_682' title='bbox 1907 4929 2020 4984; x_wconf 91' lang='lat' dir='ltr'>dici</span> 
     </span>
    </p>
   </div>
   <div class='ocr_carea' id='block_1_100' title="bbox 367 5016 2022 5097">
    <p class='ocr_par' dir='ltr' id='par_1_100' title="bbox 367 5016 2022 5097">
     <span class='ocr_line' id='line_1_100' title="bbox 367 5016 2022 5097; baseline -0.004 -17"><span class='ocrx_word' id='word_1_683' title='bbox 367 5023 604 5097; x_wconf 90' lang='lat' dir='ltr'>quidvis</span> <span class='ocrx_word' id='word_1_684' title='bbox 637 5017 878 5074; x_wconf 75' lang='grc' dir='ltr'>ὕπουλον</span> <span class='ocrx_word' id='word_1_685' title='bbox 913 5020 1023 5076; x_wconf 88' lang='lat' dir='ltr'>sub</span> <span class='ocrx_word' id='word_1_686' title='bbox 1058 5035 1174 5090; x_wconf 92' lang='lat' dir='ltr'>quo</span> <span class='ocrx_word' id='word_1_687' title='bbox 1207 5018 1410 5073; x_wconf 90' lang='lat' dir='ltr'>vitium</span> <span class='ocrx_word' id='word_1_688' title='bbox 1445 5017 1683 5088; x_wconf 87' lang='lat' dir='ltr'>aliquod</span> <span class='ocrx_word' id='word_1_689' title='bbox 1714 5016 1874 5086; x_wconf 86' lang='lat' dir='ltr'>latet,</span> <span class='ocrx_word' id='word_1_690' title='bbox 1901 5019 2022 5074; x_wconf 87' lang='lat' dir='ltr'>sive</span> 
     </span>
    </p>
   </div>
   <div class='ocr_carea' id='block_1_101' title="bbox 367 5106 2021 5180">
    <p class='ocr_par' dir='ltr' id='par_1_101' title="bbox 367 5106 2021 5180">
     <span class='ocr_line' id='line_1_101' title="bbox 367 5106 2021 5180; baseline -0.004 -10"><span class='ocrx_word' id='word_1_691' title='bbox 367 5112 688 5170; x_wconf 90' lang='lat' dir='ltr'>subdolum</span> <span class='ocrx_word' id='word_1_692' title='bbox 720 5115 777 5167; x_wconf 90' lang='lat' dir='ltr'>et</span> <span class='ocrx_word' id='word_1_693' title='bbox 804 5109 1054 5165; x_wconf 86' lang='lat' dir='ltr'>inﬁdum</span> <span class='ocrx_word' id='word_1_694' title='bbox 1080 5107 1333 5180; x_wconf 90' lang='lat' dir='ltr'>quidvis,</span> <span class='ocrx_word' id='word_1_695' title='bbox 1359 5111 1422 5162; x_wconf 92' lang='lat' dir='ltr'>ut</span> <span class='ocrx_word' id='word_1_696' title='bbox 1453 5107 1607 5179; x_wconf 85' lang='lat' dir='ltr'>apud</span> <span class='ocrx_word' id='word_1_697' title='bbox 1638 5106 2021 5163; x_wconf 89' lang='lat' dir='ltr'>Plutarchum</span> 
     </span>
    </p>
   </div>
   <div class='ocr_carea' id='block_1_102' title="bbox 369 5193 2018 5272">
    <p class='ocr_par' dir='ltr' id='par_1_102' title="bbox 369 5193 2018 5272">
     <span class='ocr_line' id='line_1_102' title="bbox 369 5193 2018 5272; baseline -0.007 -13"><span class='ocrx_word' id='word_1_698' title='bbox 369 5204 446 5258; x_wconf 84' lang='lat' dir='ltr'>De</span> <span class='ocrx_word' id='word_1_699' title='bbox 485 5205 714 5272; x_wconf 76' lang='lat' dir='ltr'>fortuna</span> <span class='ocrx_word' id='word_1_700' title='bbox 758 5199 1040 5255; x_wconf 73' lang='lat' dir='ltr'>Alexand.</span> <span class='ocrx_word' id='word_1_701' title='bbox 1104 5200 1298 5271; x_wconf 81' lang='grc' dir='ltr'>Φυγῶν</span> <span class='ocrx_word' id='word_1_702' title='bbox 1340 5193 1604 5265; x_wconf 69' lang='grc' dir='ltr'>ἐνέπλησε</span> <span class='ocrx_word' id='word_1_703' title='bbox 1651 5196 1738 5250; x_wconf 76' lang='grc' dir='ltr'>καὶ</span> <span class='ocrx_word' id='word_1_704' title='bbox 1785 5197 2018 5250; x_wconf 72' lang='grc' dir='ltr'>στάσεων</span> 
     </span>
    </p>
   </div>
   <div class='ocr_carea' id='block_1_103' title="bbox 377 5286 2024 5362">
    <p class='ocr_par' dir='ltr' id='par_1_103' title="bbox 377 5286 2024 5362">
     <span class='ocr_line' id='line_1_103' title="bbox 377 5286 2024 5362; baseline -0.001 -18"><span class='ocrx_word' id='word_1_705' title='bbox 377 5287 629 5344; x_wconf 73' lang='grc' dir='ltr'>ὑπούλων</span> <span class='ocrx_word' id='word_1_706' title='bbox 648 5290 746 5358; x_wconf 74' lang='grc' dir='ltr'>τὴν</span> <span class='ocrx_word' id='word_1_707' title='bbox 790 5286 1115 5362; x_wconf 79' lang='grc' dir='ltr'>ἡγεμοοίαν·</span> <span class='ocrx_word' id='word_1_708' title='bbox 1159 5287 1383 5342; x_wconf 76' lang='lat' dir='ltr'>Exsiliz’s</span> <span class='ocrx_word' id='word_1_709' title='bbox 1413 5303 1476 5342; x_wconf 85' lang='lat' dir='ltr'>ac</span> <span class='ocrx_word' id='word_1_710' title='bbox 1507 5286 1796 5343; x_wconf 77' lang='lat' dir='ltr'>discordiis</span> <span class='ocrx_word' id='word_1_711' title='bbox 1827 5288 2024 5357; x_wconf 81' lang='lat' dir='ltr'>inﬁdis</span> 
     </span>
    </p>
   </div>
   <div class='ocr_carea' id='block_1_104' title="bbox 372 5375 2022 5451">
    <p class='ocr_par' dir='ltr' id='par_1_104' title="bbox 372 5375 2022 5451">
     <span class='ocr_line' id='line_1_104' title="bbox 372 5375 2022 5451; baseline -0.004 -15"><span class='ocrx_word' id='word_1_712' title='bbox 372 5382 671 5449; x_wconf 78' lang='lat' dir='ltr'>imperium</span> <span class='ocrx_word' id='word_1_713' title='bbox 699 5380 948 5451; x_wconf 86' lang='lat' dir='ltr'>replevit.</span> <span class='ocrx_word' id='word_1_714' title='bbox 977 5377 1447 5448; x_wconf 78' lang='lat' dir='ltr'>Chrysostomus,</span> <span class='ocrx_word' id='word_1_715' title='bbox 1479 5375 1581 5434; x_wconf 91' lang='lat' dir='ltr'>lib.</span> <span class='ocrx_word' id='word_1_716' title='bbox 1617 5394 1632 5432; x_wconf 89' lang='grc' dir='ltr'><strong>ι</strong></span> <span class='ocrx_word' id='word_1_717' title='bbox 1669 5377 1737 5432; x_wconf 83' lang='lat' dir='ltr'>De</span> <span class='ocrx_word' id='word_1_718' title='bbox 1764 5393 2022 5447; x_wconf 85' lang='lat' dir='ltr'>compun-</span> 
     </span>
    </p>
   </div>
   <div class='ocr_carea' id='block_1_105' title="bbox 368 5461 2019 5540">
    <p class='ocr_par' dir='ltr' id='par_1_105' title="bbox 368 5461 2019 5540">
     <span class='ocr_line' id='line_1_105' title="bbox 368 5461 2019 5540; baseline -0.004 -16"><span class='ocrx_word' id='word_1_719' title='bbox 368 5471 549 5526; x_wconf 78' lang='lat' dir='ltr'>ctione</span> <span class='ocrx_word' id='word_1_720' title='bbox 602 5469 800 5539; x_wconf 80' lang='lat' dir='ltr'>cordis,</span> <span class='ocrx_word' id='word_1_721' title='bbox 863 5485 918 5540; x_wconf 90' lang='lat' dir='ltr'>p.</span> <span class='ocrx_word' id='word_1_722' title='bbox 986 5468 1124 5521; x_wconf 84' lang='lat'>117:</span> <span class='ocrx_word' id='word_1_723' title='bbox 1194 5463 1295 5518; x_wconf 78' lang='grc' dir='ltr'>Καὶ</span> <span class='ocrx_word' id='word_1_724' title='bbox 1367 5462 1622 5527; x_wconf 72' lang='grc' dir='ltr'>ὑπούλοις</span> <span class='ocrx_word' id='word_1_725' title='bbox 1690 5461 2019 5537; x_wconf 78' lang='grc' dir='ltr'>διακείμενοι</span> 
     </span>
    </p>
   </div>
   <div class='ocr_carea' id='block_1_106' title="bbox 367 5554 2023 5632">
    <p class='ocr_par' dir='ltr' id='par_1_106' title="bbox 367 5554 2023 5632">
     <span class='ocr_line' id='line_1_106' title="bbox 367 5554 2023 5632; baseline -0.002 -19"><span class='ocrx_word' id='word_1_726' title='bbox 367 5562 486 5620; x_wconf 79' lang='grc' dir='ltr'>τοῖς</span> <span class='ocrx_word' id='word_1_727' title='bbox 548 5554 950 5632; x_wconf 75' lang='grc' dir='ltr'>θυσιαστηρίοις</span> <span class='ocrx_word' id='word_1_728' title='bbox 997 5555 1299 5631; x_wconf 75' lang='grc' dir='ltr'>πρόσιμεν·</span> <span class='ocrx_word' id='word_1_729' title='bbox 1351 5565 1400 5612; x_wconf 79' lang='lat' dir='ltr'>et</span> <span class='ocrx_word' id='word_1_730' title='bbox 1463 5555 1615 5613; x_wconf 84' lang='lat' dir='ltr'>dolos</span> <span class='ocrx_word' id='word_1_731' title='bbox 1675 5564 1902 5611; x_wconf 65' lang='lat' dir='ltr'>tantum</span> <span class='ocrx_word' id='word_1_732' title='bbox 1961 5555 2023 5610; x_wconf 87' lang='lat' dir='ltr'>in</span> 
     </span>
    </p>
   </div>
   <div class='ocr_carea' id='block_1_107' title="bbox 368 5644 2021 5705">
    <p class='ocr_par' dir='ltr' id='par_1_107' title="bbox 368 5644 2021 5705">
     <span class='ocr_line' id='line_1_107' title="bbox 368 5644 2021 5705; baseline -0.003 0"><span class='ocrx_word' id='word_1_733' title='bbox 368 5647 528 5705; x_wconf 86' lang='lat' dir='ltr'>corde</span> <span class='ocrx_word' id='word_1_734' title='bbox 573 5650 854 5704; x_wconf 84' lang='lat' dir='ltr'>versantes</span> <span class='ocrx_word' id='word_1_735' title='bbox 899 5647 1209 5703; x_wconf 87' lang='lat' dir='ltr'>accedimus</span> <span class='ocrx_word' id='word_1_736' title='bbox 1256 5645 1326 5702; x_wconf 88' lang='lat' dir='ltr'>ad</span> <span class='ocrx_word' id='word_1_737' title='bbox 1354 5647 1548 5702; x_wconf 80' lang='lat' dir='ltr'>altare.</span> <span class='ocrx_word' id='word_1_738' title='bbox 1583 5645 1743 5700; x_wconf 87' lang='lat' dir='ltr'>Vidit</span> <span class='ocrx_word' id='word_1_739' title='bbox 1775 5645 1882 5700; x_wconf 86' lang='lat' dir='ltr'>hoc</span> <span class='ocrx_word' id='word_1_740' title='bbox 1927 5644 2021 5700; x_wconf 93' lang='lat' dir='ltr'>in-</span> 
     </span>
    </p>
   </div>
   <div class='ocr_carea' id='block_1_108' title="bbox 367 5729 2022 5810">
    <p class='ocr_par' dir='ltr' id='par_1_108' title="bbox 367 5729 2022 5810">
     <span class='ocr_line' id='line_1_108' title="bbox 367 5729 2022 5810; baseline -0.004 -15"><span class='ocrx_word' id='word_1_741' title='bbox 367 5741 594 5810; x_wconf 81' lang='lat' dir='ltr'>terpres</span> <span class='ocrx_word' id='word_1_742' title='bbox 627 5736 1035 5794; x_wconf 86' lang='lat' dir='ltr'>commentarii</span> <span class='ocrx_word' id='word_1_743' title='bbox 1067 5733 1354 5806; x_wconf 86' lang='lat' dir='ltr'>Procopii,</span> <span class='ocrx_word' id='word_1_744' title='bbox 1386 5752 1444 5807; x_wconf 88' lang='lat' dir='ltr'>p.</span> <span class='ocrx_word' id='word_1_745' title='bbox 1477 5734 1547 5791; x_wconf 82' lang='lat'>13</span> <span class='ocrx_word' id='word_1_746' title='bbox 1569 5752 1588 5790; x_wconf 89' lang='lat'>:</span> <span class='ocrx_word' id='word_1_747' title='bbox 1618 5733 1678 5790; x_wconf 92' lang='grc' dir='ltr'>Ὁ</span> <span class='ocrx_word' id='word_1_748' title='bbox 1711 5729 1769 5787; x_wconf 71' lang='grc' dir='ltr'>δὲ</span> <span class='ocrx_word' id='word_1_749' title='bbox 1805 5729 2022 5810; x_wconf 80' lang='grc' dir='ltr'>μώλωψ</span> 
     </span>
    </p>
   </div>
   <div class='ocr_carea' id='block_1_109' title="bbox 2131 4734 3788 4807">
    <p class='ocr_par' dir='ltr' id='par_1_109' title="bbox 2131 4734 3788 4807">
     <span class='ocr_line' id='line_1_109' title="bbox 2131 4734 3788 4807; baseline 0.001 -18"><span class='ocrx_word' id='word_1_750' title='bbox 2131 4749 2243 4804; x_wconf 90' lang='lat' dir='ltr'>que</span> <span class='ocrx_word' id='word_1_751' title='bbox 2269 4734 2327 4788; x_wconf 91' lang='lat' dir='ltr'>in</span> <span class='ocrx_word' id='word_1_752' title='bbox 2359 4737 2618 4790; x_wconf 83' lang='lat' dir='ltr'>extremo</span> <span class='ocrx_word' id='word_1_753' title='bbox 2658 4734 2880 4806; x_wconf 67' lang='lat' dir='ltr'>paginae</span> <span class='ocrx_word' id='word_1_754' title='bbox 2926 4738 3182 4790; x_wconf 80' lang='lat' dir='ltr'>verterat</span> <span class='ocrx_word' id='word_1_755' title='bbox 3213 4734 3526 4807; x_wconf 83' lang='lat' dir='ltr'>interpres,</span> <span class='ocrx_word' id='word_1_756' title='bbox 3559 4757 3588 4786; x_wconf 86' lang='lat'><strong>«</strong></span> <span class='ocrx_word' id='word_1_757' title='bbox 3621 4750 3788 4790; x_wconf 89' lang='lat' dir='ltr'>com-</span> 
     </span>
    </p>
   </div>
   <div class='ocr_carea' id='block_1_110' title="bbox 2131 4822 3791 4897">
    <p class='ocr_par' dir='ltr' id='par_1_110' title="bbox 2131 4822 3791 4897">
     <span class='ocr_line' id='line_1_110' title="bbox 2131 4822 3791 4897; baseline 0.001 -20"><span class='ocrx_word' id='word_1_758' title='bbox 2131 4823 2396 4895; x_wconf 89' lang='lat' dir='ltr'>plectens</span> <span class='ocrx_word' id='word_1_759' title='bbox 2427 4822 2756 4879; x_wconf 88' lang='lat' dir='ltr'>studiosam</span> <span class='ocrx_word' id='word_1_760' title='bbox 2790 4823 3122 4880; x_wconf 85' lang='lat' dir='ltr'>alacriatem</span> <span class='ocrx_word' id='word_1_761' title='bbox 3155 4825 3574 4897; x_wconf 66' lang='lat' dir='ltr'>perfecturum,</span> <span class='ocrx_word' id='word_1_762' title='bbox 3599 4847 3620 4877; x_wconf 75' lang='grc' dir='ltr'><strong>ι</strong></span> <span class='ocrx_word' id='word_1_763' title='bbox 3651 4823 3791 4879; x_wconf 88' lang='lat' dir='ltr'>licet</span> 
     </span>
    </p>
   </div>
   <div class='ocr_carea' id='block_1_111' title="bbox 2131 4908 3215 4981">
    <p class='ocr_par' dir='ltr' id='par_1_111' title="bbox 2131 4908 3215 4981">
     <span class='ocr_line' id='line_1_111' title="bbox 2131 4908 3215 4981; baseline 0.002 -14"><span class='ocrx_word' id='word_1_764' title='bbox 2131 4912 2189 4967; x_wconf 88' lang='lat' dir='ltr'>in</span> <span class='ocrx_word' id='word_1_765' title='bbox 2226 4929 2335 4967; x_wconf 87' lang='lat' dir='ltr'>ms.</span> <span class='ocrx_word' id='word_1_766' title='bbox 2372 4915 2527 4967; x_wconf 80' lang='lat' dir='ltr'>esset</span> <span class='ocrx_word' id='word_1_767' title='bbox 2552 4908 2800 4981; x_wconf 81' lang='grc' dir='ltr'>τελειῶν,</span> <span class='ocrx_word' id='word_1_768' title='bbox 2835 4929 2949 4969; x_wconf 89' lang='lat' dir='ltr'>non</span> <span class='ocrx_word' id='word_1_769' title='bbox 2971 4909 3215 4969; x_wconf 76' lang='grc' dir='ltr'>τελείων.</span> 
     </span>
    </p>
   </div>
   <div class='ocr_carea' id='block_1_112' title="bbox 2203 5019 3786 5094">
    <p class='ocr_par' dir='ltr' id='par_1_112' title="bbox 2203 5019 3786 5094">
     <span class='ocr_line' id='line_1_112' title="bbox 2203 5019 3786 5094; baseline 0 -18"><span class='ocrx_word' id='word_1_770' title='bbox 2203 5020 2322 5076; x_wconf 86' lang='lat' dir='ltr'>Col.</span> <span class='ocrx_word' id='word_1_771' title='bbox 2378 5019 2479 5073; x_wconf 85' lang='lat'>156</span> <span class='ocrx_word' id='word_1_772' title='bbox 2519 5024 2557 5075; x_wconf 90' lang='lat' dir='ltr'><strong><em>C</em></strong></span> <span class='ocrx_word' id='word_1_773' title='bbox 2604 5020 2659 5075; x_wconf 87' lang='lat'>9.</span> <span class='ocrx_word' id='word_1_774' title='bbox 2710 5021 3200 5090; x_wconf 80' lang='lat' dir='ltr'>Quemadmodum.</span> <span class='ocrx_word' id='word_1_775' title='bbox 3253 5021 3547 5094; x_wconf 87' lang='lat' dir='ltr'>Interpres</span> <span class='ocrx_word' id='word_1_776' title='bbox 3592 5020 3786 5077; x_wconf 88' lang='lat' dir='ltr'>edide-</span> 
     </span>
    </p>
   </div>
   <div class='ocr_carea' id='block_1_113' title="bbox 2131 5110 3787 5184">
    <p class='ocr_par' dir='ltr' id='par_1_113' title="bbox 2131 5110 3787 5184">
     <span class='ocr_line' id='line_1_113' title="bbox 2131 5110 3787 5184; baseline 0.001 -19"><span class='ocrx_word' id='word_1_777' title='bbox 2131 5114 2253 5166; x_wconf 88' lang='lat' dir='ltr'>rat:</span> <span class='ocrx_word' id='word_1_778' title='bbox 2288 5132 2316 5158; x_wconf 88' lang='lat'>«</span> <span class='ocrx_word' id='word_1_779' title='bbox 2352 5110 2858 5174; x_wconf 88' lang='lat' dir='ltr'>Quemadmodum</span> <span class='ocrx_word' id='word_1_780' title='bbox 2891 5111 3044 5167; x_wconf 92' lang='lat' dir='ltr'>enim</span> <span class='ocrx_word' id='word_1_781' title='bbox 3078 5111 3213 5168; x_wconf 87' lang='lat' dir='ltr'>vitis</span> <span class='ocrx_word' id='word_1_782' title='bbox 3246 5129 3349 5184; x_wconf 91' lang='lat' dir='ltr'>per</span> <span class='ocrx_word' id='word_1_783' title='bbox 3375 5111 3787 5168; x_wconf 74' lang='lat' dir='ltr'>fodicationem</span> 
     </span>
    </p>
   </div>
   <div class='ocr_carea' id='block_1_114' title="bbox 2131 5196 3787 5270">
    <p class='ocr_par' dir='ltr' id='par_1_114' title="bbox 2131 5196 3787 5270">
     <span class='ocr_line' id='line_1_114' title="bbox 2131 5196 3787 5270; baseline -0.002 -16"><span class='ocrx_word' id='word_1_784' title='bbox 2131 5216 2244 5254; x_wconf 90' lang='lat' dir='ltr'>non</span> <span class='ocrx_word' id='word_1_785' title='bbox 2278 5198 2578 5270; x_wconf 78' lang='lat' dir='ltr'>exspirans</span> <span class='ocrx_word' id='word_1_786' title='bbox 2613 5199 2780 5256; x_wconf 78' lang='lat' dir='ltr'>facile</span> <span class='ocrx_word' id='word_1_787' title='bbox 2809 5204 3122 5258; x_wconf 88' lang='lat' dir='ltr'>evanescit.</span> <span class='ocrx_word' id='word_1_788' title='bbox 3175 5223 3204 5250; x_wconf 80' lang='lat'>»</span> <span class='ocrx_word' id='word_1_789' title='bbox 3249 5205 3318 5255; x_wconf 82' lang='lat' dir='ltr'>At</span> <span class='ocrx_word' id='word_1_790' title='bbox 3347 5201 3502 5257; x_wconf 90' lang='lat' dir='ltr'>enim</span> <span class='ocrx_word' id='word_1_791' title='bbox 3546 5196 3787 5253; x_wconf 81' lang='grc' dir='ltr'>διαπνεῖ-</span> 
     </span>
    </p>
   </div>
   <div class='ocr_carea' id='block_1_115' title="bbox 2132 5288 3789 5362">
    <p class='ocr_par' dir='ltr' id='par_1_115' title="bbox 2132 5288 3789 5362">
     <span class='ocr_line' id='line_1_115' title="bbox 2132 5288 3789 5362; baseline 0.001 -20"><span class='ocrx_word' id='word_1_792' title='bbox 2132 5289 2253 5342; x_wconf 84' lang='grc' dir='ltr'>σθαι</span> <span class='ocrx_word' id='word_1_793' title='bbox 2287 5288 2501 5344; x_wconf 91' lang='lat' dir='ltr'>dicitur</span> <span class='ocrx_word' id='word_1_794' title='bbox 2531 5307 2648 5345; x_wconf 86' lang='lat' dir='ltr'>non</span> <span class='ocrx_word' id='word_1_795' title='bbox 2680 5290 2870 5346; x_wconf 89' lang='lat' dir='ltr'>solum</span> <span class='ocrx_word' id='word_1_796' title='bbox 2905 5291 3059 5362; x_wconf 91' lang='lat' dir='ltr'>quod</span> <span class='ocrx_word' id='word_1_797' title='bbox 3084 5290 3347 5346; x_wconf 78' lang='lat' dir='ltr'>difﬂatur</span> <span class='ocrx_word' id='word_1_798' title='bbox 3377 5296 3433 5346; x_wconf 91' lang='lat' dir='ltr'>et</span> <span class='ocrx_word' id='word_1_799' title='bbox 3464 5289 3789 5356; x_wconf 66' lang='lat' dir='ltr'>evanescit,</span> 
     </span>
    </p>
   </div>
   <div class='ocr_carea' id='block_1_116' title="bbox 2131 5378 3789 5452">
    <p class='ocr_par' dir='ltr' id='par_1_116' title="bbox 2131 5378 3789 5452">
     <span class='ocr_line' id='line_1_116' title="bbox 2131 5378 3789 5452; baseline -0.001 -17"><span class='ocrx_word' id='word_1_800' title='bbox 2131 5380 2231 5435; x_wconf 89' lang='lat' dir='ltr'>sed</span> <span class='ocrx_word' id='word_1_801' title='bbox 2266 5378 2438 5434; x_wconf 89' lang='lat' dir='ltr'>etiam</span> <span class='ocrx_word' id='word_1_802' title='bbox 2475 5381 2625 5451; x_wconf 86' lang='lat' dir='ltr'>quod</span> <span class='ocrx_word' id='word_1_803' title='bbox 2663 5381 2964 5452; x_wconf 88' lang='lat' dir='ltr'>perﬂatur,</span> <span class='ocrx_word' id='word_1_804' title='bbox 2996 5384 3098 5436; x_wconf 89' lang='lat' dir='ltr'>aut</span> <span class='ocrx_word' id='word_1_805' title='bbox 3126 5385 3298 5435; x_wconf 89' lang='lat' dir='ltr'>vento</span> <span class='ocrx_word' id='word_1_806' title='bbox 3348 5386 3657 5452; x_wconf 88' lang='lat' dir='ltr'>purgatur,</span> <span class='ocrx_word' id='word_1_807' title='bbox 3721 5383 3789 5433; x_wconf 90' lang='lat' dir='ltr'>ut</span> 
     </span>
    </p>
   </div>
   <div class='ocr_carea' id='block_1_117' title="bbox 2133 5464 3786 5541">
    <p class='ocr_par' dir='ltr' id='par_1_117' title="bbox 2133 5464 3786 5541">
     <span class='ocr_line' id='line_1_117' title="bbox 2133 5464 3786 5541; baseline -0.002 -17"><span class='ocrx_word' id='word_1_808' title='bbox 2133 5469 2286 5540; x_wconf 88' lang='lat' dir='ltr'>apud</span> <span class='ocrx_word' id='word_1_809' title='bbox 2320 5468 2719 5525; x_wconf 88' lang='lat' dir='ltr'>Dioscoridem</span> <span class='ocrx_word' id='word_1_810' title='bbox 2776 5469 2876 5526; x_wconf 92' lang='lat' dir='ltr'>lib.</span> <span class='ocrx_word' id='word_1_811' title='bbox 2926 5487 2980 5537; x_wconf 83' lang='grc' dir='ltr'>ν,</span> <span class='ocrx_word' id='word_1_812' title='bbox 3035 5485 3163 5541; x_wconf 91' lang='lat' dir='ltr'>cap.</span> <span class='ocrx_word' id='word_1_813' title='bbox 3211 5470 3268 5538; x_wconf 87' lang='lat'>9,</span> <span class='ocrx_word' id='word_1_814' title='bbox 3329 5464 3786 5528; x_wconf 74' lang='grc' dir='ltr'>δυσδιάπνευστος</span> 
     </span>
    </p>
   </div>
   <div class='ocr_carea' id='block_1_118' title="bbox 2132 5558 3787 5631">
    <p class='ocr_par' dir='ltr' id='par_1_118' title="bbox 2132 5558 3787 5631">
     <span class='ocr_line' id='line_1_118' title="bbox 2132 5558 3787 5631; baseline -0.001 -18"><span class='ocrx_word' id='word_1_815' title='bbox 2132 5559 2368 5624; x_wconf 90' lang='lat' dir='ltr'>dicitur,</span> <span class='ocrx_word' id='word_1_816' title='bbox 2401 5558 2499 5629; x_wconf 90' lang='lat' dir='ltr'>qui</span> <span class='ocrx_word' id='word_1_817' title='bbox 2532 5576 2635 5631; x_wconf 90' lang='lat' dir='ltr'>per</span> <span class='ocrx_word' id='word_1_818' title='bbox 2664 5558 2956 5631; x_wconf 88' lang='lat' dir='ltr'>spiritales</span> <span class='ocrx_word' id='word_1_819' title='bbox 2990 5563 3219 5615; x_wconf 89' lang='lat' dir='ltr'>meatus</span> <span class='ocrx_word' id='word_1_820' title='bbox 3251 5575 3399 5631; x_wconf 82' lang='lat' dir='ltr'>aegre</span> <span class='ocrx_word' id='word_1_821' title='bbox 3431 5558 3787 5616; x_wconf 86' lang='lat' dir='ltr'>transmitti-</span> 
     </span>
    </p>
   </div>
   <div class='ocr_carea' id='block_1_119' title="bbox 2131 5643 3789 5722">
    <p class='ocr_par' dir='ltr' id='par_1_119' title="bbox 2131 5643 3789 5722">
     <span class='ocr_line' id='line_1_119' title="bbox 2131 5643 3789 5722; baseline -0.001 -17"><span class='ocrx_word' id='word_1_822' title='bbox 2131 5652 2250 5714; x_wconf 84' lang='lat' dir='ltr'>tur,</span> <span class='ocrx_word' id='word_1_823' title='bbox 2288 5649 2368 5704; x_wconf 91' lang='lat' dir='ltr'>ita</span> <span class='ocrx_word' id='word_1_824' title='bbox 2396 5643 2738 5720; x_wconf 76' lang='grc' dir='ltr'>εὐδιάπνοος,</span> <span class='ocrx_word' id='word_1_825' title='bbox 2766 5648 2864 5721; x_wconf 91' lang='lat' dir='ltr'>qui</span> <span class='ocrx_word' id='word_1_826' title='bbox 2905 5648 3187 5722; x_wconf 88' lang='lat' dir='ltr'>perflatus</span> <span class='ocrx_word' id='word_1_827' title='bbox 3244 5647 3414 5704; x_wconf 85' lang='lat' dir='ltr'>facile</span> <span class='ocrx_word' id='word_1_828' title='bbox 3471 5647 3647 5720; x_wconf 89' lang='lat' dir='ltr'>capit.</span> <span class='ocrx_word' id='word_1_829' title='bbox 3693 5646 3789 5703; x_wconf 90' lang='lat' dir='ltr'>Sic</span> 
     </span>
    </p>
   </div>
   <div class='ocr_carea' id='block_1_120' title="bbox 2131 5735 3788 5812">
    <p class='ocr_par' dir='ltr' id='par_1_120' title="bbox 2131 5735 3788 5812">
     <span class='ocr_line' id='line_1_120' title="bbox 2131 5735 3788 5812; baseline -0.001 -17"><span class='ocrx_word' id='word_1_830' title='bbox 2131 5737 2472 5810; x_wconf 86' lang='lat' dir='ltr'>Columella,</span> <span class='ocrx_word' id='word_1_831' title='bbox 2501 5736 2599 5794; x_wconf 92' lang='lat' dir='ltr'>lib.</span> <span class='ocrx_word' id='word_1_832' title='bbox 2639 5754 2715 5808; x_wconf 79' lang='lat' dir='ltr'>iv,</span> <span class='ocrx_word' id='word_1_833' title='bbox 2768 5755 2894 5812; x_wconf 87' lang='lat' dir='ltr'>cap.</span> <span class='ocrx_word' id='word_1_834' title='bbox 2947 5738 3036 5811; x_wconf 76' lang='grc'>14,</span> <span class='ocrx_word' id='word_1_835' title='bbox 3064 5737 3342 5795; x_wconf 85' lang='lat' dir='ltr'>colendas</span> <span class='ocrx_word' id='word_1_836' title='bbox 3372 5741 3429 5796; x_wconf 88' lang='lat' dir='ltr'>et</span> <span class='ocrx_word' id='word_1_837' title='bbox 3471 5735 3788 5794; x_wconf 86' lang='lat' dir='ltr'>nudandas</span> 
     </span>
    </p>
   </div>
  </div>
