4176 6438
430 390 584 448 1077

1625 394 1728 452 AD
1773 392 2180 452 COMMENT.
2230 393 2306 453 IN
2352 394 2646 455 ISAIAM.

3692 397 3717 453 1
3733 394 3854 457 078

437 536 567 576 esse
595 521 742 576 vites
776 526 992 585 monet,
1026 526 1091 578 ut
1123 522 1349 578 hiberni
1380 522 1597 578 imbres
1629 525 1701 578 ad
1749 539 1848 578 eas
1898 528 2090 579 trans-
2120 534 2174 599 Α
2206 524 2444 581 Hebraeo
2479 542 2491 579 :
2531 528 2726 582 Vocare
2752 527 3195 582 convocaIiOnem
3224 542 3333 581 non
3359 533 3567 598 potero.
3593 526 3688 582 Sic
3714 543 3852 597 ergo

437 610 775 664 mittantur.
812 610 1036 665 Rursus
1061 610 1230 677 illud,
1269 612 1342 682 μὴ
1376 610 1880 684 ἀποσκευασαμένη,
1905 621 2086 668 verte-

429 702 538 762 rat,
557 700 745 752 anima
771 702 955 753 minus
985 708 1132 754 recte
1160 717 1215 754 se
1244 717 1568 771 componens
1599 705 1746 757 circa
1767 702 1880 757 haec
1900 718 2084 774 corpo-

431 788 602 841 ralia.
631 791 702 842 At
725 789 880 842 enim
911 787 1363 857 ἀποσκευάζεσθαι
1392 808 1508 846 non
1532 797 1620 846 est
1641 792 2084 865 παρασκευάζειν,

435 892 784 948 praeparare,
809 893 1176 949 componere,
1197 881 1294 934 sed
1333 897 1636 950 exornare,
1667 881 1753 936 vel
1786 897 2083 949 evacuare,

434 971 499 1020 ut
583 966 822 1021 Levitici
895 984 1008 1037 xw,
1067 970 1137 1023 36
1193 985 1206 1024 :
1267 968 1560 1041 Ηροστάξει
1619 969 1646 1022 ὁ
1705 968 1882 1042 ἱερεὺς
1951 969 2082 1023 ἀπο-

429 1053 678 1107 σκευάσαι
749 1061 841 1108 τὸν
924 1054 1071 1109 οἷκον
1108 1075 1120 1087 ·
1183 1059 1480 1130 Praecipiet
1541 1060 1787 1114 sacerdos
1851 1075 2087 1114 vacuare

430 1145 670 1199 domum.
703 1143 976 1216 Vulgata,
1008 1150 1071 1201 ut
1098 1148 1329 1219 eﬁeranl
1367 1150 1630 1204 universa
1669 1151 1738 1204 de
1779 1149 1961 1204 domo.
1995 1149 2083 1204 Si-

426 1233 583 1288 milis
619 1249 784 1289 error
817 1233 1082 1290 sublatus
1113 1241 1203 1291 est
1241 1238 1351 1292 sub
1381 1238 1554 1292 ﬁnem
1586 1239 1834 1310 paginas,
1859 1234 2086 1306 ἔξοιδα(-

421 1341 530 1376 νειν
584 1321 1078 1395 παρασκευάζοντα,
1116 1347 1144 1375 ‹‹
1176 1327 1246 1380 ad
1308 1326 1414 1380 hoc
1477 1331 1894 1398 componentes
1952 1328 2084 1381 eni-

425 1427 606 1479 mam,
632 1416 697 1466 ut
723 1411 882 1467 inani
911 1418 1142 1469 tumore
1174 1415 1410 1486 superb.
1445 1420 1762 1486 turgescat.
1801 1438 1828 1464 ››
1860 1416 2082 1470 Ibidem

426 1501 838 1571 corrigendum
873 1517 942 1556 ex
960 1505 1154 1575 Regiis
1186 1511 1251 1558 ut
1279 1504 1952 1576 in‘apograpboAnglico
1974 1505 2085 1559 fuit

432 1589 858 1666 ὑπερφυσᾶσοαι,
893 1608 996 1663 pro
1033 1592 1455 1664 ὑπερφύσασθαι.

495 1696 612 1752 Col.
639 1698 805 1752 158A
829 1699 914 1752 14.
945 1700 1008 1753 1η
1039 1715 1226 1754 eremo
1257 1702 1532 1756 nutritus.
1567 1700 1794 1755 Vitiosa
1824 1700 1994 1756 lectio
2018 1702 2077 1757 F.

427 1802 538 1841 ms.
573 1788 902 1843 versionem
937 1789 1157 1860 peperil
1193 1790 1463 1846 vitiosam
1497 1789 1701 1866 ἐτράφη
1759 1789 1810 1844 ἐν
1864 1789 2077 1865 ἐρήμῳ,

2197 614 2572 668 scribendum
2607 615 2717 671 hoc
2749 615 2948 671 loco:«
2967 615 3349 670 reddiderunt
3375 619 3641 680 vocatam,
3667 616 3850 671 Theo-

2198 703 2391 757 dotion
2427 710 2620 759 autem
2653 703 2864 772 κλητήν
2905 708 3273 770 commeatum,
3307 705 3692 775 Symmachus
3715 721 3846 759 vero

2193 790 2406 860 κλητήν
2438 795 2874 849 concenationem
2903 810 3009 848 non
3041 797 3216 862 [cram
3241 811 3259 850 .·
3290 809 3469 862 quare
3502 810 3615 848 non
3646 794 3844 848 existi-

2196 885 2706 947 mamus,etc.,sed
2731 899 2960 938 omnem
2987 883 3141 938 diem
3164 882 3262 952 qui
3287 887 3530 937 vocatus
3561 882 3678 936 sive
3701 883 3843 937 cele-

2196 970 2316 1024 bris
2345 971 2735 1042 appellatur.»
2762 972 2855 1026 Sic
2887 972 3039 1041 apud
3067 971 3411 1042 ProcOpium
3446 970 3698 1040 legimus
3727 971 3845 1026 haec

2194 1060 2253 1113 in
2287 1061 2698 1131 compendium
2733 1062 2989 1128 redacta,
3015 1057 3161 1112 ’Λντέ
3208 1056 3265 1112 δὲ
3291 1065 3390 1126 τῆς
3427 1057 3670 1132 μεγάλης
3701 1059 3844 1130 ἡμὲ-

2195 1166 2288 1222 ρας
2320 1145 2530 1217 κλητήν
2553 1145 2813 1217 ἐξέδωκαν
2847 1149 2898 1201 οἱ
2930 1147 3142 1215 λοιποὶ,
3173 1147 3247 1208 ὡς
3283 1147 3358 1219 μή
3396 1146 3517 1219 μίαν
3580 1148 3846 1219 σημαίνε-

2194 1246 2334 1304 σθαι,
2369 1241 2542 1290 πᾶσαν
2576 1233 2634 1290 δὲ
2659 1238 2758 1305 τήν
2793 1235 2844 1290 ἐν
2877 1241 2956 1307 τῷ
2985 1236 3141 1308 νόμῳ
3172 1233 3519 1306 καλουμένην
3548 1234 3784 1306 κλητήν.

2263 1343 2383 1397 Col.
2422 1343 2525 1397 182
2584 1343 2626 1397 D
2684 1344 2738 1397 6.
2774 1343 3028 1397 Animam
3068 1344 3298 1414 justam.
3334 1343 3584 1409 Vulgata
3640 1343 3847 1399 Latina

2191 1449 2259 1486 ex
2311 1433 2593 1488 Hebraeo:
2639 1432 2752 1486 Non
2806 1433 3016 1502 afﬂiget
3065 1433 3326 1488 Dominus
3379 1434 3536 1502 fame
3587 1435 3845 1487 animam

2190 1521 2324 1584 iusti
2356 1538 2368 1576 :
2405 1522 2504 1575 sed
2536 1521 2631 1575 hic
2663 1521 2734 1574 ad
2766 1521 3002 1576 verbum
3035 1522 3378 1576 vertendum
3412 1526 3552 1590 erat,
3585 1524 3842 1578 animam

2189 1610 2478 1677 iustorum.
2515 1611 2677 1674 Quod
2710 1626 2841 1664 vero
2873 1610 3162 1681 sequitur,
3194 1610 3263 1664 ab
3309 1611 3626 1682 interprete
3656 1611 3839 1666 omis-

2188 1716 2343 1768 sum,
2367 1717 2474 1755 nos
2495 1699 2861 1770 interpretati
2885 1716 3113 1769 sumus,
3141 1700 3242 1754 sed
3267 1717 3384 1754 una
3403 1715 3540 1756 voce
3561 1701 3839 1756 mutilum

2189 1788 2270 1842 sic
2294 1789 2625 1842 sanandum
2660 1794 2749 1843 est
2777 1805 2847 1843 ex
2879 1805 3022 1843 mss.
3043 1789 3101 1843 F.
3119 1789 3185 1843 H.
3205 1784 3412 1842 Ῑεοῦτω
3435 1783 3480 1840 δ’
3503 1774 3560 1840 ἂν
3583 1787 3672 1842 καὶ
3695 1786 3840 1842 ἐναν-

425 1891 603 1946 quam
629 1881 961 1947 sequuntur
990 1881 1046 1932 et
1073 1879 1299 1949 Anglici
1334 1897 1476 1935 mss.
1509 1881 1722 1934 Verum
1776 1882 1834 1934 in
1868 1881 2073 1935 Henri-

2191 1874 2366 1947 τίωμα
2396 1875 2462 1942 ἦν
2496 1875 2632 1950 πρὸς
2666 1876 2749 1931 τὸν
2778 1881 2885 1929 τῶν
2925 1896 3122 1950 μακαρ.
3157 1877 3283 1932 Non
3324 1879 3675 1949 deprecatur
3701 1895 3838 1951 ergo

426 1965 594 2019 ciano
621 1972 679 2018 et
709 1965 971 2021 Joeusaao
999 1967 1286 2038 scriptum
1333 1973 1488 2023 recte
1517 1965 1708 2043 ἐτάφη,
1743 1991 1769 2018 ‹‹
1803 1967 2074 2038 sepultus

427 2059 538 2109 est.
573 2075 602 2102 »
634 2057 838 2125 Itaque
895 2056 1294 2112 restituendus
1342 2061 1432 2112 est
1477 2056 1642 2112 locus
1673 2074 1740 2112 ex
1798 2056 2072 2126 Procopio

428 2161 561 2216 pag.
598 2146 705 2199 16:
741 2146 833 2198 Ὧν
870 2145 898 2198 ὁ
929 2143 1269 2218 ἐπιθυμήσας
1319 2145 1662 2218 ἐπιθυμητής
1709 2145 1878 2202 πάλαι
1938 2143 2071 2207 λαὸς

427 2230 478 2286 ἐν
509 2236 578 2306 τῇ
612 2231 806 2307 ἐρήμῳ
855 2233 1045 2311 ἐτάφη·
1083 2259 1111 2287 ‹‹
1161 2237 1418 2301 Quorum
1463 2238 1754 2293 desiderio
1804 2253 1936 2292 cum
1991 2240 2074 2292 te-

425 2328 664 2378 neretur
695 2325 1056 2380 desiderator
1085 2326 1341 2398 pepulus
1372 2326 1510 2382 olim
1543 2327 1601 2380 in
1634 2327 1863 2382 deserto
1884 2327 2074 2396 sepul-

422 2417 520 2467 tus
553 2416 662 2468 est.
701 2435 727 2462 »
757 2414 850 2469 Sic
907 2415 1063 2470 enim
1120 2415 1369 2485 legimus
1424 2416 1660 2471 Numer.
1702 2434 1779 2486 x1,
1807 2417 1874 2470 34
1907 2431 1920 2471 :
1953 2417 2072 2468 "Ou

420 2497 532 2553 ἐκεῖ
574 2496 774 2573 ἔθαψαν
831 2501 924 2555 τὸν
986 2499 1116 2556 λαὸν
1173 2503 1264 2557 τὸν
1324 2501 1690 2575 ἐπιθυμητήν,
1725 2506 1879 2577 quod
1935 2507 2073 2559 Am-

419 2590 654 2646 brosius
688 2591 787 2646 lib.
807 2593 882 2647 De
911 2609 1024 2648 xm
1052 2595 1427 2650 mansionibus
1456 2594 1892 2666 interpretatur,
1913 2611 2074 2649 man-

422 2678 585 2734 sione
614 2696 714 2746 xu,
754 2683 885 2751 quia
935 2683 1016 2736 ibi
1049 2683 1388 2753 sepelierunt
1437 2684 1702 2756 populum
1731 2684 2074 2738 desiderato-

419 2783 559 2822 rem.
593 2768 885 2841 Interpres
945 2787 1177 2842 quoque
1236 2772 1497 2844 Procopii
1554 2789 1750 2828 vocem
1810 2771 2076 2843 ἐπιθυμη-

419 2856 519 2925 τής
553 2874 665 2913 non
701 2859 1006 2930 expressit.

493 2946 610 3001 Col.
647 2947 748 3002 163
782 2955 824 3001 A
859 2949 945 3003 11.
977 2949 1132 3004 Sicut
1152 2951 1360 3005 caeteri.
1395 2950 1506 3006 [loc
1537 2966 1772 3022 quoque
1807 2951 1985 3004 miror
2004 2948 2077 3003 ab

422 3034 741 3107 interprete
766 3037 952 3092 fuisse
985 3038 1273 3092 omissum
1307 3039 1459 3109 quod
1493 3054 1606 3094 ms.
1640 3038 1698 3092 F.
1735 3038 1785 3093 ei
1833 3053 2076 3108 sugges-

423 3129 597 3193 serat,
630 3126 792 3179 etab
841 3124 973 3181 aliis
1028 3126 1330 3180 codicibus
1390 3128 1748 3197 agnoscitur,
1782 3131 1957 3189 atque
2005 3126 2076 3180 ab

423 3211 572 3282 ipsis
633 3215 921 3284 excerptis
979 3214 1243 3286 Procopii
1300 3232 1428 3284 pag.
1484 3217 1609 3270 20:
1658 3215 1746 3278 Ὡς
1801 3211 2076 3277 ἀσυνέτοις

424 3275 486 3354 τ-δ
544 3275 854 3376 προσέχειν,
889 3300 923 3370 ἢ
980 3302 1042 3356 τὸ
1101 3275 1462 3371 ἰνίυτίζεσόαι,
1505 3303 1580 3366 ὡς
1647 3275 1906 3373 ἐξέδωκαν
1963 3275 2149 3356 ἕτεέα

421 3407 528 3465 ροι·
561 3393 798 3462 Populos
837 3395 1134 3448 crassiores
1173 3401 1226 3448 et
1276 3393 1528 3449 rudiores
1584 3393 1925 3462 attendendi,
1957 3401 2072 3460 aut,

417 3482 478 3532 ut
506 3481 612 3534 alii
639 3481 958 3549 ediderunt,
978 3482 1206 3536 auribus
1231 3483 1590 3552 percipiendi.
1624 3487 1761 3536 Tres
1797 3482 2075 3536 nimirum

415 3567 763 3640 interpretes
819 3571 1047 3626 Graecos
1105 3569 1400 3642 intelligit,
1460 3570 1754 3640 Aquilam,
1813 3575 2075 3642 Symma-

414 3656 686 3722 chum,et
709 3659 1466 3731 Tbeodotionem,quorum
1489 3660 1674 3714 versio
1719 3659 1778 3714 in
1811 3661 2080 3731 Telraplis

416 3761 550 3800 cum
583 3746 971 3817 Septuaginta
999 3749 1316 3816 conjuncta
1347 3754 1488 3804 erat.
1517 3749 1718 3820 Itaque
1767 3749 1874 3804 hoc
1921 3751 2076 3821 frag-

420 3839 685 3888 mentum
747 3834 983 3890 illorum
1061 3835 1336 3890 Flaminii
1413 3837 1625 3892 Nobilii
1704 3837 2076 3893 collectaneis

420 3924 868 3995 adjungendum
953 3927 1065 3979 est.
1127 3923 1306 3980 Paulo
1393 3930 1545 3996 post,
1603 3924 1664 3978 οὗ
1741 3922 2074 3999 φυλακτικάς

419 4009 681 4080 ἐστιν,εἱο
709 4012 996 4068 extulerat
1029 4013 1384 4084 interpres,«
1413 4014 1483 4068 ad
1517 4017 1689 4085 cujus
1720 4015 2074 4084 custodiam,

416 4101 514 4170 qui
538 4105 798 4157 attentus
827 4107 935 4170 est,
969 4100 1196 4157 celeber
1227 4101 1439 4157 evadit.
1477 4124 1504 4151 ››

488 4209 605 4265 Col.
643 4210 745 4263 179
774 4211 818 4264 Α
844 4210 930 4264 13.
965 4209 1070 4264 Sed
1099 4225 1315 4264 omnem
1345 4210 1594 4264 omnino.
1627 4209 1798 4281 Atqui
1853 4208 2070 4265 falsum

415 4303 506 4354 est
537 4315 776 4354 omnem
807 4299 1049 4354 omnino
1082 4299 1238 4353 diem
1271 4299 1357 4355 sic
1386 4304 1657 4354 vocatum
1688 4314 1840 4365 esse,
1865 4315 2075 4370 nempe

412 4384 783 4456 κλητήν·ἰωο
806 4387 914 4444 hoc
937 4387 1063 4443 vult
1091 4387 1346 4443 Basilius
1377 4404 1491 4443 non
1518 4405 1700 4443 unum
1733 4389 2072 4460 quempiam

415 4477 858 4532 celeberrimum
890 4478 1044 4533 diem
1080 4476 1262 4548 rejici,
1296 4493 1497 4533 verum
1537 4494 1742 4533 omnes
1791 4477 2068 4534 celebres.

413 4567 611 4638 Neque
644 4565 799 4622 enim
859 4583 1066 4623 omnes
1126 4566 1367 4621 omnino
1425 4567 1551 4622 dies
1609 4563 1809 4634 κληταὶ
1865 4564 2070 4641 ἡμέραι

419 4660 564 4712 sunt
597 4657 908 4727 dictaa,sed
938 4655 1285 4712 celebriores
1318 4659 1548 4710 tantum
1581 4661 1639 4712 et
1666 4656 2075 4714 solemniores.

419 4745 506 4802 Ita
562 4745 803 4802 Levitici
834 4763 1002 4816 XXIII,
1034 4747 1104 4801 35
1137 4762 1149 4800 :
1182 4743 1281 4798 Καὶ
1312 4745 1347 4813 ἡ
1376 4743 1559 4818 ἡμέρα
1587 4745 1621 4812 ἡ
1654 4744 1846 4819 πρώτη
1896 4743 2081 4815 κλητή

417 4833 547 4909 ἁγία
599 4829 768 4889 ἔσται.
803 4836 868 4892 Et
922 4835 1040 4891 dies
1096 4836 1284 4906 prima
1326 4843 1523 4891 vocata
1551 4839 1746 4890 sancta
1774 4836 1879 4890 erit
1907 4837 2078 4891 vobis-

415 4928 566 4980 Item
619 4925 730 4990 23,
790 4922 855 4976 Δὶ
912 4922 1095 4996 ἑορταὶ
1168 4920 1417 4998 Κυρίου,
1477 4919 1536 4984 ἃς
1594 4921 1847 4978 καλεσετε
1910 4922 2072 4986 αὐτὰς

414 5011 624 5083 κλητὸς
683 5011 871 5088 ἁγίας²
905 5014 1188 5070 Solemnia
1240 5015 1464 5069 Domini
1515 5029 1637 5085 quae
1695 5014 1948 5069 vocabilis
2001 5032 2074 5070 ea

414 5112 617 5161 vocata
647 5111 861 5160 sancta.
894 5103 1106 5158 Eadem
1155 5119 1266 5159 vox
1319 5103 1558 5159 Hebraea
1614 5114 1784 5191 mpm
1843 5099 2074 5172 ἐπίκλη-

415 5211 509 5253 τος
563 5193 815 5248 vertitur
846 5210 880 5248 a
909 5192 1064 5260 LXX,
1115 5197 1180 5247 ut
1217 5192 1458 5248 Numer.
1505 5209 1705 5258 xxvm,
1749 5193 1834 5260 18,
1867 5192 2072 5267 Ἡμέρα

415 5282 450 5350 ἡ
484 5281 676 5354 πρώτη
701 5282 736 5350 ἡ
771 5279 1066 5350 ἐπίκλητος
1113 5277 1236 5355 ἁγία
1290 5275 1458 5348 ἔσται,
1491 5280 1607 5335 dies
1659 5283 1843 5352 prima
1882 5285 2075 5337 sancta

415 5373 520 5428 erit
541 5372 711 5428 vobis.
725 5371 980 5444 Vulgata
1004 5370 1204 5427 Latina
1223 5385 1374 5442 saepe
1393 5365 1606 5438 κλητήν
1626 5369 2072 5426 celeberrimum

419 5460 574 5516 diem
613 5461 897 5534 appellat;
933 5460 1222 5533 Isychius,
1253 5459 1513 5516 vocalem
1563 5459 1718 5515 diem
1777 5464 2071 5515 sanctum.

421 5549 664 5608 Videtur
695 5549 995 5622 designari
1025 5550 1136 5605 hac
1167 5564 1306 5606 voce
1359 5549 1484 5604 dies
1534 5548 1966 5604 convocationis
2019 5553 2076 5605 et

418 5639 756 5698 festivitatis
791 5656 803 5694 :
839 5655 974 5695 nam
1009 5644 1065 5694 et
1092 5640 1176 5694 ita
1207 5637 1398 5693 reddit
1424 5637 1832 5709 Hieronymus,
1858 5639 2073 5708 festivi.

421 5734 559 5788 tales
587 5730 740 5786 alia:
757 5744 870 5784 non
895 5731 1115 5800 feram;
1130 5727 1286 5799 quod
1304 5725 1378 5782 ad
1403 5725 1646 5781 verbum
1670 5726 1986 5784 Montanus
2006 5743 2076 5785 ex

2184 1965 2445 2037 corporis
2480 1967 2713 2033 famem,
2749 1984 2926 2037 quam
2975 1966 3130 2021 inter
3172 1966 3520 2023 al'ﬂictiones
3563 1967 3840 2024 laudibus

2185 2056 2627 2126 prosequendas
2659 2060 2932 2110 numerat
2962 2054 3200 2111 Paulus.

2247 2161 2502 2216 Col.19-l
2551 2162 2591 2216 G
2644 2163 2690 2216 1.
2728 2164 2824 2218 Res
2875 2166 2951 2217 est
3007 2163 3183 2233 cujus.
3219 2162 3552 2219 Delevimus
3605 2162 3708 2217 illa
3748 2163 3842 2218 in-

2182 2252 2476 2319 terpretis,
2513 2272 2541 2300 «
2572 2251 2867 2307 submotio
2902 2268 2934 2305 a
2965 2251 3135 2306 nobis
3178 2250 3325 2322 ipsis
3369 2251 3616 2322 requirit
3667 2267 3842 2306 accu-

2178 2343 2365 2392 ratam
2398 2355 2638 2408 operum
2671 2340 3163 2396 exercitationem.
3200 2363 3227 2388 ››
3280 2340 3568 2395 Aberrant
3614 2340 3773 2394 enim
3809 2357 3843 2395 a

2179 2445 2357 2482 sensu
2389 2429 2667 2495 auctoris,
2692 2445 2866 2500 quem
2899 2429 3195 2500 eleganter
3223 2429 3606 2484 doctissimus
3629 2431 3840 2484 Curta-

2183 2516 2304 2571 rius
2327 2522 2476 2588 apud
2504 2517 2848 2590 Procopium
2871 2521 2956 2573 sic
2979 2535 3107 2590 pag.
3130 2519 3200 2573 25
3221 2519 3507 2590 expressit
3533 2536 3546 2574 :
3576 2517 3641 2572 Ἡ
3668 2513 3724 2570 δὲ
3741 2519 3842 2581 τῆς

2179 2608 2286 2658 τῶν
2344 2609 2524 2658 κακῶν
2581 2603 2741 2674 ἕξεως
2801 2605 3077 2676 ἀπόθεσις,
3129 2601 3286 2680 ἔργον
3346 2606 3639 2682 ἡμέτερον,
3710 2605 3843 2680 βοη-

2185 2694 2405 2754 Θοῦντος
2436 2694 2704 2748 κάνταῦθα
2735 2699 2868 2749 Θεοῦ
2898 2695 2990 2749 καὶ
3045 2695 3174 2756 τοὺς
3222 2692 3510 2757 ἐθέλοντας
3571 2692 3840 2768 ὁδηγοῦν-

2181 2803 2275 2843 τος
2332 2783 2467 2856 πρὸς
2517 2783 2792 2854 ἀρετήν’‹ι
2829 2787 2923 2842 Sic
2981 2786 3266 2841 scelerum
3329 2802 3538 2856 pravos
3601 2785 3838 2840 habitus

2187 2878 2386 2928 nostra
2414 2890 2589 2944 opera
2618 2891 2846 2940 exuere,
2872 2875 2922 2931 si
2957 2875 3153 2930 divino
3185 2875 3402 2930 auxilio
3432 2874 3707 2930 voluntas
3736 2891 3838 2929 no-

2184 2963 2274 3017 bis
2305 2963 2376 3017 ad
2400 2963 2676 3018 virtutem
2693 2963 3002 3035 dirigatur,
3029 2954 3367 3034 possumus.
3390 2985 3418 3013 »
3440 2963 3632 3018 Alium
3654 2963 3843 3018 locum

2185 3051 2627 3107 emendavimus
2660 3052 2830 3123 paulo
2862 3053 3035 3119 intra,
3061 3048 3154 3104 ἰνα
3189 3052 3263 3122 μὴ
3320 3051 3484 3123 μόνον
3534 3050 3641 3104 ἀπὸ
3707 3055 3840 3108 τῶν.

2186 3139 2368 3201 Quem
2401 3139 2482 3193 ita
2511 3147 2877 3211 expresserat
2907 3141 3278 3205 Tilmannus,
3313 3161 3341 3189 «
3373 3144 3438 3195 ut
3469 3157 3540 3194 ne
3592 3139 3677 3194 illi
3711 3140 3838 3195 adi-

2197 3244 2425 3282 mamus
2465 3228 2655 3283 solum
2690 3231 2761 3282 ab
2801 3229 3135 3285 actionibus
3185 3246 3350 3284 suam
3395 3228 3842 3300 providentiam,

2189 3317 2289 3370 sed
2315 3333 2387 3371 ne
2409 3318 2642 3388 quidem
2665 3335 2697 3372 a
2718 3318 2942 3373 mutuis
2962 3317 3557 3373 confabulationibus.
3584 3317 3836 3375 »Vocem

2187 3402 2353 3474 αὐτήν
2381 3407 2581 3461 retulit
2600 3407 2671 3460 ad
2695 3407 2793 3463 Dei
2820 3408 3271 3479 providentiam,
3294 3425 3409 3462 non
3441 3408 3510 3462 ad
3544 3406 3836 3480 πονηρίαν,

2187 3499 2244 3550 et
2288 3491 2702 3570 διαλογισμούς,
2728 3498 2799 3551 ad
2847 3496 3154 3566 colloquia,
3188 3513 3303 3552 non
3331 3498 3401 3551 ad
3434 3497 3835 3566 cogitationes,

2187 3585 2257 3639 ad
2283 3601 2430 3655 quas
2453 3586 2699 3655 pertinet
2717 3587 2870 3657 quod
2896 3587 3164 3656 sequitur
3183 3601 3252 3640 ex
3272 3585 3574 3657 Apostolo,
3595 3585 3630 3653 ἡ
3655 3582 3834 3659 ἀγάπη

2189 3671 2248 3725 οὐ
2282 3670 2557 3746 λογίζεται
2586 3673 2649 3727 τὸ
2680 3673 2865 3730 κακόν.
2897 3677 3260 3746 Suffragatur
3290 3676 3429 3730 huic
3484 3675 3838 3746 interpreta-

2187 3763 2330 3817 tioni
2361 3763 2623 3834 Procopii
2646 3764 3160 3835 paraphrasisznsi
3190 3759 3281 3817 οὖν
3315 3760 3617 3836 λογισμοὺς
3648 3762 3838 3816 καθαί-

2187 3870 2318 3924 ρειν,
2349 3849 2408 3904 οὐ
2445 3852 2608 3923 μόνον
2667 3852 2856 3914 κακίας
2909 3851 3235 3906 ἀποκόπτειν
3282 3850 3567 3928 ἐνέργειαν·
3604 3875 3632 3902 α
3666 3854 3841 3908 Decet

2185 3939 2366 4011 igitur
2385 3943 2567 3996 animi
2594 3948 2790 3997 motus
2813 3943 3076 3998 internas
3099 3941 3643 4014 purgare,nonipsa
3666 3941 3839 3997 modo

2187 4031 2461 4100 nequitiae
2484 4047 2680 4101 opera.
2710 4052 2739 4082 »

2256 4117 2377 4173 Col.
2397 4120 2499 4173 195
2518 4119 2562 4173 D
2582 4121 2635 4174 3.
2659 4122 2870 4176 Omnia
2893 4123 3060 4176 enim.
3079 4125 3164 4176 Ita
3185 4120 3422 4192 quidem
3451 4119 3673 4191 Anglici
3694 4134 3838 4177 mss.

2183 4213 2241 4261 et
2265 4208 2475 4280 Regius
2498 4210 2559 4265 F.
2585 4207 2760 4262 πάντα
2789 4213 2960 4276 ποιεῖ,
3006 4209 3390 4280 quamobrem
3425 4225 3565 4265 sane
3597 4209 3837 4274 mirum,

2185 4298 2339 4366 quod
2360 4297 2649 4369 interpres
2673 4300 3013 4370 scripserat,
3043 4320 3063 4347 ι
3086 4297 3386 4352 innovabit
3407 4298 3562 4352 enim
3587 4299 3838 4364 omnia,»

2186 4387 2353 4458 quasi
2371 4387 2608 4459 legisset
2621 4381 2918 4458 μεταϐαλεῖ
2938 4384 3037 4460 γὰρ
3054 4386 3356 4442 πάντα-θοὰ
3370 4385 3632 4457 inspecto
3643 4391 3840 4458 postea

2183 4477 2358 4547 Regio
2418 4477 2602 4532 altero
2656 4493 2772 4533 ms.
2813 4476 2880 4530 H.
2915 4483 2970 4530 et
3023 4477 3062 4530 Ι.
3097 4477 3384 4546 scriptum
3415 4475 3632 4530 offendi
3660 4475 3836 4529 πάντα

2182 4564 2348 4620 ποίει.
2372 4566 2831 4622 Rescribendum
2860 4565 3063 4638 igitur,
3091 4564 3289 4620 Omnia
3316 4567 3406 4635 fac
3432 4581 3557 4620 cum
3584 4567 3839 4622 consilio.

2106 4639 2153 4704 D
2184 4655 2315 4710 Jam
2346 4671 2479 4710 vero
2511 4655 2561 4710 si
2593 4670 2845 4724 qumras,
2871 4653 3098 4709 ubihoe
3120 4653 3417 4725 Scriptura
3438 4653 3669 4722 dixerit,
3693 4654 3840 4709 nihil

2191 4744 2351 4799 aliud
2404 4744 2760 4816 respondere
2818 4759 3086 4814 possum,
3117 4742 3176 4796 in
3231 4743 3545 4799 consilium
3578 4742 3839 4799 adhibito

2187 4838 2382 4888 Graeco
2406 4833 2598 4888 indice
2623 4833 2742 4888 sive
2764 4831 3206 4888 Concordantiis
3245 4831 3524 4902 Kircberi,
3543 4849 3718 4901 quam
3751 4832 3838 4888 al-

2185 4922 2386 4978 ludere
2418 4921 2698 4977 Basilium
2727 4922 2798 4977 ad
2829 4920 2999 4976 illum
3023 4919 3412 4976 Ecclesiastici
3439 4920 3630 4975 locum
3661 4937 3837 4991 xxxu,

2184 5014 2274 5082 20,
2307 5012 2470 5066 Ἀνευ
2500 5009 2710 5084 βουλῆς
2765 5009 2932 5079 μηθὲν
2983 5010 3250 5078 ποιήσῃς,
3281 5009 3382 5064 ubi
3430 5009 3682 5080 Vulgata
3730 5011 3837 5066 ιε.-

2186 5102 2330 5167 tina,
2364 5103 2501 5157 Sine
2529 5102 2760 5156 consilio
2791 5100 2936 5154 nihil
2964 5100 3158 5170 facias.
3193 5099 3293 5152 Est
3339 5099 3573 5168 quidem
3623 5099 3836 5155 similis

2187 5192 2340 5247 alius
2374 5196 2538 5245 Prov.
2574 5207 2698 5258 χιιι,
2737 5190 2821 5256 16,
2855 5192 3072 5243 Astutus
3103 5190 3286 5244 omnia
3319 5192 3430 5257 agit
3477 5205 3602 5242 cum
3657 5191 3840 5246 consi-

2190 5279 2306 5348 lio;
2366 5279 2467 5335 sed
2529 5280 2639 5334 hoc
2687 5295 2720 5333 a
2773 5277 2912 5332 LXX
2960 5276 3042 5332 sic
3097 5277 3354 5346 etl‘ertur,
3388 5280 3497 5336 Πᾶς
3527 5280 3838 5351 πανοῦργος

2184 5367 2410 5442 πράσσει
2475 5364 2609 5440 μετᾶ
2664 5365 2936 5440 γνώσεως,
2999 5365 3184 5422 Omnis
3239 5369 3451 5420 astutus
3527 5370 3642 5434 agit
3715 5383 3840 5423 cum

2183 5459 2418 5515 scientia
2455 5473 2466 5512 :
2501 5463 2560 5512 et
2591 5457 2648 5510 in
2698 5455 2901 5511 eodem
2952 5454 3142 5526 capite
3190 5471 3337 5509 vers.
3373 5456 3442 5509 10
3475 5471 3487 5510 :
3522 5457 3630 5523 Qui
3655 5462 3840 5513 autem

2185 5548 2376 5605 omnia
2406 5553 2577 5616 agunt
2601 5561 2725 5600 cum
2753 5544 3007 5608 consilio,
3031 5552 3302 5613 reguntur
3321 5546 3621 5615 sapientia,
3644 5545 3840 5602 Greece

2185 5642 2293 5704 est,
2336 5636 2398 5688 Οἱ
2454 5616 2512 5688 δέ
2568 5634 2744 5688 αὐτῶν
2804 5631 3172 5707 ἐπιγνώμονες
3231 5631 3411 5710 σοφοί,
3469 5638 3582 5705 Qui
3651 5640 3838 5691 autem

2185 5727 2272 5782 sui
2302 5727 2550 5798 ipsorum
2595 5723 2926 5795 cognitores,
2957 5724 3256 5793 sapientes.
3288 5721 3611 5780 Theodotio
3669 5723 3834 5782 dixit.
