4176 6402
367 363 524 422 1079

1555 363 1792 428 ΝΟΤλΕ
1833 363 2282 426 FRONTONIS
2327 361 2590 424 ΒΗΟίΕΙ

3630 360 3791 422 1080

367 493 476 549 Καὶ
534 493 587 547 ἰν
647 485 1186 566 συμϐουλευομένοις
1249 491 1521 567 σοφίαοΕι
1581 497 1641 550 in
1666 497 1738 550 iis
1767 494 1864 566 qui
1892 510 2005 551 coni

2138 491 2351 547 Γίνεσθε
2406 495 2722 566 τραπεζῖται
2784 487 3053 562 δόκιμοι·
3115 495 3296 547 Estote
3362 492 3522 562 probi
3600 497 3790 564 tropa

367 581 569 639 silium
607 582 896 652 adhibent,
925 586 1224 655 sapientia.
1258 584 1382 639 lluc
1437 585 1738 656 spectabat
1779 585 2026 639 fortasse

369 672 752 728 doctissimus
783 673 1251 739 Curterius,cum
1279 674 1336 727 in
1371 675 1634 745 margine
1655 674 2023 728 Commenta-

370 760 440 816 rii
473 761 740 832 Pr000pii
772 763 1012 817 notabat
1042 762 1447 827 Proverb.xm,
1470 779 1524 834 p.
1557 764 1647 833 26,
1683 762 1781 816 ubi
1814 761 2029 833 legitur

371 849 574 906 itidem
608 855 673 906 ut
707 851 765 905 in
797 848 968 903 πάντα
998 849 1162 918 ποίει,
1201 851 1334 906 Cum
1365 852 1595 907 consitio
1620 854 1807 907 omnia
1835 853 2024 923 facito.

376 939 642 1011 Sequens
673 943 868 995 autem
891 939 1055 996 locus
1095 946 1185 996 est
1213 941 1484 996 Proverb.
1509 958 1574 1007 ιι,
1599 941 1653 996 5.
1688 939 1863 995 Paulo
1895 946 2027 995 ante

377 1046 506 1102 cap.
552 1031 604 1097 2,
638 1029 784 1085 illud
834 1031 1058 1097 Basilii,
1089 1035 1123 1099 ἡ
1185 1025 1363 1084 ἔννοια
1418 1034 1523 1084 τῶν
1584 1029 2024 1104 κεκηρυγμένων,

370 1119 455 1176 sic
486 1118 772 1175 extulerat
801 1119 1112 1193 interpres,
1151 1145 1170 1169 «ε
1208 1121 1486 1193 cogitatio
1542 1137 1890 1176 arcanorum
1923 1137 2026 1176 no-

375 1207 586 1279 bisque
615 1207 1102 1278 formidabilium,
1138 1227 1262 1281 quaa
1296 1211 1354 1264 in
1387 1211 1688 1266 tremendo
1711 1210 1937 1280 judicio
1967 1227 2029 1266 se

371 1296 636 1354 offerent.
672 1321 701 1350 ››
727 1301 801 1353 At
832 1315 1037 1354 omnes
1067 1303 1404 1355 constanter
1442 1299 1646 1372 legunt
1691 1298 2028 1372 κεκηρυγμέ-

372 1407 503 1454 νων,
535 1404 649 1442 non
680 1386 1093 1461 κεκρυμμένων.

442 1475 563 1532 Col.
584 1476 687 1531 l98
711 1482 754 1530 A
775 1478 826 1532 4.
846 1478 982 1545 Quae
1001 1478 1358 1550 acceptando.
1384 1478 1679 1550 Scriptum
1706 1478 1940 1535 exhibet
1965 1479 2026 1534 F.

371 1568 428 1621 et
460 1564 746 1636 Anglicus
803 1584 955 1622 unus
1013 1564 1077 1618 τά
1133 1586 1189 1620 τι
1236 1563 1427 1620 λεκτέα
1481 1566 1570 1620 καὶ
1631 1568 1732 1639 μή,
1772 1567 1861 1621 καὶ
1911 1570 2030 1630 ταῖς

373 1673 599 1727 συγκατ.
633 1659 708 1709 At
733 1655 885 1710 alius
919 1655 1138 1727 Anglic.
1169 1655 1236 1708 τά
1288 1675 1348 1709 τε
1385 1653 1576 1710 λειιτὲα
1629 1656 1718 1710 καὶ
1776 1656 1842 1710 τὰ
1896 1675 2030 1732 πρα-

373 1740 521 1813 κτέα,
555 1741 645 1796 καὶ
679 1743 786 1815 μὴν
821 1742 909 1796 καὶ
968 1749 1085 1805 ταῖς
1132 1765 1287 1818 συγκ.
1326 1766 1352 1798 ι
1383 1749 1516 1812 Quae
1561 1747 1806 1802 dicenda
1862 1753 2024 1814 sunt,

2135 585 2282 638 sitae.
2319 583 2337 636 l
2396 582 2660 636 Thessal.
2721 598 2777 650 v,
2808 582 2916 635 21:
2953 582 3151 637 Omnia
3203 582 3447 651 probate,
3481 583 3632 652 quod
3693 582 3790 636 bo-

2134 689 2271 725 num
2299 676 2375 725 est
2407 677 2601 728 tenete.

2207 760 2324 816 Col.
2360 762 2464 830 214
2521 767 2560 815 G
2610 763 2663 816 7.
2713 760 2882 828 Quale
2938 761 3107 815 enim.
3169 758 3297 814 Haec
3354 760 3632 831 periodus
3688 779 3791 815 us-

2137 867 2249 921 que
2279 851 2347 903 ad
2382 850 2684 919 sequentis
2714 849 2932 920 paginae
2963 848 3178 904 lineam
3203 849 3468 920 quintam
3501 850 3789 905 decimam

2139 939 2425 1010 pendente
2458 938 2749 993 sententia
2780 944 3054 1010 protensa
3075 937 3132 992 in
3157 943 3275 992 tres
3307 937 3569 994 diversas
3604 941 3791 995 fuerat

2138 1028 2324 1083 divisa
2379 1028 2650 1100 periodos
2700 1029 2771 1083 ab
2805 1027 3122 1100 interprete
3153 1027 3262 1082 hoc
3294 1032 3464 1098 pacto
3500 1045 3512 1084 :
3549 1051 3575 1077 «
3611 1029 3793 1093 Quale

2139 1116 2293 1171 enim
2312 1121 2566 1188 spectac.
2587 1133 2842 1188 quanam
2860 1117 3082 1172 ratione
3105 1114 3449 1187 religiosum
3474 1117 3587 1171 dici
3615 1124 3792 1188 queat

2139 1210 2196 1261 et
2226 1207 2613 1262 admiratione
2643 1205 2932 1278 dignum?
2962 1205 3172 1260 Parum
3208 1206 3373 1261 abest
3405 1209 3519 1260 tale
3552 1206 3694 1278 quid
3719 1209 3792 1264 ab

2145 1295 2457 1350 hominum
2493 1295 2981 1366 natura/Equum
3008 1295 3199 1350 fuerat
3217 1298 3278 1349 ut
3297 1294 3383 1349 vel
3414 1294 3618 1350 multis
3652 1297 3789 1352 affe-

2138 1389 2266 1440 ctus
2298 1384 2592 1452 conviciis,
2635 1405 2663 1434 »
2695 1390 2804 1440 etc.
2837 1383 2960 1438 Non
2993 1383 3178 1455 igitur
3227 1382 3300 1437 ab
3349 1383 3657 1439 hominum
3693 1403 3793 1440 na-

2137 1477 2272 1529 tura
2329 1474 2470 1530 dicit
2527 1475 2751 1540 abesse,
2807 1474 2923 1528 imo
2982 1472 3142 1526 illius
3195 1476 3432 1542 captum
3493 1474 3794 1543 excedere,

2140 1564 2293 1634 quod
2331 1563 2610 1618 nimirum
2646 1563 2716 1618 ab
2749 1579 2817 1617 ea
2845 1562 3057 1616 virtute
3085 1561 3356 1616 homines
3409 1565 3519 1616 Deo
3569 1562 3795 1619 similes

2138 1655 2488 1709 efﬁciantur.
2524 1653 2688 1708 Unde
2736 1651 2933 1707 Cicero
2989 1667 3090 1722 pro
3143 1650 3418 1717 Marcello,
3451 1673 3478 1700 «
3511 1652 3791 1708 Animum

2137 1743 2389 1814 vincere,
2411 1743 2775 1800 iracundiam
2803 1740 3096 1808 cohibere,
3117 1741 3411 1796 victoriam
3442 1745 3790 1812 temperare,

375 1849 622 1904 quisque
653 1833 898 1904 agenda.
932 1855 959 1884 »
992 1834 1061 1889 Η.
1092 1840 1134 1890 Ι.
1166 1832 1233 1887 τά
1261 1854 1319 1887 τε
1349 1831 1540 1889 λεκτέα
1568 1835 1655 1889 καὶ
1693 1836 1792 1907 μή.
1834 1859 1854 1886 ι
1890 1838 2005 1902 Qua

2138 1834 2533 1889 adversarium
2563 1829 3785 1902 nobilitate,ingenio,virtutepraetentam,

375 1920 625 1976 dicenda
653 1922 794 1990 sint,
827 1939 952 1994 quae
984 1940 1098 1979 non
1129 1923 1397 1980 dicenda.
1430 1947 1459 1976 »

439 2027 555 2083 Col.
592 2028 694 2083 199
723 2028 763 2082 C
823 2029 870 2084 1.
906 2029 1290 2100 Despondenti,
1339 2028 1824 2102 καθαρμοζομὲνῳ.
1873 2031 2014 2087 Ver-

366 2119 517 2172 terat
564 2116 877 2188 interpres,
909 2139 936 2170 ι
961 2121 1427 2176 accommodanti
1461 2136 1581 2177 eam
1609 2121 1719 2176 sibi
1752 2122 1824 2176 ad
1856 2121 2012 2176 salu-

363 2209 484 2261 tem
519 2221 532 2260 :
565 2227 594 2257 »
621 2207 722 2262 sed
755 2223 890 2262 cum
923 2209 993 2263 ad
1024 2209 1287 2280 Apostoli
1316 2208 1510 2265 locum
1544 2209 1765 2265 alludat
1808 2210 1857 2265 ΙΙ
1907 2209 2011 2265 Co-

360 2293 540 2350 rinth.
573 2312 653 2367 XI,
684 2297 739 2367 2,
773 2295 1132 2370 Ἡρμοσάμην
1182 2297 1284 2372 γὰρ
1333 2297 1473 2370 ὑμᾶς
1525 2297 1602 2352 ὲνὶ
1653 2294 1829 2370 ἀνδρί,
1872 2298 2012 2354 Vul-

357 2387 505 2454 gata:
565 2384 781 2440 Latins:
830 2387 1006 2441 verba
1061 2387 1504 2457 substituimus,
1540 2389 1809 2459 Despondi
1863 2391 2014 2444 enim

354 2486 449 2528 vos
478 2474 581 2528 uni
613 2475 754 2529 viro.
791 2475 938 2532 Nam
967 2493 1072 2531 nec
1106 2477 1230 2548 ipse
1261 2477 1406 2531 Beza
1463 2476 1751 2532 difﬁtetur
1806 2475 2011 2549 ἁρμότ-

356 2560 536 2614 taceat
567 2563 723 2634 apud
755 2563 1111 2620 Herodotum
1146 2567 1302 2621 sumi
1348 2583 1450 2636 pro
1514 2563 1924 2635 μνηστεύεσθαι,
1957 2571 2013 2622 et

357 2651 602 2706 verbum
632 2653 945 2708 Hebraeum
977 2665 1096 2720 πω,
1116 2672 1250 2711 cum
1284 2657 1355 2710 de
1384 2654 1543 2710 omni
1571 2656 1879 2710 commoda
1909 2673 2010 2727 ap-

358 2738 673 2811 plicatione
702 2741 952 2810 dicatur,
987 2745 1059 2798 de
1083 2761 1150 2799 ea
1178 2745 1410 2815 proprie
1439 2744 1574 2813 dici,
1600 2760 1729 2817 quas
1761 2745 1831 2799 ad
1865 2761 2004 2800 con-

349 2828 585 2900 jugium
618 2837 858 2902 spectat.
892 2833 1072 2887 Paulo
1104 2837 1236 2904 post
1291 2849 1406 2887 non
1465 2834 1609 2888 satis
1663 2849 2005 2905 expressum

355 2916 548 2973 fuerat
578 2917 744 2987 illud,
765 2919 1053 2992 ὁμοτίμως
1081 2925 1199 2981 τοῖς
1234 2920 1564 2994 ἀνθρὼποις’
1599 2945 1625 2972 ‹‹
1662 2923 1830 2993 quasi
1854 2928 2006 2980 Deus

356 3022 419 3060 se
451 3007 722 3063 demittat
752 3010 824 3064 ad
848 3009 1492 3082 hominumjudicium,
1513 3011 1653 3080 imo,
1675 3012 1844 3083 quasi
1876 3012 2003 3084 pari

354 3110 489 3150 cum
520 3095 605 3152 eis
635 3097 764 3168 iure
796 3097 1100 3171 disceptet.
1127 3122 1156 3149 »

423 3183 542 3240 Col.
573 3186 680 3240 206
710 3187 758 3241 A
784 3187 840 3242 5.
874 3190 938 3242 In
994 3189 1123 3244 caelo
1177 3206 1393 3246 carnes.
1452 3194 1777 3246 Annotarat
1828 3195 2003 3246 antea

348 3271 637 3345 interpres
669 3274 755 3331 vel
790 3275 942 3332 alius
981 3277 1276 3348 quispiam
1315 3296 1418 3350 pro
1450 3276 1661 3351 οὐρανῷ
1691 3280 1884 3335 forsan
1921 3279 2001 3336 le-

349 3363 608 3434 gendum
643 3359 820 3436 ζήλῳ,
852 3367 966 3422 zelo
995 3385 1014 3421 .·
1045 3368 1147 3422 sed
1180 3385 1296 3423 non
1327 3368 1655 3424 adverterat
1682 3369 1858 3424 verba
1875 3385 2005 3425 esse

350 3451 648 3523 prophetze
705 3455 872 3510 Isaiae
925 3471 1119 3521 xxxw,
1167 3457 1204 3511 5
1250 3454 1600 3527 εἘμεούσθη
1655 3458 1690 3525 ἡ
1755 3457 2003 3531 μάχαιρά

353 3557 459 3609 μου
491 3537 543 3592 ἰν
563 3543 641 3610 τῷ
673 3540 912 3616 οὐρανῷ·
951 3544 1264 3602 Inebriatus
1320 3549 1398 3602 est
1452 3547 1675 3615 gladius
1729 3564 1884 3603 meus
1940 3550 2000 3602 in

347 3629 500 3684 caelo.
531 3632 702 3701 Apud
736 3635 1082 3704 Pr000pium
1117 3634 1330 3691 similis
1359 3643 1450 3691 est
1479 3653 1548 3690 ex
1574 3636 1828 3692 Jeremia
1867 3652 1998 3692 sen-

348 3717 557 3784 tentia,
616 3717 917 3791 Ἐμεθύσθη
994 3721 1098 3775 ἀπὸ
1162 3719 1391 3794 α’ίματος
1476 3727 1846 3796 τραυματιῶν,
1906 3730 1999 3781 1n-

347 3805 594 3863 ebriatus
625 3817 702 3865 est
720 3813 996 3883 sanguine
1011 3813 1425 3869 vulneratorum
1449 3831 1462 3870 :
1481 3814 1578 3868 ubi
1603 3831 1729 3884 cap.
1754 3830 1922 3868 xxxrv
1938 3815 1996 3868 in

348 3897 614 3968 margine
647 3901 870 3954 notavit
900 3901 1207 3972 interpres,
1241 3919 1375 3957 cum
1421 3903 1495 3957 sit
1533 3903 1801 3958 Jeremias
1847 3921 1996 3973 XLVI,

346 3985 462 4040 10:
515 3984 622 4040 Καὶ
675 3988 1037 4062 καταφάγεται
1094 3991 1128 4058 ἠ
1193 3988 1441 4064 μάχαιρα
1496 3993 1591 4044 τοῦ
1649 3990 1850 4064 Κυρίου
1905 3991 1992 4046 καὶ

341 4067 818 4147 ἐμπλησθήσεται,
876 4076 964 4130 καὶ
1029 4079 1420 4149 μεθυσθήσεται
1475 4077 1582 4132 ἀπὸ
1665 4084 1762 4134 τοῦ
1832 4077 1994 4153 αἳμα-

339 4180 433 4222 τος
463 4161 665 4218 αὐτῶν·
695 4167 760 4222 Et
815 4166 1104 4224 devorabit
1149 4169 1375 4242 gladius
1431 4171 1672 4236 Domini,
1703 4174 1753 4226 et
1781 4175 1996 4226 satura-

341 4251 506 4321 bitur,
538 4257 588 4309 εἰ
622 4255 996 4312 inebriabitur
1023 4259 1295 4328 sanguine
1317 4276 1525 4316 eorum.

411 4358 531 4415 Col.
571 4361 679 4415 207
709 4367 748 4418 Β
778 4363 865 4418 12.
903 4363 985 4418 Ad
1011 4364 1375 4434 probabilem.
1416 4365 1485 4420 Ut
1534 4366 1593 4420 in
1643 4371 1768 4421 cote
1822 4383 1994 4422 secu-

341 4463 435 4502 res
467 4455 526 4504 et
552 4451 737 4521 gladii
768 4461 1082 4519 acuuntur,
1097 4455 1181 4510 sic
1213 4454 1446 4510 illorum
1471 4471 1663 4510 sermo
1695 4459 1995 4511 mundana

342 4535 629 4607 sapientia
659 4543 716 4594 et
743 4539 1047 4597 rhetoricas
1079 4545 1381 4615 praceptis
1415 4545 1644 4599 acuitur
1675 4561 1687 4600 :
1722 4551 1782 4600 at
1808 4544 1991 4600 inter-

342 4641 478 4696 pres
489 4627 800 4684 verborum
815 4631 1158 4700 traiectione
1170 4631 1327 4687 hunc
1340 4649 1575 4688 sensum
1593 4633 1991 4689 obscuriorem

343 4714 680 4772 reddiderat
711 4735 724 4773 :
760 4741 788 4769 «
821 4719 1069 4776 Perinde
1095 4737 1160 4776 ac
1190 4721 1384 4793 gladio
1415 4740 1686 4779 sermone
1718 4723 1992 4793 quapiam

341 4804 635 4875 sapientia
655 4807 946 4864 mundiali
969 4816 1468 4882 exacuentes,quo
1496 4829 1597 4883 per
1628 4811 1989 4884 probabilem

341 4894 921 4954 verisimilitudinem
952 4899 1210 4954 exitialia
1240 4900 1481 4956 vulnera
1510 4901 1786 4956 inferant.
1821 4922 1848 4949 ι)
1884 4900 1990 4954 Re-

337 4985 491 5040 ctius
523 5001 658 5057 ergo
690 4987 978 5055 scribes,«
999 4989 1243 5059 perinde
1272 5006 1338 5044 ac
1367 4988 1561 5061 gladio
1591 4989 1846 5060 quodam
1869 5005 1989 5045 ser-

331 5088 526 5142 mone,
561 5075 635 5131 ad
679 5076 962 5133 orationis
1011 5077 1510 5149 probabilitatem,
1565 5079 1866 5134 mundana
1896 5096 1991 5134 sa-

329 5161 555 5232 pientia
584 5164 861 5222 instructi
914 5166 1195 5222 exitialia.
1229 5189 1256 5216 ››
1289 5167 1607 5238 Procopius
1639 5166 1785 5221 dixit
1819 5184 1831 5222 :
1867 5168 1987 5222 Τῶν

335 5247 722 5326 ἁπλουστέρων
751 5254 850 5322 τήν
909 5255 1052 5323 ζωὴν
1112 5252 1794 5332 ἀφαιρούμενοι,καθάπερ
1852 5254 1988 5332 ξίφει

327 5341 408 5407 τῷ
443 5336 589 5413 λόγῳ
619 5348 719 5410 τῆς
745 5347 844 5396 τοῦ
875 5344 1086 5415 κόσμου
1114 5343 1326 5421 σοφίας·
1364 5369 1390 5395 α
1427 5345 1613 5401 Veluti
1653 5344 1847 5416 gladio
1879 5346 1989 5401 hu-

323 5426 430 5497 jus
461 5431 667 5485 mundi
700 5432 1002 5503 sapientiae
1040 5435 1171 5489 fuco
1206 5435 1476 5490 instructi
1526 5435 1989 5506 simplicioribus

332 5515 512 5572 vitam
545 5519 837 5576 adimunt.
876 5545 896 5572 ιο
933 5523 1052 5577 Sub
1085 5524 1258 5580 ﬁnem
1309 5525 1535 5597 paginae
1592 5526 1762 5599 pauci
1822 5525 1990 5598 probi

335 5605 604 5678 rapezitaa
619 5607 1319 5682 dicunturjuxtaDomini
1335 5616 1599 5686 verbum,
1626 5617 1801 5687 cujus
1823 5631 1987 5671 men-

333 5694 416 5753 tio
466 5695 931 5757 Constitutionum
987 5703 1426 5773 apostolicarum
1481 5705 1585 5760 lib.
1637 5721 1700 5772 xi,
1733 5721 1862 5776 cap.
1895 5705 1984 5762 36.

2133 1941 2248 1979 non
2282 1924 2454 1979 modo
2485 1921 2758 1977 extollere
2779 1921 3094 1992 jacentem,
3129 1919 3228 1974 sed
3262 1918 3625 1990 amplificare
3654 1921 3788 1990 ejus

2125 2013 2435 2084 pristinam
2459 2012 2828 2083 dignitatem,
2848 2009 2966 2065 haec
2991 2008 3088 2078 qui
3117 2007 3310 2074 faciat,
3345 2025 3463 2063 non
3493 2024 3600 2080 ego
3637 2023 3776 2065 eum

2125 2118 2258 2157 cum
2290 2101 2542 2158 summis
2563 2100 2702 2155 viris
2719 2098 3130 2169 comparo,sed
3154 2097 3526 2153 simillimum
3555 2099 3774 2169 Deoju-

2123 2191 2252 2246 dico
2277 2211 2289 2259 ;
2329 2214 2348 2240 η
2385 2195 2442 2246 ct
2470 2189 2828 2246 Claudianus
2852 2191 2929 2243 De
2959 2191 3151 2258 quarto
3181 2187 3492 2255 consulatu,

2371 2300 2505 2355 Sola
2538 2299 2669 2353 Deos
2697 2300 2883 2368 aequat
2911 2294 3205 2350 clementia
3232 2294 3413 2350 nobis.

2193 2406 2312 2461 Col.
2370 2407 2496 2460 342.
2547 2407 2584 2460 Β
2641 2405 2693 2458 9.
2760 2405 2822 2460 Ut
2877 2403 3177 2474 graviores.
3235 2405 3420 2456 Antea
3473 2401 3778 2473 legebatur

2122 2497 2321 2551 minus
2354 2501 2510 2566 apte,
2533 2517 2560 2545 ‹‹
2583 2494 2738 2564 quod
2771 2493 2843 2548 ab
2873 2508 2938 2547 eo
2968 2492 3188 2546 videret
3218 2507 3280 2545 se
3309 2495 3476 2545 tanto
3495 2490 3776 2562 graviori-

2121 2586 2232 2640 bus
2263 2583 2620 2640 circumsisti
2681 2581 3008 2637 molestiis:
3043 2599 3068 2631 ιι
3133 2584 3194 2634 at
3249 2579 3340 2634 hic
3395 2578 3772 2652 περιίστασθαι

2119 2692 2234 2730 non
2285 2673 2541 2729 obsideri
2599 2677 2789 2739 sonat,
2843 2671 2944 2726 sed
3005 2668 3319 2733 declinare,
3372 2673 3474 2723 aut
3530 2669 3769 2725 evitare.

2118 2763 2297 2819 Paulo
2329 2768 2460 2835 post
2485 2761 2789 2833 expunctis
2806 2759 3066 2830 Vulgatis
3089 2757 3283 2812 verbis
3306 2757 3670 2828 subjecimus
3689 2758 3772 2812 in-

2115 2852 2589 2922 terpretationem
2622 2851 2692 2905 ad
2726 2849 2966 2904 verbum
3015 2863 3084 2902 ex
3140 2845 3453 2901 Basiliensi
3485 2846 3763 2917 editione,

2115 2942 2250 3013 Sap.
2285 2958 2364 3010 v1,
2391 2941 2446 2996 7.

2184 3029 2302 3085 Col.
2333 3031 2439 3084 219
2469 3033 2512 3084 Α
2542 3032 2596 3082 2.
2643 3029 2722 3086 Ob
2781 3027 2878 3083 hoc
2932 3034 2986 3081 et
3039 3032 3264 3080 statuta.
3302 3026 3617 3078 Annotarat
3671 3023 3759 3076 in-

2111 3125 2338 3192 terpres
2367 3120 2427 3174 in
2460 3119 2745 3187 margine,
2784 3139 2804 3166 ιι
2839 3115 3088 3171 Attende
3120 3114 3377 3184 priscum
3414 3129 3636 3168 morem
3657 3113 3760 3166 Ec-

2113 3209 2331 3264 clesiae:
2354 3229 2380 3258 ››
2414 3210 2512 3263 sed
2549 3209 2641 3263 hic
2675 3223 2801 3262 mos
2835 3222 2947 3260 non
2981 3204 3127 3259 satis
3157 3203 3416 3258 dilucide
3447 3206 3574 3256 erat
3593 3201 3767 3272 expli-

2114 3305 2318 3367 catus;
2355 3298 2436 3352 sic
2467 3300 2618 3353 enim
2651 3302 2773 3351 erat
2805 3311 2818 3349 :
2859 3317 2885 3345 ‹‹
2915 3294 2995 3348 Ob
3049 3292 3156 3347 hoc
3187 3298 3244 3346 et
3276 3292 3446 3363 signa
3499 3291 3767 3361 quaedam

2112 3388 2333 3442 circum
2366 3387 2671 3442 ecclesiam
2707 3389 3070 3447 statuuntur,
3104 3398 3229 3448 quas
3263 3380 3662 3450 deprehensos
3708 3380 3770 3434 in

2111 3477 2439 3531 interdictis
2461 3475 2711 3547 peccatis
2734 3477 3012 3529 abarcent
3029 3472 3294 3542 ingressu
3318 3473 3375 3523 et
3395 3473 3767 3538 segregant:-

2111 3565 2280 3635 quasi
2317 3565 2595 3618 nimirum
2629 3567 2829 3618 essent
2858 3561 3080 3631 efﬁgies
3114 3559 3382 3630 quaedam
3406 3563 3506 3611 aut
3548 3573 3766 3627 μορμο-

2112 3651 2321 3719 λυκεῖα,
2356 3669 2486 3724 quas
2513 3653 2646 3707 illos
2678 3652 2981 3723 abigerent
3013 3667 3026 3716 ;
3061 3649 3182 3703 imo
3219 3648 3378 3717 ipsas
3408 3645 3760 3699 ecclesiasti-

2111 3759 2207 3797 cas
2241 3743 2457 3797 indicat
2490 3741 2843 3796 sanctiones.
2877 3741 3093 3794 Amant
3154 3737 3313 3791 enim
3373 3733 3484 3789 hac
3513 3749 3651 3788 voce
3682 3734 3767 3788 uti

2109 3831 2218 3886 hac
2242 3831 2475 3886 notione
2492 3830 2745 3887 Basilius
2777 3834 2833 3885 et
2863 3828 2959 3884 alii
2987 3831 3257 3882 auctores
3280 3822 3685 3887 ecclesiastici,
3703 3828 3768 3878 ut

2106 3921 2208 3976 lib.
2245 3925 2323 3976 De
2361 3922 2576 3991 Spiritu
2623 3929 2808 3975 sancto
2865 3933 2991 3988 cap.
3042 3917 3158 3970 29:
3196 3913 3294 3967 Καὶ
3339 3908 3406 3978 δὴ
3466 3909 3556 3964 καὶ
3617 3910 3766 3982 παρὰ

2104 4014 2212 4064 τῶν
2241 4010 2346 4083 πρὸ
2371 4011 2532 4082 ὖμῶν
2566 4003 2942 4082 πρεσϐυτέρων
2969 4007 3141 4059 τύπον
3197 4002 3289 4056 καὶ
3341 4001 3543 4056 κανόνα
3573 4020 3764 4074 παρει-

2107 4097 2366 4175 ληφότες·
2409 4121 2430 4148 α
2466 4101 2533 4155 Et
2574 4117 2681 4156 nos
2724 4100 2902 4155 etiam
2935 4098 3120 4152 forma
3151 4091 3474 4164 regulaque
3503 4107 3537 4146 a
3566 4091 3762 4146 senio-

2105 4191 2294 4260 ribus,
2327 4191 2427 4260 qui
2462 4195 2596 4245 ante
2627 4205 2734 4245 nos
2759 4189 3047 4252 vixerunt,
3067 4187 3325 4254 accepta.
3352 4202 3381 4230 »
3413 4185 3478 4235 Et
3508 4180 3566 4235 in
3594 4179 3764 4250 epist.

2107 4279 2133 4333 1
2171 4296 2183 4334 :
2218 4274 2597 4347 Ὑποδὲξασθαι
2629 4280 2698 4350 τῇ
2749 4272 2944 4349 καρδίᾳ
2999 4272 3094 4333 τὰς
3154 4270 3215 4324 ἐκ
3267 4275 3367 4338 τῆς
3425 4265 3567 4330 θείας
3622 4263 3769 4320 διδα-

2103 4363 2331 4426 σκαλίας
2359 4365 2712 4441 ἐγγινομένας
2745 4361 3125 4421 διατυπώσας·
3167 4384 3187 4412 ι
3216 4358 3292 4415 Ut
3320 4362 3524 4430 aptum
3558 4355 3636 4411 sit
3657 4356 3757 4409 ad-

2101 4457 2337 4512 mittere
2377 4457 2751 4528 disciplinam
2784 4472 2853 4511 ex
2881 4452 3097 4508 divinis
3143 4444 3548 4504 monumentis
3578 4444 3760 4499 infor-

2101 4553 2345 4600 matam.
2370 4568 2397 4594 ››
2419 4546 2513 4601 Sic
2535 4545 2760 4617 accepit
2778 4545 2886 4600 hoc
2907 4543 3032 4598 loco
3059 4537 3262 4598 τύπους
3295 4537 3585 4606 interpres
3619 4533 3758 4588 Pro-

2101 4635 2252 4705 copii
2285 4652 2417 4707 pag.
2450 4637 2521 4691 35
2550 4654 2568 4692 :
2599 4635 2692 4688 Διὸ
2721 4633 2811 4688 καὶ
2840 4639 2939 4700 τῆς
2971 4627 3301 4695 Ἐκκλησίας
3333 4624 3383 4678 οἱ
3408 4621 3570 4677 τύποι
3627 4618 3754 4683 τοὺς

2101 4721 2520 4798 ἀπηγορευμένα
2569 4721 3040 4796 πλημμελοῦντας
3095 4714 3452 4792 χωρίζουσιν’
3489 4736 3516 4763 (ί
3549 4716 3756 4782 Itaque

2089 4818 2159 4868 et
2216 4814 2350 4877 illis,
2380 4815 2596 4885 quibus
2653 4814 2914 4870 Ecclesia
2959 4811 3168 4874 utitur,
3196 4803 3462 4862 formulae
3500 4817 3624 4869 eos,
3654 4800 3756 4872 qui

2097 4902 2276 4959 vetita
2305 4910 2629 4975 patrarunt,
2664 4921 2697 4959 a
2727 4902 2970 4974 reliquis
3001 4899 3300 4970 separant.
3333 4914 3362 4944 »
3392 4891 3502 4949 Sed
3530 4894 3589 4946 et
3618 4905 3755 4945 con-

2100 4991 2467 5049 stitutionem
2491 4997 2664 5050 sonat
2686 4988 3039 5058 διατύπωσις,
3063 4982 3335 5052 ιητύπος,
3355 5003 3383 5032 (ι
3408 4983 3752 5036 Βιαῐιιῒυωοι

2098 5082 2420 5140 Concilium
2440 5083 2786 5141 Sardicense
2805 5098 2934 5137 can.
2963 5080 3030 5136 12
3052 5095 3064 5133 ;
3089 5078 3360 5133 ’Ἀπαντις
3385 5067 3438 5124 οἳ
3469 5063 3754 5121 ἐπίσκοποι

2101 5171 2270 5226 εἶπον·
2303 5173 2548 5247 Ἀρέσκει
2605 5173 2695 5228 καὶ
2753 5171 2887 5241 αὕτη
3037 5163 3367 5222 διατύπωσις
3403 5179 3414 5192 ⁶
3453 5180 3480 5208 ί(
3538 5156 3756 5247 omnes

2098 5243 2667 5334 episcopi'dixerunt
2691 5281 2704 5319 :
2732 5263 2924 5319 Placet
2943 5261 3066 5316 haec
3088 5268 3322 5329 quoque
3344 5243 3708 5334 constitutio.
3728 5265 3754 5292 »

2099 5330 2374 5421 Basilius,
2394 5355 2598 5423 Regula
2628 5355 2695 5408 47
2723 5355 2906 5424 fusius
2935 5351 3138 5421 disput.
3170 5339 3302 5417 Περὶ
3333 5341 3441 5393 τῶν
3475 5334 3549 5408 μὴ
3585 5330 3751 5424 Saxo;

2104 5439 2276 5512 μενων
2337 5441 2402 5495 τὰ
2448 5445 2592 5516 παρᾶ
2646 5446 2743 5496 τοῦ
2789 5441 3132 5516 προεστῶτος
3185 5427 3520 5502 τυπούμενα.
3554 5423 3661 5516 Ἰζὸν
3698 5419 3754 5476 δὶ

2102 5508 2177 5602 ίιῆ
2230 5508 2665 5606 καταδεχόμενον
2709 5529 2777 5586 τὰ
2832 5508 2979 5605 παρὰ
3034 5527 3132 5581 τοῦ
3179 5520 3524 5596 προεστῶτος
3564 5508 3750 5606 Δδιατε-

2095 5618 2350 5692 ταγμὲνα·
2387 5623 2470 5678 sic
2499 5623 2654 5678 enim
2682 5637 2890 5678 censeo
2920 5615 3334 5689 corrigendum
3396 5623 3501 5680 pro
3561 5599 3742 5658 διαπι-

2095 5707 2398 5784 πραγμένα·
2439 5732 2465 5765 ι
2513 5716 2591 5768 De
2648 5712 2761 5782 his,
2812 5709 2912 5784 qui
2972 5707 3182 5766 nolunt
3229 5699 3558 5765 admittere,
3616 5704 3746 5764 qua
