4176 6414
422 373 572 432 1081

1607 374 1707 433 AD
1754 372 2159 434 COMMENT.
2208 374 2286 433 IN
2330 373 2625 434 ISAIAM.

3677 370 3833 432 1082

419 519 522 574 per
551 504 871 559 antistitem
907 504 1246 576 praescripta
1276 508 1437 572 sunt,
1474 504 1687 559 Verum
1720 503 1900 574 is,qui
1926 502 2072 558 nolit
2101 504 2154 570 Α
2181 504 2362 560 Vetus
2384 506 2824 560 Testamentum
2848 503 2907 558 in
2931 505 3184 558 Graecam
3208 502 3472 573 linguam
3496 519 3565 557 ex
3586 501 3825 557 Hebraeo

420 592 751 658 admittere,
777 609 904 662 quae
934 593 1181 648 antistes
1203 593 1848 664 perﬁciundajusserit.
1871 616 1897 641 »
1922 595 2067 648 Con-

419 682 510 734 cil.
548 681 932 753 Ephesinum,
963 700 1090 738 can.
1124 684 1146 736 1
1174 699 1185 736 ε
1221 682 1422 756 Ἐχρῆν
1451 683 1526 752 μὴ
1557 680 1818 754 ἀγνοῆσαι
1849 681 1913 734 τὰ
1946 681 2068 751 περί

419 767 591 821 αὐτῶν
642 769 1015 842 τετυπωμέναο
1065 794 1092 822 ‹‹
1127 771 1440 843 Oportebat
1479 788 1588 825 nou
1619 771 1909 842 ignorare,
1942 787 2068 841 quas

415 858 486 913 de
518 859 664 930 ipsis
695 865 834 914 sunt
873 861 1212 916 constituta.
1249 884 1274 910 ››
1309 866 1390 916 Ita
1416 861 1633 932 passim
1659 861 1715 914 in
1743 860 2069 916 canonibus

416 949 816 1019 apostolorum
865 955 922 1005 et
964 950 1344 1006 conciliorum
1393 951 1706 1022 Ancyrani,
1760 948 2067 1004 Laodiceni

414 1038 772 1107 Gangrensis
809 1038 1085 1094 dicuntur
1123 1039 1392 1107 adulteri,
1441 1039 1729 1107 sacrilegi,
1761 1044 1818 1094 et
1849 1038 1943 1094 alii
1979 1039 2067 1092 di-

415 1127 600 1181 versis
649 1127 997 1183 criminibus
1040 1129 1301 1199 obnoxii,
1337 1127 1705 1203 ἁφορίζεσθαι,
1735 1124 2063 1192 κωλύεσθαι,

416 1211 652 1286 ἀνάθεμα
698 1213 955 1290 γίνεσθαι,
1004 1216 1092 1272 vel
1132 1219 1201 1273 ad
1234 1218 1495 1274 diversos
1527 1217 1934 1288 pmnitentium
1968 1233 2065 1271 or-

416 1304 583 1359 dines
616 1307 943 1360 amandari.

485 1411 604 1467 Col.
636 1411 743 1467 219
795 1413 834 1468 Ο
883 1415 964 1470 10.
1017 1414 1120 1470 Sed
1167 1417 1562 1487 unusquisque.
1596 1415 1765 1485 Apud
1801 1411 1940 1467 LXX
1985 1412 2064 1467 le-

414 1500 612 1571 gimus
643 1501 915 1556 Judicum
950 1520 1090 1573 xvu,
1122 1505 1177 1572 6,
1210 1509 1267 1559 et
1295 1521 1409 1570 xxr,
1457 1504 1564 1557 2/1:
1617 1499 1732 1556 Οὐκ
1784 1498 1848 1566 ἦν
1906 1498 2061 1572 βασι·

416 1586 542 1650 λεὺς
598 1587 650 1642 ἐν
697 1589 941 1665 Ἰσραὴλ,
995 1592 1130 1666 ἀνὴρ
1179 1593 1241 1646 τὸ
1287 1592 1436 1653 εὗθὶς
1471 1590 1522 1644 ἐν
1557 1587 1864 1666 ὅφθοιλμοῖς
1896 1588 2062 1641 αὐτοῦ

415 1676 606 1732 ὶποίει·
660 1681 776 1736 Non
823 1687 943 1737 erat
974 1699 1077 1738 rea:
1123 1684 1182 1736 in
1213 1684 1420 1738 Israel:
1450 1684 1537 1738 vir
1563 1688 1770 1736 rectum
1803 1682 1863 1733 in
1892 1680 2064 1734 oculis

414 1770 528 1823 suis
557 1771 813 1837 faciebat.
847 1771 1166 1844 Utrobique
1197 1778 1286 1827 est
1319 1773 1376 1826 in
1428 1772 1699 1842 Vulgata,
1745 1769 1846 1824 Sed
1886 1785 2062 1824 unus-

419 1861 668 1930 quisque,
717 1861 859 1931 quod
915 1863 1024 1916 sibi
1072 1867 1278 1917 rectum
1317 1862 1634 1928 videbatur,
1669 1859 1766 1914 hoc
1793 1858 2054 1928 faciebat.

2181 594 2462 650 convertit
2489 599 2665 661 κῆπον
2709 594 2911 649 Latine
2970 592 3226 648 reddidit
3274 591 3515 648 Genesis
3545 608 3608 658 11,
3635 592 3690 655 8,
3725 590 3824 644 ubi

2182 684 2352 746 LXX,
2387 679 2731 756 παράδεισον,
2761 683 3110 753 paradisum.
3149 683 3264 736 lmo
3297 681 3406 751 ipsi
3439 681 3612 735 etiam
3651 679 3820 746 LXX,

2179 774 2609 828 Deuteronomii
2645 792 2718 838 x1,
2755 774 2842 839 10,
2873 773 3137 826 eamdem
3171 787 3367 825 vocem
3408 775 3583 836 κῆπον
3633 773 3824 823 verte-

2180 866 2350 916 runt:
2411 860 2504 913 Καῖ
2556 859 2817 928 ποτίζωσι
2862 864 2977 920 τοῖς
3028 858 3185 913 ποσὶν
3239 857 3364 911 ὡσεῖ
3415 863 3590 925 κῆπον
3637 853 3825 929 λαχα-

2176 949 2338 1010 νείας·
2388 953 2452 1004 Εἰ
2509 952 2802 1020 irrigarint
2846 950 3076 1020 pedibus
3128 949 3272 1002 sicut
3313 947 3530 1001 hortum
3588 945 3822 1000 olerum.

2178 1039 2300 1094 Illic
2331 1040 2485 1094 enim
2515 1039 2729 1094 dicitur
2759 1045 2972 1093 terram
3007 1036 3417 1109 promissionis
3448 1036 3619 1106 longe
3677 1033 3825 1088 ube-

2179 1128 2387 1184 riorem
2421 1144 2546 1184 esse
2583 1133 2972 1200 Egypto,quaa
3005 1119 3442 1196 διαϐαλλομένη,
3467 1147 3493 1173 ‹‹
3521 1124 3659 1178 dum
3683 1122 3826 1177 vitu-

2177 1223 2470 1290 peratur,»
2484 1218 2697 1273 dicitur
2710 1234 2836 1272 esse
2851 1218 3016 1288 quasi
3031 1217 3237 1271 hortus
3251 1213 3656 1284 olerum,qu0d
3680 1211 3825 1282 pede

2175 1307 2413 1378 rigetur,
2440 1307 2559 1362 sive
2596 1307 2790 1362 labore
2818 1305 3123 1360 hominum
3157 1310 3213 1358 et
3246 1302 3519 1368 fosslone,
3552 1299 3826 1355 videlicet

2174 1412 2240 1450 ex
2263 1395 2389 1450 Nilo
2414 1413 2597 1468 aquas
2629 1396 2971 1451 deducendo
2997 1411 3097 1465 per
3118 1392 3312 1448 sulcos
3331 1397 3389 1446 et
3413 1393 3633 1446 fossas:
3669 1393 3730 1444 at
3761 1388 3820 1443 in

2174 1489 2328 1540 terra
2359 1486 2630 1540 Chanaan
2676 1485 2799 1557 agri
2836 1485 2962 1540 sine
2993 1483 3190 1537 labore
3219 1499 3286 1536 ex
3325 1480 3468 1535 cmlo
3512 1479 3708 1551 pluvia
3739 1477 3822 1532 ri-

2171 1579 2403 1646 gentur,
2440 1592 2616 1643 quam
2650 1591 2761 1630 non
2788 1574 2963 1628 habet
2994 1573 3294 1643 .IEgyptus.
3338 1569 3517 1623 Paulo
3558 1571 3689 1638 post
3745 1565 3820 1626 ὡς

2172 1662 2308 1738 πρὸς
2339 1663 2401 1716 τὸ
2433 1663 2595 1739 ῥητόν
2651 1679 2883 1718 versum
2946 1664 3151 1716 fuerat.
3210 1681 3232 1710 α
3294 1659 3454 1724 Quod
3489 1657 3694 1712 attinet
3747 1657 3819 1711 ad

2171 1754 2322 1809 hanc
2355 1755 2724 1816 sententiam,
2763 1773 2787 1804 ι)
2824 1769 2950 1818 nos,
2985 1766 3223 1806 sensum
3253 1745 3715 1812 litteralem,sive
3738 1745 3826 1799 hi-

2173 1844 2454 1898 storicum
2489 1844 2729 1898 indicari
2764 1839 3227 1906 censuimus,cui
3259 1837 3580 1909 opponitur
3611 1835 3823 1890 deinde

419 1904 668 1930 1""1"V7
717 1904 859 1931 ἰν-νιν
915 1904 1020 1916 vvv-
1073 1904 1278 1917 ιυνυυ-η.
1322 1904 1634 1928 manuum,
1669 1904 1762 1914 ..-ν
1793 1904 2054 1928 "nun.-.
3115 1904 3120 1906 _
3301 1904 3316 1909 _
3341 1904 3358 1908 _

415 1946 737 2018 Scripserat
766 1950 1017 2004 Tilman.
1059 1951 1199 2021 quod
1244 1951 1495 2022 placebat
1543 1949 1714 2005 oculis
1743 1947 1879 2013 suis,
1932 1963 2059 2016 quae
2092 1904 2140 1968 Β
2170 1935 2294 1993 νοῦς
2326 1931 2538 2001 ἠθικός,
2575 1933 2694 1988 sive
2725 1947 2934 1987 sensus
2963 1927 3377 2000 tropologicus.

405 2034 623 2091 locutio
657 2037 964 2093 familiaris
991 2040 1165 2094 etiam
1200 2040 1534 2110 Scripturae,
1569 2041 1633 2092 ut
1671 2038 1878 2092 Esther
1908 2051 1971 2102 11,
2002 2035 2057 2103 4,

406 2140 526 2195 qna:
554 2126 728 2181 oculis
783 2129 932 2195 regis
973 2129 1268 2198 placuerit.
1316 2129 1383 2183 Et
1418 2129 1439 2183 Ι
1474 2129 1614 2200 Reg.
1647 2145 1742 2195 xx,
1776 2127 1828 2194 3,
1867 2123 2062 2180 Inveni

401 2217 650 2285 gratiam
678 2216 736 2269 in
770 2217 941 2272 oculis
968 2218 1256 2274 tuis.Nam
1292 2217 1570 2289 quoniam
1606 2218 1840 2271 habitus
1871 2216 2051 2271 animi

399 2303 585 2358 oculis
616 2305 869 2360 maxime
901 2321 962 2361 se
996 2308 1208 2378 prodit,
1241 2307 1456 2362 idcirco
1489 2323 1592 2378 pro
1635 2306 1864 2371 affectu,
1917 2323 2051 2360 sen-

399 2393 604 2459 tentia,
637 2393 972 2463 veljudicio
1006 2397 1218 2451 mentis
1249 2398 1524 2463 sumitur,
1549 2401 1613 2450 ut
1646 2399 2048 2465 Deuteron.xv,

402 2480 438 2533 9
462 2497 474 2534 :
508 2486 589 2538 Ne
617 2483 959 2554 malignelur
988 2485 1174 2539 ocnlus
1202 2489 1328 2540 tuus
1357 2490 1549 2540 contra
1587 2488 1818 2556 fratrem
1867 2489 2046 2554 tuum,

401 2570 510 2625 hoc
539 2576 648 2641 est,
676 2587 747 2626 ne
776 2572 1013 2628 invidus
1050 2574 1132 2630 sis
1165 2580 1266 2628 aut
1306 2574 1766 2642 immisericors;
1811 2575 1861 2628 ΙΙ
1904 2574 2044 2644 Reg.

399 2675 456 2723 χ,
509 2660 577 2714 3;
639 2661 754 2716 Νοη
802 2663 1034 2718 honorat
1077 2665 1256 2719 David
1305 2673 1516 2736 patrem
1564 2669 1720 2720 tuum
1771 2666 1834 2718 in
1875 2664 2048 2718 oculis

400 2751 530 2819 tuis,
577 2750 681 2806 hoc
711 2755 820 2820 est,
851 2755 955 2808 tua
977 2755 1268 2809 sententia
1285 2753 1372 2809 vel
1407 2753 1727 2826 opinione?
1761 2758 1853 2807 Ar.
1889 2752 2046 2808 Mon-

397 2841 575 2894 tanus
606 2841 663 2894 in
692 2840 1010 2898 ldiotismis.

470 2927 589 2983 Col.
621 2930 730 2983 223
761 2931 802 2985 B
831 2931 1002 2999 7.Qui
1027 2948 1096 2987 ne
1127 2933 1192 2987 ab
1217 2935 1642 3002 initi0."Avop.o'.
1677 2931 2048 3004 appellantur

399 3016 510 3072 hoc
539 3017 664 3074 loco
697 3019 780 3074 illi
812 3021 912 3091 qui
945 3021 1056 3091 legi
1104 3023 1353 3094 subjecti
1399 3039 1515 3078 non
1548 3023 1806 3090 fuerunt,
1842 3027 1906 3076 ut
1933 3025 2045 3076 Ro-

400 3123 558 3161 man.
593 3124 673 3173 Ix,
702 3110 738 3162 2
772 3125 784 3164 :
844 3112 969 3170 Τοῖς
1020 3109 1244 3182 ἀνόμοις
1293 3111 1368 3173 ὡς
1406 3111 1632 3182 ἄνομος,
1660 3107 1787 3164 ἀλλ’
1815 3108 2044 3180 ἔννομος

396 3198 637 3267 Χριστῷ·
689 3199 768 3252 lis
813 3201 910 3270 qui
952 3201 1078 3255 sine
1125 3201 1238 3271 lege
1279 3209 1457 3267 erant,
1488 3205 1750 3272 tanquam
1776 3202 1894 3256 sine
1923 3201 2044 3269 lego

2240 2043 2358 2098 Col.
2380 2044 2486 2096 230
2517 2043 2557 2098 Ο
2587 2045 2639 2096 2.
2673 2040 2951 2097 Scintilla.
3005 2039 3329 2092 Annotarat
3361 2035 3674 2105 interpres,
3709 2049 3816 2104 pro

2168 2131 2397 2205 σπινθὴρ
2432 2127 2678 2199 δικαίων,
2711 2129 2865 2200 quod
2900 2127 3185 2198 scriptum
3219 2128 3308 2179 est
3339 2122 3616 2178 exhibent
3649 2122 3708 2176 F.
3742 2121 3809 2176 H.

2166 2222 2235 2288 1.,
2267 2221 2576 2292 legendum
2601 2219 2832 2290 σπινθὴρ
2863 2214 3055 2285 πυρός,
3089 2238 3115 2265 ‹‹
3142 2214 3316 2286 ignis.
3354 2234 3381 2261 ››
3413 2213 3483 2266 At
3512 2209 3702 2264 verior
3722 2214 3813 2264 est

2159 2313 2225 2364 A.
2259 2311 2454 2377 lectio,
2485 2306 2728 2376 δικαίως,
2767 2330 2794 2357 ‹‹
2829 2307 3059 2374 merito,
3095 2326 3121 2354 ››
3165 2302 3545 2374 quamobrem
3581 2315 3805 2370 expun-

2159 2401 2354 2455 ximus
2375 2416 2570 2454 vocem
2605 2421 2631 2448 ‹‹
2685 2399 3001 2467 ]υ3ἶΟΓυΠ],
3036 2416 3061 2446 ιο
3115 2397 3170 2448 et
3217 2388 3478 2464 ἐλέγχους
3521 2387 3805 2443 vertimus

2161 2510 2187 2538 ‹‹
2220 2488 2641 2556 accusationes,
2682 2511 2700 2535 -
2740 2485 2931 2557 potius
2983 2499 3158 2556 quam
3194 2503 3220 2530 ‹‹
3255 2483 3625 2552 argumenta.
3661 2499 3689 2526 »
3743 2477 3805 2529 In

2158 2577 2390 2633 duobus
2422 2595 2566 2633 mss.
2598 2575 2664 2630 H.
2699 2579 2755 2630 et
2785 2578 2827 2630 Ι.
2861 2569 3250 2645 ἐμπυρσεύεται
3301 2567 3649 2639 reperimus,
3701 2581 3806 2636 pro

2157 2663 2536 2740 ἐμπορεύεται.

2229 2757 2375 2811 Ibid.
2410 2757 2452 2810 D
2484 2761 2535 2812 2.
2561 2757 2676 2812 Una
2692 2755 2930 2826 quidem.
2957 2748 3344 2807 Restituimus
3367 2744 3801 2817 interpretatio-

2156 2860 2290 2901 nem
2323 2845 2503 2917 hujus
2535 2845 2920 2917 periodi,cum
2946 2857 3149 2896 omnes
3172 2837 3476 2892 codicesin
3512 2838 3803 2905 receptam

2154 2933 2464 2990 lectionem
2497 2933 2918 3001 consentirent,
2951 2929 3152 2986 deletis
3184 2925 3366 2992 illis,«
3410 2924 3556 2990 Quia
3575 2923 3660 2978 vis
3684 2922 3805 2977 hzec

2154 3025 2359 3080 efficax
2389 3042 2422 3079 a
2458 3026 2567 3080 Deo
2599 3023 2896 3078 confertur
2924 3017 3162 3075 sanctis.
3201 3039 3228 3065 »
3257 3013 3575 3070 Conﬁrmat
3604 3027 3805 3067 emen-

2155 3117 2444 3170 dationem
2472 3112 2734 3184 Procopii
2759 3107 3282 3182 interpres,pag.110
3307 3123 3318 3161 :
3346 3127 3372 3154 «
3410 3103 3532 3160 Una
3562 3101 3800 3174 quidem

2155 3211 2244 3260 est
2273 3207 2526 3277 Spiritus
2557 3203 2764 3275 gratia,
2793 3203 3066 3256 virtutem
3099 3215 3130 3252 a
3160 3197 3275 3252 Deo
3307 3193 3526 3249 sanctis
3557 3192 3694 3246 viris
3727 3191 3799 3245 ad

396 3302 589 3356 θδεθτη,
646 3305 771 3344 cum
813 3292 872 3345 ίη
921 3292 1036 3360 lege
1067 3308 1237 3348 essem
1288 3293 1517 3353 Christi:
1566 3293 1667 3346 sed
1717 3291 1886 3356 illud.
1934 3291 2034 3359 τὴν
2075 3271 2117 3338 C
2152 3271 2356 3351 eorum
2389 3311 2514 3365 quae
2545 3271 2890 3365 ignorantur
2920 3287 3310 3360 cognitionem
3341 3300 3468 3355 quas
3498 3280 3798 3337 revelatio-

342 3370 347 3377 ’
398 3373 600 3448 ἀρχήν.
632 3379 787 3448 quod
819 3381 1074 3436 adverbii
1108 3381 1291 3436 vicem
1343 3381 1596 3454 supplet,
1643 3398 1756 3436 non
1796 3382 2043 3436 advertit

396 3462 685 3535 interpres
716 3467 870 3523 idem
903 3470 1092 3525 valere
1125 3471 1278 3541 quod
1313 3470 1402 3523 ἀπ’
1435 3469 1636 3543 ἀρχῆς,
1688 3474 1753 3524 ut
1793 3469 2040 3526 Joannis

393 3568 517 3619 VIII,
550 3554 620 3608 25
651 3571 662 3610 :
714 3556 820 3624 Τήν
868 3557 1047 3633 ἀρχὴν
1094 3557 1174 3612 ὅτι
1215 3558 1304 3613 καὶ
1338 3556 1494 3614 λαλῶ
1545 3558 1692 3630 ὑμῖν·
1719 3583 1746 3612 ‹‹
1772 3560 1931 3623 Quod
1967 3561 2039 3614 ab

393 3641 559 3698 initio
591 3645 719 3700 dico
751 3647 936 3702 vobis.
973 3670 1001 3698 »
1030 3650 1359 3721 Scripserat
1388 3665 1525 3720 ergo
1557 3650 1833 3715 Tilman.,
1862 3671 1890 3700 «
1939 3653 2041 3705 aut

390 3734 562 3797 certe,
595 3731 692 3801 qui
732 3749 803 3787 ne
834 3734 1190 3807 principium
1224 3740 1461 3809 quidem
1495 3740 1756 3811 aggressi
1787 3744 1946 3810 sunt,
1976 3744 2041 3794 ut

389 3834 560 3888 opere
591 3820 881 3890 expleant.
917 3844 945 3870 ››
978 3823 1206 3880 Rursus
1238 3828 1392 3881 infra
1438 3844 1543 3898 pro
1591 3825 2034 3900 ἐνεργηοήσετοιι,

387 3906 806 3980 interpretatus
860 3917 950 3968 est
1007 3912 1175 3984 quasi
1233 3913 1471 3986 legisset
1527 3915 2033 3989 εὐεργετηθάσεται·

388 4019 417 4048 ‹‹
443 3999 615 4061 Quasi
643 4015 772 4055 vero
791 4001 1196 4074 derelinquere
1222 4003 1530 4057 Dominum
1558 4020 1668 4058 non
1694 4005 1935 4075 posthac
1958 4005 2036 4060 sit

388 4093 716 4157 peccatum,
749 4094 814 4144 ut
842 4090 1018 4146 etiam
1051 4091 1332 4147 beneﬁcio
1377 4093 1688 4147 afﬁciatur.
1738 4114 1766 4141 »
1817 4092 2032 4148 Omnes

385 4178 580 4230 tamen
605 4179 836 4234 codices
858 4196 1120 4252 mss.prze
1135 4197 1196 4236 se
1209 4181 1682 4236 feruntexcusam
1699 4181 2030 4251 lectionem,

385 4270 442 4318 et
463 4261 560 4316 οὐκ
585 4263 913 4338 ἐνεργεῖσθαι
935 4273 1138 4339 postea
1169 4268 1407 4341 exponit
1456 4269 1704 4326 Basilius
1723 4265 1850 4329 τοὺς
1883 4267 2029 4346 ἐνερ-

383 4355 612 4426 γοῦντας
669 4352 994 4412 κωλύεσθαι.
1055 4363 1130 4413 At
1187 4357 1662 4431 Chrysostomus,
1719 4376 1850 4432 pag.
1901 4361 2028 4426 661,

384 4442 555 4497 aliter
611 4443 899 4514 explicat,
959 4444 1498 4515 συντελεσθήσονται.
1559 4447 1626 4503 Οἱ
1687 4442 1744 4501 δὲ
1799 4441 2026 4515 ἀσεϐεῖς,

383 4529 565 4605 φησὶν,
601 4529 956 4589 ἀπολοῦνται.
998 4535 1224 4607 «Ιιηρὶἱ
1285 4553 1438 4606 vero,
1499 4537 1714 4608 inquit,
1779 4536 2026 4608 disperi-

2149 3401 2281 3439 nem
2316 3383 2626 3456 cordisque
2658 3380 3110 3436 illustrationem
3146 3380 3448 3448 praestans.
3483 3393 3511 3422 »

2221 3493 2336 3546 Col.
2352 3491 2447 3546 231
2487 3495 2524 3544 C
2553 3483 3246 3560 2.Quapropter.Mutilam
3269 3480 3503 3536 exhibet
3519 3478 3670 3533 hanc
3695 3492 3798 3549 pe-

2148 3581 2378 3637 riodum
2413 3581 2629 3652 Regius
2658 3579 2838 3634 codex
2872 3577 2926 3632 F.
2970 3577 3285 3644 Propterea
3335 3571 3645 3639 interpres,
3693 3565 3792 3638 qui

2149 3686 2214 3725 eo
2247 3671 2541 3736 utebatur,
2573 3670 2863 3739 integram
2893 3664 3053 3720 illam
3087 3663 3504 3734 repraesentare
3534 3673 3650 3712 non
3683 3671 3790 3725 po-

2146 3759 2280 3814 tuit.
2314 3758 2410 3811 Διᾶ
2460 3756 2520 3811 ἐκ
2566 3755 2864 3832 προσώπου
2895 3756 2992 3808 τοῦ
3024 3751 3221 3827 Κυρίου
3254 3745 3667 3821 διαλεγομᾶνοις
3699 3742 3791 3797 αὖ·

2145 3853 2283 3914 τοῖς,
2312 3848 2386 3909 ὡς
2419 3845 2604 3917 δηλοῖ·
2627 3851 2684 3902 at
2715 3846 2930 3917 Regius
2963 3843 3107 3899 alter
3136 3843 3202 3896 H.
3237 3845 3292 3896 et
3319 3844 3362 3893 Ι.
3395 3838 3794 3908 suffragantur

2142 3937 2419 4009 Anglicis,
2451 3937 2510 3992 in
2543 3937 2755 4008 quibus
2782 3938 2976 3990 tamen
3004 3929 3414 4002 corrigendum
3446 3925 3591 3980 illud
3655 3917 3789 3995 μέλὲ

2144 4023 2276 4094 λειν,
2310 4033 2367 4083 et
2405 4027 2782 4082 scribendum
2829 4021 3032 4095 μέλειν,
3085 4025 3151 4075 ut
3199 4017 3550 4090 scripsimus
3607 4011 3784 4068 alibi:

2140 4114 2228 4181 Μὴ
2266 4113 2450 4186 μέλειν
2478 4113 2626 4185 αὐτῷ
2671 4118 2778 4167 τῶν
2805 4113 3129 4188 γινομένων.
3164 4131 3192 4158 ‹‹
3225 4110 3341 4162 Aut
3373 4121 3484 4160 non
3518 4120 3650 4159 eum
3687 4119 3787 4157 cu-

2141 4220 2289 4270 rare,
2325 4221 2453 4275 qua:
2484 4208 2768 4274 geruntur
2796 4219 2809 4257 :
2847 4224 2872 4249 ››
2906 4201 2999 4254 hic
3028 4213 3261 4270 quoque
3289 4192 3632 4249 vertendum
3665 4198 3783 4245 est:

2145 4314 2165 4340 σ
2188 4294 2332 4348 Nam
2354 4293 2632 4364 quoniam
2659 4292 2842 4347 Deum
2867 4307 2980 4344 non
3005 4302 3208 4342 curare
3229 4283 3667 4340 arbitrabantur
3692 4295 3786 4335 res

2140 4381 2452 4449 humanas,
2483 4399 2582 4438 eos
2615 4379 3080 4440 subsannabant,
3131 4374 3232 4446 qui
3281 4389 3351 4427 ex
3391 4386 3642 4443 persona
3688 4369 3787 4424 Dei

2138 4472 2288 4543 apud
2325 4489 2423 4528 eos
2447 4471 2966 4538 concionabantur,
2992 4466 3142 4522 sicut
3161 4461 3446 4520 Jeremias
3470 4459 3683 4514 indicat
3705 4458 3789 4514 di-

2139 4577 2315 4617 cens:
2357 4565 2488 4617 Tota
2532 4561 2622 4616 die
2652 4557 2998 4631 perseverari
3020 4555 3413 4611 subsannatus.
3450 4573 3478 4601 ››
3531 4549 3786 4619 Vulgata

382 4618 548 4718 bunt.
581 4644 606 4670 ››
639 4622 760 4678 Sub
792 4623 966 4678 finem
1001 4624 1243 4696 paginae,
1277 4622 1322 4677 εἰ
1351 4625 1454 4698 γὰρ
1486 4624 1520 4693 ἡ
1573 4622 1795 4691 ἅλωσις,
1829 4642 2027 4681 emen-

2160 4651 2344 4707 '.atina
2370 4650 2585 4706 Jerem.
2616 4666 2711 4718 xx,
2742 4649 2811 4705 7:
2844 4648 3040 4702 Factus
3085 4661 3208 4699 sum
3254 4644 3316 4698 in
3355 4642 3602 4697 derisum
3663 4642 3785 4694 tota

383 4709 644 4766 dandum
673 4729 742 4767 ex
772 4717 839 4766 Η.
872 4723 927 4769 et
960 4716 1002 4769 Ι.
1035 4714 1070 4780 ἡ
1103 4711 1396 4780 ἀνάλωσις,
1442 4717 1656 4786 rejecta
1684 4715 1929 4771 lectione
1958 4717 2023 4770 A.

380 4803 437 4854 et
483 4799 569 4868 F.,
625 4817 803 4872 quam
861 4807 1103 4858 secutus
1167 4802 1518 4860 Tilmannus
1573 4804 1911 4877 scripserat,
1969 4803 2030 4858 Si

378 4891 526 4944 enim
556 4892 867 4961 captivitas.

449 4997 570 5054 Col.
617 4998 722 5052 227
771 5001 817 5054 A
866 5000 917 5054 1.
969 5001 1119 5057 Hanc
1167 5001 1330 5058 horti.
1376 5001 1760 5078 Ἐπαμφότερα
1811 5003 2026 5059 alicubi

380 5087 618 5157 reperiri
671 5105 771 5160 pro
821 5085 903 5142 ἐπ’
935 5087 1216 5166 ἀμφότερα
1247 5093 1415 5148 docet
1445 5096 1648 5148 auctor
1678 5092 1855 5149 Graeci
1895 5093 2030 5149 The-

377 5178 557 5241 sauri,
590 5176 684 5232 cui
717 5177 842 5234 loco
873 5179 1085 5249 poterit
1113 5179 1221 5235 hoc
1244 5181 1573 5252 exemplum
1608 5182 2026 5252 adjici,sufl’ra-

377 5266 657 5335 gantibus
696 5267 755 5323 F.
791 5271 847 5321 et
875 5269 937 5323 A.
974 5285 1140 5337 mss.,
1175 5269 1290 5324 nisi
1322 5270 1554 5325 obstent
1583 5269 1682 5325 alii
1713 5271 1827 5326 duo
1863 5272 1926 5326 Η.
1969 5275 2026 5326 et

375 5357 420 5407 Ι.
457 5356 555 5426 qui
588 5352 670 5408 ἐπ’
701 5355 981 5433 ἀμφότερα
1012 5359 1300 5430 scriptum
1351 5358 1648 5416 exhibent.
1709 5361 1827 5416 Hoc
1887 5376 2023 5432 ergo

374 5441 500 5496 vult
529 5444 804 5516 Basilius,
827 5445 886 5500 in
919 5447 1133 5503 bonam
1165 5465 1592 5522 nonnunquam
1618 5453 2019 5522 partem,non-

374 5548 677 5603 nunquam
712 5535 769 5590 in
802 5535 1017 5592 malam
1052 5537 1236 5611 accipi
1275 5537 1331 5594 in
1379 5539 1682 5611 Scriptura
1704 5555 1906 5595 vocem
1964 5549 2020 5629 μ

375 5636 552 5692 quam
583 5624 791 5694 Aquila
817 5625 1222 5699 Ponticus,qui
1253 5629 1362 5685 sub
1385 5630 1644 5685 Adriano
1664 5624 2020 5700 imperatore

371 5708 527 5768 circa
546 5729 769 5770 annum
800 5713 1014 5771 Christi
1060 5714 1163 5772 125
1193 5721 1328 5791 post
1355 5718 1742 5792 Septuaginta
1787 5717 2018 5790 primus

2137 4740 2252 4808 die,
2283 4756 2465 4795 omnes
2484 4739 2828 4794 subsannant
2857 4751 2963 4791 me.

2209 4829 2327 4886 Col.
2357 4830 2464 4884 234
2494 4829 2536 4884 Β
2572 4829 2656 4882 10.
2688 4832 2872 4898 Supra
2921 4823 3369 4896 fundamentum.
3426 4818 3650 4873 Vitiosa
3706 4813 3785 4871 le-

2137 4921 2217 4975 tio
2252 4937 2360 4974 ms.
2397 4919 2457 4974 F.
2506 4916 2792 4990 imposuit
2821 4913 3150 4986 interpreti,
3185 4926 3361 4984 quam
3394 4912 3450 4964 et
3478 4923 3664 4978 operte
3694 4910 3782 4976 ty-

2138 5008 2504 5081 pographicaa
2536 5008 2815 5079 amplexae
2834 5004 3140 5072 sunt,dum
3169 5001 3467 5072 eleganter
3496 4995 3781 5068 scriptum

2136 5100 2396 5154 codicem
2429 5099 2672 5171 Regium
2701 5113 2878 5168 quam
2914 5091 3316 5167 apograpbum
3348 5086 3658 5160 Anglicum
3689 5101 3786 5139 va-

2135 5189 2240 5244 riis
2289 5187 2638 5244 lectionibus
2687 5188 2993 5240 oneratum
3039 5180 3206 5252 sequi
3237 5178 3500 5234 malunt:
3536 5179 3596 5230 at
3625 5173 3683 5228 in
3716 5189 3782 5229 eo

2134 5277 2290 5333 sicut
2321 5275 2455 5330 etin
2495 5277 2558 5330 Il.
2595 5275 2640 5330 Ι.
2675 5273 2960 5344 scriptum
2995 5269 3252 5325 offendes
3310 5264 3398 5319 ἐπὶ
3430 5268 3510 5335 τῷ
3544 5259 3781 5335 θεμελίῳ

2130 5366 2236 5417 τῶν
2270 5360 2616 5434 ἀποστόλων,
2646 5365 2703 5416 et
2730 5355 2783 5414 ἓν
2839 5361 2944 5412 τῶν
3005 5355 3173 5432 ὀρέων
3233 5357 3296 5423 ἦν
3355 5354 3578 5428 Πέτρος.
3632 5351 3778 5424 Eph.

2131 5458 2273 5522 11,2.
2335 5456 2538 5524 Itaque
2591 5449 2982 5523 expunximus
3041 5446 3202 5503 illam
3235 5443 3776 5516 interpretationem

2131 5542 2488 5610 Tilmanni,«
2521 5545 2619 5597 Est
2649 5539 2804 5595 enim
2835 5537 3123 5593 adificata
3151 5537 3211 5592 in
3243 5533 3524 5606 apostolis
3556 5535 3614 5587 et
3643 5547 3776 5603 pro-

2127 5631 2450 5704 phetis,qui
2466 5631 2596 5700 ejus
2611 5626 3341 5696 fundamentumjecerunt
3353 5636 3601 5696 quorum
3618 5635 3773 5674 unus

2125 5727 2250 5779 erat
2270 5724 2500 5777 Petrus.
2523 5735 2550 5771 ι
2594 5715 2957 5790 Astipulatur
2978 5721 3192 5773 nostra:
3212 5707 3607 5771 emendationi
3632 5711 3771 5762 Pro~
