4176 6376
402 354 561 416 1083

1596 356 1832 417 NOTAE
1875 358 2324 420 FRONTONIS
2368 359 2631 422 DUCEI

3662 357 3825 415 1084

397 486 549 558 copii
582 485 877 558 interpres
912 503 1043 559 pag.
1078 489 1139 543 41
1171 506 1184 543 :
1222 508 1251 538 ‹‹
1286 487 1393 554 Ουί
1425 486 1923 561 superaediﬁcatcs
1956 506 2054 544 su-
2086 491 2138 559 Α
2171 486 2377 561 μάτων’
2412 513 2439 541 ‹‹
2467 489 2542 546 Ut
2570 489 2805 563 gladius
2845 487 2964 556 ille,
2984 487 3085 560 qui
3105 488 3174 543 ad
3198 485 3663 544 interimendum
3688 486 3821 561 plu~

398 593 504 649 per
518 575 966 632 fundamentum
986 576 1386 650 apostolorum
1400 584 1457 633 et
1472 577 1893 651 prophetarum
1910 578 2051 634 scri-

397 665 540 721 bit.»
566 664 789 721 Similis
810 666 1547 723 sententialib.uAdver.sus
1570 668 1899 722 Eunomium
1923 684 1935 723 :
1959 664 2050 719 τὸν

398 750 487 807 διὰ
520 752 752 815 πίστεως
808 754 1083 829 ὑπεροχὴν
1135 752 1220 832 ἐφ’
1246 755 1431 809 ἑαυτὸν
1466 752 1767 828 ο²’κοδομήν
1795 762 1895 824 τῆς
1931 756 2050 811 Ἐκ-

395 841 631 911 κλησίας
665 840 969 915 δεξάμενον.
1022 846 1113 899 Sic
1161 852 1218 900 et
1248 846 1617 918 Augustinus
1668 848 1725 901 in
1774 848 2052 918 psalmum

399 950 622 1000 Lxxxvr,
662 934 1047 990 fundamenta
1078 935 1207 1006 ejus
1241 934 1297 990 in
1332 936 1735 1008 montibus,de
1769 934 2053 1009 apostolis

395 1028 453 1077 et
484 1022 786 1095 prophetis
818 1024 1074 1095 exponit.

467 1129 587 1185 Col.
620 1130 725 1184 237
751 1130 795 1186 D
833 1131 880 1185 1.
912 1135 1019 1198 Τῆς
1069 1126 1401 1201 ἀϊδιότητος.
1439 1130 1568 1187 Haec
1602 1134 1693 1187 est
1723 1130 1885 1203 Regii
1918 1132 2047 1187 cod.

393 1218 455 1276 F.
489 1219 803 1291 scriptura,
828 1236 1005 1291 quam
1039 1227 1275 1277 secutus
1305 1220 2049 1289 Tilmann.ediderat,semo

386 1310 630 1380 pilenta?
678 1311 774 1365 Dei
823 1317 1091 1366 naturae:
1144 1313 1202 1365 at
1241 1309 1648 1382 apcgraphnm
1704 1309 1935 1381 Anglic.
1990 1310 2048 1365 in

398 1396 661 1470 margine
694 1398 904 1453 habuit
931 1404 1033 1467 τῆς
1066 1396 1355 1472 ἁγιότητος
1403 1401 1500 1451 τοῦ
1543 1401 1698 1468 Θεοῦ,
1742 1399 2051 1455 sanctitatis

391 1487 511 1553 Dei,
547 1487 602 1541 in
635 1486 764 1559 ipso
791 1504 925 1544 vero
956 1493 1115 1544 textu
1148 1493 1246 1556 τῆς
1289 1483 1557 1557 ἷδιότητς,
1593 1489 1687 1543 cui
1718 1489 2049 1560 suifragan-

391 1581 489 1631 tur
545 1575 613 1631 H.
671 1580 728 1631 et
779 1577 819 1634 Ι.
869 1578 1189 1649 Procopius
1235 1594 1292 1650 p.
1343 1578 1449 1633 43:
1504 1574 1635 1632 Εἶτα
1663 1574 2050 1651 προκοπτούοῃ

387 1667 458 1737 τῇ
511 1664 709 1739 γνώσει
760 1665 860 1733 τήν
910 1663 1010 1720 τοῖ’)
1062 1669 1195 1720 Θεοῦ
1242 1666 1627 1740 προσθήσομεν
1672 1662 1924 1737 ἲδιότητα
1951 1669 2049 1720 τοῦ

391 1756 526 1807 Θεοῦ
559 1746 813 1807 ἰακώϐ·‹‹
838 1756 1053 1812 Deinde
1073 1763 1451 1828 promovente
1475 1755 1859 1828 intelligentia
1883 1773 2050 1827 pecu-

391 1843 536 1899 liare
568 1842 669 1900 Dei
699 1844 880 1899 Jacob
927 1845 1272 1914 adjiciemus
1321 1844 1662 1900 discrimen.
1711 1870 1733 1898 ι
1794 1844 2050 1918 Opponit

391 1948 761 1989 communem
792 1933 1061 1990 notitiam
1092 1934 1216 2002 Dei,
1251 1934 1536 2006 peculiari
1560 1939 1616 1989 et
1635 1934 1908 2007 propriae,
1932 1951 2048 2006 qua

393 2023 616 2080 scilicet
648 2028 798 2081 Deus
827 2026 1009 2081 Jacob
1042 2025 1402 2097 agnoscitur,
1440 2030 1497 2081 et
1530 2030 1594 2081 ut
1623 2025 1703 2080 ait
1732 2024 2046 2097 Apostolus

395 2113 567 2169 Hebr.
625 2131 704 2185 x1,
754 2116 841 2181 16,
887 2131 996 2172 non
1047 2114 1411 2186 confunditur
1456 2117 1641 2171 vocari
1669 2116 1808 2170 Deus
1834 2130 2043 2183 eorum,

393 2201 503 2257 hoc
534 2206 644 2273 est,
674 2203 866 2259 voeari
903 2203 1059 2260 Deus
1092 2204 1405 2271 Abraham,
1441 2204 1603 2259 Isaac
1626 2210 1683 2259 et
1702 2203 2047 2270 Jaccb,tan-

393 2311 572 2367 quam
616 2294 931 2366 peculiaris
962 2312 1165 2352 eorum
1197 2296 1378 2361 Deus,
1407 2296 1588 2352 Exodi
1619 2312 1704 2360 nr,
1737 2296 1793 2351 5.
1844 2296 2048 2367 Itaque

394 2384 593 2455 aptius
622 2384 718 2440 hic
740 2384 1032 2441 scribetur
1064 2409 1092 2436 ι(
1127 2384 1440 2458 peculiaris
1471 2386 1599 2456 ejus
1634 2384 1981 2441 divinitatis.
2019 2406 2046 2435 »

400 2472 465 2527 In
497 2473 765 2530 eamdem
798 2474 1147 2531 sententiam
1182 2474 1329 2530 dixit
1358 2474 1462 2529 lib.
1500 2492 1517 2529 ι
1545 2474 1811 2531 Adversa:
1865 2477 2047 2530 Euno-

282 2575 290 2590 '
398 2562 576 2617 mium
596 2581 616 2617 :
646 2566 772 2624 Τοῖς
825 2561 920 2634 μὲν
951 2560 1125 2638 ἁγίοις
1174 2560 1337 2616 αὐτοῦ
1368 2563 1396 2617 ὁ
1427 2563 1554 2624 Θεὸς
1584 2566 1665 2635 τῷ
1695 2557 1929 2637 Αϐραὰμ
1956 2563 2047 2617 καὶ

393 2653 476 2721 τῷ
531 2650 717 2705 Ἰσαὰκ
756 2651 847 2706 καὶ
896 2656 977 2724 τῷ
1026 2647 1244 2725 Ἰακὼϐ,
1296 2650 1369 2705 ὦν
1412 2648 1502 2706 διὰ
1524 2653 1587 2707 τὸ
1618 2651 1692 2714 εἷς
1724 2658 1895 2707 πᾶσαν
1924 2651 2047 2727 ἀρε-

394 2738 493 2807 τὴν
525 2737 734 2794 τέλειον
785 2740 875 2794 καὶ
917 2740 980 2795 τὸ
1040 2740 1169 2803 Θεὸς
1201 2736 1581 2814 ὄνομάζεσθαι·
1617 2749 1674 2798 et
1700 2743 2048 2815 Cbrysosto-

396 2844 531 2884 mus
580 2830 641 2886 in
683 2830 889 2901 psalm.
939 2847 1142 2902 cxxxv,
1189 2847 1321 2903 pag.
1368 2832 1513 2887 507:
1546 2831 1607 2887 Ὀ
1640 2830 1770 2892 Θεὸς
1826 2825 2043 2900 Ἰακὼϐ,

388 2912 480 2969 ’ίνα
528 2915 625 2985 τὴν
678 2916 950 2972 οἰκείωσιν
999 2919 1318 2993 παραστήσῃ
1364 2918 1456 2974 καὶ
1506 2920 1606 2988 τὴν
1654 2917 1880 2989 ποΛλήν
1911 2921 2047 2995 πρὸς

393 3004 589 3069 αὐτοὺς
618 3006 851 3083 ἀγὰπην·
892 3032 919 3060 ‹‹
949 3011 1105 3066 Deus
1133 3015 1290 3066 Isaac
1313 3015 1369 3066 et
1390 3011 1544 3067 Deus
1563 3011 2049 3079 Jacob,utcsten-

396 3098 495 3153 dat
544 3098 999 3156 familiaritatem
1051 3105 1109 3155 et
1158 3100 1635 3171 conjunctionem
1677 3105 1734 3157 et
1762 3118 2044 3173 magnum

395 3204 569 3244 suum
592 3188 651 3243 in
673 3205 772 3244 eos
800 3206 1080 3245 amorem.
1110 3211 1139 3239 »
1158 3189 1387 3246 Rursus
1407 3191 1769 3245 correximus
1790 3189 1899 3246 hoc
1916 3190 2041 3247 loco

2164 579 2380 635 rimum
2427 579 2599 650 valet,
2634 580 2709 635 ad
2751 579 3136 652 praeparanda
3161 577 3391 634 vivifica
3421 578 3649 634 semina
3682 579 3817 634 usui

2164 676 2472 741 esset,quae
2495 670 2809 726 animabus
2825 668 3049 725 ratione
3068 667 3329 740 prreditis
3341 685 3445 741 per
3459 668 3816 739 sapientiam

2164 759 2529 830 inseruntur,
2575 764 2632 815 ct
2687 758 3140 815 convertendus.
3187 780 3214 808 »
3260 757 3636 829 Astipulatur
3682 756 3821 811 huic

2163 848 2561 906 emendationi
2593 850 2825 905 Graecus
2874 853 3067 904 textus
3098 852 3156 903 et
3216 848 3465 903 Latinus
3524 847 3821 919 interpres

2162 937 2448 1011 Procopii,
2472 957 2528 1011 p.
2562 940 2651 1006 46,
2685 961 2712 989 (ι
2748 938 2806 993 in
2841 942 3101 994 aratrum
3127 938 3253 1009 jam
3286 951 3606 992 conversus
3637 935 3818 993 semi-

2162 1044 2238 1082 na
2269 1026 2369 1082 illa
2416 1028 2669 1097 viviﬁca,
2714 1045 2841 1099 quas
2888 1026 3193 1100 sapientiae
3226 1025 3510 1082 beneﬁcio
3562 1024 3821 1082 rationis

2163 1115 2548 1189 participibus
2566 1117 2780 1174 animis
2803 1117 2859 1172 in
2870 1120 3637 1188 nascuntur,przepararet.»
3652 1114 3821 1179 Quod

2162 1205 2451 1277 sequitur,
2488 1203 2717 1280 χάριτος
2762 1202 3133 1282 φυλακτήρινν
3189 1199 3483 1272 ποιητικόν
3522 1202 3697 1259 lectio
3728 1205 3820 1259 est

2162 1294 2325 1368 Regii
2359 1312 2471 1351 ms.
2505 1296 2571 1352 Η.
2597 1301 2654 1352 et
2683 1295 2726 1353 Ι.
2761 1295 2996 1351 Rectius
3028 1295 3087 1349 in
3121 1294 3181 1350 F.
3215 1299 3274 1350 et
3303 1292 3529 1366 Anglic.
3563 1292 3824 1349 habetur

2160 1380 2543 1462 φυλακτηρίων
2571 1384 2884 1454 ποιητικόν.
2916 1385 3221 1441 Postremo
3250 1381 3633 1456 πεπωρωμένα
3661 1398 3823 1439 com-

2161 1474 2394 1531 modius
2444 1474 2539 1531 hic
2585 1475 2807 1547 legetur
2845 1490 2915 1530 ex
2963 1475 3078 1530 ﬁde
3126 1474 3380 1529 duorum
3412 1471 3730 1545 Regiorum
3761 1476 3826 1527 et

2159 1567 2319 1620 textu
2377 1564 2665 1637 Procopii,
2720 1581 2901 1636 quam
2949 1580 3085 1619 cum
3139 1562 3365 1636 Anglic.
3420 1561 3815 1634 πεπυρωμένα,

2158 1646 2357 1722 Ζιόύνη
2391 1658 2588 1710 autem
2620 1653 2951 1726 simplicius
2982 1652 3261 1708 reddetur
3291 1675 3319 1703 «
3354 1650 3618 1723 lancea,»
3636 1666 3816 1723 quam

2160 1741 2466 1814 «jaculum
2499 1742 2650 1799 ferro
2682 1742 3231 1815 praecuminatum,
3271 1765 3291 1790 ι
3333 1757 3406 1797 ne
3428 1741 3580 1796 forte
3609 1740 3819 1797 adver-

2160 1836 2324 1887 setur
2351 1831 2489 1887 huic
2520 1832 2918 1888 additamentc
2950 1831 3313 1903 interpretis,
3345 1830 3505 1903 quod
3537 1834 3628 1885 est
3655 1830 3816 1901 apud

2156 1921 2510 1994 Hesychium
2545 1926 2604 1977 et
2635 1920 2903 1993 Suidam,
2940 1912 3130 1990 ζιϐύνη
3182 1914 3512 1993 ὁλοσίδηρον
3563 1915 3814 1971 ἀκόντιον

2156 2010 2190 2079 ἢ
2225 2009 2433 2084 λόγχη,
2463 2032 2489 2061 ‹‹
2524 2010 2796 2067 Jaculum
2830 2027 3075 2082 prorsus
3108 2010 3360 2065 ferreum
3408 2008 3500 2063 vel
3548 2007 3738 2065 hasta.
3779 2030 3810 2058 ι»

2155 2098 2571 2168 Tertullianus,
2595 2117 2658 2155 ιιι
2680 2102 2740 2155 in
2780 2099 3111 2155 Marcionem
3139 2116 3267 2172 cap.
3298 2099 3390 2169 21,
3423 2098 3683 2153 Graecam
3714 2097 3809 2153 di-

2156 2190 2411 2245 ctionem
2458 2188 2724 2257 retinuit,
2755 2189 3059 2245 Concident
3086 2189 3395 2246 machaeras
3424 2189 3487 2243 in
3516 2191 3737 2257 aratra,
3762 2189 3817 2241 et

2155 2278 2379 2349 sibynas
2425 2280 2486 2333 in
2534 2280 2697 2349 falce.
2743 2278 3047 2335 Hebraaam
3099 2294 3320 2346 vocem,
3354 2293 3472 2349 qua
3530 2292 3677 2332 usus
3724 2277 3819 2331 est

2160 2368 2533 2439 Isaiasmun,
2554 2384 2710 2423 nunc
2749 2363 2902 2442 δόρυ,
2940 2372 3005 2423 ut
3034 2366 3286 2423 Micbasaa
3317 2383 3391 2436 ιν,
3425 2368 3479 2432 3,
3514 2382 3672 2421 nunc
3704 2383 3815 2417 σει-

2159 2455 2463 2531 ρομάστην,
2505 2463 2570 2512 ut
2609 2458 2682 2513 IV
2727 2458 2868 2530 Reg.
2918 2475 2999 2523 ιι,
3032 2458 3119 2528 10,
3143 2460 3441 2512 verterunt
3474 2454 3650 2511 LXX:
3682 2471 3816 2526 quas

2159 2545 2339 2601 dictio
2356 2563 2473 2602 non
2496 2570 2523 2597 «
2567 2545 2925 2618 pharetram,
2952 2569 2979 2597 »
3003 2551 3069 2600 ut
3086 2546 3310 2617 putavit
3340 2544 3679 2611 Kircherus,
3711 2542 3816 2599 sed

2163 2654 2191 2687 ι
2220 2634 2482 2691 lanceam
2518 2657 2544 2685 ››
2578 2635 2774 2707 potius
2803 2634 3132 2708 signiﬁcat:
3166 2650 3367 2691 verum
3401 2632 3602 2690 omisit
3631 2633 3816 2688 inter-

2157 2740 2313 2796 pres,
2341 2723 2430 2777 καὶ
2461 2722 2877 2796 ἀπωθούμενον,
2904 2746 2932 2776 ι(
2962 2725 3208 2797 cuspide
3238 2723 3577 2797 perfodiens
3599 2739 3662 2778 ac
3679 2737 3816 2793 prc-

2160 2812 2465 2885 pauens.»

2230 2902 2349 2957 Col.
2399 2902 2508 2958 246
2560 2903 2601 2959 Β
2654 2903 2740 2958 15.
2784 2903 2940 2958 Falso
2992 2902 3267 2958 arbitrata
3306 2906 3405 2959 est.
3463 2896 3806 2975 Ὑπολαμϐά-

2155 3010 2262 3045 νειν
2288 2991 2397 3048 hoc
2426 2991 2552 3048 loco
2584 3009 2702 3047 non
2731 2996 2825 3048 est
2855 3015 2882 3041 α
2918 2993 3203 3065 excipere,
3233 3010 3260 3043 ιι
3297 2998 3365 3047 ut
3385 2993 3610 3065 putavit
3638 2992 3812 3047 inter-

2156 3099 2312 3156 pres,
2347 3082 2448 3138 sed
2482 3104 2512 3131 ‹‹
2543 3081 2839 3152 arbitrari,
2870 3081 3233 3150 existimare,
3279 3080 3545 3153 νομίζειν·
3576 3104 3603 3133 »ι
3656 3081 3815 3155 quod

2155 3171 2398 3228 verbum
2429 3170 2917 3227 substituendum
2950 3174 3041 3228 est
3073 3171 3145 3228 ad
3179 3170 3450 3228 lacunam
3505 3170 3669 3227 illam
3719 3187 3816 3227 ex-

389 3277 718 3333 versionem
743 3276 1003 3347 illorum,
1052 3281 1170 3339 τοῖς
1196 3273 1254 3331 δὶ
1285 3282 1688 3352 στοιχειωθεῖσι
1720 3275 1915 3333 λοιπὸν
1950 3276 2040 3331 καὶ

2162 3259 2427 3334 plendam
2452 3261 2609 3332 apud
2638 3260 3011 3333 Procopium,
3033 3259 3129 3331 qui
3157 3259 3216 3315 in
3240 3277 3416 3316 suum
3442 3260 3815 3316 Commenta-

387 3361 536 3426 τίνος
566 3368 722 3436 Θεοῦ,
750 3390 777 3417 α
807 3366 894 3422 eis
914 3384 1069 3437 vero,
1104 3366 1199 3439 qui
1230 3368 1509 3438 deinceps
1542 3368 1669 3437 jam
1720 3372 1860 3423 sunt
1906 3384 2043 3423 eru-

390 3454 497 3509 diti
532 3454 603 3509 de
633 3455 788 3524 Dec;
825 3479 854 3506 »
886 3474 1002 3512 non
1035 3457 1192 3511 enim
1216 3455 1486 3512 absolute
1507 3456 1579 3513 de
1600 3458 1844 3527 Deo,sed
1876 3458 2046 3528 cujus

392 3542 495 3598 Dei
526 3544 904 3615 peculiariter
933 3545 1327 3617 cognitionem
1362 3544 1536 3602 nacti.

464 3649 583 3704 Col.
628 3651 737 3706 540
782 3651 827 3706 D
875 3652 932 3706 5.
981 3653 1088 3705 Τοῦ
1130 3649 1273 3706 τότε.
1327 3651 1417 3706 Sic
1472 3652 1532 3707 F.
1567 3657 1640 3706 At
1669 3655 1735 3707 Η.
1769 3651 1813 3707 Ι.
1845 3661 1901 3707 et
1927 3655 2045 3707 An-

396 3737 533 3810 glic.
580 3741 677 3792 τοῦ
724 3760 855 3794 ποτε
896 3736 1168 3810 δοθᾶντος,
1201 3740 1237 3810 ἢ
1268 3759 1375 3794 που
1402 3739 1809 3815 γεγραμμένοΨ
1855 3763 1881 3789 α
1913 3742 2048 3805 Qua)

399 3827 539 3885 olim
572 3829 840 3897 data,aut
871 3829 1087 3885 alicubi
1118 3829 1426 3902 scripta,et
1455 3830 1699 3885 verbum
1726 3830 1952 3885 Domini
1976 3831 2047 3885 de

389 3916 735 3988 Jerusalem,
771 3919 1177 3991 propheticum
1199 3919 1443 3976 verbum
1476 3918 1654 3974 dicit:
1678 3922 1895 3975 Verum
1915 3919 2048 3975 ubi-

392 4021 509 4078 que
543 4006 601 4061 in
632 4006 839 4063 Judeca
865 4007 988 4064 haec
1020 4009 1306 4079 evenisse,
1336 4024 1452 4064 non
1486 4008 1662 4064 modo
1685 4007 1744 4062 in
1771 4008 2048 4064 Hierusa-

392 4093 569 4149 lem.»
593 4100 786 4168 Atque
808 4096 917 4153 hoc
940 4095 1141 4153 Italico
1164 4095 1502 4152 charactere
1526 4097 1906 4152 scribendum
1931 4113 2048 4152 non

396 4184 525 4255 fuit,
560 4203 751 4257 neque
780 4186 936 4243 enim
968 4203 1139 4243 voces
1170 4186 1256 4241 has
1290 4190 1429 4242 sunt
1458 4186 1775 4259 prophetas,
1807 4186 1909 4243 sed
1941 4191 2049 4241 Ba-

395 4272 537 4345 silii,
597 4279 663 4331 ut
712 4280 943 4332 constat
985 4293 1052 4332 ex
1101 4275 1379 4347 ProcOpic
1423 4291 1555 4347 pag.
1589 4276 1695 4331 44:
1745 4272 1841 4335 Τίς
1875 4269 2050 4328 δὲκαὶ

395 4359 423 4414 ὁ
488 4359 697 4441 λόγος;
742 4364 807 4418 El
855 4363 961 4440 γὰρ
1013 4365 1041 4419 ὁ
1090 4363 1470 4440 προφητικὸς,
1521 4367 1638 4425 πῶς
1681 4361 1732 4436 ἐξ
1782 4364 2049 4439 Ἰερουσα-

397 4450 520 4524 λήμ
545 4471 558 4521 ;
593 4477 620 4504 ‹‹
654 4454 958 4521 Quodnam
982 4458 1178 4510 autem
1202 4454 1449 4510 verbum
1472 4454 1500 4509 ?
1529 4454 1589 4511 Si
1620 4454 1774 4509 enim
1808 4453 2052 4526 prophe-

394 4542 577 4598 ticum
625 4545 1045 4616 respondeant,
1095 4544 1389 4615 qucmodc
1414 4544 1487 4599 de
1514 4543 1887 4600 Hierusalem
1915 4560 2051 4615 pro-

393 4631 576 4688 diisse
608 4632 948 4690 docebunt?
976 4656 1005 4684 »
1041 4633 1161 4689 Hoc
1191 4633 1317 4689 vult
1347 4632 1653 4706 propheta,
1672 4632 1732 4689 in
1753 4631 2047 4689 Judeale-
2079 4618 2128 4684 D

395 4738 528 4795 gem
553 4721 686 4780 illos
707 4722 1073 4792 habuisse,et
1086 4722 1507 4796 prophetarum
1519 4721 2050 4779 verbisinstructos

392 4812 579 4868 fuisse
610 4812 828 4885 ubique
857 4810 1143 4868 locorum.
1175 4814 1460 4867 Praeterea
1489 4808 1936 4867 immutavimus
1964 4827 2052 4867 se-

398 4906 675 4973 quentem
709 4901 1017 4974 periodum
1042 4918 1055 4957 :
1094 4921 1122 4950 ‹‹
1144 4900 1376 4956 Etenim
1401 4900 1622 4956 sanctis
1644 4900 1916 4972 congruit
1936 4901 2052 4957 dis-

394 4995 556 5047 creta
586 4990 687 5047 illa
716 4990 1089 5062 dijudicatic,
1122 4993 1185 5046 ut
1214 4989 1434 5062 quique
1466 4989 1901 5062 noverint,quid
1934 4991 2053 5046 sint

394 5080 698 5151 promeriti
725 5097 737 5137 :
764 5079 1059 5152 judicium
1094 5083 1290 5134 autem
1313 5078 1405 5134 bis
1428 5080 1715 5136 convenit.
1751 5102 1778 5131 ››
1811 5082 1934 5137 Imo
1958 5081 2054 5152 ju-

394 5169 578 5227 dicari
610 5171 849 5238 debent,
882 5187 997 5226 non
1022 5170 1314 5243 judicare.

466 5259 587 5315 Col.
620 5261 727 5316 243
759 5261 799 5315 Β
837 5261 885 5316 1.
926 5260 989 5317 Ut
1019 5258 1246 5330 gladius
1276 5257 1390 5314 ille.
1419 5258 1618 5329 junxit
1642 5275 1838 5315 vocem
1884 5268 2053 5334 φθαρ-

395 5348 556 5415 τικήν
588 5366 721 5405 cum
753 5349 873 5405 illis
905 5349 1141 5405 duabus
1169 5350 1454 5416 ζωοποιῶν
1490 5347 1841 5421 σπερμάτων,
1873 5350 2053 5404 intor-

399 5452 555 5509 pres,
604 5453 739 5494 cum
768 5438 963 5506 vertit,
995 5460 1023 5489 «
1056 5438 1292 5510 gladius
1325 5435 1423 5492 ille
1453 5436 1877 5494 internectivus
1907 5438 2053 5494 vita-

400 5523 548 5580 lium
579 5526 895 5597 seminum,
919 5550 949 5578 »
980 5527 1126 5599 vel,«
1161 5526 1263 5599 qui
1291 5524 1491 5583 vitalia
1522 5525 1715 5598 perdit
1735 5526 1999 5597 semina;
2027 5548 2054 5577 η

402 5615 503 5673 sed
530 5614 723 5688 aptius
743 5633 875 5672 cum
898 5616 1079 5673 altero
1099 5614 1321 5673 verbali
1337 5615 1665 5689 jungentur
1685 5615 1900 5673 eaedem
1929 5616 2057 5673 duae

401 5721 597 5777 voces,
654 5708 720 5762 ut
768 5703 1016 5774 dicatur,
1070 5704 1321 5778 μάχαιρα
1367 5705 1842 5778 παρασκευαστικὴ
1892 5724 2056 5783 σπερ-

2156 3351 2311 3406 rium
2344 3350 2467 3406 haec
2499 3349 2886 3423 transtulitp.
2913 3351 2981 3405 47
3010 3368 3023 3406 :
3054 3348 3127 3403 Τὸ
3144 3346 3487 3427 προφητικὸν
3509 3346 3657 3424 ἔχειν
3689 3346 3811 3403 ἐνό-

2159 3443 2338 3512 μιζον,
2391 3437 2455 3492 τὸ
2515 3438 2716 3511 Κυρίου
2763 3438 3120 3512 προσέθηκεν·
3180 3461 3207 3488 ‹‹
3267 3438 3552 3503 Quoniam
3613 3443 3817 3493 autem

2156 3528 2545 3585 sufﬁcientem
2571 3527 2684 3582 sibi
2704 3526 2897 3584 lucem
2919 3527 3136 3584 habere
3161 3543 3225 3584 se
3241 3526 3816 3597 arbitrabantur,qui

2155 3616 2327 3690 legali
2352 3622 2407 3673 et
2433 3615 2772 3688 prophetica
2790 3615 3489 3687 illustrarentur,Dcmini
3507 3615 3695 3672 lucem
3718 3615 3820 3671 ad-

2151 3706 2310 3777 jecit.
2347 3727 2375 3755 »
2409 3704 2717 3776 Reliquam
2748 3704 2929 3777 hujus
2961 3706 3186 3778 periodi
3216 3705 3567 3762 sententiam
3598 3722 3669 3761 ex
3696 3704 3819 3760 col-

2158 3795 2377 3851 latione
2407 3811 2539 3850 cum
2573 3792 2771 3851 Graeco
2804 3795 3196 3864 restituimus,
3221 3794 3430 3851 deletis
3461 3794 3600 3863 illis,
3635 3816 3663 3845 «
3698 3810 3821 3865 qua

2156 3885 2295 3941 item
2343 3884 2475 3940 luce
2523 3883 2731 3956 pravis
2783 3884 3181 3957 ignorantiam
3225 3900 3429 3941 eorum
3474 3884 3819 3957 corrigeret,

2158 3974 2259 4046 qui
2291 3974 2353 4029 in
2385 3973 2646 4029 tenebris
2678 3974 2906 4029 sedent.
2940 3996 2968 4025 »

2228 4061 2352 4118 Col.
2376 4062 2485 4116 247
2498 4061 3325 4134 A13.Sternutavit.1nterpres
3342 4063 3658 4131 ediderat,«
3668 4061 3821 4130 Quid

2158 4152 2269 4209 hcc
2316 4149 2515 4206 innuit
2567 4155 2886 4207 sermone?
2936 4150 3063 4208 Non
3109 4151 3609 4208 animadverterat
3665 4152 3823 4207 inter

2157 4240 2416 4312 ineptias
2454 4238 2845 4295 ominantium
2871 4237 2961 4293 καὶ
2992 4241 3101 4293 τῶν
3132 4235 3638 4312 κληδονιζομὲνων,
3666 4239 3824 4296 hanc

2160 4328 2483 4397 numerari,
2518 4332 2585 4384 ut
2614 4327 2845 4384 scilicet
2888 4345 2957 4385 ex
2988 4329 3419 4386 sternutaticne
3448 4332 3684 4403 captent
3713 4347 3820 4387 au-

2160 4419 2350 4492 guria.
2381 4418 2724 4475 Theocritus
2752 4418 2989 4491 eidyllic
3019 4421 3054 4472 7
3080 4436 3094 4475 :
3156 4462 3159 4467 λ

2452 4528 2684 4587 Σιμιγίδ

2452 4552 2587 4605 ὶλιμι
2638 4552 2678 4587 ιο

2445 4552 2678 4662 δίτηῶιὶ

2161 4725 2222 4782 in
2254 4740 2427 4796 quem
2484 4722 2611 4779 loco
2660 4721 3019 4779 Scholiastes
3067 4726 3309 4779 annotat
3350 4725 3825 4778 sternutamenta

2161 4814 2430 4887 quzedam
2461 4811 2632 4867 utilia
2661 4827 2813 4879 esse,
2838 4811 3107 4884 quaedam
3140 4810 3398 4881 noxia,et
3427 4810 3586 4884 apud
3608 4810 3823 4866 Home-

2161 4920 2294 4960 rum
2315 4902 2374 4958 in
2394 4902 2614 4958 bonam
2642 4905 2868 4973 partem
2893 4899 3096 4973 accipi.
3121 4899 3445 4956 Athenaans
3462 4899 3565 4967 lib,
3587 4916 3631 4956 ιι
3659 4918 3673 4957 :
3698 4899 3825 4956 Ὅτι

2163 4988 2209 5046 δ’
2241 4989 2387 5065 ἱερὸν
2419 4987 2671 5061 ἰνόμιζον
2699 4988 2798 5058 τήν
2861 4986 3127 5065 κεφαλὴν,
3163 4984 3333 5057 δῆλον
3366 4986 3427 5043 ἐκ
3452 4992 3553 5043 τοῦ
3582 4986 3672 5043 καὶ
3703 4990 3826 5043 κατ’

2162 5079 2333 5148 αὐτῆς
2363 5077 2610 5151 ὀμνύειν,
2640 5077 2732 5132 καὶ
2762 5076 2889 5140 τοὺς
2918 5077 3239 5154 γινομένους
3291 5077 3383 5132 ὑπ’
3422 5075 3591 5148 αὐτῆς
3650 5098 3827 5154 πταρ-

2168 5166 2303 5243 μοὺς
2351 5171 2673 5241 προσκυνεῖν
2722 5168 2797 5231 ὡς
2844 5168 3046 5244 ἱερούςο
3083 5191 3111 5220 «
3163 5168 3327 5235 Quod
3358 5175 3553 5224 autem
3586 5185 3825 5225 sacrum

2165 5257 2306 5315 olim
2338 5262 2515 5330 caput
2545 5257 3034 5329 existimaverint,
3075 5257 3294 5314 indicio
3332 5263 3424 5315 est
3447 5259 3689 5331 jurandi
3725 5275 3832 5331 per

2164 5347 2364 5421 ipsum
2396 5349 2787 5416 consuetudo,
2820 5354 2877 5405 et
2908 5351 3403 5417 sternutamenta,
3436 5363 3565 5419 quas
3596 5365 3664 5404 ex
3699 5348 3829 5421 ipso

2167 5437 2482 5511 prodeunt,
2517 5430 2825 5495 adorandi.
2860 5460 2888 5488 ι)
2919 5437 3259 5509 Xenophon.
3292 5436 3468 5495 lib.m
3497 5438 3573 5495 De
3602 5436 3830 5511 expedi-

2164 5528 2317 5584 tione
2347 5526 2641 5603 Gyri,pag.
2674 5528 2819 5585 300:
2852 5529 3022 5581 Τοῦτο
3054 5524 3112 5580 δὲ
3143 5522 3401 5601 λέγοντος
3429 5523 3617 5596 αὐτοῦ,
3659 5523 3835 5603 πτάρ-

2167 5613 2316 5672 ννταί
2371 5635 2455 5678 τις
2481 5659 2494 5674 .
2561 5613 2915 5678 Ἀκούσαντες
2967 5612 3026 5671 δὶ
3087 5615 3141 5670 οὶ
3199 5617 3522 5690 στρατιῶται
3581 5613 3778 5676 πάντες
3814 5660 3829 5688 ,

2172 5709 2271 5783 μιᾷ
2301 5706 2454 5784 ὁρμῇ
2507 5704 2916 5782 προσεκύνησαν
2962 5703 3055 5762 τὸν
3086 5703 3229 5770 θεόν.
3261 5703 3359 5760 Καὶ
3392 5706 3653 5783 Ξενοφῶν
3685 5701 3827 5762 εἶπε.

2757 4533 2852 4607 μὲν
2887 4530 3085 4606 ἔρωτες
3121 4531 3440 4607 ἔπὲπταροψ

2796 4622 3011 4664 amores
3036 4609 3527 4669 stet-nutaverant;
