4176 6444
398 443 553 505 1085

1596 446 1699 505 AD
1744 443 2150 505 COMMENT.
2196 444 2272 503 ΙΝ
2318 440 2615 502 ISAIAM.

3655 434 3827 500 1086‘

384 576 549 627 Δοκεῖ
582 593 698 645 μοι,
737 574 783 628 ὦ
813 571 1025 650 ἄνδρες.
1056 573 1169 629 ἐπεὶ
1200 574 1325 649 περὶ
1357 572 1631 649 σωτηρίας
1659 576 1820 645 ἡμῶν
1855 571 2035 648 λεγὸν-

2162 571 2441 646 γαστέρος,
2475 594 2502 622 ‹‹
2534 569 2845 626 ventriculi
2880 586 2892 625 :
2929 591 2956 616 υ
2979 568 3323 626 existimans
3350 569 3596 626 fortasse
3626 567 3810 624 alludi

383 683 492 716 των
524 662 717 724 οἰωνὸς
747 668 843 717 τοῦ
872 662 994 727 Διὸς
1022 667 1117 717 τοῦ
1157 670 1410 735 σωτῆρος
1463 663 1651 741 ἐφάνη,
1685 659 1930 733 εὔξασθαι
1958 666 2039 734 τῷ

383 752 489 821 0εῷ
517 750 715 824 τούτῳ·
754 775 781 804 ‹‹
809 755 940 810 Haec
971 770 1037 809 eo
1068 754 1343 825 loquente
1396 756 1635 825 quidam
1672 754 1942 809 sternuit.
1974 752 2038 808 Id

384 857 518 896 cum
553 844 855 897 audissent
890 843 1144 899 universi
1172 843 1415 912 milites,
1452 860 1566 899 uno
1598 844 1820 915 impetu
1854 849 2038 899 Deum

384 931 658 987 adorant.
702 932 770 986 Et
802 932 1119 1002 Xenophon
1155 933 1237 988 ait
1270 950 1281 987 :
1316 933 1580 998 Quando,
1608 932 1844 999 milites,
1873 932 2040 987 nobis

379 1020 450 1075 de
504 1019 694 1076 salute
752 1020 1129 1093 loquentibus
1187 1020 1505 1077 servatoris
1533 1020 1692 1076 Jovis
1723 1021 2037 1092 augurium

376 1108 641 1165 oblatum
677 1112 787 1175 est,
822 1109 1099 1181 equidem
1130 1109 1272 1165 huic
1300 1109 1418 1165 Deo
1457 1112 1657 1165 votum
1693 1125 2039 1181 nuncupan-

375 1197 517 1253 dum
562 1198 835 1254 arbitror.
871 1220 900 1248 ››
932 1199 1273 1272 Propertius
1306 1198 1407 1255 lib.
1438 1216 1504 1271 ιι,
1536 1201 1707 1271 epist.
1742 1200 1776 1255 3
1811 1215 1825 1253 :

519 1306 733 1362 Aridus
762 1313 1019 1377 argutum
1042 1308 1285 1362 sternuit
1323 1321 1481 1362 omen
1509 1322 1684 1363 amor.

377 1413 515 1470 Vide
544 1411 940 1480 Aristotelem,
972 1412 1378 1483 problem.20;
1413 1411 1808 1480 Plinium,lib.
1831 1418 2035 1467 xxvm’

364 1518 494 1574 cap.
516 1502 572 1555 2.
591 1500 768 1557 Paulo
794 1506 925 1573 post
958 1498 1215 1575 ἐνισχὲοη
1252 1501 1465 1571 legitur
1487 1501 1545 1556 in
1570 1500 1849 1555 omnibus
1868 1496 2038 1555 mss.’

371 1607 488 1646 non
519 1585 831 1663 ἐνεσχίσθη,
858 1596 925 1646 ut
956 1592 1118 1646 visus
1151 1597 1243 1645 est
1273 1589 1389 1645 sibi
1418 1590 1636 1661 legisse
1664 1589 2035 1644 Tilmannus’

361 1702 391 1731 α
426 1679 857 1736 Vestimentum
890 1679 1208 1735 discissum
1243 1685 1354 1735 est.
1377 1678 1712 1735 »Omiserat
1739 1678 1914 1735 etiam
1938 1678 2041 1734 illa

372 1767 463 1823 καὶ
492 1771 602 1822 τῶν
634 1766 776 1821 πάνυ
805 1767 1126 1841 γνωρίμων.

444 1858 569 1914 Col.
629 1858 737 1911 247
790 1857 834 1912 D
892 1858 945 1912 4.
1014 1857 1397 1928 Feci/erantex.
1456 1857 1825 1927 Sequebatur
1879 1858 2035 1928 apud

2150 663 2220 715 ad
2275 662 2421 715 illud
2484 659 2691 731 psalmi
2743 676 2931 725 CXXVI,
2964 659 2997 713 3
3030 677 3043 714 :
3075 658 3139 713 Ἡ
3194 656 3549 732 κληρονομία
3599 655 3805 731 Κυρίου

2151 750 2283 816 utet,
2319 750 2346 802 ὁ
2383 748 2571 819 μισθὸς
2629 752 2724 801 τοῦ
2781 751 2993 820 καρποῦ
3048 747 3149 815 τῆς
3209 746 3463 821 γαστρός*
3500 749 3805 804 ΗιἘνεάίίαδ

2151 841 2371 896 Domini
2399 839 2528 908 ﬁlii,
2551 854 2749 893 merces
2776 841 2991 908 [ructus
3020 838 3367 893 ventris.Sed
3403 836 3562 910 Regii
3587 836 3804 892 codicis

2152 933 2208 982 F.
2232 928 2544 983 lectionem
2568 931 2803 981 tuentur
2826 927 2892 981 H.
2914 931 2953 979 Ι.
2977 931 3033 980 ct
3051 925 3304 997 Anglic.,
3324 929 3500 995 atque
3523 924 3649 997 ipse
3672 929 3802 980 Pro-

2150 1014 2729 1087 00pius,quanquaui
2756 1012 3046 1067 sententia
3082 1013 3349 1067 nonnihil
3372 1011 3804 1067 variantez’Eni

2151 1105 2335 1177 ψυχῆς
2395 1097 2453 1154 δὲ
2509 1099 2667 1155 τὲκνα
2715 1096 3007 1177 ἀλλόφυλα
3067 1100 3119 1153 οἱ
3177 1099 3283 1154 ἀπὸ
3336 1104 3444 1153 τῶν
3480 1095 3673 1170 ἔξωθεν
3702 1106 3803 1169 τῆς

2151 1185 2459 1251 Θεοσιϐείας
2489 1188 2667 1263 λόγων
2712 1189 2934 1262 καρποί⁶
2971 1213 2999 1241 ‹‹
3040 1191 3122 1245 Ad
3178 1190 3440 1245 animum
3497 1195 3692 1247 autem
3755 1192 3805 1246 Si

2153 1284 2368 1337 referas
2386 1281 2539 1335 ﬁlios
2564 1278 2950 1350 alienigenas,
2973 1279 3195 1335 fructus
3222 1279 3306 1335 illi
3332 1280 3550 1336 fuerint
3587 1279 3805 1335 intelli-

2149 1371 2345 1443 gendi,
2378 1369 2478 1441 qui
2516 1370 2585 1424 de
2614 1366 2854 1440 scriptis
2884 1367 3141 1424 externis
3175 1378 3231 1423 et
3261 1386 3294 1424 a
3342 1368 3558 1440 pietate
3596 1368 3806 1425 alienis

2150 1456 2535 1530 colliguntur.
2567 1478 2596 1507 »

2221 1565 2343 1621 Col.
2367 1564 2466 1618 251
2502 1563 2544 1631 C.
2567 1563 2622 1617 5.
2654 1563 2713 1619 Id
2742 1563 2885 1633 ﬁeri.
2920 1563 3147 1618 Rursus
3178 1564 3573 1635 conjecturam
3631 1582 3801 1622 suam

2148 1655 2207 1710 in
2245 1654 2509 1727 margine
2541 1655 2892 1725 adjunxerat
2950 1656 3265 1725 interpres,
3297 1654 3676 1711 inserendum
3726 1656 3807 1710 vi-

2150 1745 2297 1813 deri,
2337 1767 2361 1795 ιι
2395 1744 2533 1797 dum
2569 1743 2710 1797 dicit
2742 1742 2851 1813 lex,
2886 1744 3231 1813 Nequando,
3265 1766 3287 1794 ι
3326 1748 3460 1811 etc.,
3493 1751 3550 1799 et
3596 1744 3805 1800 suffra-

2147 1835 2398 1905 gabatur
2420 1833 2548 1903 ejus
2579 1833 2926 1901 conjecturaa
2950 1833 3289 1904 Procopius,
3323 1833 3478 1904 apud
3517 1850 3691 1905 quem
3724 1833 3806 1891 le-

373 1946 789 2017 interpretem,
820 1969 849 1997 «
881 1946 953 2002 de
983 1917 1237 2017 quorum
1270 1944 1524 2001 clamore
1549 1917 1770 2001 dicitur
1800 1962 1813 2000 :
1848 1917 2035 2000 Eude-

2151 1922 2343 1994 gimus
2373 1937 2429 1993 p.
2453 1921 2551 1988 113;
2584 1917 2832 1981 εἰπόντος
2864 1922 2958 1973 τοῦ
2989 1918 3180 1992 νόμου,
3198 1920 3286 1989 Μὴ
3320 1918 3619 1986 πληθυνεῖς
3649 1942 3803 1976 amo-

376 2041 642 2092 errantes
668 2051 735 2090 ac
767 2035 959 2090 moesti
984 2051 1101 2106 prm
1124 2034 1323 2105 inopia
1338 2034 1666 2090 venationis
1691 2034 2038 2107 intemperie

375 2124 570 2180 cordis
600 2124 1048 2179 contrahuntur.
1074 2145 1103 2173 ››
1136 2124 1197 2178 F.
1225 2119 1577 2196 κόρακις,ἐπὶ
1610 2118 1667 2176 δὶ
1694 2125 1791 2175 τοῦ
1821 2120 2034 2196 κράζειν

376 2209 596 2285 λέγεται
627 2210 719 2265 καὶ
744 2208 1027 2272 ἀλύοντες.
1060 2214 1138 2268 Ac
1168 2212 1398 2267 videtur
1422 2211 1519 2267 ille
1561 2212 1800 2284 quidem
1832 2212 2036 2268 existi-

374 2319 571 2358 masse
600 2302 724 2357 haec
754 2307 1040 2374 tanquam
1057 2301 1376 2374 Scripturam
1406 2304 1580 2356 verba
1612 2301 2036 2373 proferriznec-

385 2392 528 2447 dum
558 2396 755 2448 tamen
788 2390 848 2446 in
879 2409 947 2447 ea
980 2391 1150 2447 nobis
1181 2407 1485 2447 occurrere
1515 2396 1650 2461 post
1696 2390 2033 2463 diligentem

383 2479 893 2552 investigationem
926 2484 1391 2553 potuerunt,nec
1414 2479 1644 2552 uspiam
1677 2496 1745 2536 ea
1776 2480 1861 2536 vel
1884 2479 2037 2535 corvi

368 2568 461 2625 vel
495 2568 707 2639 aquilas
726 2574 1029 2641 gementes
1053 2570 1126 2625 ob
1150 2569 1410 2641 inepiam
1442 2570 1647 2642 praedae
1670 2568 1862 2641 pullos
1885 2586 2036 2626 com-

372 2668 699 2724 memorat;
730 2663 958 2714 tantum
990 2660 1167 2714 Amos
1210 2676 1295 2729 Ill,
1329 2658 1362 2713 4
1391 2657 1645 2731 legimus
1680 2675 1693 2713 :
1727 2655 1796 2714 Εἴ
1825 2655 2036 2734 Epidae-

378 2766 467 2800 ται
525 2742 665 2801 λὲων
726 2745 787 2801 ἐκ
840 2749 938 2800 τοῦ
999 2742 1210 2821 δρυμοῦ
1268 2745 1432 2801 αὐτοῦ
1488 2749 1659 2822 θήραν
1714 2745 1818 2801 οὐκ
1847 2744 2034 2822 ἔχωνς

381 2837 448 2892 Si
490 2837 672 2908 rugiei
715 2835 797 2892 leo
833 2836 907 2892 de
949 2836 1099 2892 saltu
1143 2854 1254 2893 non
1301 2838 1507 2892 habens
1533 2836 1822 2909 pra'dam?
1852 2838 1913 2893 In
1946 2852 2036 2892 se-

384 2925 587 2998 quenti
620 2929 817 2982 autem
848 2925 1088 2998 periodo
1120 2924 1308 2982 multa
1335 2925 1946 2997 immutavimus,qute
1965 2925 2036 2981 ab

374 3014 634 3071 auctoris
657 3018 853 3071 mente
872 3015 1245 3088 oberrabant,
1271 3016 1342 3071 de
1369 3016 1739 3088 apparitione
1770 3013 2037 3071 mustelae

372 3102 461 3161 vel
494 3104 656 3160 canis
696 3120 759 3160 se
790 3102 1199 3175 discerpentis,
1223 3104 1309 3161 vel
1342 3106 1536 3178 potius
1559 3110 1735 3178 caput
1765 3120 2034 3161 exseren-

372 3193 471 3261 tis,
506 3210 635 3265 quae
658 3192 952 3261 omittam,
982 3194 1133 3266 quod
1167 3194 1388 3263 omnia,
1421 3211 1548 3266 quae
1580 3197 1839 3250 correcta
1870 3197 2030 3262 sunt,

374 3264 614 3339 necesse
645 3300 761 3339 non
794 3283 872 3339 sit
902 3264 1184 3340 indicare.
1218 3283 1397 3340 Porro
1432 3264 1685 3341 similem
1727 3283 1784 3338 in
1820 3300 2030 3355 super-
2065 3307 2107 3372 ρ
2144 3264 2276 3331 νεῖςν

376 3370 642 3427 stitiosos
671 3371 853 3429 habes
884 3372 1204 3429 orationem
1235 3376 1293 3428 et
1332 3374 1615 3430 adversus
1646 3372 1847 3429 omnia
1878 3373 2029 3445 apud

377 3460 739 3531 Ciceronem,
760 3458 859 3517 lib.
893 3480 912 3517 1
941 3462 1014 3517 De
1040 3461 1529 3533 divinatione,sub
1562 3462 1762 3534 ﬁnem,
1792 3465 1850 3519 et
1870 3462 2044 3535 paulo

374 3552 511 3620 post
546 3548 784 3606 initium
817 3550 953 3606 libri
986 3568 1027 3606 ιι
1060 3566 1074 3606 :
1109 3572 1137 3601 «
1165 3552 1440 3608 Crassum
1467 3568 1581 3608 non
1616 3552 1797 3607 fuisse
1828 3551 2042 3623 peritu-

373 3653 531 3705 rum,
559 3635 608 3691 si
639 3636 822 3693 omini
855 3639 1180 3708 paruisset;
1208 3655 1334 3711 qua:
1366 3639 1416 3694 si
1448 3636 2045 3711 suscipiamus,pedis

376 3725 623 3782 offensio
682 3725 874 3796 nobis,
909 3731 967 3782 et
1026 3727 1302 3799 abruptio
1346 3727 1630 3800 corrigiae,
1661 3731 1717 3784 et
1747 3731 2046 3783 sternuta-

374 3818 575 3870 menta
614 3817 791 3869 erunt
816 3814 1201 3870 observanda.
1234 3838 1253 3863 ι
1278 3819 1351 3872 Et
1377 3816 1535 3889 quod
1563 3816 1642 3872 ait
1672 3815 1945 3885 Basilius,
1970 3816 2043 3873 ob

373 3903 636 3975 inopiam
671 3901 781 3957 sibi
808 3901 1157 3974 plerumque
1185 3903 1389 3975 lugere
1421 3920 1705 3974 aves,non
1734 3904 2043 3977 utaliquid

374 3992 511 4048 mali
538 3991 915 4065 protendunt,
940 3991 1131 4048 simile
1154 3996 1243 4047 est
1264 3990 1350 4046 illi
1375 3979 2041 4065 apophthegmati,quod

373 4082 556 4137 refert
579 4082 736 4137 idem
760 4082 979 4145 Cicero,
1002 4080 1108 4137 lib.
1135 4082 1246 4136 1ορ
1274 4082 1657 4137 divinatione:
1684 4104 1710 4131 ‹‹
1735 4082 1877 4139 Cum
1917 4082 2043 4160 Fla_

374 4169 601 4227 minius
632 4171 840 4227 consul
872 4175 1076 4227 contra
1106 4169 1457 4227 Annibalem
1487 4169 1747 4243 legiones
1778 4172 2039 4254 duceret,

373 4275 441 4315 ex
472 4258 729 4333 pullario
760 4259 1053 4333 quaesivit,
1078 4260 1126 4317 si
1160 4258 1308 4333 pulli
1342 4276 1455 4315 non
1489 4265 1886 4333 pascerentur,
1901 4260 2038 4333 quid

374 4350 711 4405 faciendum
744 4353 1045 4421 censeret;
1070 4366 1199 4406 cum
1226 4349 1325 4405 ille
1347 4348 1771 4422 quiescendum
1796 4365 2041 4423 respon-

373 4439 577 4507 disset,
614 4439 965 4507 Flaminius,
998 4437 1281 4496 Praeclara
1326 4455 1459 4494 vero
1509 4439 1792 4512 auspicia,
1817 4438 1867 4494 si
1899 4457 2038 4496 esu-

371 4527 662 4585 rientibus
694 4527 873 4600 pullis
908 4544 1000 4583 res
1031 4527 1154 4601 geri
1186 4527 1424 4601 poterit,
1464 4528 1682 4584 saturis
1737 4527 1883 4584 nihil
1930 4545 2036 4601 ge-

373 4622 555 4674 retur.
593 4639 621 4669 »
651 4617 797 4675 Vide
842 4618 1020 4675 etiam
1063 4617 1445 4682 Plutarchum
1503 4616 1636 4692 "api
1693 4612 2033 4691 δεισιδαιμο-

373 4704 513 4769 νίας.

445 4797 566 4855 Col.
597 4798 705 4853 250
733 4798 774 4853 ι)
811 4797 866 4852 2.
902 4796 1039 4853 Cum
1070 4796 1377 4853 sceleratos.
1414 4798 1477 4852 In
1529 4798 1796 4870 margine
1844 4813 2031 4854 anno-

372 4889 527 4943 tarat
557 4886 911 4943 Tilmannus
944 4902 1028 4957 se,
1061 4903 1166 4960 pro
1224 4883 1395 4941 πολιᾶ
1443 4883 1568 4956 ἔθη,
1595 4886 1789 4959 legere
1844 4882 2033 4940 πολλὰ

374 4972 527 5046 ἔθνη,
563 4998 590 5026 ‹‹
623 4992 755 5032 cum
792 4974 1013 5033 multas
1038 4980 1265 5050 gentes,
1298 4980 1358 5031 et
1388 4974 1737 5047 improbatis
1770 4974 2031 5031 moribus

375 5070 643 5123 assuetas
656 5064 1045 5137 excepissent,
1061 5064 1366 5139 elegerunt
1388 5064 1714 5122 secundum
1738 5081 1857 5131 eas,
1876 5086 1903 5113 »
1919 5068 2027 5121 etc.

372 5157 445 5212 At
474 5155 534 5212 in
566 5155 633 5211 Η.
668 5159 725 5212 et
754 5154 798 5210 Ι.
834 5154 1119 5226 scriptum
1155 5153 1531 5222 offendimus,
1566 5156 1631 5208 ut
1678 5153 1853 5209 habet
1885 5169 2027 5226 apo-

373 5245 665 5320 graphum
716 5243 942 5315 Anglic.
974 5248 1032 5300 et
1090 5243 1354 5318 Procopii
1407 5247 1600 5299 textus
1639 5260 1695 5315 p.
1732 5243 1823 5313 48,
1855 5246 2030 5315 atque

370 5335 561 5408 ipsius
600 5333 1083 5405 interpres,apud
1118 5350 1293 5405 quem
1326 5334 1525 5407 aptius
1551 5333 1801 5389 fortasse
1821 5331 1923 5389 illa
1944 5334 2027 5388 sic

370 5430 586 5492 vertas,
615 5421 706 5478 καὶ
734 5419 888 5483 εὐθὺς
934 5418 993 5476 ἐκ
1039 5421 1295 5497 γενέσεως
1356 5419 1625 5498 ἀλλότρια
1680 5418 1884 5498 γίνεται
1930 5423 2027 5475 τοῦ

374 5517 529 5581 Θεοῦ,
564 5536 592 5564 ‹‹
626 5512 941 5584 statimque
988 5513 1061 5568 ab
1113 5511 1244 5586 ipsa
1283 5512 1588 5569 nativitate
1630 5510 1804 5568 alieni
1849 5528 1882 5568 a
1914 5513 2028 5568 Deo

375 5604 735 5672 efﬁciuntur,
768 5604 825 5656 et
877 5598 1215 5671 alienigenas
1272 5600 1662 5675 appellantur.
1715 5623 1744 5651 »
1806 5601 2028 5658 Rursus

374 5692 531 5750 idem
553 5692 839 5764 interpres
860 5688 1062 5746 Basilii
1083 5688 1141 5744 in
1162 5691 1427 5765 margine
1441 5691 1827 5748 admonuerat
1840 5705 1901 5746 se
1923 5706 2028 5764 pro

375 5787 475 5855 τῆς
506 5780 691 5857 ψυχῆς
722 5778 1011 5851 conjicere
1039 5775 1357 5852 legendum
1411 5781 1609 5837 forsan
1657 5774 1893 5848 κοιλίας,
1926 5783 2029 5837 aut

2146 2013 2240 2080 τῷ.
2280 2010 2692 2066 Verumtamen
2725 2026 2859 2063 cum
2894 2010 3365 2065 additamentum
3426 2010 3571 2066 illud
3614 2027 3806 2085 neque

2146 2099 2308 2171 Regii
2342 2114 2532 2169 neque
2563 2097 2664 2152 ulli
2690 2097 2790 2153 alii
2823 2098 3054 2154 codices
3076 2104 3418 2171 agnoscant,
3437 2100 3802 2172 superﬂuum

2146 2186 2378 2242 videtur
2409 2204 2422 2240 ε
2458 2190 2688 2242 tantum
2720 2187 2874 2257 apud
2907 2185 3285 2259 interpretem
3343 2189 3463 2243 hac
3511 2189 3803 2247 sententia

2147 2275 2241 2330 his
2268 2274 2459 2330 verbis
2490 2275 2873 2346 concipienda
2895 2281 2985 2330 est
3018 2293 3030 2331 :
3064 2298 3093 2325 «
3128 2276 3453 2348 Nequando
3506 2278 3800 2351 multipli-

2150 2365 2377 2421 caveris
2425 2364 2531 2419 tibi
2581 2380 2838 2435 equum:
2873 2364 2973 2437 qui
3014 2370 3138 2419 tum
3196 2367 3798 2441 reprehendebantur,

2146 2461 2367 2510 tantam
2412 2453 2523 2509 sibi
2576 2470 2861 2525 equorum
2924 2455 3367 2511 multitudinem
3427 2473 3795 2529 comparave-

2149 2549 2301 2611 rant,
2331 2547 2395 2597 ut
2425 2558 2739 2597 numerum
2764 2545 3304 2615 supergrederetur.
3328 2566 3357 2595 ››
3390 2547 3611 2601 Pendet
3636 2548 3792 2602 enim

2147 2633 2437 2691 sententia
2467 2634 2538 2688 ab
2570 2633 2741 2688 initio
2774 2632 2993 2705 periodi
3021 2635 3119 2686 τοῦ
3163 2623 3265 2709 γὰρ
3308 2637 3447 2688 Θεοῦ
3518 2633 3798 2711 βουλομέ-

2146 2744 2263 2792 νου,
2299 2724 2503 2779 «Nam
2563 2740 2695 2778 cum
2757 2722 2927 2779 vellet
2983 2723 3160 2794 Deus,
3197 2747 3223 2774 »
3255 2731 3366 2781 etc.
3432 2727 3601 2783 Porro
3649 2730 3797 2784 Deu-

2144 2813 2453 2870 teronomii
2502 2830 2641 2884 xvu,
2676 2815 2763 2879 i6,
2798 2812 2970 2886 paulo
3024 2814 3194 2869 aliter
3249 2815 3535 2888 scriptum
3586 2826 3671 2875 est
3730 2820 3801 2874 de

2149 2920 2285 2976 rege
2335 2902 2456 2959 sive
2514 2904 2778 2974 principe
2836 2904 3033 2975 populi
3077 2920 3090 2958 :
3142 2903 3223 2959 Οὐ
3294 2901 3569 2972 πληθυνεῖ
3628 2905 3801 2977 ἑαυτῷ

2141 2989 2337 3046 ἵππον.
2370 2993 2487 3048 Νοη
2516 2991 2909 3063 multiplicabit
2937 2991 3045 3046 sibi
3071 3008 3294 3063 equum,
3327 2994 3435 3050 hoc
3464 3000 3554 3051 est
3581 2996 3804 3067 equita-

2145 3090 2293 3154 tum,
2357 3086 2421 3135 ut
2504 3083 2742 3152 exponit
2791 3080 2851 3135 S.
2911 3082 3278 3153 Augustinus
3342 3084 3402 3139 in
3486 3085 3797 3142 ιρι-ιιιὶοηί-

2149 3172 2264 3226 bus.
2327 3169 2507 3225 Aliter
2564 3170 2739 3225 etiam
2797 3169 3005 3224 extulit
3059 3171 3398 3243 Procopius,
3453 3173 3528 3244 μὴ
3582 3170 3797 3243 πληθυ-

2325 3283 2354 3310 ‹‹
2414 3277 2527 3315 non
2592 3258 3035 3331 multiplicabis.
3087 3281 3116 3310 ι)
3173 3261 3354 3318 Paulo
3403 3262 3555 3319 infra
3607 3261 3801 3337 ἐπίμι-

2152 3370 2300 3417 κτον,
2319 3371 2347 3399 ‹‹
2380 3347 2822 3404 miscellaneum
2849 3354 2907 3403 et
2934 3350 3251 3421 promiscui
3279 3352 3574 3407 seminis»
3595 3354 3802 3422 vertit;

2153 3456 2259 3495 vox
2298 3440 2540 3495 Hebraea
2596 3439 2907 3493 subtemen
2958 3444 3016 3493 et
3071 3444 3322 3496 tramam
3367 3441 3680 3513 significat,
3713 3449 3802 3499 at-

2153 3544 2269 3599 que
2322 3527 2503 3583 etiam
2562 3526 2773 3598 vulgus
2830 3527 3255 3597 promiscuum,
3308 3530 3696 3600 quamobrem
3748 3536 3805 3587 et

2152 3618 2330 3673 Exodi
2379 3632 2483 3683 xu,
2525 3615 2614 3678 38,
2669 3613 2759 3667 καὶ
2814 3612 3101 3687 ἐπίμικτος
3157 3613 3333 3679 πολὺς
3387 3612 3648 3688 συνανέϐη
3709 3617 3803 3673 αὗ-

2150 3709 2288 3772 τοῖς,
2320 3717 2374 3760 ει
2403 3706 2714 3761 commistus
2741 3706 2953 3761 multus
2976 3707 3221 3763 ascendit
3248 3723 3374 3763 cum
3404 3708 3618 3775 eis,ubi
3640 3708 3807 3766 Chal-

2154 3797 2315 3853 daeus
2331 3794 2764 3869 paraphrastes,
2793 3818 2813 3843 α
2840 3797 3097 3851 extranei
3137 3796 3328 3863 multi,
3352 3801 3449 3869 qui
3488 3817 3602 3854 non
3636 3804 3804 3856 erant

2156 3885 2482 3943 Israelitici.
2517 3907 2545 3936 ››
2578 3885 2729 3941 Sunt
2751 3885 2852 3957 qui
2872 3885 3515 3962 intelligant/Egyptios
3538 3889 3608 3946 ad
3634 3890 3803 3947 ﬁdem

2153 3993 2465 4033 conversos
2496 3976 2674 4032 unius
2704 3976 2829 4033 Dei.

2222 4065 2345 4122 Col.
2372 4066 2479 4121 234
2510 4068 2553 4121 Α
2604 4066 2659 4119 8.
2706 4065 2903 4121 Odiosa
2956 4072 3188 4138 spectas.
3240 4068 3565 4141 Legebatur
3611 4073 3799 4140 antea,

2156 4175 2177 4203 ι
2209 4154 2444 4210 fastidio
2497 4158 2660 4219 sunt.
2692 4170 2758 4209 ac
2804 4155 3086 4224 vitantur,
3116 4173 3219 4212 ceu
3269 4157 3598 4229 spectaculo
3648 4159 3800 4215 indi-

2150 4243 2273 4315 gni,
2306 4242 2475 4314 quasi
2508 4243 2959 4298 exerementitiaa
2998 4251 3189 4316 erupt.
3224 4266 3253 4296 »
3282 4247 3357 4301 At
3394 4246 3490 4303 hic
3546 4244 3799 4320 ἐντράπε-

2146 4342 2267 4394 σθαι
2296 4331 2541 4389 verbum
2574 4337 2663 4387 est
2694 4332 2977 4400 medium,
3011 4349 3123 4387 non
3157 4334 3479 4404 passivum.
3507 4335 3794 4392 Ceterum

2147 4421 2303 4494 quod
2337 4420 2432 4476 hic
2460 4421 2632 4477 docet
2660 4425 2883 4485 auctor,
2911 4416 3196 4496 βδέλυγμα
3226 4423 3412 4479 solere
3434 4424 3795 4497 Scripturam

2147 4511 2305 4565 idola
2333 4525 2562 4578 vocare,
2591 4506 2948 4565 confirmant
2979 4509 3141 4580 LXX,
3174 4528 3308 4567 cum
3357 4512 3657 4570 Hebrzsam
3712 4514 3796 4570 di-

2144 4599 2396 4655 ctionem
2426 4582 2561 4660 ἦν’-»ι
2594 4596 2712 4668 qua
2740 4596 2837 4652 hic
2868 4613 3011 4653 usus
3059 4603 3149 4655 est
3194 4600 3480 4674 propheta
3522 4619 3654 4660 eum
3705 4603 3798 4659 di-

2062 4680 2246 4754 Dxit,
2278 4711 2306 4739 ‹‹
2361 4692 2579 4743 terram
2638 4685 3179 4745 abominationibus
3235 4689 3531 4761 refertam,
3593 4713 3622 4742 ››
3672 4708 3796 4748 ver-

2144 4782 2281 4835 tunt
2338 4776 2568 4835 Levitic.
2629 4792 2749 4841 x.x,
2803 4777 2837 4830 4
2900 4791 2915 4833 :
2979 4773 3206 4845 εἷ’δωλα,
3262 4779 3412 4835 idola
3470 4797 3484 4836 :
3539 4778 3650 4834 Οὐκ
3703 4778 3795 4834 ἐπ-

2142 4866 2543 4937 ακολουθήσετε
2618 4861 2896 4927 εἰδώλοις.
2954 4868 3073 4925 Non
3146 4871 3454 4941 sequamini
3493 4871 3678 4941 idola;
3738 4877 3794 4929 et

2143 4960 2357 5034 psalm.
2433 4974 2595 5024 XCVI,
2653 4958 2689 5010 7
2749 4973 2763 5013 :
2825 4956 2893 5015 Ol
2941 4954 3352 5033 ἐγκαυχώμινοι
3434 4965 3552 5025 τοῖς
3634 4958 3791 5016 εἰδώ-

2141 5046 2285 5110 λοις⁶
2320 5049 2425 5117 Qui
2477 5042 2792 5119 gloriantur
2845 5050 2908 5103 in
2952 5049 3285 5105 simulacris.
3318 5049 3791 5122 Cbrysostomus,

2141 5139 2203 5194 in
2231 5154 2272 5193 ιι
2308 5139 2443 5207 Isa.,
2475 5155 2533 5210 p.
2565 5137 2671 5191 677
2705 5155 2718 5193 :
2756 5132 3052 5211 Βδέλυγμα
3082 5133 3139 5191 δὲ
3169 5135 3353 5193 εἷ’ωθεν
3381 5140 3417 5209 ἡ
3450 5141 3636 5218 Γραφὴ
3694 5161 3789 5195 κα.

2141 5223 2255 5281 λεῖν
2312 5224 2380 5279 τὰ
2428 5221 2633 5278 εἷ’δωλα
2661 5242 2674 5257 υ
2704 5221 2939 5277 ἑντιῦθεν
2992 5222 3081 5278 καὶ
3126 5222 3407 5302 βδέλυγμα
3455 5227 3790 5303 ἐρημώσεως

2140 5311 2353 5391 λέγεται
2384 5315 2413 5368 ὁ
2442 5310 2662 5388 ἀνδριὰς
2702 5313 2729 5366 ὁ
2784 5311 2872 5367 ἐπὶ
2903 5317 2999 5368 τοῦ
3031 5318 3162 5370 ναοῦ
3219 5315 3405 5379 ἑστώς.
3436 5319 3586 5376 Sane
3635 5320 3789 5376 Scri-

2139 5409 2313 5476 ptura
2342 5420 2446 5476 pro
2491 5419 2653 5460 more
2696 5420 2804 5459 suo
2835 5402 2989 5460 idola
3020 5410 3185 5462 vocat
3244 5408 3786 5481 abominationemg

2138 5493 2279 5551 hinc
2335 5482 2704 5550 abominatis
2744 5492 3125 5552 desolationis
3155 5495 3374 5553 dicitur
3404 5501 3625 5571 statua,
3657 5516 3784 5571 qua:

2136 5587 2254 5641 stat
2284 5584 2343 5639 in
2375 5583 2617 5655 templo,
2652 5602 2680 5631 ››
2713 5580 2918 5637 Matth.
2949 5599 3103 5655 xxiv,
3138 5586 3224 5642 15.

2206 5689 2326 5749 Col.
2383 5690 2489 5745 257
2548 5693 2591 5743 Β
2645 5688 2700 5743 3.
2757 5684 2858 5741 Kal.
2916 5684 3150 5762 δήξεται.
3211 5692 3663 5754 Emendavimus
3713 5712 3783 5752 ex

2134 5784 2299 5838 textu
2327 5778 2624 5853 propheta
2654 5770 2891 5850 δήξεται,
2922 5784 3098 5851 prout
3128 5785 3255 5840 erat
3308 5785 3485 5843 etiam
3532 5783 3592 5843 in
3621 5788 3691 5843 Η.
3724 5788 3784 5845 et
