4176 6442
386 369 540 430 1087

392 505 434 558 Ι.
469 503 745 558 Mendose
798 499 1021 573 Anglic.
1059 497 1283 572 δέξεται,
1315 524 1343 550 ‹‹

393 592 450 649 F.
471 587 718 662 δείξεται,
741 614 760 639 σι
786 593 1076 646 ostendet.
1096 613 1118 643 υ
1139 595 1275 647 Item
1304 589 1475 662 paulo
1504 594 1637 661 post
1663 587 2036 658 scripsimus,

395 703 414 728 ι
454 681 562 735 hoc
592 687 702 747 est,
727 682 783 734 in
818 681 1072 734 solidum
1108 682 1568 744 firmamentum,
1595 700 1621 724 η
1656 695 1758 748 pro
1785 676 2039 730 illisver-

391 770 483 823 bis
514 769 879 841 interpretis,
903 792 929 819 «
953 769 1064 823 hoc
1087 773 1197 833 est,
1227 785 1287 824 se
1319 768 1699 822 substernant
1731 765 1916 820 solido
1943 765 2036 817 lir-

393 865 691 914 mamento
710 859 864 912 fidei.
895 881 920 906 ››
945 858 1248 912 Mutuatus
1273 858 1488 912 esthoc
1521 857 1593 911 ab
1620 853 1892 927 Apostolo
1933 853 2037 907 Co-

391 949 639 1003 lossens.
675 949 824 1013 11,5:
851 945 946 999 Καὶ
999 946 1058 999 τὸ
1104 946 1383 1018 στερέωμα
1431 951 1530 1014 τῆς
1582 944 1658 1005 εἲς
1689 943 1915 1017 Χριστὸν
1944 940 2036 994 πί-

395 1055 560 1096 στεως
593 1035 766 1108 ὑμῶν·
805 1056 826 1083 α
852 1037 1375 1092 Etfirmamentum
1398 1037 1547 1108 ejus,
1573 1053 1699 1108 qua
1723 1036 1779 1090 in
1805 1034 2038 1089 Christo

391 1131 500 1196 est,
534 1125 668 1180 ﬁdei
699 1131 922 1181 vestrae.
955 1148 982 1176 ι)

463 1233 613 1288 Ibid.
638 1234 677 1289 C
700 1234 752 1288 3.
783 1234 1095 1305 Leporibus.
1135 1235 1527 1306 Expunximus
1553 1249 1749 1288 vocem
1780 1254 1798 1278 ιι
1845 1232 2036 1286 erina-

391 1322 508 1378 ceis
542 1345 567 1373 ››
594 1321 730 1376 huic
762 1324 1057 1394 prazfixam
1092 1344 1105 1380 :
1139 1323 1276 1379 licet
1304 1324 1362 1378 in
1425 1324 1603 1380 veteri
1654 1321 1934 1377 Psalterio
1984 1326 2038 1377 et

390 1413 545 1483 apud
580 1412 637 1466 S.
675 1412 1071 1485 Augustinum
1100 1413 1326 1485 psalmo
1375 1430 1521 1469 Can
1552 1457 1563 1480 ,
1598 1413 1685 1480 18,
1719 1417 2038 1484 utrumque

389 1501 696 1568 habeatur,
739 1523 763 1553 α
793 1508 960 1574 petra
990 1503 1284 1573 refugium
1316 1502 1553 1558 bericiis
1583 1507 1637 1557 et
1671 1502 2034 1574 leporibus.»

379 1591 454 1644 At
510 1590 649 1645 LXX
706 1590 1074 1662 scaipserunt
1133 1595 1365 1646 tantum
1419 1587 1684 1664 λαγωοῖς,
1743 1592 2035 1662 leporibus,

393 1695 509 1733 non
567 1675 1043 1752 χοιρογρυλλίοις,
1095 1682 1401 1742 erinaceis;
1459 1685 1523 1735 ut
1589 1685 1838 1735 testatur
1903 1678 2036 1734 Hie-

391 1769 754 1838 ronymnsin
787 1767 1044 1839 Epistula
1078 1769 1146 1823 ad
1182 1769 1424 1823 Suniam
1450 1773 1504 1823 et
1538 1768 1741 1824 Fretel.
1779 1769 1941 1824 Certe
1979 1768 2035 1822 in

391 1857 668 1912 omnibus
686 1857 884 1912 Basilii
908 1875 1046 1914 mss.
1070 1859 1370 1914 codicibus
1387 1857 1628 1932 λαγωοῖς
1649 1863 1875 1913 tantum
1891 1862 2032 1912 erat:
2069 1859 2116 1924 B

390 1945 490 2000 sed
535 1946 593 2001 in
627 1947 685 2000 F.
719 1947 894 2018 paulo
927 1952 1056 2019 post
1081 1948 1403 2021 legebatur,
1439 1954 1502 2004 ut
1529 1965 1807 2004 excusum
1842 1953 1931 2003 est
1954 1949 2034 2018 τῷ

388 2038 609 2109 καθαρῷ
642 2033 995 2111 πρόσκαιρον,
1013 2061 1040 2088 (ι
1061 2038 1108 2093 ei
1129 2039 1224 2110 qui
1252 2056 1435 2111 purus
1454 2042 1543 2094 est
1563 2041 1983 2111 opportunum,
2007 2059 2033 2085 ››

391 2124 512 2180 sive
547 2127 968 2197 conveniens,»
1001 2144 1112 2182 non
1154 2150 1175 2177 α
1232 2128 1578 2201 suffugium,
1604 2150 1632 2178 »
1656 2132 1721 2183 ut
1752 2128 1917 2183 addit
1947 2126 2033 2180 in-

387 2217 651 2285 terpres;
686 2232 875 2287 neque
908 2216 1062 2271 enim
1094 2217 1378 2295 καταφυγή
1433 2223 1565 2290 apte
1617 2219 1791 2290 jungi
1847 2221 2038 2290 potest

387 2319 520 2358 cum
554 2303 809 2375 epitheto
841 2303 1195 2380 πρόσκαιρον,
1229 2309 1329 2362 sed
1363 2308 1434 2363 ad
1462 2306 1522 2360 τὸ
1558 2304 1684 2379 μέλι
1715 2308 1913 2380 potius
1946 2324 2034 2361 re-

384 2390 523 2446 ferri
557 2393 792 2463 poterit,
818 2395 905 2449 vel
939 2399 1090 2450 certe
1117 2399 1182 2451 ut
1214 2396 1498 2467 scriptum
1522 2402 1610 2452 est
1644 2397 1702 2451 in
1735 2396 1928 2468 Angl.,
1959 2398 2038 2466 τῷ

385 2484 609 2554 καθαρῷ
633 2479 1070 2557 πρόσκορον,ν61
1103 2489 1167 2540 ut
1195 2485 1254 2541 in
1288 2485 1353 2541 Η.
1391 2491 1448 2541 et
1477 2490 1516 2540 Ι.
1547 2486 1607 2540 τὸ
1637 2487 1872 2560 καθαρὸν
1903 2488 2039 2562 πρὸς

388 2567 575 2639 κόρον,
605 2593 633 2620 ‹‹
668 2589 881 2644 purum
915 2575 986 2629 ad
1011 2575 1366 2642 satietatem,
1391 2598 1418 2625 υ
1444 2577 1527 2631 sic
1559 2582 1623 2632 ut
1667 2577 1921 2635 insertus
1950 2580 2036 2633 vi-

391 2659 604 2715 deatur
636 2660 798 2717 locus
830 2664 1043 2734 psalmi
1094 2681 1214 2732 cm,
1244 2688 1270 2715 «
1308 2666 1471 2721 Petra
1505 2665 1794 2739 refugium
1841 2669 2032 2723 crina-

394 2749 544 2818 ceis;
575 2772 602 2799 ››
628 2767 763 2806 cum
789 2752 860 2807 ad
881 2752 1060 2809 alium
1088 2754 1282 2826 potius
1301 2755 1537 2811 Davidis
1560 2756 1752 2812 locum
1776 2757 1884 2814 hoc
1907 2775 2034 2828 spe-

392 2837 708 2908 ctaret,ubi
741 2839 954 2894 dicitur
974 2858 1119 2912 puro
1148 2841 1320 2898 melle
1343 2844 1412 2898 ad
1437 2843 1762 2899 satietatem
1785 2844 2038 2916 p0pulus

394 2930 603 2996 pastus
662 2944 810 2994 esse,
865 2928 1010 2998 psal.
1047 2947 1207 3002 Lxxx,
1243 2931 1310 2986 l7
1343 2948 1355 2985 :
1391 2929 1488 2984 Καὶ
1543 2930 1602 2985 ἐκ
1651 2932 1846 3008 πέτρας
1909 2931 2036 3005 μέλι

390 3010 682 3087 ἐχόρτασεν
729 3013 945 3089 αὐτούς,
984 3023 1047 3074 Et
1102 3020 1168 3075 de
1215 3025 1377 3091 petra
1424 3022 1585 3078 melle
1630 3024 1898 3079 saturavit
1926 3040 2034 3080 eos.

391 3103 506 3158 Nec
539 3105 649 3160 fuit
679 3123 997 3176 causa,cur
1025 3109 1261 3165 adderet
1292 3116 1494 3183 postea
1523 3130 1720 3169 vocem
1755 3130 2034 3186 «reges,»

1577 363 1812 426 NOTAE
1855 352 2299 422 FBONTONIS
2343 351 2608 414 DUCIEI

1387 498 1686 570 suscipiet,
1722 519 1750 549 n
1782 495 2043 564 itemque
2075 490 2124 556 Α
2157 487 2527 559 prudentem,
2562 505 2591 533 »
2623 483 2776 554 quod
2811 481 3058 538 fortasse
3085 479 3142 535 in
3177 479 3514 553 apographo
3561 480 3811 554 legisset

3647 349 3810 411 1088

2149 578 2439 649 interpres
2472 573 2708 646 ἀνοήτῳ,
2742 590 2844 645 pro
2888 571 3155 644 ἆνονήτῳ,
3197 573 3349 644 quod
3387 573 3447 628 F.
3500 571 3566 627 Η.
3601 577 3658 628 et
3705 573 3807 629 alii

2149 681 2291 719 mss.
2317 668 2653 718 constanter
2674 662 2990 734 praeferunt
3014 678 3025 714 :
3051 666 3110 716 at
3131 661 3190 714 in
3226 677 3399 715 versu
3431 661 3644 732 psalmi
3681 679 3804 731 cm,

2151 755 2238 821 16,
2273 751 2407 821 ξύλα
2462 749 2661 826 Κυρίου
2720 751 2863 823 legit
2910 751 2996 817 F.,
3035 754 3395 822 quapropter
3451 750 3809 808 Tilmannus

2149 843 2406 899 ediderat
2427 843 2583 912 ligna
2599 843 2835 905 Domini,
2855 857 2968 911 quo
2992 845 3160 910 pacto
3183 840 3359 895 etiam
3385 840 3808 912 Symmachus,

2150 932 2359 1003 quinta
2391 937 2448 986 et
2479 935 2639 986 sexta
2665 929 2843 985 editio
2872 933 3214 984 verterunt:
3246 928 3384 999 quia
3413 933 3610 984 tamen
3659 930 3727 985 H.
3760 933 3806 987 Ι.

2148 1027 2206 1076 et
2256 1021 2572 1092 Procopius
2648 1020 2868 1076 habent
2931 1013 3142 1082 πεδίου,
3197 1020 3405 1088 campi,
3461 1035 3593 1074 cum
3664 1019 3810 1074 Vul-

2148 1114 2283 1183 gata
2323 1110 2526 1165 Latina
2555 1109 2640 1164 sic
2671 1108 3137 1163 immutavimus.
3175 1105 3382 1176 Aquila
3433 1112 3490 1163 et
3533 1108 3808 1164 Theodo-

2148 1199 2229 1254 tio
2261 1204 2580 1271 utrumque
2618 1197 2870 1269 amplexi
2904 1201 3065 1262 sunt,
3100 1193 3234 1264 ξύλα
3287 1198 3386 1248 τοῦ
3443 1192 3634 1250 πεδίου
3694 1197 3810 1253 Κυ-

2149 1287 2290 1362 ρίου,
2319 1290 2473 1359 ligna
2502 1293 2683 1360 campi
2713 1289 2958 1343 Domini.

2220 1376 2341 1431 Col.
2366 1378 2472 1431 267
2508 1377 2549 1432 Β
2603 1377 2686 1431 11.
2734 1374 3094 1431 Consuetudo.
3128 1373 3296 1443 Κοινή
3330 1375 3498 1444 dixit,
3532 1391 3648 1430 non
3679 1393 3812 1428 και-

2149 1466 2241 1534 νή,
2269 1471 2334 1520 ut
2365 1467 2676 1536 interpres,
2708 1487 2734 1518 α
2767 1465 3252 1520 consuetudinem
3300 1464 3544 1536 insuper
3571 1465 3809 1521 vivendi

2149 1556 2406 1610 novitate
2438 1555 2827 1626 excogitatam
2851 1553 3075 1609 confert
3097 1553 3362 1624 quercui.
3399 1575 3426 1602 »
3461 1554 3586 1609 Imo
3617 1558 3684 1608 ut
3727 1554 3811 1608 ait

2149 1645 2489 1716 Procopius,
2551 1641 2791 1716 σκληρὸν
2866 1642 3001 1710 ἦθος
3074 1637 3242 1710 δηλοῖ
3313 1639 3404 1694 καὶ
3481 1639 3810 1714 ἀντίτυπον,

2148 1735 2275 1794 τοὺς
2329 1729 2386 1786 δὲ
2438 1732 2718 1792 τοιούτους
2768 1731 2922 1799 καὶὴ
2974 1730 3130 1798 κοινὴ
3187 1730 3444 1799 συνήθεια
3489 1728 3808 1805 παρεικάζει

2151 1818 2291 1893 δρυί.
2325 1842 2350 1873 α
2383 1821 2578 1894 Ipsam
2612 1837 2844 1877 morum
2872 1820 3150 1876 duritiem
3184 1819 3691 1891 pervicaciamque
3722 1820 3805 1874 si-

2145 1912 2387 1984 gniﬁcat
2415 1927 2563 1982 :qua
2585 1911 2684 1982 qui
2717 1909 2944 1982 praediti
2977 1913 3119 1964 sunt
3148 1909 3449 1964 communi
3483 1914 3804 1965 consuetu-

2146 2002 2282 2056 dine
2311 2017 2442 2056 cum
2479 2017 2695 2072 quercu
2731 2003 3170 2071 comparantur.
3207 2018 3235 2047 n
3268 1997 3483 2053 Notum
3517 2003 3609 2053 est
3646 1997 3803 2053 illud

2147 2091 2521 2146 Homericum
2555 2085 2768 2144 Ὀδυσσ.
2803 2089 2870 2157 Τ,

2147 2205 2220 2259 Οὐ
2284 2203 2385 2280 γὰρ
2461 2203 2568 2260 ἀπὸ
2656 2201 2817 2279 δρυός
2894 2201 3006 2257 ἐσσι
3082 2199 3463 2347 παλαιφάτουἲ
3509 2199 3628 2330 ρῦδ’
3684 2202 3795 2257 ἀπὸ

3466 2295 3691 2347 πτρης.

3466 2295 3691 2350 πετρης.

2145 2396 2283 2452 Nam
2312 2411 2485 2466 neque
2520 2393 2751 2454 faticida
2799 2409 3003 2465 quercu
3032 2397 3182 2448 satus
3211 2408 3288 2461 es,
3317 2409 3492 2464 neque
3539 2409 3695 2450 saxo.

2143 2485 2225 2541 Ad
2257 2485 2408 2556 quod
2439 2483 2638 2539 allusit
2668 2483 2826 2539 Plato
2857 2483 2957 2538 lib.
2987 2500 3084 2538 vm
3119 2488 3197 2539 De
3225 2483 3512 2553 republica
3545 2501 3558 2538 :
3594 2483 3666 2538 "H
3699 2479 3804 2537 οἳέι

2148 2571 2207 2627 ἔκ
2239 2570 2398 2647 δρυός
2427 2574 2610 2640 ποθεν,
2642 2573 2676 2642 ἢ
2712 2572 2771 2626 ἐκ
2812 2571 3011 2646 πέτρας
3057 2570 3153 2632 τὰς
3191 2567 3483 2632 πολιτείας
3544 2569 3808 2647 γίνεσθαι,

2148 2660 2274 2718 ἀλλ’
2306 2661 2435 2737 οὐχὶ
2469 2661 2527 2717 ἐκ
2548 2665 2656 2717 τῶν
2684 2662 2833 2731 ἠθῶν
2863 2665 2970 2716 τῶν
3004 2658 3054 2716 ἐν
3086 2665 3206 2722 ταῖς
3235 2656 3431 2715 πόλεσι
3458 2680 3471 2730 ;
3501 2685 3528 2712 ‹‹
3563 2668 3653 2719 An
3685 2663 3808 2719 exi-

2149 2753 2357 2810 stimas
2389 2770 2416 2808 e
2440 2770 2655 2826 quercu
2689 2752 2887 2824 aliqua
2917 2751 3282 2824 respublicas
3314 2751 3500 2822 nasci,
3535 2755 3637 2808 aut
3685 2770 3806 2810 non

2148 2844 2343 2914 potius
2375 2859 2441 2899 ex
2469 2841 2733 2898 moribus
2755 2858 2979 2912 eorum,
3005 2840 3106 2913 qui
3128 2841 3186 2896 in
3210 2840 3544 2897 civitatibus
3566 2859 3803 2898 versan-

2146 2932 2291 2988 tur?
2325 2955 2350 2980 ››
2405 2933 2624 2988 Profert
2673 2931 2806 2987 Des.
2854 2931 3138 2986 Erasmus
3195 2929 3434 2986 chiliad.
3473 2931 3523 2999 1,
3557 2935 3708 2986 cent.
3742 2933 3800 2998 8,

2147 3022 2411 3093 proverb.
2444 3023 2560 3077 87:
2602 3044 2622 3070 σι
2657 3022 2738 3076 Ex
2791 3020 3128 3093 quercubus
3187 3019 3329 3083 nati,
3392 3041 3420 3069 »
3482 3025 3539 3076 et
3593 3020 3807 3091 repetit

2146 3111 2386 3169 chiliad.
2419 3112 2472 3183 4,
2505 3116 2664 3168 cent.
2701 3113 2756 3178 7,
2791 3110 3058 3182 proverb.
3089 3109 3192 3164 96:
3225 3131 3253 3159 «
3284 3108 3412 3164 NOn
3445 3125 3474 3164 e
3506 3125 3724 3182 quercu
3748 3113 3809 3164 et

393 3194 785 3284 cumMoyses
818 3197 1026 3252 dixerit
1072 3203 1324 3268 tantum,
1361 3205 1668 3258 Deuteron.
1701 3220 1875 3270 xxxn,
1922 3203 1986 3258 13
2021 3221 2034 3259 :
2069 3217 2112 3284 ρ
2150 3217 2314 3270 saxo,
2345 3224 2374 3251 »
2409 3201 2563 3257 idem
2596 3201 2896 3269 Erasmus,
2917 3198 3233 3254 immemor
3261 3213 3490 3265 eorum,
3521 3215 3650 3269 qua
3669 3197 3806 3253 scri-

390 3279 692 3351 Ἐοήλασαν
750 3282 877 3357 μὲλι
937 3285 996 3340 ἐκ
1051 3287 1270 3362 πέτρας,
1331 3287 1418 3342 καὶ
1477 3287 1658 3346 ἔλαιον
1709 3291 1769 3346 ἐκ
1826 3294 2036 3367 στερεᾶς

2151 3295 2368 3363 pserat,
2400 3291 2522 3348 sive
2553 3289 2685 3362 quis
2718 3289 3075 3359 alius,cujus
3105 3286 3203 3343 ille
3233 3303 3410 3359 opera
3442 3288 3719 3344 utebatur
3737 3289 3810 3343 ad

387 3369 605 3432 πὲτοας⁶
641 3373 922 3432 διεωθηιηῑ
953 3377 1064 3432 mel
1111 3380 1180 3434 de
1221 3383 1403 3451 petra,
1437 3385 1487 3436 el
1535 3381 1723 3438 oleum
1780 3383 1851 3438 de
1905 3397 2038 3438 saxo

387 3460 548 3516 duro.

461 3550 579 3606 Col.
611 3553 718 3607 260
759 3556 794 3609 A
825 3555 879 3608 7.
913 3560 979 3610 ’Π
1011 3556 1038 3610 ὁ
1079 3552 1168 3610 διὰ
1217 3557 1652 3634 μετριοπάθειαν.
1684 3565 1803 3619 Hoc
1852 3579 2037 3618 mem-

389 3639 560 3696 brum
595 3642 796 3699 abcrat
827 3662 860 3700 a
892 3646 976 3713 F.,
1010 3664 1184 3718 quam
1231 3650 1305 3705 ob
1347 3667 1586 3706 causam
1621 3652 1692 3707 ab
1725 3651 2039 3724 interprete

391 3730 678 3786 omissum
712 3734 845 3801 fuit,
875 3736 975 3791 sed
1009 3737 1066 3792 in
1109 3738 1412 3810 Anglican.
1449 3740 1513 3796 H.
1547 3746 1604 3796 et
1651 3741 1692 3796 Ι.
1729 3744 2034 3813 reperitur.

460 3820 579 3875 Col.
613 3823 720 3876 262
745 3822 783 3878 C
817 3825 864 3879 1.
898 3827 980 3880 Ea:
1009 3825 1096 3882 his
1135 3829 1312 3884 verbis
1356 3831 1784 3886 contumeliosis.
1832 3830 2038 3886 Mutila

390 3913 514 3964 erat
545 3910 667 3967 haec
697 3913 972 3983 periodus
1003 3915 1063 3971 in
1093 3917 1271 3989 Regio
1305 3919 1388 3985 F.,
1424 3936 1539 3991 quo
1569 3921 1788 3975 factum
1832 3925 1940 3989 est,
1975 3924 2041 3975 ut

390 4014 659 4055 mancam
678 4002 854 4058 etiam
869 4003 1408 4076 interpretationem
1429 4009 1740 4080 pepererit,
1759 4025 1936 4081 quam
1952 4026 2036 4065 re~

391 4086 716 4155 stituimus,
745 4092 802 4144 ni
836 4092 1024 4161 fallor,
1057 4096 1126 4149 ad
1172 4100 1426 4150 mentem
1481 4099 1755 4154 auctoris.
1786 4098 2034 4154 Tantum

390 4175 547 4262 enim
580 4183 703 4234 erat
730 4177 907 4255 ἀρχὴν
936 4180 1072 4257 πρὸς
1099 4182 1162 4237 τὸ
1194 4183 1686 4262 ὑπιρηφανεύεσοαι
1738 4190 1845 4242 τῶν
1905 4186 2039 4241 πολ-

2151 3380 2590 3452 proverbiorum
2637 3378 2918 3434 chiliadas
2967 3377 3345 3448 colligendas.
3379 3377 3545 3441 Quod
3604 3382 3809 3432 autem

2151 3469 2314 3526 nullo
2347 3470 2604 3525 indicato
2636 3477 2868 3524 auctore
2899 3467 3064 3532 citat,
3102 3487 3126 3516 α
3161 3471 3218 3520 et
3266 3465 3411 3521 duro
3459 3465 3667 3522 robore
3701 3483 3808 3521 na-

2152 3565 2259 3628 tos,
2297 3582 2324 3608 »
2355 3563 2445 3615 est
2475 3575 2542 3614 ex
2569 3557 2839 3630 Virgilio,
2871 3573 2970 3611 vm
3000 3555 3219 3611 Aineid.
3253 3555 3380 3625 314,
3411 3554 3516 3609 315
3550 3571 3562 3609 ;

2222 3656 2464 3728 Gensque
2483 3659 2670 3712 virum
2701 3654 2910 3710 truncis
2941 3658 2998 3708 et
3021 3655 3160 3728 (iuro
3191 3652 3386 3708 robore
3416 3655 3568 3718 nata,

2221 3726 2388 3796 Queis
2416 3745 2594 3800 neque
2612 3743 2728 3784 mos
2753 3742 2929 3799 neque
2959 3726 3140 3781 cultus
3169 3728 3406 3780 erat.....

2146 3825 2217 3881 Et
2247 3843 2314 3882 ex
2337 3825 2628 3894 Juvenali,
2662 3829 2858 3898 satyra
2884 3826 2919 3879 6
2955 3842 2967 3880 :

2217 3925 2491 3981 Vivebant
2519 3925 2767 3982 homines
2789 3926 2888 3997 qui
2917 3925 3080 3992 rupto
3111 3921 3311 3978 robore
3337 3921 3478 3976 nati.

2219 4019 2548 4076 (101.274Β
2581 4022 2668 4076 13.
2721 4024 2796 4076 Et
2851 4035 3091 4076 omnem.
3152 4018 3268 4073 Has
3319 4019 3581 4088 quinque
3630 4031 3805 4070 voces

2148 4109 2430 4166 omiserat
2447 4110 2757 4182 interpres,
2789 4109 2884 4164 sed
2908 4112 3140 4178 recepta
3159 4105 3617 4177 lectione,quam
3639 4113 3808 4158 tuen-

2147 4203 2248 4255 tur
2280 4203 2338 4255 A.
2373 4200 2441 4254 Η.
2476 4199 2544 4266 1.,
2575 4200 2768 4254 verior
2795 4199 3027 4252 videtur
3057 4195 3158 4251 illa
3183 4195 3403 4250 codicis
3433 4194 3494 4251 F.
3525 4194 3625 4253 ’³ος
3657 4190 3803 4245 ἔστιν

393 4260 528 4362 λῶν.
563 4267 675 4362 sed
718 4274 776 4325 et
807 4271 866 4326 in
901 4272 1074 4343 Regio
1103 4273 1172 4328 H.
1208 4291 1310 4345 pro
1361 4260 1682 4351 ὗποφὲριται
1735 4276 2036 4350 legebatur

2151 4287 2285 4362 ὑπὲρ
2332 4288 2506 4342 πάντα
2531 4260 2699 4342 ’νοῦν.
2735 4287 2885 4343 Ibid.
2921 4287 2962 4342 E
2991 4287 3044 4355 4,
3080 4279 3561 4360 ἐπιπεπλεγμένως
3607 4280 3806 4350 vertit,

394 4354 768 4434 ὑπιρφὲρεται.
807 4361 1093 4434 Interpres
1125 4363 1507 4436 inscripssrat
1538 4384 1550 4421 :
1592 4388 1612 4415 ι
1657 4367 1842 4422 Suum
1877 4367 2038 4439 prin-

390 4445 650 4518 cipatum
683 4451 945 4522 opponit,
979 4456 1044 4508 ut
1091 4471 1272 4525 supra
1322 4459 1561 4511 caeteros
1593 4455 1988 4528 conspiciatur
2023 4474 2035 4512 :

388 4537 556 4592 anxie
587 4540 908 4611 contendit,
928 4545 994 4596 ut
1016 4544 1453 4615 superemineat
1474 4545 1699 4601 multis.
1727 4570 1748 4598 ιι
1780 4548 1901 4602 Imo
1929 4546 2035 4602 hoc

385 4628 509 4684 vult
528 4629 802 4697 Basilius,
822 4632 1056 4690 initium
1081 4652 1310 4693 sumere
1328 4637 1666 4710 superbiam
1690 4639 1761 4694 ab
1785 4637 2035 4693 aliorum

387 4724 725 4793 contemptu
759 4739 772 4778 :
808 4725 962 4780 unde
991 4728 1309 4799 ProcOpius
1361 4729 1764 4802 paraphrasim
1824 4728 2034 4785 horum

388 4811 858 4881 compendiosum
914 4818 1114 4871 texens
1161 4833 1219 4888 p.
1279 4817 1395 4874 55:
1431 4820 1760 4893 Προηγεῖται
1821 4813 1878 4870 δὲ
1932 4823 2032 4886 τῆς

391 4897 758 4976 ὑπερηφανίας
789 4901 823 4970 ἠ
856 4895 1033 4976 ὕϐρις’
1070 4903 1098 4957 ὁ
1146 4903 1247 4980 γὰρ
1296 4905 1424 4968 τοὺς
1470 4903 1678 4968 ἄλλους
1735 4903 2030 4975 διαπτύων,

383 4985 700 5057 ἀλαζονείαν
751 4992 1207 5066 προοιμιάζεται·
1247 5019 1268 5044 ιι
1305 4995 1467 5052 Viam
1524 5013 1655 5053 vero
1711 4996 1904 5053 munit
1960 4997 2031 5052 ad

382 5080 718 5149 superbiam
752 5082 1133 5140 contumelia:
1157 5083 1257 5156 qui
1287 5085 1442 5140 enim
1476 5085 1624 5143 alios
1653 5086 1919 5159 despicit,
1943 5085 2029 5141 in-

381 5169 576 5224 stituit
597 5171 898 5228 exordium
930 5174 1293 5246 arrogantiae.
1333 5197 1359 5224 ››
1392 5175 1483 5231 Sic
1531 5178 1874 5232 vertendum
1935 5193 2027 5231 ar-

383 5258 567 5315 bitror
593 5258 786 5316 locum
845 5260 1014 5317 illum
1057 5263 1317 5336 Procopi.
1350 5265 1529 5320 Paulo
1573 5266 1724 5322 infra
1770 5265 2031 5338 integras

383 5347 531 5403 duas
564 5349 835 5419 periodos
876 5351 1246 5408 restituimus
1296 5370 1364 5408 ex
1421 5353 1646 5426 Anglic.
1681 5355 1745 5410 Η.
1783 5359 1840 5409 et
1873 5355 1935 5420 1.,
1973 5358 2030 5410 et

383 5435 581 5493 Latine
637 5439 1054 5497 convertimus.
1105 5459 1235 5514 quas
1288 5443 1531 5500 aberant
1572 5461 1604 5500 a
1637 5445 1722 5513 F.,
1755 5446 2029 5520 συγγενεῖς

379 5523 478 5600 γὰρ
540 5525 818 5601 ἁμαρτίαι,
871 5533 982 5587 etc.
1035 5531 1356 5605 Procopius
1430 5533 1596 5602 dixit,
1654 5533 1721 5587 τὰ
1798 5537 2025 5609 συγγενῆ

382 5611 497 5682 πλη
509 5613 694 5686 μμελή
708 5636 866 5687 ματα.

453 5721 574 5780 Col.
606 5723 710 5779 267
742 5727 790 5780 Δ
817 5726 870 5780 2.
903 5729 970 5782 Et
1015 5728 1294 5787 inutilem.
1346 5730 1699 5798 Delevimus,
1733 5750 1762 5783 ‹‹
1803 5734 1861 5786 et
1916 5729 2026 5786 im-

2151 4378 2320 4450 quasi
2351 4383 2510 4435 esset
2538 4373 2899 4445 ἐπιπολαίως,
2937 4399 2964 4423 ‹‹
2995 4375 3303 4447 superficie
3349 4377 3524 4429 tenus
3569 4373 3804 4427 denun-

2148 4468 2289 4523 tiat:
2324 4485 2456 4524 cum
2507 4465 2890 4522 ἒπιπλὲκεσοαι
2922 4466 2999 4521 sit
3028 4463 3341 4535 implicari,
3374 4461 3734 4536 permisceri.
3775 4480 3801 4512 ι

2066 4592 2113 4657 D
2149 4557 2313 4657 Quod
2351 4557 2432 4613 ita
2471 4557 2626 4657 cepit
2659 4552 3236 4657 interpresﬁProcopii
3268 4567 3402 4657 pag.
3434 4551 3546 4606 85:
3583 4549 3806 4652 Ἐπιττε-

2147 4643 2471 4722 πλεγμὲνως
2504 4643 2561 4700 δὲ
2608 4645 2731 4720 περὶ
2779 4647 2887 4698 τῶν
2939 4640 3034 4697 δύο
3081 4645 3176 4695 τοῦ
3225 4638 3426 4714 Κυρίου
3483 4641 3800 4714 παρουσιῶν

2144 4737 2179 4805 ὴ
2239 4737 2424 4813 Γραφῆ
2481 4732 2806 4811 διαλέγεται⁴
2846 4757 2873 4784 ‹‹
2926 4733 3166 4790 Mistum
3226 4736 3424 4786 autem
3478 4734 3804 4800 utrumque

2144 4827 2362 4884 Christi
2394 4827 2711 4882 adventum
2743 4823 3038 4898 prephetaz
3071 4821 3373 4894 complexa
3405 4823 3494 4876 est
3525 4819 3731 4874 oratio.
3773 4841 3796 4868 ι

2215 4917 2334 4973 Col.
2375 4918 2481 4972 2'78
2539 4917 2580 4970 B
2641 4916 2726 4970 11.
2789 4916 3066 4984 Figurale.
3103 4912 3429 4984 Scripserat
3484 4910 3838 4980 interpres,.

2144 5028 2174 5058 «
2209 5005 2512 5077 allegorice
2539 5004 2651 5060 dici
2685 5007 2936 5076 possunt
2963 5001 3405 5075 vespertiliones
3439 5016 3453 5057 :
3491 5021 3519 5049 ››
3553 5001 3612 5054 at
3637 4997 3802 5054 enim

2142 5095 2252 5151 hoc
2283 5112 2397 5151 non
2437 5093 2580 5148 dicit
2608 5093 2884 5162 Basilius,
2918 5092 3019 5149 sed
3047 5091 3208 5163 ipsos
3239 5091 3536 5145 daemones
3566 5103 3801 5160 vesper-

2141 5185 2374 5240 tilioncs
2399 5183 2592 5255 potius
2615 5182 3126 5256 appellari.Neque
3147 5179 3301 5236 enim
3326 5177 3803 5245 idololatras,sed

2142 5276 2437 5331 daemones
2469 5273 2616 5329 dixit
2649 5273 2956 5330 nocturnis
3003 5269 3264 5326 tenebris
3297 5268 3597 5324 delectari.
3632 5267 3804 5338 Apud

2137 5364 2511 5436 Procopium,
2544 5381 2601 5436 p.
2633 5365 2724 5435 58,
2749 5364 2898 5420 idem
2933 5377 3148 5417 sensus
3181 5358 3405 5428 elucet;
3436 5374 3639 5413 verum
3660 5373 3806 5428 pau-

2139 5453 2196 5510 lo
2218 5457 2353 5526 post
2378 5477 2397 5504 u
2413 5454 2585 5524 juxta
2607 5453 2940 5526 analogiam
2964 5447 3100 5505 fidei
3122 5469 3148 5498 n
3175 5447 3411 5520 scripsi,
3434 5464 3550 5503 non
3574 5449 3639 5501 ut
3675 5447 3805 5501 erat

2140 5547 2369 5616 antea,«
2385 5544 2557 5615 juxta
2578 5541 2910 5615 analogiam
2934 5537 3185 5611 singulis
3208 5537 3543 5609 quibusque
3564 5535 3624 5591 in
3639 5533 3804 5590 Chri-

2138 5637 2299 5692 stum
2325 5633 2699 5690 credentibus
2721 5635 2863 5689 sunt
2882 5627 3309 5696 condislinctae,
3333 5649 3362 5678 »
3393 5630 3460 5682 ut
3489 5629 3804 5699 appareret

2139 5727 2437 5783 auctorem
2487 5721 2748 5796 Apostoli
2805 5718 2998 5780 verbis
3047 5718 3137 5776 uti
3169 5719 3416 5774 Roman.
3448 5730 3553 5787 xu,
3582 5715 3617 5769 6
3649 5728 3662 5770 :
3697 5708 3799 5770 Εἴ-
