4176 6386
280 411 312 469 1
325 407 444 468 089

1478 391 1585 452 AD
1629 388 2036 450 COMMENT.
2087 386 2168 447 IN
2213 389 2511 451 lSAIAM.

3549 385 3573 441 1
3587 383 3706 445 090

282 559 344 594 τε
453 531 788 611 προφητείαν
893 527 1030 584 κατὰ
1129 526 1228 594 τήν
1304 521 1599 596 ἀναλογίαν
1676 523 1778 584 τῆς
1853 519 1944 573 πί-

2092 521 2241 578 itatis
2269 521 2458 578 studio
2489 537 2703 593 aquam
2735 518 3046 575 hauriens:
3067 539 3088 567 ι
3121 517 3413 588 siquidem
3437 514 3710 571 italocus

284 609 507 688 crtach
553 609 678 680 Sive
722 620 1076 693 praphetiam
1125 614 1424 672 secundum
1470 613 1743 667 rationem
1787 609 1947 682 ﬁdei.

283 719 462 774 Porro
497 713 775 769 ultimum
810 708 952 764 illud
986 705 1343 774 membrum,
1380 724 1408 752 «
1439 700 1728 766 Quiescite
1753 699 1825 754 ab
1843 698 1947 754 ho-

289 808 470 874 mine,
506 826 534 853 »
556 803 833 857 admonet
861 796 1114 852 Basilius
1139 796 1198 850 in
1221 791 1656 862 exemplaribus
1678 805 1806 844 com
1819 805 1947 842 mu-

289 897 382 952 nis
415 891 691 949 editionis
713 906 829 945 non
857 885 1080 955 haberi,
1109 884 1205 940 sed
1230 883 1288 936 in
1320 880 1599 937 Hebraico
1623 877 1882 950 positum
1917 894 1950 932 a

289 983 532 1055 reliquis
561 977 1002 1049 interpretibus,
1034 973 1283 1028 diversis
1315 969 1598 1025 nimirum
1631 985 1664 1022 a
1696 968 1948 1038 Septua-

291 1075 456 1148 ginta
485 1076 542 1127 et
588 1067 1009 1132 Theodotione,
1053 1061 1409 1118 translatum
1443 1073 1612 1114 esse:
1662 1072 1838 1127 quam
1874 1055 1946 1110 ob

289 1147 531 1221 causam
554 1160 612 1214 in
636 1156 899 1228 margine
922 1156 1230 1210 annotarat
1250 1147 1544 1221 quispiam
1569 1160 1946 1202 communem

291 1251 612 1309 editionem
643 1262 773 1302 esse
821 1243 1058 1308 Graecis,
1101 1257 1228 1309 quae
1260 1243 1317 1294 et
1345 1236 1733 1308 Septuaginta
1766 1234 1947 1288 inter-

296 1345 560 1414 pretum:
597 1335 753 1409 quod
811 1339 1008 1390 tamen
1042 1346 1244 1386 verum
1277 1344 1394 1383 non
1425 1331 1535 1396 est,
1569 1328 1618 1380 si
1650 1325 1707 1379 S.
1741 1323 1942 1378 Hiero-

297 1410 471 1502 nymo
519 1427 839 1491 credimus,
892 1421 992 1493 qui
1040 1422 1099 1475 in
1150 1418 1321 1491 epist.
1360 1417 1502 1471 135:
1556 1437 1583 1464 ‹‹
1615 1413 1688 1468 Ut
1745 1410 1949 1468 sciatis

298 1521 472 1579 aliam
520 1535 649 1574 esse
697 1514 1037 1580 editionem,
1090 1525 1269 1580 quam
1318 1506 1618 1573 Origenes,
1670 1506 1726 1556 et
1764 1504 1948 1553 Caesa-

300 1610 511 1667 riensis
543 1605 854 1669 Eusebius,
877 1613 1199 1670 omnesque
1213 1595 1440 1652 Crescite
1464 1597 1809 1648 tractatores
1831 1607 1948 1640 κοι-

295 1701 418 1768 νήν,
476 1698 535 1752 id
594 1701 704 1760 est,
763 1704 1135 1747 communem
1190 1685 1522 1756 appellant,
1577 1690 1752 1768 atque
1815 1677 1950 1732 vul-

298 1766 522 1860 gatam,
590 1789 648 1839 et
705 1799 739 1837 a
791 1779 1089 1852 plerisque
1147 1791 1302 1829 nuuc
1364 1766 1661 1828 Λουκιανός
1695 1766 1946 1822 dicitur:

2057 618 2146 666 est
2174 614 2433 667 Rebecca
2463 611 2837 682 peregrinum
2866 607 3186 662 Abrahami
3216 606 3506 660 famulum
3550 605 3709 660 exci-

2059 701 2246 773 piens,
2299 700 2507 756 Genes.
2565 716 2715 764 XXIV,
2773 699 2843 751 20
2895 713 2907 752 :
2967 694 3065 749 Καὶ
3113 694 3208 757 τὰς
3263 690 3550 764 καμήλους
3612 713 3709 746 σου

2057 793 2232 842 ποτιῶ
2268 832 2281 856 ,
2336 787 2425 841 καὶ
2503 783 2855 861 ὑδρεόσομαι.
2915 783 3011 837 Καὶ
3072 779 3300 856 ἔδραμεν
3370 779 3448 836 ἔτι
3505 779 3591 834 ἐπὶ
3648 781 3711 835 τὸ

2059 877 2248 955 φρέαρ,
2301 875 2560 940 ἀντλῆσαι
2607 871 2772 949 ὕδωρ·
2808 877 2871 930 Et
2901 873 3131 930 camelis
3180 875 3286 928 tuis
3315 877 3506 943 potum
3546 871 3719 940 dabo,

2057 979 2106 1024 et
2137 971 2399 1023 hauriam
2456 984 2677 1038 aquam.
2708 967 2772 1020 Et
2818 966 3068 1020 cucurrit
3117 964 3319 1019 iterum
3363 961 3432 1016 ad
3462 971 3716 1030 puteum,

2057 1064 2119 1112 ut
2148 1074 2352 1129 aquam
2383 1057 2658 1110 hauriret.

2129 1156 2249 1211 Col.
2300 1156 2405 1209 283
2458 1155 2496 1209 C
2538 1154 2591 1207 6.
2640 1151 2748 1209 Sed
2798 1155 2848 1206 et
2894 1151 2951 1204 in
3001 1150 3269 1205 Ecclesia.
3322 1148 3612 1203 Inciderat
3657 1147 3716 1201 in

2059 1245 2316 1301 codicem
2352 1241 2630 1297 mutilum
2682 1241 2742 1295 F.
2777 1240 3092 1310 interpres,
3140 1237 3360 1293 idcirco
3391 1240 3448 1291 et
3475 1241 3717 1290 trunca-

2058 1337 2180 1388 tam
2215 1333 2362 1387 hanc
2398 1331 2703 1402 periodum
2735 1326 3044 1398 expressit,
3075 1347 3102 1376 «
3135 1325 3349 1380 Verum
3377 1325 3437 1380 in
3458 1324 3721 1380 Ecclesia

2060 1421 2382 1494 primatum
2435 1419 2704 1474 obtinent
2750 1416 3025 1486 apostoli,
3079 1416 3408 1470 secundum
3449 1413 3718 1469 ordinem

2060 1510 2382 1582 propheta.
2419 1531 2448 1558 ››
2482 1507 2679 1564 Innuit
2716 1506 2910 1561 locum
2942 1504 3227 1575 Apostoli,
3267 1503 3284 1556 I
3319 1502 3582 1558 Corinth.
3615 1518 3722 1567 xu,

2058 1600 2112 1652 8.
2158 1599 2354 1653 Graece
2403 1597 2559 1653 enim
2609 1600 2733 1650 erat
2783 1595 2842 1648 in
2894 1610 3006 1648 ms.
3071 1593 3132 1648 F.
3185 1587 3362 1645 Ἀλλὰ
3413 1589 3505 1644 καὶ
3557 1588 3608 1644 ἰν
3649 1592 3720 1662 τῇ

2063 1684 2364 1770 ⁷Εκκλησίᾳ
2411 1689 2631 1758 πρῶτον
2679 1680 3050 1747 ἀποστόλους,
3113 1677 3362 1754 δεύτερον
3417 1679 3723 1754 προφήτας.

2077 1776 2184 1829 Εάν
2218 1772 2308 1828 οὖν
2336 1794 2489 1828 ποτε.
2539 1776 2678 1840 Quae
2723 1789 2857 1828 vero
2907 1771 3106 1827 addita
3155 1775 3294 1826 sunt
3325 1786 3395 1824 ex
3437 1768 3725 1842 Anglicis,

300 1852 478 1965 aliam
509 1852 926 1965 Septuaginta
984 1866 1395 1965 interpretum,
1439 1875 1584 1965 quia:
1641 1856 1816 1965 e‘tvin
1869 1852 1951 1952 ἐξ·
1995 1901 2038 1965 Β
2078 1865 2292 1937 Regius
2325 1865 2370 1919 Η
2402 1869 2460 1919 οι
2489 1863 2530 1918 ι,
2565 1863 2936 1920 conﬁrmant.

309 1959 509 2020 απλοῖς
549 1957 853 2015 codicibus
909 1951 1236 2024 reperitur;
1267 1970 1294 1999 »
1345 1953 1403 2003 et
1436 1947 1495 2001 in
1526 1943 1870 2000 Praefatione
1900 1943 1961 1996 in

327 2053 431 2108 lib.
464 2047 716 2119 Paralip.
742 2064 761 2101 :
799 2067 820 2093 ι
873 2043 1148 2114 Origenes
1197 2039 1256 2093 in
1309 2036 1562 2092 editione
1591 2031 1974 2103 Septuaginta

327 2135 746 2198 Theodotionis
796 2131 1111 2188 editionem
1160 2125 1417 2196 miscuit,
1469 2122 1768 2179 asteriscis
1815 2121 1972 2175 vide-

325 2229 462 2285 licet
491 2227 832 2296 designans,
883 2236 1008 2290 qua
1055 2217 1253 2271 minus
1303 2217 1553 2280 fuerant,
1619 2216 1675 2265 et
1701 2209 1970 2280 virgulis,

327 2334 454 2390 qum
515 2331 585 2371 ex
660 2307 955 2382 superﬂuo
1013 2305 1364 2361 videbantur
1421 2299 1712 2373 apposita.
1773 2320 1800 2348 »
1861 2297 1972 2352 Sed

323 2389 479 2462 idem
502 2403 890 2472 Hieronymus
913 2398 971 2452 in
999 2393 1250 2467 epistola
1271 2392 1448 2447 citata
1471 2395 1670 2444 monet
1694 2389 1844 2442 inter
1864 2405 1974 2439 κοι-

326 2497 425 2564 νήν
458 2499 514 2551 et
560 2490 881 2548 editionem
932 2484 1081 2540 LXX
1129 2483 1236 2538 hoc
1267 2498 1394 2536 esse
1425 2479 1766 2542 discrimen,
1815 2477 1973 2546 quod

328 2581 660 2642 communis
693 2595 795 2651 pro
824 2576 969 2631 locis
991 2578 1049 2629 et
1081 2571 1440 2642 temporibus
1465 2573 1521 2622 et
1551 2583 1653 2638 pro
1674 2565 1975 2621 voluntate

330 2673 687 2745 scriptorum
723 2671 980 2722 veterum
1013 2685 1040 2713 ‹‹
1073 2665 1347 2732 corrupta
1378 2657 1454 2713 sit
1485 2656 1757 2723 editio,ea
1778 2659 1974 2710 autem

331 2744 460 2835 quae
488 2761 739 2816 habetur
762 2755 823 2810 in
859 2749 1169 2821 Ἐξαπλοῖς,
1202 2750 1542 2818 incorrupta
1565 2744 1640 2800 sit
1671 2766 1698 2795 »
1731 2745 1976 2815 Septua-

331 2831 500 2924 ginta
528 2847 915 2916 interpretum
939 2839 1139 2896 editio.
1170 2838 1313 2893 Cum
1345 2837 1526 2908 igitur
1541 2851 1609 2890 ex
1630 2837 1789 2888 textu
1816 2831 1977 2888 Isaiae

335 2921 436 3014 qui
467 2943 558 2995 est
587 2935 743 3008 apud
793 2929 1162 3002 Procopium,
1213 2943 1283 2982 ex
1325 2924 1502 2981 veteri
1543 2923 1740 2978 codice
1772 2921 1978 2977 Renati

336 3010 620 3086 Marchali
648 3024 984 3093 desumpto,
1009 3017 1110 3092 qui
1141 3031 1298 3072 nunc
1329 3020 1415 3070 est
1439 3010 1826 3068 illustrissimi
1858 3026 1980 3066 car-

337 3115 552 3174 dinalis
600 3108 1018 3184 Rupifucaldii,
1068 3109 1311 3172 constet,
1360 3103 1470 3158 hoc
1526 3101 1861 3157 membrum
1913 3116 1981 3155 ex

336 3204 556 3278 Aquila;
577 3200 802 3259 Pontici
820 3198 1086 3255 versione
1107 3211 1236 3251 esse
1269 3194 1630 3264 decerptum,
1649 3189 1789 3244 hinc
1811 3187 1980 3244 colli-

2152 1962 2274 2017 Col.
2307 1962 2413 2016 289
2442 1966 2486 2015 B
2514 1961 2567 2015 9.
2605 1960 3036 2030 Quinquaginta.
3071 1957 3132 2012 In
3167 1957 3399 2012 duobus
3445 1956 3642 2028 Regiis
3673 1959 3731 2011 et

2085 2054 2128 2116 Ι,
2186 2056 2417 2106 tantum
2476 2057 2601 2105 erat
2657 2046 2974 2114 ἐννακόσια,
3037 2047 3137 2101 sed
3198 2045 3503 2117 Anglican.
3567 2045 3732 2099 addit

2082 2140 2260 2209 πέντε,
2292 2140 2499 2196 vitiose
2532 2137 2739 2210 opinor
2771 2154 2873 2210 pro
2925 2136 3283 2203 πεντήκοντα·
3340 2134 3426 2189 sic
3455 2133 3610 2188 enim
3645 2138 3735 2187 est

2084 2231 2289 2284 Cenes.
2336 2246 2414 2295 lx,
2457 2229 2574 2281 29:
2609 2225 2706 2279 Καὶ
2752 2223 2996 2299 ἐγίνοντο
3040 2228 3204 2276 πᾶσαι
3253 2221 3307 2274 αἱ
3347 2219 3550 2294 ἡμέραι
3603 2224 3731 2276 Νῶε

2084 2317 2365 2371 ἐννακόσια
2414 2317 2750 2384 πεντήκοντα
2795 2313 2914 2382 ἔτη,
2965 2312 3054 2365 καὶ
3103 2311 3380 2364 ἀπέθανεν·
3421 2333 3447 2360 ‹‹
3491 2311 3559 2364 Et
3590 2309 3728 2364 facti

2085 2412 2225 2463 sunt
2253 2423 2455 2462 omnes
2480 2405 2605 2461 dies
2637 2406 2776 2474 Noe,
2805 2402 3078 2471 nongenti
3105 2399 3536 2473 quinquaginta
3568 2398 3728 2464 anni,

2084 2502 2142 2551 et
2173 2501 2442 2550 mortuus
2468 2498 2576 2550 est.
2617 2516 2638 2543 ι
2676 2498 2790 2547 Νθο
2823 2493 3150 2561 refragatur
3193 2489 3396 2543 Latina
3424 2487 3685 2558 Vulgata
3719 2504 3732 2554 ;

2085 2585 2187 2640 sed
2219 2590 2275 2639 et
2305 2586 2458 2655 quod
2485 2583 2628 2638 dixit
2657 2583 2728 2637 de
2759 2579 3114 2647 Mathusala,
3148 2578 3416 2632 tribuens
3450 2575 3533 2630 illi
3585 2593 3737 2630 non-

2086 2679 2292 2745 gentos
2323 2671 2699 2745 septuaginta
2723 2687 2792 2725 an
2805 2666 3206 2738 nos,nonnihil
3232 2666 3529 2720 diversum
3555 2668 3642 2719 est
3664 2666 3736 2719 ab

2086 2779 2154 2819 eo
2186 2763 2341 2834 quod
2386 2762 2607 2816 habent
2647 2759 2801 2824 LXX,
2839 2758 3047 2814 Genes.
3088 2773 3144 2822 V,
3178 2756 3247 2809 27
3291 2771 3303 2808 :
3349 2751 3454 2807 Καὶ
3486 2752 3736 2825 ἐγένοντο

2087 2856 2254 2904 πᾶσαι
2329 2850 2384 2902 αἱ
2459 2847 2661 2923 ἡμέραι
2730 2841 3081 2913 Μαθουσάλα,
3158 2840 3220 2904 ἃς
3297 2846 3481 2910 εζησεν
3515 2883 3528 2907 ,
3589 2838 3737 2894 ἰννὲα

2087 2937 2176 2991 καὶ
2235 2935 2494 3006 ιξήκοντα
2567 2933 2658 2989 καὶ
2738 2932 3047 2987 ἕννεακόσια
3117 2928 3232 2999 ἔτη,
3290 2928 3379 2982 καὶ
3434 2927 3734 2982 ἀπέθανεν·

2087 3031 2153 3084 Et
2178 3029 2312 3099 facti
2333 3030 2458 3081 sunt
2489 3040 2673 3080 omnes
2721 3024 2842 3079 dies
2871 3022 3198 3088 Malhusala,
3227 3035 3359 3091 quos
3400 3019 3563 3088 vixit,
3595 3033 3735 3073 non-

2087 3119 2238 3189 genti
2264 3117 2560 3184 sexaginta
2588 3131 2782 3170 novem
2814 3113 3284 3167 anni.Postremo
3307 3124 3440 3162 cum
3464 3105 3739 3176 ambigua

2091 3211 2247 3263 esset
2279 3203 2663 3276 manuscripti
2699 3202 3009 3273 scriptura,
3043 3197 3246 3252 ἐκείνου
3278 3197 3419 3268 legit
3449 3197 3738 3267 interpres

337 3296 533 3368 Simus
564 3304 989 3362 nonnunquam
1018 3284 1210 3342 vocari
1235 3296 1605 3340 communem
1638 3278 1978 3369 editioflein:
2009 3269 2052 3337 (ἶ
2093 3313 2197 3369 pro
2229 3293 2464 3365 ἐκείνων,
2500 3298 2806 3366 propterea
2852 3290 3042 3359 vertit,
3077 3312 3103 3340 ‹‹
3138 3304 3253 3360 quo
3299 3303 3414 3341 uno
3463 3286 3738 3356 deinceps

341 3365 516 3455 quam
547 3378 824 3451 Origenes
854 3393 925 3432 ex
964 3373 1102 3430 LXX
1143 3376 1201 3428 et
1241 3369 1634 3426 Theodotione
1686 3365 1978 3433 conﬂavit,

341 3476 402 3526 ut
424 3469 534 3524 hoc
554 3468 680 3525 loco
704 3485 736 3523 a
757 3464 1004 3522 Basilio:
1032 3475 1454 3532 nonnunquam
1477 3456 1652 3514 etiam
1677 3472 1829 3521 eam,
1852 3471 1979 3525 quae

336 3577 406 3616 ex
430 3558 698 3614 omnium
725 3557 1111 3627 interpretum
1134 3549 1498 3608 versionibus
1521 3545 1766 3603 diversis
1786 3543 1984 3610 mista,

341 3652 404 3704 ut
422 3647 576 3702 idem
602 3645 991 3715 Hieronymus
1012 3641 1308 3697 indicavit.
1342 3639 1500 3694 Idem
1531 3635 1709 3692 etiam
1733 3634 1790 3688 in
1817 3634 1982 3690 Com-

340 3733 629 3792 mentario
669 3733 724 3786 in
761 3731 918 3785 hunc
949 3729 1111 3784 Isaiae
1159 3728 1352 3783 locum
1388 3731 1635 3781 testatur
1657 3725 1766 3778 hoc
1798 3739 1985 3777 mem-

341 3828 512 3882 brum
539 3841 572 3878 a
598 3821 744 3877 LXX
756 3817 1306 3892 prmtermissumﬁn
1323 3815 1538 3870 Graecis
1559 3812 1987 3885 exemplaribus

341 3915 412 3971 ab
434 3913 681 3984 Origene
694 3910 802 3966 sub
818 3904 1113 3963 asteriscis
1126 3905 1196 3959 de
1210 3903 1696 3974 editioneAquilai
1714 3901 1982 3956 additum

339 4020 488 4060 esse.
515 4003 809 4058 Postremo
831 3996 1158 4052 notandum
1193 3994 1250 4048 in
1284 3992 1514 4048 duobus
1548 3990 1742 4059 Regiis
1771 4005 1901 4045 esse
1931 3987 1982 4042 ἰν

336 4091 441 4146 τίνι
475 4088 776 4164 ἓλογίσθη;
840 4104 955 4143 non
1005 4081 1058 4138 iv
1113 4104 1243 4153 τινι,
1302 4084 1359 4138 in
1414 4097 1518 4152 quo
1557 4082 1839 4151 reputatus
1866 4081 1989 4133 est?

340 4201 472 4241 cum
524 4180 1010 4254 interrogatione,
1057 4177 1208 4250 quod
1253 4174 1427 4230 etiam
1461 4173 1613 4245 apud
1644 4170 1985 4241 Chrysosto-

340 4289 502 4329 mum
536 4270 946 4343 corrigendum
981 4267 1041 4322 in
1073 4263 1507 4322 Commentario
1541 4262 1600 4318 in
1632 4261 1870 4317 Isaiam.

412 4396 737 4454 Col.279A
771 4396 852 4449 14.
905 4394 1116 4450 Fuisset
1171 4391 1473 4461 cruciﬁxus
1530 4393 1661 4443 Haec
1720 4387 1992 4443 immuta-

342 4489 556 4555 vimus,
590 4492 652 4542 ut
683 4488 1080 4556 agnoscantur
1109 4483 1286 4537 verba
1332 4479 1613 4552 Apostoli,
1650 4480 1698 4534 II
1728 4477 1988 4532 Corinth.

341 4594 467 4640 XIII,
501 4576 570 4630 4:
600 4599 628 4625 ‹‹
661 4575 808 4630 Nam
839 4579 898 4628 et
928 4571 1244 4626 cruciﬁxus
1276 4575 1368 4626 est
1396 4585 1466 4624 ex
1495 4567 1859 4635 inﬁrmitate,
1889 4567 1992 4622 sed

2090 3402 2262 3442 nemo
2293 3385 2492 3440 senior
2521 3383 2679 3438 vixit.
2718 3404 2741 3434 α

2161 3483 2419 3540 Col.290
2474 3487 2513 3536 Β
2551 3482 2601 3535 1.
2655 3481 2756 3550 Qui
2813 3480 2948 3535 loco.
3007 3477 3222 3532 Eadem
3282 3474 3626 3546 legebantur
3675 3473 3734 3527 in

2096 3574 2175 3630 F.:
2231 3573 2494 3628 ediderat
2548 3575 2746 3626 tamen
2806 3570 3117 3638 interpres,
3166 3587 3193 3614 «
3247 3563 3514 3635 qui'pro
3570 3565 3737 3617 eruto

2094 3662 2261 3717 oculo
2292 3659 2642 3728 consulit,ut
2663 3659 2911 3713 alterum
2936 3657 3142 3712 offerat
3172 3658 3288 3709 »τοι
3313 3653 3423 3708 hoc
3443 3667 3738 3722 nusquam

2094 3751 2347 3823 legimus
2389 3750 2447 3805 in
2500 3748 2974 3820 Evangeliozsed
3025 3751 3256 3800 tantum
3306 3741 3514 3812 Matth.
3561 3757 3618 3807 ν,
3649 3740 3740 3806 39,
3783 3779 3788 3784 .

2095 3840 2340 3913 opponit
2370 3839 2658 3901 Christus,
2692 3837 2812 3892 Non
2859 3837 3117 3890 resistere
3163 3833 3328 3893 maio,
3375 3829 3477 3885 sed
3523 3829 3572 3883 si
3619 3830 3743 3900 quis

2094 3929 2427 4002 percusserit
2456 3931 2515 3982 in
2544 3928 2826 3983 dexteram
2855 3925 3158 3980 maxillam
3183 3920 3546 3990 tuam,prxbe
3579 3918 3667 3972 illi
3694 3920 3747 3972 et

2096 4021 2335 4074 atteram
2367 4035 2380 4072 :
2417 4017 2503 4070 illi
2530 4016 2677 4086 legis
2725 4014 2934 4069 veteris
2987 4014 3272 4084 praecepto
3305 4007 3542 4064 Levitici
3587 4023 3740 4074 xxiv,

2095 4109 2166 4162 20
2245 4125 2259 4163 :
2340 4101 2656 4180 Ὀφθαλμὸν
2713 4102 2827 4156 ἀντὶ
2909 4096 3198 4176 ὀφθαλμοῦ
3258 4140 3272 4164 ,
3348 4093 3542 4149 ὀδόντα
3629 4094 3742 4147 ἀντὶ

2099 4193 2347 4256 ὀδόντος*
2429 4191 2617 4248 καθότι
2685 4190 2745 4245 ἂν
2826 4187 2903 4261 δῷ
2961 4193 3155 4262 μῶμον
3224 4185 3542 4260 ἀνθρώπῳ,
3602 4183 3744 4238 οὕτω

2101 4283 2388 4356 δοθήσεται
2456 4281 2620 4353 αὐτῷ·
2685 4282 2918 4339 Oculum
2963 4296 3064 4351 pro
3131 4278 3310 4341 oculo,
3371 4276 3587 4330 dentem
3639 4290 3749 4344 pro

2100 4377 2262 4434 dente
2285 4394 2298 4442 ;
2321 4376 2462 4430 sicut
2491 4373 2707 4429 dederit
2737 4371 3012 4425 maculam
3043 4368 3274 4432 homini,
3306 4365 3384 4421 sic
3407 4365 3630 4419 dabitur
3660 4365 3714 4418 ei
3731 4379 3745 4430 ;

2103 4474 2160 4523 et
2189 4462 2624 4521 Deuteronomii
2653 4478 2770 4527 xix,
2799 4461 2890 4514 21.
2925 4459 3087 4529 Apud
3132 4453 3505 4527 Procopium,
3541 4471 3594 4525 p.
3631 4454 3698 4507 64
3732 4472 3746 4510 :

2106 4579 2134 4607 ‹‹
2168 4556 2275 4620 Qui
2307 4571 2422 4610 non
2447 4553 2573 4623 jam
2599 4551 2835 4606 oculum
2858 4566 2958 4621 pro
2978 4547 3145 4602 oculo
3167 4543 3545 4614 ellodere,sed
3563 4559 3748 4606 unam

343 4635 484 4723 vivit
539 4682 608 4721 ex
662 4665 874 4720 virtuts
932 4661 1053 4717 Dei.
1113 4683 1142 4711 ››
1173 4662 1318 4716 Item
1351 4659 1521 4725 illud,
1551 4655 1989 4710 ἐναποθανεῖσθαι
2023 4643 2069 4706 Β
2102 4645 2397 4702 maxillam
2431 4640 2658 4698 ferienti
2707 4639 2950 4695 alteram
2983 4637 3162 4691 etiam
3207 4635 3501 4725 porrigere
3533 4649 3748 4687 consu-

342 4751 463 4828 γάρ,
497 4753 651 4824 quod
683 4755 936 4807 verterat
965 4748 1261 4804 Tilman.«
1293 4746 1550 4802 Peccatis
1581 4745 1739 4800 enim
1771 4742 1992 4798 nostris

348 4848 616 4898 mortuus
645 4845 756 4910 est,
789 4843 934 4894 teste
955 4839 1274 4908 Scriptura,
1309 4857 1338 4886 »
1371 4852 1486 4890 non
1517 4833 1993 4889 animadvertens

343 4948 473 4987 esse
504 4931 680 4986 verba
731 4927 942 4983 Christi
997 4925 1243 4982 Joannis
1296 4925 1494 4991 x1,25.
1552 4923 1817 4994 Denique
1871 4926 1992 4976 tam

347 5022 529 5077 multa
557 5025 725 5078 erant
771 5018 1159 5084 emendanda,
1206 5023 1272 5071 ut
1323 5016 1464 5071 dum
1516 5023 1784 5069 currente
1821 5012 1994 5084 praalo

345 5111 887 5183 interpretationem
937 5107 1089 5162 hanc
1128 5122 1505 5162 recensemus
1558 5102 1997 5174 quamplurima

350 5217 453 5256 nos
501 5199 832 5271 elIugerint,
871 5196 1206 5266 cujusmodi
1251 5203 1340 5250 est
1372 5193 1516 5248 illud
1548 5193 1703 5264 quod
1740 5192 1998 5262 proxime

348 5290 641 5360 sequitur,
670 5283 758 5341 διὰ
789 5281 1095 5362 φιλοξενίαν
1120 5281 1521 5353 ἀντλοῦσα,ρι·ο
1549 5299 1663 5353 quo
1688 5285 2000 5336 annotarat

349 5380 635 5450 interpres
666 5377 1002 5448 legendum,
1035 5374 1266 5436 ἀνθοῦσα
1308 5373 1759 5442 scripseratque,
1795 5392 1821 5419 ‹‹
1869 5376 1999 5425 stu-

348 5469 444 5522 ilio
481 5465 895 5539 hospitalitatis
947 5465 1093 5519 mire
1145 5463 1420 5518 efﬂoruit.
1484 5484 1511 5511 ››
1568 5464 1758 5530 Atque
1788 5457 1997 5512 ἀντλεῖν

350 5558 587 5630 quidem
618 5555 850 5624 vulgata
880 5553 1086 5608 Lexica
1115 5559 1416 5625 exponunt
1456 5549 1771 5620 aliquando
1821 5570 1850 5599 ‹‹
1903 5565 2001 5603 ex-

349 5645 918 5709 haurirelaborem,»
936 5641 1024 5698 vel
1057 5664 1084 5692 ‹‹
1118 5642 1455 5708 exantlare;
1489 5661 1516 5690 »
1551 5641 1652 5695 sed
1687 5639 1812 5694 loco
1838 5654 2004 5693 accu-

351 5737 534 5793 ratius
564 5749 816 5806 expenso
848 5731 1280 5789 emendandum
1315 5745 1648 5799 censemus,
1679 5751 1706 5779 ‹‹
1741 5727 2000 5799 hospita-

2101 4735 2230 4791 lat?
2265 4755 2289 4785 ν
2324 4731 2502 4789 Paulo
2535 4739 2664 4803 post
2698 4725 3116 4802 μετεωρίζεσθαι
3162 4723 3260 4790 τὴν
3311 4719 3548 4776 διάνοιαν
3583 4720 3752 4786 dixit,

2103 4831 2170 4881 ut
2192 4829 2392 4880 auctor
2418 4822 2552 4876 libri
2584 4836 2626 4874 ιι
2656 4817 3117 4876 Machabaeorum
3149 4831 3205 4880 v,
3242 4815 3326 4880 17,
3360 4813 3431 4866 de
3472 4809 3752 4866 Antiocho

2105 4929 2258 4984 rege'
2303 4907 2401 4961 Καὶ
2453 4904 2842 4979 ἑμετεωρίζετο
2871 4902 2969 4970 τὴν
3005 4898 3241 4956 διάνοιαν
3277 4899 3303 4954 ὁ
3341 4895 3647 4970 Ἀντίοχος
3679 4899 3756 4952 Et

2105 5003 2349 5056 elevatus
2377 5009 2454 5054 est
2483 4998 2660 5052 mente
2689 4993 3006 5050 Antiochus.

2183 5103 2330 5158 Ibid.
2379 5101 2468 5154 13.
2529 5103 2737 5153 Verum
2794 5098 2856 5151 in
2914 5095 3100 5150 animi
3151 5108 3372 5163 propos.
3434 5090 3760 5143 Annotarat

2108 5193 2399 5261 interpres
2432 5187 2698 5242 mulilam
2723 5201 2852 5240 esse
2881 5184 3034 5238 hanc
3065 5180 3437 5252 particulam,
3470 5193 3647 5249 quam
3676 5177 3761 5231 ita

2108 5278 2369 5335 vertebat
2401 5295 2413 5333 :
2451 5298 2478 5325 «
2511 5276 2572 5330 In
2605 5273 2911 5328 sumendis
2934 5271 3146 5327 eduliis
3167 5287 3237 5325 ne
3269 5273 3346 5324 sit
3377 5269 3762 5338 spurcus,aut

2113 5367 2432 5435 fcedus,sed
2465 5363 2622 5420 cordi
2651 5379 2854 5426 suo,ac
2887 5361 3099 5414 mentis
3136 5356 3518 5414 destinationi
3552 5354 3760 5426 impri-

2113 5465 2254 5523 mat,
2306 5455 2446 5526 quia
2492 5451 2850 5516 Dominus,»
2883 5455 2992 5504 etc.
3041 5451 3163 5504 Imo
3219 5446 3598 5519 pollutionem
3647 5461 3762 5498 non

2114 5564 2243 5604 esse
2272 5545 2395 5602 vult
2425 5545 2484 5598 in
2517 5540 2686 5609 cibis,
2720 5543 2786 5594 ut
2823 5539 3298 5593 Constitutionum
3327 5536 3763 5592 monasticarum

2114 5653 2241 5708 cap.
2308 5636 2344 5688 6
2373 5633 2456 5687 ait
2485 5646 2591 5685 nos
2623 5646 2655 5683 a
2684 5627 2829 5683 cibis
2852 5625 3166 5688 abstinere,
3196 5642 3308 5680 non
3335 5631 3402 5679 ut
3429 5624 3762 5679 Iudaeorum

2117 5707 2289 5798 ritus,
2323 5735 2659 5793 sequamur,
2720 5712 2779 5770 οὐ
2837 5714 2941 5789 γὰρ
2987 5717 3094 5769 τῶν
3149 5712 3410 5769 τοιούτων
3446 5707 3765 5784 ἀπειχόμεθα
