4176 6376
395 335 548 394 1091

1580 326 1817 388 ΝΟΤιΕ
1856 323 2306 387 FRON’I‘ONIS
2348 323 2610 386 DUCJEI

3653 318 3818 381 1093

393 459 802 531 Ἰουδαΐζοντις,
847 458 998 516 ἀλλὰ
1042 466 1142 531 τῆς
1186 463 1394 537 τρυφῆς
1425 466 1522 527 τήν
1566 455 1894 529 πλησμονὴν
1918 454 2042 534 φεύ-

2159 456 2447 529 designet.
2479 458 2657 510 Porro
2687 453 2841 528 apud
2876 451 3220 525 Procopium
3269 451 3480 508 lacuna
3508 455 3620 518 est,
3679 467 3811 524 quae

391 572 599 628 γοντες,
635 574 663 603 ‹‹
698 551 797 607 sed
832 555 898 606 ut
923 551 1266 607 deliciarum
1288 548 1657 605 saturitatem
1684 546 2036 619 fugiamus;-

392 650 450 699 et
497 642 862 708 Augustinus
920 641 1023 697 lib.
1080 642 1150 693 30
1205 643 1409 697 Contra
1450 641 1716 695 Faustum
1773 653 1901 709 cap.
1957 636 2039 690 5:

393 757 420 785 «
480 732 797 789 Christiani
853 728 1179 786 adornandi
1234 728 1495 800 corporis
1553 743 1753 795 causa,
1807 729 2045 798 propter

392 822 653 877 animam
686 822 756 875 ab
803 818 1240 875 irrationalibus
1294 818 1550 873 motibus
1589 815 2039 880 humiliandam,

393 929 506 966 non
541 910 693 982 quod
728 908 830 964 illa
859 924 988 964 esse
1020 908 1326 963 immunda
1352 908 1611 976 credant,
1645 922 1758 961 non
1786 903 1976 959 solum
2008 920 2042 958 a

393 999 687 1059 carnibus.
720 1013 918 1053 verum
949 1014 981 1051 a
1013 996 1371 1068 quibusdam
1405 996 1583 1051 etiam
1636 999 1802 1049 terra;
1834 992 2040 1047 fructi-

392 1091 502 1143 bus
533 1086 884 1143 abstinenta
911 1085 1090 1141 Paulo
1109 1086 1261 1140 infra
1281 1086 1498 1141 citatur
1520 1083 1680 1139 locus
1700 1081 2040 1137 Proverbio-

392 1193 521 1232 rum
548 1193 676 1240 xxv,
702 1177 793 1239 12,
815 1175 1011 1230 verbis
1033 1173 1303 1229 nonnihil
1334 1174 1615 1239 diversis;
1650 1173 1730 1225 ita
1760 1170 1913 1225 enim
1952 1173 2042 1224 est

394 1265 547 1336 apud
602 1265 734 1320 LXX
782 1280 795 1319 :
849 1261 941 1324 Εἷς
1000 1262 1220 1316 ἐνώτιον
1276 1263 1516 1335 ’χρυσοῦν
1589 1256 1807 1332 σάρδιον
1862 1253 2038 1311 πολυ·

390 1352 541 1414 τελὲς
570 1349 798 1407 δέδεται·
845 1349 1010 1427 Λόγος
1059 1350 1222 1429 σοφὸς
1267 1349 1342 1411 εἰς
1390 1349 1615 1419 εὖήκοον
1657 1348 1766 1410 οὖς·
1818 1350 1879 1405 In
1928 1364 2038 1403 au-

387 1460 539 1499 ream
566 1445 822 1499 inaurem
850 1443 1099 1497 sardium
1129 1443 1429 1512 pretiosum
1459 1440 1696 1508 ligatum
1726 1446 1838 1493 est:
1867 1450 2040 1493 sermo

385 1534 606 1600 sapiens
635 1534 691 1586 in
724 1546 918 1587 aurem
948 1531 1308 1586 obedientem.
1342 1530 1505 1599 Apud
1543 1527 1882 1599 Procopium
1935 1540 2041 1597 pro

388 1644 415 1671 ‹‹
449 1622 692 1675 verbum
743 1619 1086 1691 pretiosum,
1120 1640 1147 1669 η
1182 1617 1455 1690 legimus,
1492 1638 1517 1669 α
1549 1616 1793 1671 verbum
1841 1630 2042 1686 opero-

388 1723 542 1779 sum,
576 1729 604 1757 »
626 1707 765 1762 vitio
798 1708 1045 1762 fortasse
1076 1704 1445 1779 typograpbi.

459 1813 577 1870 Col.
608 1815 713 1868 291i
744 1814 785 1868 Β
813 1813 865 1867 8.
907 1812 1027 1868 Vidi
1073 1815 1223 1867 enim
1253 1820 1322 1867 te.
1370 1809 1816 1899 Emendandum
1849 1812 1943 1899 est
1971 1824 2039 1863 ex
2070 1834 2117 1899 B

387 1904 570 1960 altero
603 1903 775 1972 Regio
808 1903 852 1957 H
883 1907 941 1957 et
993 1902 1032 1956 ι.
1077 1902 1231 1972 quod
1267 1916 1570 1973 perperam
1605 1915 1675 1953 ex
1719 1898 1778 1953 F.
1814 1896 2035 1953 editum

387 1997 494 2059 est,
531 1995 686 2047 unde
719 1991 920 2047 Latine
938 1990 1060 2045 haec
1082 1992 1361 2045 eduxerat
1375 1986 1749 2057 Tilmannus,
1772 2008 1799 2036 «
1819 1986 2038 2041 Videns

388 2082 545 2137 enim
592 2079 710 2135 vidi
762 2096 991 2135 morum
1044 2078 1382 2144 gravitatem
1430 2077 1489 2132 in
1540 2093 1754 2132 arcana
1802 2075 2039 2142 canitie,

388 2187 517 2242 quas
546 2174 605 2227 et
629 2168 802 2225 senili
834 2184 1011 2224 sensu
1057 2167 1304 2239 praedita
1352 2171 1442 2222 est
1474 2182 1487 2222 :
1523 2187 1551 2216 »
1584 2171 1643 2220 at
1691 2182 1827 2224 vera
1867 2164 2038 2219 lectio

388 2258 568 2331 exigit
603 2303 618 2327 ,
682 2261 762 2329 τῷ
819 2256 923 2331 γὰρ
1008 2257 1317 2333 φρονήματι
1389 2255 1604 2330 ἑώρακα
1681 2248 2035 2323 πρεσϐυτικὸν

388 2346 723 2422 τυγχάνοντα
780 2345 807 2399 ὀ
880 2343 1097 2419 βλέπων
1165 2345 1264 2411 τήν
1327 2342 1634 2415 σεμνότητα
1691 2348 1792 2411 τῆς
1850 2342 1904 2395 ὲν
1960 2343 2039 2412 τῷ

387 2439 611 2509 κρυπτῷ
666 2433 889 2495 πολιᾶς.
955 2435 1269 2506 Procopius
1324 2433 1469 2488 dixit
1515 2451 1571 2506 p.
1603 2434 1721 2488 66:
1769 2429 1917 2485 Ἐπιῖ
1950 2429 2040 2484 καὶ

386 2525 523 2598 πρὸς
576 2522 842 2600 Ἱερεμίαν
902 2521 1044 2577 cii-tui
1096 2519 1395 2596 διελᾶγετο,
1449 2521 1525 2593 μὴ
1581 2521 1725 2596 Atys,
1780 2518 1863 2574 ὅτι
1906 2516 2040 2573 νεώ-

384 2612 540 2688 τερός
585 2612 722 2686 εἶμι,
769 2609 979 2672 δεικνὺς
1028 2611 1103 2683 μὴ
1156 2608 1313 2664 οὖσαν
1364 2609 1416 2663 ἐν
1476 2608 1624 2681 αὐτῷ
1667 2603 1895 2678 νεότητα
1953 2605 2041 2661 διὰ

387 2705 486 2771 τὴν
519 2708 620 2770 τῆς
650 2698 897 2762 διανοίας
923 2698 1224 2754 τελείωσιν.
1261 2702 1344 2755 Ita
1375 2699 1662 2769 explenda
1708 2703 1796 2755 est
1824 2698 1943 2753 illic
1975 2715 2041 2753 ex

393 2792 609 2849 Basilio
648 2791 878 2857 lacuna,
913 2795 979 2844 ut
1025 2791 1277 2860 conjecit
1324 2788 1702 2844 doctissimus
1754 2789 2041 2859 interpres

395 2881 733 2937 Curterius:
769 2879 1121 2949 «Siquidem
1150 2883 1207 2932 et
1226 2878 1509 2934 Dominus
1542 2878 1688 2949 ipse,
1723 2893 1854 2932 cum
1887 2877 2041 2933 Jere-

398 2971 575 3026 miam
629 2968 982 3034 conveniret,
1035 2983 1107 3023 ne
1158 2983 1220 3022 se
1263 2966 1565 3023 Juniorem
1616 2983 1744 3022 esse
1802 2966 2039 3029 diceret,

396 3057 722 3132 prohibuit,
755 3062 820 3111 ut
858 3058 1138 3127 juvenem
1186 3073 1301 3111 non
1333 3071 1463 3112 esse
1496 3055 1595 3127 qui
1642 3055 1857 3111 mentis
1886 3058 2044 3110 esset

393 3146 563 3204 senili
623 3145 980 3219 perfectione
1037 3144 1334 3217 praeditus,
1388 3143 1743 3201 ostenderet.
1808 3166 1837 3193 ››
1891 3142 2043 3197 Dixit

2152 560 2220 601 ex
2272 544 2381 601 hoc
2440 543 2637 601 Basilii
2668 547 2864 599 Graeco
2908 544 3067 599 textu
3100 540 3321 616 expleri
3353 544 3566 615 potest,
3620 540 3671 596 si
3725 540 3813 596 ita

2149 634 2421 707 legamus
2461 652 2517 706 p.
2576 633 2681 690 67:
2737 635 2992 704 Γαμικῶν
3050 627 3386 704 ἐνδυμάτων,
3445 628 3535 685 καὶ
3593 628 3809 703 κόσμου

2148 727 2245 778 τοῦ
2302 722 2603 797 πρέποντος
2664 719 3041 794 ἐστερημένον,
3103 718 3462 795 Μωχινόοντα
3492 717 3807 796 βρωμάτων

2150 815 2548 885 πνευματικῶν·
2585 834 2612 863 ‹‹
2662 811 2770 876 Qui
2831 809 3201 884 nuptialibus
3258 810 3520 866 vestibus
3585 813 3806 879 careat,

2150 902 2250 974 qui
2309 901 2536 957 decenti
2596 901 2675 967 sit
2728 900 2890 956 cultu
2925 900 3269 968 destitutus,
3311 904 3367 955 et
3397 898 3808 971 spiritualium

2150 993 2415 1047 ciborum
2448 990 2695 1064 penuria
2723 989 2969 1059 laboret,
3001 992 3059 1044 et
3103 1005 3303 1043 verum
3364 1004 3596 1060 panem,
3632 1009 3659 1035 ››
3692 991 3807 1042 etc.

2222 1080 2367 1136 Ibid.
2416 1080 2457 1136 C
2517 1084 2569 1135 ὅ.
2629 1072 2902 1147 Τουτέστι,
2959 1076 3022 1131 τὸ
3081 1074 3445 1151 σιτομέτριον.
3501 1075 3633 1132 Haec
3702 1078 3807 1130 ab-

2148 1174 2314 1226 erant
2342 1172 2377 1224 a
2409 1187 2519 1225 ms.
2554 1169 2613 1224 F.
2641 1187 2654 1237 ;
2688 1185 2804 1223 non
2836 1168 2977 1223 item
3010 1168 3081 1223 ab
3113 1166 3179 1222 ΙΙ.
3213 1171 3269 1222 et
3303 1167 3341 1222 Ι.
3376 1164 3596 1221 Idcirco
3630 1165 3813 1220 inter-

2151 1259 2331 1331 pretis
2360 1257 2553 1314 verbis
2584 1257 2932 1329 adjecimus,
2979 1278 3008 1307 ιι
3063 1255 3171 1312 hoc
3230 1259 3339 1327 est,
3398 1254 3576 1309 tritici
3637 1270 3803 1309 men-

2149 1364 2309 1405 sura.
2342 1369 2371 1399 ››

2222 1436 2338 1492 Col.
2398 1437 2504 1491 299
2551 1437 2590 1492 Β
2641 1436 2695 1491 5.
2755 1433 2870 1492 Non
2927 1434 3329 1490 contradicant.
3390 1432 3520 1488 [Iaso
3580 1432 3809 1487 omissa

2150 1526 2384 1582 fuerant
2413 1526 2484 1581 ab
2513 1525 2851 1596 interprete,
2886 1542 3013 1593 quae
3044 1528 3163 1578 tres
3220 1528 3414 1578 tamen
3480 1538 3625 1577 mss.
3686 1537 3808 1575 uno

2150 1632 2443 1671 consensu
2504 1613 2797 1669 exhibent.
2844 1612 2951 1667 Ubi
3005 1613 3265 1668 notanda
3323 1611 3583 1684 probitas
3640 1609 3810 1665 illius

2148 1703 2369 1770 saeculi,
2430 1721 2546 1776 quo
2603 1703 2995 1775 serngebant
3026 1719 3085 1757 se
3140 1701 3211 1756 ab
3245 1700 3405 1755 omni
3440 1700 3807 1772 dignitatum

2149 1792 2684 1848 ecclesiasticarum
2719 1791 2944 1846 ambitu
2976 1789 3087 1844 viri
3119 1790 3492 1861 sancti,quod
3526 1794 3584 1845 et
3606 1803 3809 1843 exem-

2149 1882 2244 1954 plo
2276 1898 2382 1935 suo
2413 1881 2781 1936 confirmavit
2802 1880 2861 1935 S.
2885 1880 3144 1935 Joannes
3175 1878 3804 1951 Chrysostomus,cum

2148 1971 2288 2043 fuga
2319 1968 2633 2025 consulens
2664 1968 2799 2038 sibi,
2833 1967 3145 2023 occultavit
3173 1984 3256 2037 se,
3290 1984 3361 2022 ne
3391 1967 3460 2022 ad
3504 1966 3807 2038 episcopa-

2146 2063 2272 2115 tum
2309 2062 2759 2130 promoveretur,
2793 2062 2850 2112 et
2878 2056 3097 2111 librum
3134 2054 3495 2112 defensionis
3548 2072 3666 2111 suae
3727 2055 3804 2110 ad

2148 2148 2434 2205 Basilium
2464 2147 2689 2204 socium
2723 2150 2782 2202 et
2811 2145 3295 2202 contubernalem
3328 2161 3505 2201 suum
3539 2144 3804 2217 scripsit,

2149 2254 2264 2310 quo
2295 2237 2449 2291 inter
2478 2235 2593 2292 alia
2608 2234 2986 2290 difficultates
3015 2234 3270 2307 exponit,
3297 2234 3516 2306 quibus
3545 2232 3806 2307 episcopi

2150 2341 2371 2380 munus
2402 2324 2709 2379 obsessum
2742 2327 2850 2391 est,
2886 2321 3051 2377 libris
3083 2339 3183 2377 sex
3220 2326 3303 2377 De
3360 2321 3687 2389 sacerdotio,
3745 2328 3812 2377 ut

2148 2413 2331 2470 tradit
2359 2417 2646 2479 Socrates,
2679 2410 2783 2467 lib.
2816 2428 2869 2466 v1
2931 2413 3168 2478 Histor.,
3226 2428 3355 2484 cap.
3414 2411 3468 2467 3.
3528 2411 3811 2467 Testatur

2149 2504 2323 2559 etiam
2340 2501 2494 2556 idem
2520 2500 2663 2555 illud
2693 2499 2956 2555 studium
2975 2498 3230 2572 fugiendi
3250 2500 3624 2572 episcopatus
3647 2500 3805 2572 apud

2148 2598 2372 2648 veteres
2403 2588 2649 2663 epistola
2679 2588 2781 2645 illa
2812 2588 3041 2644 concilii
3094 2587 3384 2644 Valentini
3436 2585 3528 2645 ad"
3555 2592 3805 2661 Foroju-

2150 2681 2344 2750 liens.,
2378 2697 2494 2752 qua
2525 2679 2829 2735 declarant
2859 2678 3147 2751 quosdam
3167 2677 3409 2733 herrore
3440 2678 3803 2752 suscipiendi

2150 2767 2462 2827 sacerdotii
2493 2785 2623 2825 sese
2653 2766 2889 2840 aliquod
2945 2767 3315 2823 commisisse
3343 2766 3623 2823 delictum
3672 2785 3805 2824 esse

2151 2858 2650 2929 confessos,cujus
2681 2856 2872 2930 gratia
2902 2859 3141 2928 possent
3161 2855 3234 2911 ab
3266 2853 3366 2911 illo
3398 2855 3629 2929 depelli.
3666 2858 3799 2911 Amo

2150 2950 2386 3005 brosius
2443 2949 2620 3004 etiam
2662 2952 2725 3001 ut
2781 2945 3126 3018 dignitatem
3183 2945 3484 3018 etl'ugcret,
3545 2945 3796 3001 credulis

2150 3037 2333 3094 voluit
2361 3042 2416 3093 et
2441 3035 2775 3109 impudicus
2806 3035 3012 3092 videri.
3039 3034 3182 3090 Vide
3213 3034 3551 3106 Paulinum,
3584 3035 3640 3089 in
3670 3034 3803 3106 ejus

2158 3129 2305 3195 Vita,
2338 3130 2393 3182 et
2411 3124 2748 3196 Baronium,
2783 3142 2878 3180 an.
2910 3125 3034 3191 374,
3067 3124 3120 3179 ϐ.

396 3203 672 3301 Basilius,
704 3232 902 3288 πολιὰν
961 3231 1013 3287 ἐν
1037 3203 1148 3305 ’τῷ
1175 3203 1419 3307 κρυπτῷ,
1471 3238 1537 3288 ut
1583 3231 1899 3305 Apostolus
1937 3232 2042 3287 Ro-

2228 3236 2379 3291 Ibid.
2439 3236 2526 3289 13.
2580 3233 2650 3286 Τὸ
2703 3228 2851 3302 ἄξιος
2906 3232 3056 3286 εἶναι.
3108 3232 3475 3288 Contrarium
3532 3231 3809 3288 eliciebat

393 3342 549 3381 man.
600 3341 664 3393 II,
712 3324 784 3377 29
818 3339 831 3379 ;
866 3319 1025 3377 Ἀλλ’
1056 3321 1084 3374 ὀ
1133 3320 1184 3375 ἐν
1224 3324 1305 3392 τῷ
1358 3324 1582 3396 κρυπτῷ
1632 3317 1918 3387 Ἰουδαῖος,
1951 3317 2039 3373 καὶ

388 3413 661 3487 περιτομὴ
693 3407 923 3486 καρδίας
952 3429 963 3443 ο
1003 3433 1030 3462 ‹‹
1064 3412 1173 3467 Sed
1208 3412 1303 3480 qui
1338 3412 1395 3465 in
1429 3411 1772 3467 abscondito
1805 3414 2044 3465 Judaeus

389 3505 500 3565 est,
562 3506 619 3557 et
661 3500 1031 3575 circumcisio
1090 3500 1323 3568 cordis;
1359 3503 1468 3555 net
1527 3498 1778 3556 Mattbaei
1829 3515 1907 3566 v1,
1960 3498 2039 3555 4:

391 3591 453 3646 Ὀ
536 3590 724 3664 Πατήρ
780 3609 895 3657 σου,
952 3587 980 3642 ὀ
1052 3586 1269 3662 βλὲπων
1318 3587 1369 3641 ἐν
1423 3590 1502 3659 τῷ
1563 3586 1810 3661 κρυπτῷ
1870 3594 2046 3644 Pater

393 3689 521 3736 tuus
550 3680 652 3751 qui
680 3679 906 3735 videtin
927 3677 1265 3734 abscondito.
1291 3678 1413 3734 Sub
1444 3677 1618 3733 ﬁnem
1645 3678 1869 3749 paginae
1894 3677 2044 3733 alter

394 3767 560 3823 locus
617 3773 706 3823 est
761 3785 795 3822 a
851 3767 1022 3824 nobis
1072 3768 1383 3823 restitutus
1434 3766 1588 3838 apud
1636 3765 2041 3838 interpretem,

389 3857 694 3928 expunctis
726 3856 866 3912 illis.
905 3880 925 3906 ι
959 3863 1191 3912 suamet
1220 3858 1586 3922 auctoritate,
1619 3871 1723 3926 per
1751 3871 1883 3926 quae
1912 3854 2038 3911 sin-

388 3947 511 4019 guli
544 3946 654 4002 sibi
690 3951 939 4018 possunt
968 3945 1255 4001 asciscere
1279 3946 1532 4000 suismet
1563 3945 1753 4013 factis,
1777 3951 1832 3999 et
1854 3944 1926 4000 ab
1957 3945 2042 4000 eis

389 4035 646 4106 arripere
694 4040 1043 4107 potestatem
1095 4034 1530 4090 dominandi.»
1574 4032 1696 4088 Νοη
1749 4035 1905 4088 enim
1962 4034 2045 4089 ait

389 4124 648 4181 Basilius
664 4123 940 4181 illusores
961 4130 1296 4194 arrepturos
1310 4126 1657 4196 potestatem
1673 4123 2040 4193 dominandi,

389 4213 478 4268 vel
508 4230 635 4269 eam
669 4213 838 4268 factis
856 4214 982 4268 suis
1006 4211 1116 4268 sibi
1140 4212 1433 4267 ascituros
1459 4227 1471 4266 :
1497 4212 1597 4266 sed
1632 4212 1792 4283 ipsos
1807 4212 2044 4267 Judasos

393 4301 591 4375 potius
624 4305 879 4371 peccatis
910 4303 1036 4357 suis
1058 4301 1732 4373 promeriturosmtjugo
1765 4301 2041 4356 barbaro-

392 4409 522 4447 rum
556 4392 969 4461 subjiciantur.
1010 4391 1219 4445 Verum
1251 4405 1320 4444 ex
1368 4390 1602 4445 duobus
1634 4406 1776 4444 mss.
1810 4393 1876 4457 H,
1911 4394 1968 4445 et
2000 4389 2041 4456 l,

393 4481 828 4535 emendandum
864 4491 954 4535 est
1002 4478 1060 4534 in
1114 4478 1313 4535 Graeco
1346 4495 1359 4533 :
1391 4476 1547 4532 Ἀλλ’
1581 4477 1668 4553 ἀφ’
1710 4477 1914 4531 ἑαυτῶν
1946 4471 2040 4546 ἔση

2149 3342 2219 3381 ex
2250 3325 2343 3380 bis
2374 3324 2568 3380 verbis
2598 3324 2907 3396 interpres,
2939 3344 2967 3373 «
2996 3322 3214 3378 docens
3271 3321 3583 3395 indignum
3614 3339 3678 3378 se
3707 3338 3801 3378 es-

2153 3416 2343 3487 se,qui
2375 3413 2746 3487 praesideret:
2782 3435 2809 3461 ››
2844 3411 3007 3483 atqui
3040 3412 3150 3467 hoc
3184 3410 3311 3483 ipso
3341 3428 3404 3467 se
3429 3411 3674 3483 dignum
3709 3428 3807 3467 es-

2151 3520 2215 3560 se
2261 3503 2627 3570 ostendebat,
2686 3501 2838 3572 quod
2899 3500 3145 3556 humilis
3188 3516 3255 3556 ac
3286 3499 3584 3556 modestus
3622 3504 3803 3556 esset.

2223 3592 2370 3647 Ibid.
2433 3591 2475 3646 D
2531 3590 2584 3644 5.
2645 3586 2846 3643 Μεσταὶ
2890 3585 3139 3660 ἀνομίας.
3199 3588 3644 3645 Emendandum
3703 3586 3806 3643 hic

2156 3680 2288 3752 μετὰ
2319 3677 2567 3751 ἀνομίας,
2601 3695 2732 3751 qum
2752 3678 2911 3734 varia
2940 3678 3136 3747 lectio,
3168 3678 3228 3733 in
3264 3677 3528 3750 margine
3558 3693 3806 3749 apogra-

2152 3769 2253 3842 pbi
2285 3769 2508 3834 addita,
2540 3767 2899 3838 praeferenda
2929 3767 3044 3823 fuit
3072 3766 3238 3822 alteri
3263 3785 3279 3839 ;
3319 3782 3569 3839 eamque
3599 3766 3805 3839 sequi-

2151 3863 2251 3916 tur
2281 3858 2701 3930 interpretatio.

2224 3946 2343 4002 Col.
2376 3947 2481 4001 302
2512 3952 2556 3999 Α
2578 3948 2631 4002 8.
2665 3946 2800 4002 Cum
2827 3961 3022 4001 eorum
3053 3945 3265 4016 lingua.
3299 3942 3611 4015 Conjunxit
3666 3960 3808 3999 cum

2149 4038 2323 4094 verbo
2357 4033 2677 4108 ἀντιλέγειν,
2729 4052 2844 4091 non
2904 4051 3037 4090 cum
3101 4030 3323 4106 μελετᾷ,
3361 4050 3561 4090 vocem
3618 4028 3807 4108 γλώσ·-

2153 4146 2251 4197 σης
2287 4127 2603 4198 intorpres,
2663 4140 2767 4179 nec
2824 4123 3241 4180 animadvertit
3295 4124 3452 4195 apud
3521 4122 3808 4179 Davidem

2152 4215 2420 4287 linguam
2478 4213 2592 4269 dici
2654 4208 2907 4285 μελετᾷν,
2969 4212 3115 4285 psal.
3188 4229 3380 4281 xxx1v,
3438 4212 3553 4267 23‘:
3608 4210 3715 4267 Καὶ
3768 4211 3807 4279 ἡ

2150 4300 2377 4377 γλῶσσά
2455 4322 2560 4373 μου
2669 4300 2955 4374 μελετήσει
3036 4301 3138 4369 τὴν
3235 4297 3582 4369 δικαιοσύνην
3685 4318 3807 4353 σου⁶

2151 4394 2219 4448 Et
2287 4394 2481 4463 lingua
2547 4408 2671 4447 mea
2720 4392 3093 4448 meditabitur
3138 4392 3428 4463 justitiam
3484 4394 3685 4450 tuam;
3752 4393 3814 4443 et

2151 4499 2342 4544 xxxvx,
2373 4487 2475 4537 28:
2514 4487 2592 4540 0.:
2620 4484 2756 4553 iusti
2781 4482 3145 4537 meditabitur
3170 4482 3523 4552 sapientiam,
3546 4480 3645 4535 ubi
3674 4495 3808 4552 per-

390 4566 709 4641 κυριιύσειν,
764 4566 813 4641 ἐξ
864 4568 937 4622 ὧν
988 4565 1210 4628 ἕκαστος
1260 4567 1435 4638 ἑαυτῷ
1483 4564 1573 4621 διὰ
1612 4570 1720 4621 τῶν
1763 4564 1953 4641 ἔργων,
1986 4573 2041 4623 el.

2157 4587 2352 4645 peram
2405 4572 2462 4626 in
2519 4571 2885 4626 Germanicis
2945 4569 3150 4625 Bibliis
3189 4569 3455 4633 vertitur,
3491 4589 3519 4619 ‹‹
3576 4567 3813 4622 curabit

392 4658 547 4728 apud
608 4657 951 4730 Procopium
1008 4658 1211 4729 p.66:
1248 4653 1559 4731 Κυριεύσειν
1606 4655 1769 4733 φησὶν
1815 4655 2039 4710 ὶκάστου

392 4746 469 4801 τὸη
510 4748 857 4820 κυριευθῆναι
916 4767 976 4804 π.
1043 4766 1094 4800 α.
1158 4742 1207 4801 δ.
1264 4766 1314 4801 τ.
1378 4744 1784 4817 ἐπισπωμένου*
1848 4767 1871 4796 ι
1934 4746 2039 4811 Qui

394 4838 465 4891 ab
512 4852 871 4909 unoquoque
918 4838 990 4892 ad
1041 4835 1384 4892 dominandi
1435 4835 1733 4891 licentiam
1766 4834 2042 4907 operibus

394 4927 786 4983 attrahuntur.

466 5032 582 5090 Col.
613 5034 720 5089 298
753 5040 796 5089 Α
834 5035 919 5089 11.
953 5035 1012 5089 In
1043 5048 1238 5088 eorum
1263 5039 1465 5103 partes.
1493 5028 1781 5086 Omiserat
1800 5032 2040 5089 verbum

390 5120 780 5197 προσεχώρουν
815 5122 1283 5194 interpres,quod
1317 5123 1519 5191 aptum
1541 5124 1631 5174 est
1660 5121 1729 5175 ad
1765 5122 2043 5179 factiones

386 5215 445 5266 et
475 5210 719 5268 dissidia
752 5212 1188 5281 seditiosorum,
1217 5209 1318 5281 qui
1343 5213 1606 5280 tempore
1628 5208 2042 5283 Hierosolymi-

388 5303 537 5354 tanas
569 5302 898 5357 obsidionis
929 5300 1128 5356 omnia
1158 5298 1497 5364 turbabant,
1533 5298 1849 5355 indicanda
1874 5317 1886 5355 :
1910 5302 2044 5356 vide

388 5388 713 5459 Joscpbum
745 5390 847 5445 lib.
882 5408 936 5460 ν,
967 5406 1021 5444 vi
1054 5393 1110 5444 et
1138 5406 1218 5446 νη
1251 5389 1323 5442 De
1362 5387 1505 5443 bello
1533 5389 1783 5445 Iudaico.
1820 5389 2042 5444 Rursus

388 5471 629 5549 χλανίδα
662 5500 689 5528 ‹‹
742 5479 1227 5548 paludamentum
1279 5497 1308 5526 »
1358 5476 1666 5542 vertimus,
1708 5495 1822 5534 non
1862 5499 1889 5527 «
1926 5483 2041 5533 tor-

392 5580 590 5636 quem,
628 5587 656 5615 »
688 5580 789 5620 seu
830 5566 1151 5622 amiculum
1204 5571 1483 5638 pertenue
1533 5583 1598 5622 ac
1650 5565 2040 5634 molliculum,

393 5669 470 5725 qu
489 5654 548 5712 )d
580 5654 870 5725 ejusmodi
922 5660 1165 5711 ornatus
1213 5659 1314 5709 aut
1361 5655 1539 5711 vestis
1570 5655 1893 5728 principem
1928 5672 2040 5711 non

2152 4660 2527 4732 sapientiam.
2588 4681 2617 4710 »
2677 4676 2791 4714 non
2826 4660 2978 4715 enim
3012 4662 3103 4715 est
3137 4656 3313 4730 μέλει,
3356 4658 3456 4714 sed
3494 4654 3807 4730 μελετήσει,

2152 4749 2212 4804 in
2244 4749 2457 4821 quibus
2490 4748 2634 4804 locis
2666 4750 2908 4804 verbum
2939 4747 3244 4804 Hebraeum
3304 4757 3419 4809 run
3453 4763 3569 4803 non
3611 4746 3805 4803 solum

2154 4857 2183 4887 ‹‹
2217 4836 2487 4891 meditari
2520 4856 2548 4885 ››
2586 4835 2889 4897 sonat.sed
2909 4835 3084 4890 etiam
3118 4835 3517 4891 «mussitare:
3544 4856 3573 4886 ιν
3605 4833 3811 4908 itaque

2151 4924 2327 4981 etiam
2378 4924 2606 4997 psalmo
2645 4941 2804 4995 cxxu,
2854 4924 2942 4993 45,
2993 4926 3193 4998 φωνεῖν
3221 4924 3488 4995 vertitur,
3523 4921 3585 4978 οὐ
3617 4925 3809 4997 φωνή-

2152 5033 2335 5068 σουσιν
2395 5011 2449 5066 ἐν
2492 5015 2574 5082 τῷ
2624 5011 2861 5087 λάρυγγι
2916 5011 3114 5082 αὐτῶν,
3186 5030 3295 5070 non
3362 5014 3690 5070 clamabunt
3747 5016 3813 5070 in

2150 5106 2370 5175 gutture
2395 5116 2521 5157 suo.
2556 5102 2776 5159 Idcirco
2815 5102 2909 5157 hic
2936 5101 3257 5158 delcvimus
3287 5101 3389 5157 illa
3417 5103 3596 5159 verba
3626 5102 3811 5158 inter-

2153 5191 2374 5263 pretis:
2416 5210 2437 5239 ε
2477 5194 2541 5245 ut
2571 5190 3000 5248 meditarentur
3024 5196 3191 5247 nocte
3222 5208 3290 5247 ac
3320 5192 3413 5247 die
3455 5190 3643 5264 legem
3701 5192 3814 5248 Do-

2153 5279 2322 5349 mini,
2350 5279 2552 5352 lingua
2581 5296 2781 5336 eorum
2814 5280 3270 5337 contradicebat.
3306 5303 3332 5331 ››

2225 5386 2372 5441 Ibid.
2426 5386 2467 5441 C
2517 5389 2588 5441 2.
2651 5386 2802 5455 Quod
2852 5387 3094 5459 populus
3126 5429 3139 5443 .
3216 5387 3554 5446 Cavendum
3624 5391 3810 5446 inter-

2152 5474 2325 5547 preti,
2365 5492 2437 5532 ne
2467 5475 2796 5533 similitudo
2829 5492 3037 5533 vocum
3070 5492 3205 5533 eum
3238 5476 3421 5543 fallat,
3445 5484 3510 5535 ut
3540 5479 3650 5535 hoc
3682 5478 3811 5536 loce

2150 5561 2214 5617 τὸ
2247 5561 2457 5619 ἀνίατον
2486 5587 2515 5616 ‹‹
2565 5565 2892 5622 incurabile
2922 5564 3167 5634 malum,
3202 5590 3230 5617 ››
3262 5567 3624 5625 existimavit
3676 5586 3809 5625 esse

2151 5652 2300 5728 παρὰ
2333 5652 2397 5709 τὸ
2430 5654 2580 5724 ἀνιῷ
2637 5655 2793 5726 quod
2852 5659 2964 5726 est,
3023 5679 3051 5707 «
3112 5655 3441 5714 molestiam
3503 5657 3738 5729 inferre,
3774 5681 3803 5709 »
