4176 6382
315 334 472 395 1093

1514 334 1617 394 AD
1660 330 2075 393 COMMENT.
2121 331 2200 391 IN
2243 331 2545 393 ISAIAM.

3579 340 3739 402 1094

315 465 690 540 scripsitque,
723 487 751 516 «
784 463 980 538 populi
1012 480 1161 539 aegre
1192 463 1628 536 ferentis,qu0d
1655 463 1967 536 responde-
1997 463 2054 531 Α
2083 458 2242 515 αὐτὸν
2276 459 2328 516 ἐν
2361 463 2431 535 τῇ
2452 463 2544 537 γῇ.
2580 464 2643 519 Et
2676 465 2902 521 beatum
2926 467 3099 537 faciat
3129 483 3251 523 eum
3285 469 3540 527 interra.
3571 470 3739 527 Chal-

319 558 477 613 rit.»
532 555 705 626 Atqui
755 552 969 608 ἀνίατον
1016 559 1106 611 est
1160 554 1223 608 τὸ
1274 551 1453 617 ἰᾶσθαι
1515 553 1591 626 μὴ
1652 548 1972 624 δύνάμενον,

317 668 345 695 (‹
381 643 540 718 quod
572 641 769 698 sanari
803 659 917 697 non
971 645 1180 710 potest.
1214 663 1241 690 ι)
1277 640 1388 695 Sed
1443 639 1710 712 sequenti
1759 638 1978 711 pagina

317 738 471 790 recte
527 732 639 788 hoc
697 729 1133 797 animadvertit,
1163 728 1385 783 ἀνίατον
1448 732 1720 790 νοσοῦσιν.
1760 750 1783 781 ιι
1820 729 1976 783 insa-

318 821 593 880 nabiliter
622 824 927 893 aegrotant.
959 841 987 869 »

389 910 508 967 Col.
538 911 645 966 303
676 911 717 964 Β
750 909 838 965 13.
874 908 1207 980 Signiﬁcare
1249 906 1553 963 Christum.
1586 904 1977 961 Restituimus

318 1002 475 1057 hunc
496 999 692 1055 locum
716 1014 785 1053 ex
807 997 989 1053 altero
1026 997 1205 1068 Regio
1252 996 1316 1051 Il.
1341 999 1398 1050 et
1424 993 1706 1066 Anglicis,
1739 992 1797 1048 in
1834 1009 1976 1064 quo-

320 1108 451 1145 rum
503 1105 621 1144 uno
679 1086 985 1159 legebatur
1038 1086 1136 1153 τὴν
1172 1083 1293 1160 περῖ
1324 1083 1542 1145 αὐτούς·
1573 1087 1633 1139 at
1666 1082 1979 1153 Procopius

319 1177 760 1250 compendiose,
808 1173 842 1228 ’ὰ
898 1172 966 1243 δὴ
1016 1170 1290 1235 ποικίλως
1349 1171 1643 1227 ἰπινοεῖται
1703 1168 1974 1246 Χριστόςθ

319 1294 344 1317 ιι
382 1268 603 1341 quibus
634 1266 789 1322 varie
820 1264 1142 1339 significari
1174 1263 1474 1319 Christum
1508 1261 1925 1334 intelligimus.
1948 1284 1975 1312 »

322 1366 382 1414 In
416 1358 476 1413 F.
509 1355 737 1411 calamo
794 1359 1093 1409 exaratum
1152 1353 1370 1425 reperit
1426 1351 1802 1418 Tilmannua,
1844 1348 1981 1402 κατὰ

317 1442 582 1513 ποικίλην
608 1444 709 1510 τὴν
737 1441 860 1516 περὶ
893 1440 1116 1503 ἑαυτοὺς
1150 1435 1493 1512 συμϐουλίαν
1528 1438 1613 1492 καὶ
1658 1435 1899 1491 ἐπίνοιαν
1952 1437 1979 1490 ὁ

320 1532 571 1609 Χριστός·
604 1556 632 1583 ιι
666 1533 889 1588 Cuncta
950 1531 1173 1585 faciunt
1222 1531 1293 1585 ad
1349 1528 1777 1584 multiformem
1818 1526 2009 1605 illam.

322 1628 523 1679 contra
543 1626 729 1677 semet
750 1620 1242 1676 consultationem
1277 1623 1333 1673 et
1365 1617 1724 1673 molitiones.
1761 1639 1789 1666 »
1825 1617 1978 1671 Idem

325 1714 496 1787 paulo
519 1716 652 1785 post
673 1712 1010 1784 scripserat,
1035 1732 1062 1759 ‹‹
1098 1708 1352 1765 Dimidia
1378 1708 1536 1764 enim
1570 1707 1709 1763 mali
1744 1724 1882 1779 pars
1919 1723 1981 1762 se

2087 551 2214 607 dera
2242 551 2433 608 versio
2462 551 2703 621 ibidem,
2722 553 2781 608 Et
2811 553 2965 611 dabit
2996 558 3052 611 ei
3080 555 3467 615 beatitudinem:
3486 561 3546 616 in
3568 565 3737 618 terra.

2087 640 2146 696 S.
2182 641 2592 714 Hieronymus,
2624 650 2676 698 et
2708 643 2893 700 beatus
2914 646 3021 701 erit
3049 647 3105 701 in
3130 649 3300 703 terra.

2161 748 2278 803 Col.
2311 748 2490 803 313A
2552 749 2633 804 14.
2668 750 2787 806 Νοη
2841 753 2995 808 enim
3039 762 3119 809 est
3166 754 3348 825 judic.
3409 756 3739 815 Lectionem

2089 836 2243 892 hanc
2277 837 2334 891 F.
2369 853 2480 892 ms.
2514 838 2875 908 exprimebat
2905 840 2997 896 bis
3028 842 3219 898 verbis
3255 842 3629 914 Tilmannus,
3662 845 3739 904 Οὐ

2086 924 2186 997 γὰρ
2240 928 2336 979 τοῦ
2383 923 2665 994 κρίνοντός
2719 926 2827 981 ἔστι
2877 928 3012 1000 μετὰ
3054 934 3164 984 τῶν
3213 932 3551 1005 κρινομένων
3584 932 3742 1010 ἔρχε-

2089 1013 2213 1067 σθαι
2271 1014 2407 1089 πρὸς
2464 1013 2662 1090 κρίσιν,
2713 1015 2859 1071 ἀλλὰ
2911 1019 3045 1090 μιτὰ
3096 1024 3203 1074 τῶν
3249 1021 3584 1096 κρινομένων
3631 1041 3745 1095 μετ’

2090 1100 2356 1172 ἀλλήλων
2389 1124 2440 1159 α.
2475 1124 2534 1159 π.
2565 1124 2625 1160 π.
2658 1124 2746 1179 κρ.
2780 1129 2808 1157 ιι
2838 1108 2961 1163 Non
2992 1111 3149 1165 enim
3210 1113 3454 1169 interest
3495 1115 3742 1186 judicia,

2090 1208 2223 1247 cum
2244 1194 2366 1263 jam
2392 1193 2786 1265 praejudicatis
2809 1197 3005 1253 venire
3046 1200 3118 1254 ad
3146 1201 3460 1273 judicium,
3495 1209 3561 1260 ut
3591 1206 3741 1261 inter

2090 1296 2152 1336 se
2178 1281 2333 1336 obvii
2365 1282 2485 1338 sint
2506 1283 2720 1354 judici.
2743 1304 2771 1336 ιι
2798 1283 3014 1342 Verum
3039 1291 3230 1359 aptior
3246 1296 3335 1346 est
3362 1308 3451 1363 ea,
3478 1309 3656 1363 quam
3674 1311 3745 1350 ex

2088 1373 2157 1423 H.
2191 1372 2232 1425 I.
2267 1375 2325 1425 et
2344 1371 2517 1443 Angl.
2552 1373 2969 1444 expressimus.
3002 1376 3151 1440 Quin
3181 1379 3356 1435 etiam
3386 1380 3449 1435 in
3479 1386 3745 1439 membro

2091 1459 2445 1530 praecedenti
2468 1461 2814 1532 praeferebat
2839 1467 2899 1519 F.
2922 1462 3022 1518 οὐκ
3052 1462 3139 1518 ἰπὶ
3168 1469 3246 1537 τῷ
3268 1471 3466 1542 κρῖναι,
3497 1465 3625 1523 ἀλλ’
3656 1468 3745 1526 ἰπὶ

2091 1550 2171 1618 τῷ
2202 1543 2496 1622 διακρῖναι·
2532 1572 2560 1600 ιι
2595 1551 2697 1606 sed
2730 1557 2795 1606 ut
2839 1552 2985 1609 alios
3026 1564 3332 1625 secernat;
3364 1579 3391 1610 ι
3425 1575 3630 1615 verum
3685 1562 3747 1617 in

2089 1636 2334 1709 Anglico
2367 1642 2457 1693 est
2479 1654 2491 1693 :
2516 1635 2643 1692 ἀλλ’
2674 1637 2762 1693 ἐπὶ
2786 1644 2865 1711 τῷ
2896 1637 3262 1717 διακριθῆναι,
3295 1668 3324 1698 ιι
3362 1649 3464 1703 sed
3497 1650 3746 1720 utjudi-

2091 1726 2180 1781 cio
2230 1727 2568 1799 contendat,
2591 1750 2619 1779 ››
2634 1729 2720 1784 vel
2753 1752 2780 1780 «
2808 1738 2873 1786 ut
2893 1732 3122 1801 judicio
3145 1734 3498 1806 experiatur.
3524 1760 3554 1787 ››
3581 1742 3622 1790 Δ
3641 1739 3748 1794 Re-

323 1802 485 1903 stitit
528 1802 685 1857 intra
733 1803 1038 1903 gec‘catufn
1079 1798 1164 1903 “in
1203 1797 1352 1903 ,ίρξο
1405 1796 1627 1903 Pellam:
1658 1794 1980 1903 νξδξῗηίδίίθ
2008 1838 2057 1903 Β
2089 1814 2456 1883 gioH.istud
2497 1794 2778 1873 ultimum
2809 1794 3046 1890 penitus
3093 1794 3314 1878 aberat.
3342 1824 3425 1880 Ex
3453 1827 3656 1882 eodem
3692 1831 3752 1883 et

323 1891 531 1947 affectu
569 1906 582 1944 :
620 1912 647 1940 ››
673 1890 771 1945 sed
799 1888 1001 1944 aberat
1025 1904 1058 1941 a
1079 1886 1256 1959 Regio
1282 1887 1337 1941 Ρ.
1365 1886 1520 1958 quod
1553 1884 1711 1940 aliud
1740 1886 1803 1939 II.
1831 1900 1976 1957 sug-

323 1981 588 2049 gessitet
632 1977 1034 2051 apographum
1058 1976 1393 2049 Anglicum,
1428 1975 1581 2047 quod
1616 1974 1756 2047 quia
1785 1974 1981 2029 minus

323 2072 619 2142 eleganter
648 2068 936 2139 scriptum
979 2069 1126 2134 erat,
1160 2080 1345 2135 operae
1395 2062 1829 2136 typographicm
1872 2063 1980 2117 Re-

325 2159 487 2232 gium
545 2156 803 2214 codicem
866 2154 1035 2227 sequi
1087 2153 1451 2219 maluerunt,
1502 2153 1748 2224 ideoque
1788 2151 1983 2207 Graece

326 2247 657 2303 omiserunt
679 2244 845 2316 illud,
862 2244 1015 2315 quod
1040 2241 1382 2313 interpretis
1404 2240 1597 2296 verbis
1616 2240 1981 2296 addideram:

329 2361 353 2388 ‹ι
383 2336 482 2393 Est
504 2335 660 2392 enim
685 2335 942 2407 perfecta
977 2330 1227 2399 malitia,
1251 2346 1382 2385 cum
1420 2329 1575 2400 quis,
1603 2352 1631 2379 »
1656 2334 1766 2384 etc.
1797 2324 1986 2381 Τελεία

324 2426 426 2501 γὰρ
483 2422 645 2479 κακία
694 2422 757 2477 τὸ
815 2420 906 2476 καὶ
962 2419 1158 2495 γνώμῃ
1204 2418 1293 2473 καὶ
1325 2416 1574 2492 πράξεσιν
1611 2417 1931 2491 ἁμαρτάνειν
1970 2434 1981 2448 ·

329 2513 503 2587 ἥμισυ
537 2511 596 2567 δὲ
623 2515 742 2567 τοῦ.
777 2512 871 2567 Sic
902 2512 1054 2566 enim
1088 2513 1214 2564 crat
1270 2508 1328 2562 in
1379 2508 1446 2562 H.
1482 2512 1538 2563 et
1584 2507 1809 2580 Anglic.
1846 2507 1987 2561 Hine

329 2603 713 2676 corrigendos
744 2604 835 2655 est
867 2598 1129 2669 Praecpii
1160 2597 1633 2652 Commentarios
1662 2614 1719 2667 p.
1752 2596 1842 2663 68,
1886 2597 1984 2668 qui

330 2696 451 2747 haec
483 2691 538 2745 in
573 2688 993 2760 compendium
1027 2686 1254 2758 redegit
1288 2702 1301 2740 :
1349 2683 1412 2737 τὸ
1457 2681 1666 2738 τᾶλειον
1719 2681 1885 2738 εἰπὼν
1934 2682 1985 2738 ἰν

326 2776 509 2852 κακίᾳ,
544 2777 629 2833 σοὶ
687 2777 750 2831 τὸ
810 2774 1004 2831 λεῖπον
1055 2773 1105 2846 ιε
1137 2771 1412 2848 ἀναλόγου
1443 2770 1721 2828 κατέλιπε.
1754 2772 1829 2828 Τὸ
1886 2771 1989 2848 γὰρ

330 2867 484 2946 ἔργον
514 2865 745 2934 τελιιοῖ,
778 2867 813 2934 ἡ
850 2861 908 2919 Si
936 2869 1035 2933 τῆς
1072 2862 1319 2924 διανοίας
1353 2861 1499 2937 ὁρμὴ
1533 2859 1756 2931 ἀτελής.

403 2977 523 3034 Col.
545 2976 652 3032 305
679 2975 721 3031 Ο
752 2973 819 3028 13
878 2972 982 3027 Καὶ
1010 2968 1061 3024 ἐν
1094 2967 1240 3044 ἆμοί.
1275 2970 1406 3026 Haec
1436 2969 1681 3026 aberant
1727 2970 1800 3026 ab
1852 2984 1988 3041 apo-

336 3066 558 3139 grapho
592 3063 820 3137 Anglic.
855 3078 981 3135 qua:
1013 3078 1083 3116 ex
1133 3059 1310 3133 regiis
1361 3075 1506 3115 mss.
1542 3058 1603 3114 F.
1637 3062 1690 3114 et
1723 3058 1789 3114 Η.
1840 3061 1899 3114 et
1948 3059 1988 3112 Ι.

337 3154 695 3211 addidimus.
716 3151 879 3225 Apud
904 3150 1190 3207 Joannem
1215 3166 1330 3216 xw,
1347 3149 1683 3218 30,1antum
1707 3145 1986 3222 habetur:

342 3205 732 3314 ῐιξιῖὶξῖῤῥι
765 3205 1062 3313 ’έικιχει
1119 3205 1494 3293 osse-'21s
1550 3252 1639 3292 me
1690 3253 1800 3292 non
1833 3205 2064 3292 habete

342 3331 662 3408 quidquam.
693 3331 967 3386 Testatur
994 3332 1190 3385 tamen
1217 3326 1555 3383 Theodorus
1582 3326 1723 3381 Beza
1761 3324 1820 3379 in
1853 3324 1997 3380 duo-

346 3424 452 3477 bus
479 3418 913 3493 exemplaribus
966 3416 1110 3473 Novi
1169 3414 1512 3472 testamenti
1543 3413 1749 3482 fuisse,
1781 3417 1849 3469 ut
1905 3413 2001 3469 hic

349 3510 489 3583 legit
542 3508 817 3573 Basilius,
849 3505 958 3581 οὐχ
987 3505 1226 3582 εὑρήσει,
1263 3525 1292 3556 ιι
1339 3520 1456 3560 non
1516 3502 1793 3560 inveniet.
1827 3521 1853 3554 ι
1918 3502 2004 3558 Ita

344 3600 697 3671 loquebatur
726 3603 783 3653 et
814 3597 1026 3653 beatus
1084 3595 1375 3652 Martinus
1426 3593 1601 3650 morti
1653 3593 1954 3666 proximus
1987 3608 2001 3648 :

352 3710 371 3737 ι
406 3689 552 3755 Quid
588 3690 809 3751 adstas,
842 3690 1089 3740 cruenta
1120 3683 1359 3739 bestia?
1388 3682 1540 3739 Nihil
1574 3684 1633 3738 in
1667 3699 1760 3738 me
1790 3681 2005 3738 funesti

348 3778 623 3850 reperies.
660 3795 688 3822 »
720 3777 964 3828 Severus
996 3772 1055 3826 in
1088 3772 1219 3827 Vita
1251 3772 1306 3826 S.
1346 3776 1517 3827 Mart.

415 3881 533 3939 Col.
563 3881 668 3936 307
703 3880 744 3935 D
776 3880 826 3934 1.
868 3877 1151 3934 Semitam.
1202 3876 1307 3932 Hic
1355 3878 1673 3950 repetierat
1717 3876 2010 3949 interpres

350 3977 499 4029 hanc
526 3968 873 4026 sententiam
893 3971 1172 4039 tanquam
1190 3970 1382 4021 textus
1400 3971 1651 4039 partem,
1668 3981 1779 4036 neq
1791 3982 2006 4022 uocum

348 4059 690 4134 praecedenti
710 4058 975 4114 membro
998 4056 1411 4128 coniunxerat;
1435 4055 1545 4110 hoc
1566 4054 1723 4110 enim
1747 4053 1861 4110 sibi
1883 4042 2014 4109 vult

348 4154 572 4218 auctor,
597 4164 719 4217 eos,
744 4148 841 4220 qui
883 4149 1091 4220 praeter
1129 4144 1405 4201 meritum
1446 4143 1712 4223 laudant,
1731 4143 2004 4199 semitam

349 4239 561 4311 pedum
619 4236 992 4306 conturbare,
1025 4239 1083 4291 et
1132 4238 1197 4290 ut
1245 4233 1327 4288 ait
1368 4232 1706 4305 Procopius,
1744 4229 2010 4307 Συνὲχεον

350 4326 527 4381 αὐτῶν
581 4325 680 4388 τὰς
738 4320 1071 4389 ὁδοὺς,ταῖς
1128 4325 1309 4384 σκιαῖς
1364 4319 1714 4394 ἑναπομιῖναι
1761 4318 2014 4376 κελεύον-

348 4437 456 4481 τες.
489 4438 514 4470 ιι
537 4416 667 4472 Vias
688 4430 887 4470 eorum
915 4413 1373 4480 confundebant,
1400 4412 1499 4485 qui
1520 4411 1748 4467 umbris
1782 4411 2011 4483 acquie-

351 4522 515 4563 scere
539 4505 867 4576 jubebant;
903 4525 931 4553 »
962 4501 1256 4575 siquidem
1296 4500 1360 4554 τὸ
1422 4498 1753 4575 μακαρίζειν,
1787 4501 1895 4556 etsi
1942 4501 2012 4556 ad

2094 1903 2139 1959 Ι.
2174 1903 2235 1959 F.
2267 1904 2339 1959 A.
2373 1905 2714 1962 addidimus
2738 1906 3206 1979 interpretationi
3229 1913 3446 1984 pagina
3476 1917 3749 1987 sequenti

2093 2013 2122 2042 «
2154 1998 2211 2047 et
2237 1994 2504 2049 mercede
2534 1996 2913 2065 conductis,»
2941 2003 3077 2067 etc.,
3109 2016 3238 2071 quas
3260 2000 3495 2057 fuerant
3514 2010 3752 2075 praeter-

2093 2097 2301 2136 missa.

2167 2169 2289 2226 C0].
2321 2171 2428 2225 317
2458 2170 2497 2226 Α
2527 2170 2582 2227 8.
2620 2171 2740 2228 Ἐπὶ
2771 2172 2849 2244 τῷ
2879 2172 3046 2232 κάτω.
3080 2176 3318 2233 Rectius
3352 2177 3407 2232 in
3469 2180 3537 2235 H.
3588 2186 3646 2237 et
3701 2181 3746 2237 Ι.

2096 2256 2183 2312 ἐπὶ
2213 2258 2275 2312 τὸ
2305 2257 2473 2329 κάτω,
2500 2262 2656 2333 quod
2689 2264 2983 2333 adjectum
3023 2270 3112 2321 est
3141 2267 3478 2339 apographo
3500 2270 3746 2342 Anglico

2095 2347 2191 2403 hic
2225 2349 2429 2405 mutilo
2457 2368 2471 2419 ;
2503 2351 2604 2406 sed
2638 2353 3031 2424 expunximus
3061 2373 3095 2408 a
3124 2356 3391 2411 versione
3421 2357 3550 2413 sine
3570 2375 3752 2416 causa

2095 2438 2415 2510 repetitum
2446 2437 2618 2510 illud,
2651 2464 2679 2492 ιι
2714 2446 2926 2497 terram
2964 2460 3185 2499 versus.
3222 2466 3252 2495 ››
3287 2447 3467 2501 Paulo
3488 2453 3622 2518 post
3650 2449 3752 2503 ubi

2097 2526 2169 2582 de
2192 2525 2469 2583 basilisco
2494 2528 2708 2601 agitur,
2734 2531 3017 2602 scriptum
3039 2538 3184 2603 erat,
3212 2555 3236 2586 ιι
3261 2550 3395 2589 cum
3419 2534 3543 2591 solo
3577 2553 3748 2608 aspe-

2098 2620 2193 2670 ctu
2225 2632 2635 2689 corrumpere;
2669 2642 2696 2669 ››
2731 2624 2792 2674 at
2823 2615 3151 2694 διαφθείρειν
3184 2621 3279 2677 hic
3308 2627 3398 2678 est
3424 2645 3451 2673 ιι
3486 2641 3748 2681 necare.»

2098 2704 2227 2760 Non
2257 2705 2414 2760 enim
2457 2706 2651 2762 solum
2682 2706 3010 2778 inﬁcil,sed
3055 2710 3352 2765 interﬁcit.
3376 2711 3750 2770 Plinius.lib.

2098 2811 2300 2861 xxvm,
2325 2812 2454 2867 cap.
2473 2796 2527 2866 4,
2554 2797 2848 2854 Historia}:
2882 2820 2908 2847 ιι
2943 2797 3417 2871 Basilisci,quam
3442 2801 3616 2857 etiam
3640 2819 3755 2858 ser-

2099 2889 2304 2955 pentes
2330 2884 2442 2956 ipsi
2476 2884 2710 2958 fugiunt
2741 2885 2886 2941 alios
2917 2885 3131 2942 olfactu
3168 2894 3494 2956 necantem,
3527 2891 3629 2962 qui
3651 2891 3754 2947 ho-

2102 2971 2347 3043 minem,
2370 2972 2456 3027 vel
2490 2973 2535 3026 si
2573 2973 2821 3045 aspiciat
2847 2979 3102 3045 tantum,
3134 2975 3351 3030 dicitur
3395 2976 3753 3050 interimere,

2101 3061 2449 3133 sanguinem
2481 3061 2635 3133 magi
2668 3062 2835 3118 miris
2866 3060 3145 3119 laudibus
3177 3063 3491 3121 celebrant.
3527 3090 3547 3116 ι
3569 3067 3752 3137 Idem,

2101 3148 2204 3203 lib.
2224 3166 2347 3220 νιιι,
2372 3166 2499 3222 cap.
2521 3151 2611 3221 21,
2636 3157 2853 3220 narrat,
2879 3155 2936 3207 et
2973 3152 3349 3225 Cyrenaieam
3394 3155 3756 3225 provinciam

2103 3254 2239 3295 eum
2269 3254 2545 3310 generare
2575 3256 2654 3294 xu
2686 3240 3003 3311 digitorum
3040 3257 3155 3295 non
3175 3241 3432 3314 amplius
3464 3248 3758 3316 magnitu-

2108 3326 2244 3382 dine
2274 3347 2288 3396 ;
2322 3327 2585 3383 {Elianus
2617 3329 2792 3384 etiam
2825 3329 2927 3385 lib.
2962 3347 3026 3399 ιι,
3058 3347 3185 3402 cap.
3217 3331 3272 3402 5,
3307 3336 3388 3387 Ds
3433 3332 3760 3404 animalib.,

2109 3430 2244 3471 eum
2279 3433 2405 3472 esse
2437 3416 2617 3488 palmi
2647 3416 3016 3489 longitudine
3045 3414 3547 3493 εονὶὺίιζΣπιθαμὴ
3581 3417 3638 3475 δὲ
3666 3425 3763 3476 τοῦ

2116 3501 2435 3579 βασιλίσκου
2490 3504 2553 3558 τὸ
2616 3502 2792 3577 μῆκός
2850 3504 2985 3575 ἔστι,
3012 3505 3103 3560 καὶ
3138 3505 3321 3579 μέντοι
3372 3506 3461 3563 καὶ
3501 3510 3762 3582 θεασάμε-

2111 3612 2205 3652 νος
2236 3593 2263 3646 ὁ
2294 3596 2399 3646 τῶν
2435 3588 2608 3671 ὄφεων
2636 3594 2900 3665 μήκιστος
2930 3594 3092 3649 αὐτὸν
3119 3594 3178 3650 ἐκ
3215 3601 3316 3665 τῆς
3363 3601 3460 3651 τοῦ
3509 3601 3763 3672 φυσήμα-

2114 3701 2205 3743 τος
2231 3674 2550 3756 προσϐολῆς
2580 3680 2737 3743 οὗτός
2763 3680 2895 3738 ἔστι.
2930 3707 2957 3734 ιι
2982 3684 3079 3739 Vel
3105 3690 3445 3756 serchtum
3471 3687 3769 3744 maximus

2116 3771 2278 3828 illius
2302 3776 2537 3844 aspectu
2582 3772 2780 3828 statim
2818 3772 3231 3843 exspirationis
3272 3774 3520 3847 appulsu
3555 3781 3768 3833 torres-

2120 3860 2218 3917 cit.
2251 3882 2278 3909 »
2300 3861 2410 3917 Sed
2432 3860 2575 3917 lih.1
2604 3877 2642 3928 ι,
2665 3877 2790 3933 cap.
2814 3861 2873 3917 3t
2891 3904 2904 3929 ,
2921 3861 3265 3918 basiliscum
3289 3863 3369 3919 ait
3385 3864 3508 3921 viso
3531 3865 3774 3938 gallina-

2120 3964 2220 4003 ceo
2248 3950 2519 4020 tremere,
2543 3954 2599 4004 et
2624 3949 2824 4007 audito
2849 3948 3009 4006 illius
3050 3955 3248 4021 cantu,
3268 3960 3487 4009 terrore
3526 3970 3772 4011 concus-

2121 4053 2278 4101 sum,
2303 4038 2483 4092 emori
2512 4053 2525 4091 :
2550 4054 2721 4107 quam
2748 4038 2819 4094 ob
2843 4055 3105 4105 causam,
3130 4040 3238 4110 illi,
3258 4041 3358 4112 qui
3391 4058 3493 4113 per
3521 4043 3775 4099 Africam

2120 4126 2230 4182 iter
2248 4125 2489 4194 faciunt,
2512 4126 2732 4199 gallum
2751 4127 2978 4183 itineris
2992 4129 3264 4185 comitem
3287 4130 3399 4186 sibi
3422 4132 3773 4203 adjungunt.

2193 4214 2316 4271 Col.
2353 4215 2498 4271 Ibid.
2533 4216 2573 4272 C
2604 4218 2656 4285 4,
2683 4218 2851 4290 Atque
2908 4220 3144 4273 utinam.
3173 4214 3298 4273 Εἴθε
3356 4214 3414 4273 δὲ
3447 4221 3522 4292 μή
3554 4220 3643 4275 καὶ
3674 4229 3775 4291 τῆς

2123 4301 2449 4374 Ἐκκλησίας
2483 4304 2537 4359 αἱ
2571 4306 2858 4381 Θυγατέρες
2889 4304 2956 4359 τὰ
3006 4303 3139 4359 αὖτᾶ
3181 4303 3518 4382 ὶγκαλοῖντο·
3553 4310 3638 4365 sic
3697 4313 3774 4367 le-

2123 4394 2378 4468 gendum
2405 4411 2472 4450 ex
2504 4394 2571 4451 H.
2605 4397 2647 4451 Ι.
2684 4399 2903 4463 A.,non
2938 4399 3003 4450 ut
3033 4401 3155 4451 erat
3182 4396 3240 4451 in
3274 4397 3335 4453 F.
3369 4393 3475 4452 εἴτε
3505 4392 3563 4451 δὲ
3603 4399 3779 4471 μή,θί.

2124 4479 2497 4549 ινικαλοῦντο,
2531 4485 2685 4540 unde
2712 4484 2995 4556 expressit
3018 4483 3326 4558 interpres,
3350 4508 3379 4538 «
3405 4487 3470 4542 At
3502 4504 3613 4543 non
3646 4489 3776 4545 ﬁliai

351 4572 592 4653 verbum
617 4572 1050 4664 nonnunquam
1066 4594 1235 4647 sonat
1254 4572 1494 4646 beatum
1519 4572 1761 4646 reddere
1777 4588 1863 4644 vel
1884 4588 1996 4645 bear

2121 4573 2296 4630 etiam
2346 4572 2615 4629 Ecclesia
2651 4573 2724 4629 ob
2766 4574 2970 4629 eadem
3008 4573 3064 4629 in
3082 4575 3184 4647 jus
3204 4579 3417 4631 vocatas
3451 4581 3610 4632 sunt.
3637 4598 3666 4627 »
3698 4579 3780 4635 Ex

367 4685 612 4750 tiﬁcare,
645 4687 714 4739 ut
760 4682 1025 4739 ediderat
1053 4681 1381 4753 interpres;
1415 4679 1766 4752 plerumque
1811 4681 2005 4733 tamen

352 4776 594 4830 beatum
621 4773 891 4844 judicare
912 4769 998 4827 vel
1023 4769 1338 4842 praedicare
1357 4768 1508 4840 apud
1534 4767 1810 4840 profanos
1833 4767 2007 4822 etiam

352 4869 625 4918 auctores
672 4859 993 4934 significat,
1026 4860 1186 4915 unde
1216 4856 1509 4914 Aristoteli
1539 4874 1557 4912 1
1586 4857 1805 4913 Rhetor.
1845 4875 2011 4930 μακα-

351 4950 550 5024 ρισμός
581 4955 639 5007 et
680 4944 1106 5021 εὖδαιμονισμός
1135 4947 1493 5004 laudationis
1523 4945 1828 5019 praecipuas
1880 4962 2008 5019 spe-

354 5041 473 5097 cies
503 5044 663 5098 snnt.
697 5039 793 5095 Sic
834 5041 892 5094 et
922 5035 1318 5094 Ecolesiastiei
1349 5052 1431 5102 x1,
1452 5035 1525 5091 30
1556 5050 1569 5091 :
1603 5033 1720 5109 Πρὸ
1749 5032 2011 5105 τελευτῆς

359 5129 435 5203 μὴ
490 5129 752 5202 μακάριζε
805 5122 1032 5199 μηδένα.
1085 5128 1219 5182 Ante
1281 5129 1513 5182 mortem
1568 5140 1898 5197 quemquam
1942 5143 2015 5180 ne

354 5219 546 5275 Iaudes
576 5218 868 5275 hominem.
889 5216 1143 5289 Vulgata
1167 5231 1401 5287 quoque
1427 5213 1587 5270 Isaias
1610 5214 1800 5285 m,42,
1823 5214 1933 5282 Qui
1960 5223 2015 5270 te

358 5310 575 5365 beatum
604 5308 796 5364 dicunt
815 5307 931 5379 ipsi
960 5308 1011 5360 te
1038 5304 1344 5376 decipiunt.
1376 5304 1500 5361 Vox
1524 5303 1743 5375 quippe
1773 5303 2014 5360 Hebraea

354 5411 486 5459 ἿἨΝ
520 5414 633 5452 non
668 5395 828 5451 aliud
887 5397 1077 5459 sonat,
1111 5398 1176 5449 ut
1209 5393 1356 5466 psal.
1400 5410 1593 5461 cxun,
1634 5394 1696 5447 15
1725 5409 1739 5449 :
1775 5392 2012 5465 Ἐμακά-

356 5505 508 5563 ρισαν
539 5485 632 5540 τὸν
684 5482 841 5553 λαόν,
876 5484 1096 5541 beatum
1153 5483 1420 5540 dixerunt
1474 5481 1743 5555 populum
1795 5500 1813 5537 :
1864 5500 2014 5539 non-

356 5592 662 5648 nunquam
696 5578 895 5630 tamen
930 5570 1246 5647 μακαρίζειν
1298 5573 1536 5629 beatum
1588 5572 1779 5627 facere
1837 5572 2015 5628 inter-

359 5669 625 5739 pretatur
655 5662 802 5719 Itala
832 5667 1024 5732 vetus,
1057 5664 1122 5717 ut
1157 5661 1305 5735 psal.
1331 5678 1425 5731 ιι,
1456 5663 1493 5715 2
1524 5678 1538 5718 :
1568 5657 1668 5715 Καὶ
1722 5659 2013 5737 μακαρίσαι

2119 4662 2330 4719 iisdem
2357 4679 2500 4719 mss.
2522 4662 2827 4718 codicibus
2849 4664 3211 4721 correximus
3234 4664 3407 4737 paulo
3430 4670 3565 4722 ante
3587 4665 3647 4722 in
3671 4667 3775 4722 An-

2119 4751 2269 4823 glico
2302 4753 2640 4824 apographo
2665 4752 3014 4807 mendosum
3048 4751 3215 4821 illud,
3241 4750 3336 4816 τὰς
3366 4750 3645 4829 ἀρχηγοὺς
3677 4754 3778 4808 αὖ·

2119 4843 2226 4895 τῶν
2258 4838 2353 4901 τὰς
2391 4837 2682 4914 θυγατέρας
2718 4839 2881 4896 Σιών.
2936 4841 3047 4897 Sed
3096 4843 3363 4914 quamvis
3414 4847 3569 4899 recte
3630 4844 3774 4900 scri-

2120 4934 2285 5003 ptum
2320 4935 2498 4996 esset,
2533 4930 2708 5002 paulo
2741 4934 2874 5003 post
2903 4930 2959 4985 in
3016 4931 3075 4987 F.
3110 4926 3353 4993 παιδιαῖς
3404 4931 3685 5003 ἀσὲμνοις,
3718 4949 3780 4989 se

2123 5019 2339 5092 legisse
2368 5018 2592 5091 putavit
2623 5018 2935 5092 interpres,
2964 5014 3257 5088 παιδείαις,
3285 5037 3342 5076 se
3381 5019 3585 5078 dedunt
3620 5021 3781 5079 inho-

2120 5110 2298 5166 nestis
2327 5107 2667 5180 disciplinis.

2195 5213 2478 5273 COL3l93
2496 5216 2578 5271 tO.
2595 5219 2698 5270 list
2729 5215 2910 5288 igitur
2930 5216 3455 5287 opus.Sustulimus
3474 5220 3672 5273 notam
3693 5217 3781 5272 in-

2121 5303 2559 5377 terrogationis,
2576 5322 2752 5377 quam
2783 5303 2979 5359 Graeca
3004 5322 3117 5360 non
3132 5310 3481 5377 agnoscunt,
3500 5309 3559 5361 et
3580 5322 3746 5362 emen
3762 5337 3782 5347 -

2123 5395 2395 5450 davimus
2417 5411 2485 5450 ex
2505 5393 2701 5467 Regiis
2734 5394 2888 5465 quod
2920 5397 3046 5450 erat
3083 5394 3142 5456 in
3168 5394 3435 5468 Anglico,
3458 5393 3548 5448 καὶ
3580 5390 3782 5458 οἵτινες

2122 5485 2285 5556 ἡμῶν
2343 5486 2449 5537 τῶν
2503 5480 2799 5556 τιμωμένη
2834 5487 2890 5539 et
2942 5482 3389 5541 immutavimus
3421 5484 3567 5540 illud
3597 5483 3781 5540 inter-

2123 5572 2307 5645 pretis
2334 5591 2346 5629 :
2368 5595 2396 5623 ιι
2422 5572 2585 5638 Quod
2609 5572 2789 5645 igitur
2811 5576 2899 5628 est
2921 5589 3070 5644 opus
3092 5572 3360 5629 Domini?
3380 5572 3653 5629 Revelare
3675 5573 3781 5629 ha-

2126 5663 2444 5731 bitum;et
2476 5661 2854 5734 itaqucintor
2903 5677 3008 5717 nos
3069 5661 3119 5718 si
3173 5661 3392 5719 honore
3448 5662 3783 5719 afﬁciantur
