4176 6386
378 367 533 426 1095

1551 354 1786 416 NOTIE
1827 350 2277 412 FRONTONIS
2322 350 2588 412 DUCJEI

3638 353 3801 415 £096

375 499 487 555 hoc
518 497 814 569 praetextu.
849 513 880 546 ››
910 492 1092 548 Paulo
1122 495 1256 564 post
1301 491 1610 546 annotarat
1644 483 2010 543 doctissimus

2146 480 2200 537 II
2224 568 2227 569 ν
2249 481 2602 556 Paralipom.
2648 500 2734 552 ιιι,
2767 484 2820 555 5,
2855 476 3086 562 ἔγλυφεν
3121 481 3205 537 ἐπ’
3234 480 3399 538 αὐτοῦ
3430 482 3675 562 φοίνικας
3703 482 3799 541 καὶ

392 586 743 643 Tilmannus
766 601 869 657 pro
889 581 1297 658 καλυφθησεται
1319 579 1379 634 in
1411 580 1467 634 F.
1493 576 1904 649 corrigendum
1929 570 2028 627 ἀνα

376 675 796 753 καλυφθήσεται·
830 674 930 730 sed
964 671 1110 728 alter
1159 671 1374 743 Regius
1407 673 1463 724 et
1496 669 1537 722 Ι.
1572 671 1629 723 et
1657 663 1826 737 Angl.
1860 662 2026 720 exhi-

379 768 557 822 buere
587 764 871 837 scriptum
922 762 1025 816 οὐκ
1068 756 1603 836 ἀποκαλυφθήσεται,
1638 759 1703 812 ut
1742 758 1835 811 est
1878 754 2025 809 Mat-

380 856 513 912 thzei
541 873 597 923 ιι,
623 856 714 923 26,
746 859 803 910 et
837 854 994 909 Lucae
1026 868 1128 919 xu,
1150 853 1204 904 2.

451 963 566 1020 Col.
623 962 729 1017 322
769 961 809 1016 Ο
864 962 916 1028 1,
966 961 1146 1017 Nemus
1201 957 1482 1029 quosdam.
1543 945 1869 1025 Κοσύμϐους
1929 964 2024 1005 ex-

378 1053 544 1125 ponit
574 1056 796 1122 auctor,
830 1044 1173 1119 ἀποδέσμους
1228 1044 1376 1106 τινας
1423 1048 1530 1098 τῶν
1581 1044 1826 1118 κροσσῶν
1878 1055 2024 1112 quos

377 1143 666 1213 interpres
696 1144 963 1207 verterat,
984 1160 1012 1187 «
1038 1136 1323 1210 quasdam
1344 1134 1617 1190 fasciolas
1646 1128 1895 1187 ﬁmbriis
1925 1146 2022 1184 as-

375 1236 561 1298 sutas,
585 1230 643 1284 id
675 1236 786 1296 est,
805 1230 999 1283 vestes
1030 1224 1358 1281 ﬁmbriatas
1389 1239 1522 1278 cum
1555 1216 2024 1293 appendentibus

373 1317 812 1375 tintinnabulis.
852 1337 880 1366 »
913 1315 974 1371 S.
1005 1315 1424 1387 Hieronymus,
1458 1312 1630 1383 epist.
1661 1309 1783 1378 130,
1816 1323 2021 1361 nume-

371 1413 460 1465 rat
491 1409 640 1463 inter
666 1406 1015 1462 vestimenta
1044 1400 1433 1460 sacerdotalia
1461 1395 1945 1472 superhumerale
1967 1399 2025 1450 et

376 1496 609 1553 tunicas
666 1487 1026 1566 κοσυμϐωτάς
1088 1498 1142 1548 et
1198 1490 1466 1557 cidarim,
1499 1488 1557 1543 in
1601 1503 1775 1559 quem
1825 1484 2020 1539 locum

369 1586 633 1643 scribens
646 1585 941 1641 Marianus
954 1582 1270 1646 Victorius,
1286 1581 1453 1635 docet
1471 1576 1832 1633 ﬁmbriatum
1854 1572 2023 1628 vesti-

373 1679 640 1730 mentum
684 1671 1029 1745 signiﬁcari,
1075 1670 1225 1742 quod
1290 1667 1612 1741 Hesychius
1661 1656 2016 1735 κοσυμϐωτὸν

368 1762 677 1836 κροσσωτόν
711 1764 1145 1833 interpretetur,
1162 1760 1218 1814 id
1238 1764 1347 1825 est,
1363 1756 1747 1822 ﬁmbriatum,
1763 1758 1818 1809 et
1840 1752 2017 1808 Exodi

369 1871 574 1921 xxvm,
608 1853 705 1909 ubi
766 1851 1018 1942 Vulgata
1075 1849 1290 1903 lineam
1351 1846 1631 1942 scriptam
1695 1841 2097 1942 transptuli't,B

371 1946 564 2001 Graece
617 1946 707 1998 est
760 1932 1159 2012 κοσυμϐωτόνο
1207 1936 1302 1993 alii
1378 1934 1608 1991 malunt
1659 1925 2016 2003 κοσυμϐωτόν

370 2032 485 2089 dici
505 2031 764 2087 tunicam
798 2029 968 2084 nodis
992 2026 1394 2093 substrictam,
1428 2029 1485 2080 et
1514 2026 1811 2096 exponunt
1841 2021 2020 2077 Exodi

367 2140 568 2193 xxvm,
619 2113 891 2193 κόσυμόοι
941 2121 1047 2171 τῶν
1102 2116 1350 2193 χιτώνων
1414 2114 1474 2170 ἐκ
1535 2113 1759 2191 βύσσου,
1795 2134 1823 2161 ‹‹
1881 2111 2018 2167 nodi

365 2211 704 2267 tunicarum
737 2226 803 2265 ex
836 2209 1031 2281 bysso.
1069 2228 1096 2256 >›
1128 2205 1291 2261 Certe
1323 2204 1528 2261 Pollux
1559 2204 1666 2260 lib.
1709 2219 1777 2269 ιι,
1807 2218 1930 2274 cap.
1960 2202 2017 2270 3,

363 2292 650 2371 κοσύμϐην
684 2314 788 2371 pro
819 2295 1069 2351 crinium
1104 2297 1276 2351 modo
1308 2294 1489 2367 accipi
1518 2293 1816 2357 admonet,
1840 2306 2015 2363 quem

363 2382 653 2462 κρώϐυλον
687 2387 885 2459 potius
922 2384 1106 2440 Attice
1150 2383 1275 2439 vult
1303 2381 1583 2457 appellari
1618 2398 1631 2437 :
1665 2381 1925 2457 Ἓτριφον
1960 2374 2017 2432 δὲ

360 2497 502 2539 τινες
535 2474 596 2530 ἐκ
627 2472 863 2549 πλαγίου
894 2472 1074 2546 κόμην
1127 2472 1163 2541 ἢ
1213 2471 1439 2525 κατόπιν
1490 2468 1525 2538 ἢ
1588 2468 1720 2543 ὑπὲρ
1777 2470 1841 2521 τὸ
1888 2466 2013 2540 μέτ-

362 2589 535 2636 ωπον,
552 2569 823 2637 ποταμοῖς
852 2564 888 2634 ἢ
922 2562 1190 2634 θεοῖς,καὶ
1221 2561 1536 2634 ὠνομάζετο
1559 2557 1819 2634 πλοχμὸς
1836 2558 1871 2629 ἢ
1897 2555 2017 2611 σκό-

364 2656 461 2718 λυς
489 2655 525 2724 ἢ
585 2653 738 2729 σειρᾶ
787 2655 1021 2728 τριχῶν
1060 2643 1312 2722 κοσύμόη
1348 2645 1394 2702 δ’
1434 2647 1533 2703 οὐκ
1570 2646 1836 2715 Ἀττικὸν,
1871 2642 2017 2700 ἀλλὰ

363 2739 675 2819 κρώϐυλος·
706 2766 734 2795 ‹‹
758 2743 1109 2798 Nutriebant
1128 2756 1262 2795 vero
1284 2754 1510 2794 comam
1547 2737 1784 2810 quidam
1818 2737 1877 2791 in
1912 2735 2012 2790 ob-

364 2838 593 2909 liquum
615 2837 973 2907 vergentem,
991 2837 1091 2888 aut
1107 2847 1285 2902 super
1300 2832 1659 2902 tergum,aut
1673 2826 2015 2900 superfron-

366 2934 507 2996 tem,
531 2924 872 2982 ﬂuminibus
895 2928 995 2978 aut
1011 2922 1125 2978 diis
1143 2925 1569 2991 consecratam,
1593 2935 1720 2991 quae
1749 2914 2013 2991 πλοχμός

366 3023 469 3074 aut
498 3013 700 3076 σκόλυς
756 3014 1191 3071 nominabatur.
1223 3012 1350 3068 Non
1400 3011 1556 3067 enim
1603 3000 1880 3079 κοσύμϐη,
1914 3008 2013 3063 sed

364 3098 676 3180 κρώϐυλος,
700 3102 1029 3159 Atticorum
1062 3105 1167 3156 est.
1194 3122 1222 3149 ››
1249 3100 1309 3156 S.
1354 3098 1724 3171 Augustinus
1755 3097 1815 3150 in
1849 3096 2010 3163 Quae-

302 3228 311 3233 -
357 3195 632 3250 stionibus
659 3197 718 3248 in
748 3189 1121 3247 Exodumlib.
1157 3206 1220 3257 ιι,
1254 3192 1460 3260 quaest.
1482 3188 1583 3242 114
1619 3202 1633 3243 :
1667 3209 1692 3235 α
1725 3184 2009 3240 Tunicam

2093 573 2105 595 '
2138 568 2409 645 χαλαστά.
2442 572 2550 629 Ubi
2582 571 2836 647 Vulgata
2861 574 2986 630 Lat.
3023 590 3036 629 :
3071 572 3415 647 Sculpsitque
3466 577 3523 631 in
3575 593 3640 632 ea
3671 578 3797 650 pal-

2134 678 2274 731 mas,
2307 670 2358 718 et
2378 664 2544 735 quasi
2562 663 2845 720 catenatas
2873 679 2932 719 se
2959 664 3195 720 invicem
3224 665 3638 735 complectenles
3667 685 3688 722 .’
3718 668 3792 724 ad

2136 752 2402 819 verbum,
2436 752 2696 808 laxatiles
2725 763 2856 808 sunt
2884 756 3116 811 catenae.

2207 840 2327 896 Col.
2344 841 2451 896 223
2469 842 2514 896 A
2534 841 2938 914 10.8upercilia
2949 845 3154 914 pingit.
3172 844 3627 902 Immutavimus
3645 844 3790 902 illud

2135 930 2378 1002 interpr.
2399 947 2412 986 :
2433 954 2462 981 «
2485 930 2706 987 Similis
2726 930 2881 987 lunae
2903 932 2961 987 in
2985 948 3203 989 cornua
3228 932 3451 989 inﬂexae
3475 935 3795 1007 supercilia

2134 1036 2241 1075 suo
2274 1020 2499 1075 ambitu
2531 1021 2752 1076 circum
2785 1020 2987 1077 oculos
3010 1021 3400 1094 amplectitur.
3426 1048 3448 1075 ι
3484 1025 3796 1096 Signiﬁcat

2133 1108 2703 1181 Basilins,delineari
2726 1109 2947 1165 circum
2972 1110 3177 1167 oculos
3202 1112 3614 1184 supercilia,ut
3632 1114 3793 1171 velut

2130 1198 2191 1253 in
2223 1214 2422 1253 arcum
2456 1197 2660 1254 lunata
2691 1198 2824 1254 illos
2851 1199 3134 1256 ambiant.
3173 1200 3230 1256 S.
3266 1201 3664 1275 Hieronymus
3692 1220 3790 1275 ep.

2136 1288 2201 1341 10
2232 1304 2245 1343 :
2286 1307 2308 1335 ι
2343 1291 2467 1342 Νοιι
2502 1287 2710 1344 habuit
2740 1288 3058 1344 stridentes
3118 1289 3426 1361 calceolos,
3462 1308 3568 1347 nec
3619 1292 3794 1348 orbes

2131 1375 2306 1432 stibio
2326 1376 2689 1450 fuliginatos.
2718 1400 2746 1428 ››
2772 1378 3119 1450 Epist.27:«
3149 1378 3465 1451 Turpanda
3496 1386 3586 1437 est
3611 1380 3792 1438 facies

2131 1484 2308 1540 quam
2343 1485 2582 1525 cerussa
2613 1474 2669 1525 et
2698 1470 2874 1525 stibio
2906 1486 3058 1542 saepe
3088 1471 3345 1542 depinxi.
3381 1494 3408 1521 ››
3439 1477 3494 1527 S.
3526 1472 3790 1529 Joannes

2129 1556 2582 1628 Chrysostomus
2616 1559 2675 1613 in
2707 1563 2956 1615 tractatu
2991 1577 3024 1614 a
3056 1559 3224 1615 nobis
3256 1560 3490 1634 vulgato
3521 1562 3591 1617 de
3610 1562 3669 1618 S.
3691 1562 3785 1617 Jo-

2130 1646 2311 1718 sepho
2348 1664 2359 1702 :
2397 1644 2599 1701 Μέλανι
2628 1644 2754 1709 τοὺς
2788 1644 3110 1724 ὀφθαλμοὺς
3145 1649 3557 1727 ὑπογράφουσα,
3581 1673 3610 1701 ‹‹
3638 1668 3784 1707 ocu-

2128 1734 2216 1791 los
2250 1735 2421 1791 stibio
2454 1737 2751 1808 pingebat.
2788 1759 2809 1785 ι
2843 1736 3266 1809 Tertullianus,
3298 1740 3374 1795 De
3424 1740 3576 1795 cultu
3617 1742 3782 1812 femi-

2127 1841 2351 1895 narum,
2382 1842 2489 1898 cap
2532 1828 2605 1898 55:
2639 1847 2665 1879 α
2692 1832 2824 1893 Quae
2850 1842 3032 1898 genas
3064 1827 3276 1883 rubore
3307 1827 3626 1898 maculant,
3642 1846 3784 1886 ocuo

2128 1913 2215 1970 los
2249 1913 2495 1987 fuligine
2528 1913 2969 1970 circumlinunt.
3005 1936 3032 1965 ››
3066 1915 3272 1971 Pollux
3301 1914 3406 1973 lib.
3439 1935 3495 1989 ν,
3519 1935 3647 1991 cap.
3671 1919 3783 1975 l6:

2126 2002 2260 2063 Τοὺς
2314 2000 2637 2077 ὀφθαλμοὺς
2697 2002 3017 2081 ὑπογράφει,
3047 2002 3142 2067 τὰς
3203 2004 3370 2082 ὀφρῦς
3407 2003 3673 2079 μελαίνει,
3707 2007 3788 2070 εἷς

2125 2091 2389 2165 γραμμὰς
2421 2088 2770 2165 ἡμικυκλίων
2803 2093 3049 2168 περιάγει
3079 2100 3385 2170 γεωμετρεῖ
3412 2094 3539 2169 περὶ
3570 2094 3790 2151 ἐπισκύ-

2124 2182 2512 2238 vum-«Oculos
2526 2183 2734 2239 subtus
2759 2183 3789 2257 inﬁcit,superciliadenigrat,lineas

2126 2270 2597 2328 semicirculares
2646 2272 3057 2343 circumducit,
3090 2272 3341 2329 frontem
3395 2275 3718 2344 dimetitur,
3757 2300 3786 2327 ››

2124 2360 2211 2416 vel
2246 2361 2463 2431 potius,
2503 2385 2521 2409 -
2559 2360 2943 2433 geometriam
2977 2361 3036 2417 in
3085 2363 3420 2435 superciliis
3467 2370 3717 2421 exercet.
3753 2388 3783 2416 »

2195 2448 2314 2506 Col.
2345 2450 2471 2520 327,
2503 2451 2565 2504 A.
2595 2451 2649 2505 7.
2683 2449 2840 2520 Quod
2887 2456 3077 2509 autem
3126 2455 3369 2509 nemine.
3403 2454 3596 2511 Aliam
3647 2471 3785 2511 sen-

2122 2540 2366 2594 tentiam
2400 2539 2710 2595 exhibebat
2747 2540 2908 2597 edita
2937 2542 3149 2613 versio,
3185 2565 3213 2593 ‹‹
3241 2543 3299 2598 Si
3332 2544 3571 2616 quidem
3604 2561 3782 2602 nemo

2120 2628 2278 2683 videt
2307 2645 2491 2683 unum
2525 2627 2783 2700 aliquem
2807 2631 3056 2686 seorsim
3076 2635 3129 2688 et
3154 2632 3440 2703 privatam
3464 2633 3776 2704 degentem

2122 2718 2301 2773 vitam
2327 2724 2516 2774 vestes
2537 2717 2869 2775 luculentas
2892 2719 3296 2791 circumjicere
3319 2738 3425 2794 per
3442 2723 3618 2779 aedes.
3644 2723 3777 2780 Haec

2123 2808 2278 2864 enim
2312 2807 2614 2864 declarant
2643 2824 2943 2865 excessum
2971 2827 3229 2879 omnem,
3263 2828 3381 2883 quo
3412 2812 3540 2868 istas
3570 2813 3779 2870 abute-

2122 2896 2358 2953 bantur.
2387 2919 2415 2946 »
2438 2897 2597 2962 Quod
2620 2902 2818 2955 autem
2854 2903 3065 2955 attinet
3094 2900 3166 2955 ad
3198 2898 3300 2955 illa
3340 2903 3622 2958 Laconica
3657 2902 3778 2975 pel-

2122 2985 2341 3053 lucida,
2362 2986 2421 3042 S.
2448 2986 2841 3057 Hieronymus
2864 2986 2945 3044 ait
2967 2988 3047 3045 ita
3070 2989 3226 3045 LXX
3265 3007 3396 3046 esse
3425 2990 3776 3064 interpreta—

2120 3080 2234 3144 tos,
2256 3074 2514 3133 volentes
2535 3076 2915 3133 tenuissimas
2947 3078 3284 3150 significare
3313 3084 3529 3149 vestes,
3561 3080 3781 3152 quibus

2121 3165 2718 3236 Lacedaemoniorum,
2750 3166 2849 3238 qui
2884 3165 3123 3222 fuerunt
3154 3167 3225 3223 ad
3256 3167 3411 3224 bella
3459 3173 3780 3242 promptis-

361 3299 495 3338 vero
527 3298 662 3337 cum
696 3279 974 3336 cornibus
1004 3276 1314 3334 honestius
1364 3279 1647 3349 putarunt
1686 3272 1870 3328 Latini
1922 3272 2008 3327 in-

2124 3254 2277 3323 simi,
2313 3260 2371 3310 et
2403 3255 2745 3311 austerioris
2777 3255 2932 3322 vitae,
2966 3272 3209 3328 corpora
3256 3257 3645 3329 tegebantur;
3675 3259 3778 3317 alii

361 3374 644 3444 terpretes
696 3369 832 3437 dici,
868 3386 1044 3442 quam
1094 3367 1143 3424 si
1202 3367 1480 3433 dicerent,
1512 3382 1637 3422 cum
1689 3365 1873 3431 cirris,
1905 3363 2005 3436 qui

361 3461 506 3518 bene
536 3461 840 3533 dispositis
885 3463 1231 3516 ornamento
1270 3474 1399 3513 esse
1426 3454 1692 3512 vestibus
1722 3453 1932 3510 solent.
1977 3475 1997 3502 ι

356 3551 502 3606 Cum
535 3549 717 3622 igitur
735 3548 915 3604 Exodi
940 3564 1134 3612 xxvm,
1156 3546 1245 3615 35,
1280 3538 1548 3617 Αόσυμϐοι
1579 3533 1719 3601 sunt
1741 3542 1879 3599 nodi
1911 3546 2004 3598 tu-

357 3639 622 3695 nicarum
650 3654 719 3693 ex
748 3638 949 3710 bysso,
964 3636 1237 3692 videntur
1265 3634 1721 3708 appellationem
1754 3632 1907 3688 nacti
1937 3650 2004 3687 ex

355 3727 743 3782 similitudine
759 3727 1013 3782 cirorum
1034 3725 1122 3781 vel
1144 3725 1417 3791 crinium,
1442 3724 1540 3796 qui
1564 3728 1703 3780 sunt
1724 3722 1861 3777 nodi
1883 3722 2003 3777 sive

358 3832 543 3871 nexus
565 3814 909 3888 capillorum
934 3835 947 3881 ;
974 3820 1280 3886 propterea
1305 3830 1487 3868 nexus
1515 3811 1878 3867 ﬁmbriarum
1909 3811 2003 3865 hic

354 3905 829 3976 interpretamur.
864 3902 1042 3959 Paulo
1099 3906 1235 3975 post
1293 3895 1702 3975 ἒγκομϐώματα
1756 3902 2001 3973 κροσσῶν

356 3993 640 4049 vertimus
669 4016 697 4044 «
723 3998 997 4049 ornatum
1030 3991 1423 4057 ﬁmbriarum,
1452 4012 1479 4040 »
1520 3990 1674 4061 quod
1709 3989 1867 4044 dicat
1898 3989 2000 4045 Pe-

359 4088 506 4153 trus,
541 4081 800 4154 Epistola
849 4099 889 4146 I,
922 4082 977 4152 5,
1009 4072 1429 4153 ὶγκομϐώσασθε
1491 4077 1591 4144 τὴν
1646 4097 2001 4154 ταπεινοφρο-

355 4169 540 4240 σόνην,
564 4193 593 4221 ι(
627 4169 1017 4226 humilitatem
1054 4169 1370 4235 insinuata,
1395 4190 1422 4218 ››
1446 4166 1533 4223 vel
1566 4190 1594 4218 ‹‹
1626 4172 1810 4224 estote
1838 4167 2002 4225 intus

354 4259 687 4317 humilitate
711 4258 937 4316 ornati:
964 4281 991 4307 n
1016 4259 1169 4330 quod
1190 4262 1356 4313 vetus
1382 4257 1647 4313 Lexicum
1665 4250 2001 4330 ἐγκόμϐωμα

350 4355 603 4421 exponat
623 4345 818 4421 δεσμὸν
845 4350 952 4401 τῶν
983 4342 1264 4421 χειρίδων,
1303 4367 1325 4399 ι
1350 4362 1559 4402 nexum
1586 4347 1949 4403 manicarum
1969 4369 1999 4398 ››

352 4440 472 4495 sive
494 4440 680 4494 nodos
701 4438 1070 4493 ﬁmbriarum
1101 4434 1348 4491 manicis
1369 4440 1623 4491 assutos.
1642 4435 1750 4491 Alii
1773 4436 2004 4492 malunt

352 4523 773 4600 ὲγκωμϐώματα
793 4526 907 4582 dici
928 4525 1281 4581 vestimenta
1296 4526 1656 4597 qumdam,ut
1676 4524 1999 4598 Hesychius

2115 3345 2379 3400 referunt
2403 3345 2471 3400 ad
2506 3361 2799 3417 purpuras
2832 3345 3150 3401 Laconicas
3178 3346 3430 3403 nitentes
3475 3353 3533 3404 et
3581 3348 3779 3422 splen-

2115 3433 2341 3501 dentes,
2367 3435 2522 3506 quod
2557 3434 2868 3491 Laconicas
2898 3452 3191 3507 purpuras
3221 3452 3351 3493 esse
3401 3436 3767 3510 pretiosissi-

2115 3539 2243 3579 mas
2276 3524 2494 3579 scribat
2517 3522 2758 3594 Plinius,
2785 3524 2885 3581 lib.
2908 3542 3056 3580 xxxv
3097 3527 3326 3598 Histor.,
3360 3543 3487 3598 cap.
3517 3528 3571 3584 6.
3604 3527 3765 3585 Basi-

2112 3611 2228 3669 lius
2249 3616 2447 3668 tamen
2474 3618 2843 3669 [scaenarum
2862 3621 3054 3671 vestes
3076 3613 3398 3687 pellucidae
3423 3615 3601 3673 fuisse
3614 3617 3763 3688 vult,

2113 3701 2448 3772 cujusmodi
2468 3704 2704 3757 fuerunt
2724 3703 2847 3758 Coae
2869 3708 3060 3759 vestes
3083 3721 3116 3760 a
3146 3705 3333 3777 poetis
3362 3705 3588 3763 Latinis
3617 3705 3766 3763 cele-

2110 3789 2311 3846 bratae.
2345 3790 2639 3859 Tibullus,
2669 3791 2811 3863 eleg.
2845 3792 2899 3863 3,
2932 3792 3036 3849 lib.
3070 3809 3112 3847 II
3146 3808 3158 3848 :

2216 3890 2324 4017 [Illa
2355 3897 2511 4018 ρει-αι
2540 3894 2715 3947 vestes
2744 3897 2952 3959 tenues,
2983 3907 3117 3962 quas
3149 3891 3363 3963 femina
3393 3891 3499 3948 Coa

2269 3978 2400 4018 exui

2269 3978 2438 4018 exuit.
2452 4004 2465 4017 .
2478 4003 2490 4016 .
2502 4004 2515 4017 .
2526 4004 2540 4017 .

2113 4066 2169 4117 et
2199 4059 2497 4129 Horatius,
2529 4059 2629 4114 lib.
2664 4077 2704 4130 ι,
2736 4063 2935 4132 satyra
2960 4060 2997 4113 2
3029 4075 3041 4114 :

2217 4160 2408 4214 Altera
2436 4159 2522 4214 nil
2549 4158 2744 4228 obstat,
2778 4159 2900 4216 Cois
2928 4159 3035 4213 tibi
3055 4173 3199 4231 pene
3226 4159 3414 4217 videre
3440 4165 3525 4217 est

2222 4233 2286 4288 Ut
2312 4231 2645 4286 nudam.....

2110 4329 2465 4400 Propertius,
2498 4328 2598 4383 lib.
2632 4344 2693 4397 ιι,
2726 4327 2871 4401 eleg.
2906 4329 2931 4383 1
2971 4344 2984 4383 :

2216 4436 2341 4492 Sive
2372 4437 2508 4508 togis
2537 4436 2697 4491 illam
2725 4436 3032 4507 fulgentem
3061 4434 3309 4491 incidere
3337 4437 3478 4493 Cois.

2113 4542 2229 4599 Coa
2260 4542 2417 4597 enim
2446 4543 2628 4598 vestis
2660 4540 2991 4613 puellarum
3028 4541 3136 4597 fuit
3166 4541 3323 4597 fama
3352 4559 3466 4598 non
3512 4541 3773 4603 nimium

355 4609 635 4687 κόσυμϐον
669 4632 798 4672 esse
839 4615 983 4671 dicit
1030 4609 1365 4687 ἑγκόμϐωμα
1394 4612 1484 4667 καὶ
1514 4612 1802 4688 περίζωμα
1833 4611 2001 4686 Αἰγύ-

2124 4633 2287 4688 bona.
2310 4630 2559 4699 Plinius,
2585 4609 3084 4703 de-bombycibus,
3108 4629 3211 4685 lib.
3234 4647 3313 4701 ιιι,
3338 4647 3385 4685 c.
3410 4631 3518 4687 22:
3550 4654 3577 4685 ιι
3594 4632 3772 4690 Telas

355 4725 538 4773 πτιον,
561 4727 590 4756 ‹‹
623 4704 1060 4778 subligacnlum
1093 4703 1175 4760 vel
1209 4705 1489 4760 amictum
1518 4703 1874 4776 Egyptium.
1907 4726 1927 4753 υ

425 4813 572 4870 Ibid.
622 4813 712 4869 l3.
759 4815 919 4869 Alter
974 4811 1223 4883 quidam.
1276 4811 1335 4866 S.
1382 4810 1774 4882 Hieronymus
1823 4810 1879 4865 in
1943 4828 2003 4871 ιιι

357 4906 554 4959 Isaiae:
579 4924 604 4953 α
626 4903 757 4958 Haec
795 4902 993 4958 omnia
1021 4900 1156 4955 licet
1189 4899 1335 4954 LXX
1369 4899 1738 4971 interpretes,
1769 4900 2002 4973 Aquila,

353 4998 410 5047 et
430 4991 844 5065 Symmachus,
877 5007 943 5047 ac
971 4988 1294 5044 Theodotio
1328 4987 1571 5043 diversis
1605 4988 1796 5045 modis
1827 4989 2002 5046 inter-

357 5085 682 5151 pretentur,
707 5096 815 5135 nos
846 5084 910 5134 ut
936 5078 1261 5150 potuimus,
1293 5075 1378 5131 vel
1413 5076 1483 5132 de
1516 5077 1775 5146 Hebraeo,
1806 5078 1890 5135 vel
1933 5081 2003 5137 de

272 5201 287 5214 ι
355 5169 618 5238 ipsorum
649 5167 1034 5225 translatione
1083 5164 1397 5220 texuimus.
1432 5185 1456 5216 ι
1509 5166 1570 5221 In
1616 5171 1774 5221 textu
1824 5168 1999 5224 etiam

360 5256 672 5328 prophetae,
696 5274 871 5330 quem
898 5255 1156 5326 vulgavit
1185 5252 1564 5310 doctissimus
1594 5255 1766 5313 Joan.
1799 5259 2002 5314 Curte-

360 5347 482 5401 rius
500 5363 567 5402 ex
588 5347 987 5404 vetustissimo
1007 5343 1205 5400 codice
1219 5342 1317 5414 qui
1342 5359 1497 5397 nunc
1510 5348 1597 5401 est
1618 5344 2006 5402 illustrissimi

361 5435 677 5492 cardinalis
702 5432 1124 5509 Rupifucaldii,
1149 5435 1468 5488 annotatur
1507 5433 1562 5488 in
1608 5436 1870 5507 margine
1900 5453 2003 5507 pro

367 5520 685 5597 μηνίσκους,
744 5524 992 5591 lunulas,
1027 5519 1447 5596 Symmachum
1504 5522 1760 5580 edidisse
1815 5521 2002 5597 μανιά-

358 5616 751 5685 κας,1ονι]ιιε.ς,
800 5620 857 5669 et
913 5628 1017 5684 pro
1071 5608 1137 5663 τὰ
1189 5608 1485 5682 καοὲματα,
1540 5614 1796 5681 monilia,
1829 5612 2004 5686 χαλα-

363 5699 478 5771 στά,
536 5703 837 5757 catenulas.
895 5700 1042 5756 Nam
1102 5703 1159 5754 et
1214 5699 1296 5753 ita
1353 5699 1603 5771 legimus
1656 5703 1808 5773 apud
1870 5702 2005 5758 LXX

2117 4737 2463 4778 araneorum
2495 4720 2667 4776 modo
2698 4724 2922 4785 texunt,
2957 4719 3028 4775 ad
3055 4722 3277 4775 vestem
3308 4718 3632 4794 laxumque
3680 4723 3733 4779 fe
3753 4756 3774 4766 -

2115 4812 2435 4868 minarum.
2461 4810 2657 4865 Prima
2681 4824 2780 4864 eas
2805 4807 3088 4863 redordiri
3112 4824 3434 4880 rursusque
3462 4814 3656 4867 texere
3678 4812 3773 4869 in-

2112 4900 2272 4957 venit
2297 4900 2355 4954 in
2385 4898 2497 4953 Ceo
2527 4898 2615 4953 vel
2648 4897 2746 4964 Co,
2780 4896 2993 4953 mulier
3021 4896 3365 4970 Pamphyla,
3401 4903 3466 4954 ut
3506 4900 3773 4959 denudet

2112 4990 2362 5047 feminas
2390 4987 2589 5043 vestis.
2617 5009 2645 5037 ››
2680 4985 2946 5043 Clemens
2979 4984 3401 5043 Alexandrinus
3421 4987 3543 5045 haec
3573 4989 3644 5046 de
3665 5008 3772 5048 ve-

2114 5080 2261 5136 stitu
2316 5079 2713 5145 Lacrimarum,
2746 5075 2850 5131 lib.
2884 5092 2925 5131 ιι
2954 5076 3276 5147 Ρέειιαροθί,
3309 5092 3438 5150 cap.
3480 5078 3550 5134 40
3581 5096 3594 5135 :
3628 5075 3772 5134 Οὑδὶ

2112 5166 2215 5242 γὰρ
2272 5164 2404 5237 ὑπὲρ
2463 5163 2595 5239 γόνυ
2651 5164 2890 5237 καθάπερ
2945 5163 3042 5224 τὰς
3120 5162 3389 5229 Λακαίνας
3456 5163 3773 5233 ἐπολίσθαι

2113 5252 2306 5309 καλόν·
2342 5249 2494 5307 οὐδὲν
2528 5254 2631 5329 γὰρ
2667 5252 2832 5327 μέρος
2865 5253 3046 5307 ὁτιοῦν
3105 5249 3544 5327 ἀπογυμνοῦσθαι
3585 5278 3769 5330 γυναι-

2114 5344 2207 5404 κὸς
2239 5340 2523 5416 εὐπρεπὲς.
2563 5343 2814 5415 «Neque
2837 5343 2995 5399 enim
3028 5341 3181 5398 sicut
3214 5343 3480 5401 Lacaznas
3510 5347 3773 5420 virgines

2115 5450 2295 5505 supra
2316 5449 2467 5505 genu
2500 5433 2697 5488 vestiri
2730 5432 3047 5489 honestum
3074 5448 3086 5487 :
3116 5430 3341 5490 nullam
3358 5435 3512 5491 enim
3536 5442 3772 5508 partem

2114 5523 2343 5580 feminae
2363 5523 2571 5578 nudari
2596 5524 2871 5578 decorum
2891 5525 3001 5577 est.
3034 5542 3064 5572 »
3088 5525 3360 5579 Lacaenas
3380 5523 3557 5581 etiam
3580 5546 3774 5601 φαινο-

2116 5609 2345 5688 μηρίδας
2372 5613 2688 5685 appellavit
2710 5613 2942 5685 Ibycus,
2967 5611 3120 5683 quod
3153 5610 3387 5669 incessu
3411 5631 3583 5672 coxas
3614 5623 3774 5676 rete-

2114 5706 2340 5778 gerent,
2360 5710 2413 5759 et
2435 5698 2816 5777 ἀνδρομανεῖς,
2844 5700 3015 5775 quasi
3046 5701 3259 5759 insano
3290 5702 3350 5761 in
3381 5704 3536 5763 viros
3566 5723 3774 5768 amore
