4176 6382
350 343 503 405 1097

1554 331 1632 392 ΙΝ
1678 329 2089 392 COMMENT.
2137 329 2212 388 IN
2257 327 2559 390 ISAIAM.

3617 326 3774 393 1098

350 475 629 533 ardentes
660 472 818 545 apud
849 468 1230 527 Plutarchum
1259 466 1371 524 sub
1405 465 1581 521 ﬁnem
1617 463 1752 520 Vitae
1782 467 2005 520 Numae.
2037 465 2086 533 Α
2120 459 2297 517 dubio
2329 460 2638 534 scripsisse
2687 460 2974 518 Basilium
3028 458 3325 516 κατάκλιτα
3376 461 3600 518 indicat
3644 463 3779 533 ipsa

422 582 540 638 Col.
574 582 672 636 321
723 580 786 635 B.
813 579 902 634 10.
935 583 1200 649 Purpura
1227 592 1352 647 pro.
1386 573 1515 628 Haec
1544 575 1608 626 ut
1635 574 1829 625 Graece
1859 570 2012 627 desi-

358 673 723 729 derabantur
752 669 811 724 in
835 668 1015 740 Regio
1042 667 1103 724 F.
1128 669 1186 722 et
1211 680 1281 720 ex
1301 663 1369 719 H.
1394 663 1437 719 Ι.
1471 664 1529 718 et
1557 659 1727 732 Angl.
1744 657 2016 731 suppleta

356 767 518 830 sunt,
545 761 626 816 ita
657 774 860 816 eorum
891 753 1297 828 interpretatio
1329 752 1532 808 Latina
1575 750 1752 806 textui
1783 754 1874 804 est
1905 747 2014 803 ad-

357 853 579 917 dita,ut
609 853 862 920 quatuor
890 846 1316 902 elementorum
1349 843 1539 914 ﬁgura
1569 839 1826 912 perfecta
1845 837 1905 892 in
1927 853 2014 892 ve-

356 942 502 998 stitu
559 935 906 994 sacerdotali
946 936 1273 1006 appareret,
1308 946 1485 1003 quam
1544 928 1720 984 etiam
1779 925 2016 997 exponit

357 1031 420 1087 S.
459 1028 852 1100 Hieronymus
884 1025 1056 1096 epist.
1093 1022 1197 1078 128
1233 1039 1246 1077 :
1279 1042 1308 1072 α
1343 1020 1603 1082 Quatuor
1660 1015 1883 1072 colores
1941 1014 2014 1069 ad

355 1125 612 1192 quatuor
641 1115 933 1172 elementa
967 1114 1323 1178 referuntur,
1356 1126 1426 1164 ex
1474 1108 1692 1180 quibus
1742 1104 2016 1160 universa

353 1207 709 1264 subsistunt.
740 1205 962 1275 Byssus
994 1207 1158 1256 terrae
1190 1199 1528 1270 deputatur;
1563 1194 1700 1266 quia
1731 1211 1800 1249 ex
1858 1198 2016 1248 terra

352 1297 637 1369 gignitur.
661 1294 932 1364 Purpura
953 1289 1122 1356 mari,
1147 1287 1290 1360 quia
1309 1303 1377 1342 ex
1397 1286 1525 1357 ejus
1555 1281 1868 1339 cochleolis
1913 1281 2016 1336 tin-

352 1382 894 1459 gitur;hyacinthus
907 1377 1296 1450 aeri,propter
1308 1374 1520 1430 coloris
1534 1371 2014 1441 similitudinem;

355 1491 565 1531 coccus
597 1471 715 1543 igni
747 1475 804 1526 et
833 1468 1056 1538 aetheri,
1089 1466 1188 1536 qui
1221 1464 1503 1520 Hebraice
1532 1473 1638 1522 ms
1678 1477 1773 1516 aen
1813 1459 2014 1532 appel-

355 1565 547 1620 latur:
583 1562 893 1632 etjustum
945 1573 1074 1612 esse
1124 1564 1610 1618 commemorant,
1648 1559 1707 1605 ut
1754 1550 2017 1621 pontifex

355 1651 643 1711 Creatoris
676 1665 791 1705 non
825 1647 1018 1703 solum
1051 1661 1153 1717 pro
1197 1641 1402 1710 Israel,
1435 1642 1537 1696 sed
1589 1657 1691 1712 pro
1740 1639 2013 1696 universo

359 1743 578 1798 mundo
602 1735 1253 1811 roget.»’1‘heodoretus,
1271 1733 1342 1787 de
1365 1730 1723 1803 tegminibus
1744 1728 2014 1784 taberna-

2122 550 2497 624 etymologia,
2522 569 2691 622 qaam
2727 552 2912 618 ati‘crt,
2937 552 3092 622 quod
3125 551 3334 608 toralia
3364 553 3776 624 designentur,

2125 642 2244 696 sive
2274 644 2521 712 tapetes,
2549 641 2766 712 quibus
2789 640 2923 697 lecti
2969 659 3082 696 non
3125 640 3341 696 lectica:
3372 640 3780 697 insterneban-

2123 736 2240 797 tur,
2302 747 2436 786 cum
2498 731 2987 802 discumberetur,
3045 737 3108 787 ut
3165 733 3319 804 apud
3372 730 3713 802 Virgilium,
3761 748 3778 786 ι

2124 819 2319 874 ΑΕηϐίά
2328 863 2339 874 .
2374 837 2393 875 .’

2235 908 2642 980 .....Stratoque
2671 926 2834 980 super
2863 909 3231 965 discumbitur
3260 914 3427 968 ostro.

2124 1009 2216 1064 Sic
2248 1009 2403 1079 apud
2435 1007 2888 1076 Tertullianum,
2923 1009 2997 1063 lle
3023 1011 3218 1080 pallio,
3251 1027 3380 1082 cap.
3413 1011 3466 1080 3,
3499 1009 3781 1082 intelligit

2125 1097 2419 1152 Pamelius
2450 1096 2594 1152 illud
2648 1098 2718 1152 de
2755 1114 2974 1168 pavone
3007 1116 3020 1156 :
3055 1122 3083 1148 «
3129 1099 3471 1170 Quanquam
3525 1104 3582 1156 et
3630 1116 3778 1172 pavo

2125 1187 2329 1258 pluma
2357 1187 2557 1257 vestis,
2591 1194 2647 1242 et
2687 1187 2926 1258 quidem
2977 1189 3048 1243 de
3102 1189 3410 1257 cataclitis,
3447 1189 3566 1245 imo
3616 1189 3780 1244 omni

2127 1276 2429 1348 conchylio
2460 1277 2815 1348 depressior,
2843 1298 2870 1325 »
2896 1276 2952 1330 id
2987 1283 3096 1345 est,
3121 1279 3192 1332 de
3221 1279 3528 1346 accubitis,
3561 1279 3780 1349 quibus

2127 1366 2198 1420 ad
2233 1366 2594 1421 accumbend
2608 1383 2704 1420 um
2730 1371 3064 1432 utebantur,
3090 1369 3323 1422 tametsi
3346 1367 3557 1424 Suidas
3573 1385 3688 1423 non
3703 1373 3783 1423 to-

2127 1455 2295 1520 ralia,
2327 1455 2426 1510 sed
2461 1452 2670 1521 κλίνας,
2722 1453 2926 1520 lectos,
2975 1472 3103 1511 esse
3157 1455 3283 1512 vult
3336 1455 3402 1509 τὰ
3457 1455 3778 1511 κατάκλίτα.

2127 1545 2234 1600 Sed
2273 1561 2376 1600 nec
2410 1543 2495 1598 illi
2529 1544 2974 1600 assentiendum
3008 1551 3170 1615 puto,
3204 1561 3308 1601 nec
3341 1546 3472 1602 aliis
3503 1548 3605 1618 qui
3634 1545 3783 1620 παρᾶ

2122 1634 2184 1686 τὸ
2231 1631 2585 1700 κατακλύζειν
2643 1633 2943 1689 deducunt
2975 1633 3118 1689 illud
3158 1656 3186 1685 «
3237 1634 3546 1707 eataclitis,
3584 1659 3604 1685 ι
3643 1651 3777 1690 cum

2123 1722 2503 1780 scribendum
2538 1722 2732 1793 potius
2781 1723 3008 1789 fuisset,
3042 1724 3112 1779 de
3154 1723 3493 1796 cataclystis
3527 1741 3540 1779 ε
3575 1741 3777 1780 verum

356 1831 473 1888 culi
515 1845 718 1902 agens,
745 1824 1038 1898 quaest.60
1063 1824 1122 1878 in
1143 1822 1405 1878 Exodum
1434 1837 1456 1874 .·
1483 1819 1581 1871 Τὸν
1618 1813 1675 1870 δὲ
1702 1811 1901 1893 ὄροφον
1937 1816 2010 1870 εἴ·
2043 1844 2090 1908 Β
2123 1812 2342 1884 Optime
2374 1811 2696 1884 conjecisse
2727 1811 3132 1868 doctissimum
3175 1813 3546 1868 Theodorum
3575 1814 3779 1869 Marci-

354 1939 456 1995 χον
505 1917 554 1990 ἐξ
603 1915 930 1992 ὑφασμάτων
981 1908 1253 1964 ποικίλων
1301 1906 1361 1962 ἐκ
1406 1903 1680 1983 διαφόρων
1723 1924 2012 1959 κατεσκευ-

356 1993 585 2080 ασμένον
615 2002 952 2080 χρωμάτων,
993 1998 1081 2053 καὶ
1112 2002 1280 2052 ταῦτα
1311 1993 1369 2050 δὲ
1413 2001 1520 2050 τῶν
1553 1997 1827 2070 τεσσάρων
1862 2014 2012 2047 στοι-

356 2095 524 2172 χείων
557 2095 622 2162 ἦν
655 2092 722 2147 τὰ
752 2090 1070 2164 αἰνίγματα.
1105 2088 1165 2144 Ὀ
1202 2087 1296 2160 μὶν
1327 2086 1427 2160 γὰρ
1449 2084 1714 2172 Δὑάκινθος
1760 2088 1840 2155 τῷ
1888 2081 2011 2172 ἀάρι

355 2168 663 2262 προσέοικε·
695 2181 757 2236 τὸ
803 2177 861 2234 δὲ
893 2174 1164 2254 ῥοόοειδὶς
1199 2177 1233 2246 ἢ
1266 2168 1604 2250 κοκκοϐαφὶς
1640 2177 1720 2245 τῷ
1769 2173 1923 2248 πυρὶ,
1950 2171 2013 2226 τὸ

358 2273 416 2330 δὲ
447 2269 778 2347 ἀλουργικὸν
815 2267 1009 2342 μηνύει
1039 2267 1136 2334 τήν
1189 2261 1485 2319 θάλατταν·
1523 2262 1697 2332 ἐκείνη
1737 2261 1839 2337 γὰρ
1892 2261 2012 2336 cpt-

359 2385 446 2442 φει
475 2364 574 2432 τήν
607 2357 843 2434 κόχλον,
879 2357 930 2428 ἐξ
958 2357 1018 2410 οὗ
1047 2356 1109 2410 τὸ
1165 2357 1412 2410 τοιοῦτον
1457 2351 1659 2427 γίνεται
1705 2356 1935 2427 χρῶμαο
1976 2353 2011 2420 ἡ

361 2440 418 2509 δὲ
452 2452 650 2529 βύσσος
686 2449 783 2517 τὴν
843 2454 968 2523 γῆν·
1003 2444 1061 2499 ἐκ
1107 2443 1307 2514 ταύτης
1354 2442 1453 2518 γὰρ
1503 2441 1723 2520 φύεσθαι
1778 2440 2010 2516 λέγεται.

366 2570 384 2594 σ
423 2542 797 2616 Tegebantur
826 2537 1002 2593 variis
1034 2534 1283 2592 texturis
1314 2534 1560 2589 diVersis
1595 2532 1790 2588 tinctis
1808 2531 2015 2588 colori-

361 2636 495 2701 bus,
525 2633 626 2704 qui
657 2627 895 2701 quidem
925 2631 1177 2698 quatuor
1207 2622 1495 2680 elementa
1535 2622 2012 2678 subindicabant.

360 2724 506 2780 Nam
532 2718 885 2793 hyacinthus
903 2716 975 2772 ad
999 2719 1274 2770 naturam
1295 2713 1447 2797 aeris
1470 2711 1722 2780 accedit;
1741 2726 2015 2768 rosaceus

359 2818 556 2871 autem
587 2808 768 2875 color,
801 2822 904 2862 seu
938 2820 1107 2861 cocco
1139 2804 1384 2868 tinctus,
1418 2802 1490 2857 ad
1525 2805 1798 2857 naturam
1828 2799 2011 2872 ignis;

359 2914 696 2975 purpureus
727 2899 923 2951 autem
949 2909 1110 2948 mare
1132 2891 1470 2958 denotabat,
1493 2889 1549 2945 in
1583 2907 1698 2962 quo
1722 2889 2016 2946 euutritur

356 2990 602 3056 concha,
620 2986 775 3043 unde
790 2983 949 3041 color
969 2981 1263 3054 ejusmodi
1279 2979 1556 3048 sumitur;
1580 2980 1792 3051 byssus
1813 2983 2012 3033 autem

358 3086 574 3136 terram
594 3074 903 3141 referebat,
928 3071 1085 3127 unde
1108 3068 1272 3126 nasci
1293 3069 1530 3124 dicitur.
1559 3067 1892 3140 iiJosephus
1920 3068 2014 3122 de-

361 3185 547 3236 mum,
573 3166 676 3222 lib.
696 3182 779 3231 Ill,
803 3179 929 3234 cap.
959 3163 1013 3232 8,
1037 3159 1307 3233 Antiquit.
1338 3176 1356 3213 .°
1386 3158 1462 3210 Τά
1489 3176 1547 3211 τε
1577 3155 1680 3232 γὰρ
1724 3156 1901 3233 φάρση
1955 3153 2014 3210 ἐκ

364 3218 892 3236 “”“’··-1““”---ίι*νι
997 3218 1013 3232 ι
1176 3218 1192 3233 .
1591 3218 1661 3232 ..
1737 3218 1809 3233 ,,
1891 3218 1901 3226 .

364 3255 635 3332 τεσσάρων
671 3251 965 3331 ὑφανθέντα
991 3251 1089 3319 τὴν
1130 3252 1237 3302 τῶν
1283 3245 1568 3322 στοιχείων
1623 3244 1778 3320 φύσιν
1829 3241 2014 3316 δηλοῖ.
2050 3218 2094 3285 C

366 3347 442 3403 ’Ἡ
471 3329 657 3419 ’τι-γὰρ
693 3329 888 3418 βύσσος
916 3341 1016 3409 τὴν
1042 3341 1140 3414 γῆν
1184 3335 1576 3408 ἀποσημαίνειν
1623 3329 1790 3408 ἔοικε,
1824 3332 1914 3388 διὰ
1961 3334 2023 3388 τὸ

375 3435 427 3506 ἒξ
457 3434 626 3503 αὐτῆς
673 3431 935 3495 ἀνιᾶσθαι
981 3429 1071 3483 τὸν
1125 3426 1296 3482 λίνον·
1330 3425 1365 3494 ἥ
1397 3446 1455 3480 τε
1497 3423 1750 3502 πορφύρα
1802 3425 1900 3493 τήν
1932 3422 2024 3477 θά-

375 3522 598 3596 λασσαν,
630 3525 708 3594 τῷ
741 3517 1090 3598 πεφοινῖχθαι
1121 3522 1221 3587 τῆς
1279 3513 1491 3590 κόχλου
1539 3518 1617 3587 τῷ
1669 3512 1878 3587 αἵματιο
1929 3513 2022 3566 τὸν

370 3610 427 3668 δὲ
458 3611 588 3686 άὲρα
625 3597 880 3684 βούλεται
915 3603 1118 3676 δηλοῦν
1153 3606 1187 3674 ἡ
1225 3601 1644 3673 ὑάκινθος,καὶὸ
1677 3601 1853 3679 φοίνιξ
1884 3597 1930 3654 δ’
1959 3599 2024 3654 αὗ

364 3702 664 3774 τεκμήριον
696 3694 794 3751 τοῦ
825 3695 1020 3768 πυρός.
1060 3716 1087 3745 ι(
1116 3693 1261 3749 Vela
1293 3709 1529 3766 quoque
1561 3710 1590 3749 e
1621 3697 1875 3764 quatuor
1929 3709 2024 3746 co-

366 3791 592 3848 loribus
625 3788 897 3842 contexta
927 3783 1357 3838 elementorum
1381 3788 1654 3838 naturam
1689 3783 2022 3852 designant.

365 3881 511 3938 Nam
542 3879 757 3950 byssus
780 3877 996 3929 terram
1019 3870 1234 3925 referre
1255 3870 1507 3938 videtur,
1540 3886 1608 3926 ex
1639 3887 1758 3941 qua
1785 3870 1892 3925 lini
1916 3870 2026 3924 hoc

372 3984 561 4045 genus
585 3962 890 4040 provenit;
924 3975 1186 4033 purpura
1215 3973 1350 4013 vero
1374 3974 1553 4029 mare,
1588 3974 1654 4012 eo
1686 3959 1842 4029 quod
1884 3974 2023 4012 con-

376 4057 551 4132 chylii
574 4069 781 4112 cruore
801 4052 877 4108 sit
903 4052 1128 4116 fucata;
1154 4063 1345 4103 aerem
1375 4063 1510 4102 vero
1547 4046 1902 4119 hyacinthus
1934 4063 2024 4101 re-

378 4150 729 4222 praesentare
757 4142 1007 4207 videtur,
1039 4138 1194 4196 sicut
1223 4136 1510 4210 puniceus
1558 4135 1716 4192 color
1745 4137 1960 4208 ignem.
1999 4158 2020 4185 ι

376 4237 578 4294 Merito
611 4233 793 4308 igitur
811 4231 1076 4287 ordinem
1100 4227 1424 4284 dictionum
1446 4227 1902 4282 interturbatum
1935 4242 2024 4280 re-

377 4325 702 4394 stituimus,
730 4337 864 4376 cum
890 4323 1064 4375 antea
1082 4317 1166 4374 sic
1188 4333 1465 4390 expressa
1485 4321 1682 4373 essent
1701 4316 1834 4387 ista,
1858 4315 2026 4388 quasi

381 4414 658 4471 mulieres
689 4414 890 4467 essent
912 4409 1130 4464 indutae
1162 4405 1701 4478 vestimentis,quae
1724 4407 1848 4462 suis
1879 4404 2030 4460 colo-

379 4506 544 4562 ribus
567 4503 858 4558 elementa
880 4500 1388 4570 repraesentarent,
1415 4495 1515 4550 sed
1539 4500 1594 4551 et
1614 4497 1672 4550 in
1695 4496 1906 4550 Grecis
1929 4495 2028 4550 ad-

2122 1902 2268 1957 lium
2299 1901 2393 1957 hic
2413 1901 2872 1969 emendandum,
2889 1903 2958 1958 de
2981 1902 3327 1972 cataelistis,
3343 1921 3411 1959 ex
3431 1903 3776 1974 Fortunato,

2123 1991 2224 2046 lib.
2259 1993 2330 2047 De
2364 1992 2550 2047 vitas.
2575 1990 2823 2057 Martini,

2232 2081 2488 2153 (lg/cladis
2517 2086 2611 2137 aut
2643 2082 2823 2153 qualis
2853 2081 3155 2137 cataclistis
3187 2082 3363 2154 effera.
3390 2082 3557 2152 vasis,

2127 2182 2184 2234 et
2215 2177 2366 2236 libro
2396 2196 2472 2248 1v,

2234 2279 2369 2347 Qum
2397 2296 2598 2335 manus
2628 2279 2859 2349 artiﬁcis
2886 2280 3230 2336 cataclistica
3259 2281 3355 2350 ﬁla
3385 2281 3635 2347 rotavit;

2125 2382 2182 2432 et
2227 2393 2295 2432 ex
2349 2377 2614 2449 Apuleio,
2649 2378 2752 2433 lib.
2786 2395 2867 2444 xi,
2893 2400 2921 2428 «
2957 2379 3065 2433 Eas
3124 2395 3393 2434 amcenus
3450 2377 3780 2433 lectissimas

2118 2466 2447 2535 juventutis
2495 2471 2654 2521 veste
2705 2467 2874 2522 nivea
2929 2473 2986 2522 et
3043 2467 3346 2523 cataclista
3397 2469 3654 2523 renitens
3685 2482 3778 2522 se-

2126 2555 2417 2626 quebatur
2473 2556 2732 2623 chorus;
2783 2578 2811 2606 »
2873 2573 2988 2612 non
3041 2563 3235 2612 autem
3295 2573 3361 2612 ex
3420 2556 3778 2612 Tertulliano

2124 2642 2532 2711 corrigendum
2605 2643 2939 2714 Apuleium,
2999 2651 3062 2698 ut
3120 2644 3345 2699 volebat
3409 2644 3499 2700 Jo.
3559 2645 3778 2700 Merce-

2126 2730 2250 2784 rius
2305 2731 2359 2786 J.
2407 2736 2489 2797 C.,
2541 2747 2676 2786 cum
2725 2731 2885 2786 illam
2936 2733 3408 2788 emendationem
3469 2733 3778 2788 conﬁrmet

2127 2819 2250 2875 haec
2296 2819 2466 2876 lectio
2527 2821 2708 2875 Graeci
2764 2825 2958 2876 textus
3007 2822 3167 2889 LXX,
3226 2822 3327 2877 ubi
3379 2821 3628 2897 θέριστρα
3675 2841 3775 2875 κα-

2123 2903 2416 2962 τάκλειστα
2475 2910 2754 2965 dicuntur
2814 2932 2841 2959 «
2903 2909 3141 2981 palliola
3197 2910 3418 2979 clausa,
3464 2933 3492 2960 »
3547 2917 3604 2966 et
3660 2911 3776 2966 alia

2122 2998 2539 3066 Senecas,lib,1
2573 2999 2646 3054 De
2676 2999 2988 3070 tranquill.,
3027 3003 3082 3052 et
3119 2999 3414 3054 Ammiani
3455 2998 3778 3055 Marcellini

2122 3085 2269 3156 loca,
2302 3104 2371 3142 ex
2399 3087 2616 3157 quibus
2667 3092 2897 3143 constat
2944 3089 3345 3143 commendari
3398 3089 3778 3160 potissimum

2133 3181 2342 3246 vestes,
2367 3193 2493 3248 quae
2527 3193 2595 3231 ex
2627 3176 2842 3232 arculis
2875 3176 3257 3248 proferuntur
3288 3193 3501 3250 pressas
3536 3178 3784 3249 penden-

2137 3265 2296 3321 tibus
2333 3270 2396 3321 ut
2425 3267 2615 3337 magis
2647 3265 3000 3337 splendeant
3031 3283 3043 3320 :
3074 3283 3264 3338 neque
3285 3266 3455 3323 facile
3482 3283 3788 3323 occurrere

2135 3356 2324 3427 possit
2346 3361 2568 3421 auctor,
2592 3357 2693 3426 qui
2724 3363 2914 3411 vestes
2938 3355 3241 3412 cataclitas
3276 3357 3456 3422 dicat,
3479 3358 3580 3412 sed
3626 3362 3790 3413 cata-

2135 3443 2272 3500 clita
2297 3447 2525 3500 tantum
2549 3443 2760 3500 toralia
2780 3449 3082 3500 vocantur.
3108 3446 3170 3500 In
3202 3451 3362 3501 textu
3385 3445 3562 3502 etiam
3594 3445 3788 3502 Graeco

2136 3550 2168 3588 a
2189 3533 2450 3589 Curterio
2472 3533 2626 3589 edito
2661 3551 2775 3589 non
2811 3530 3110 3587 κατάκλιτχ
3139 3535 3391 3606 legimus
3422 3536 3576 3607 apud
3611 3538 3784 3606 LXX,

2136 3623 2240 3678 sed
2261 3619 2644 3680 κατάκλειστα.
2671 3624 2748 3678 Ex
2768 3624 3005 3678 Hebraeo
3029 3640 3144 3679 non
3178 3629 3370 3696 potest
3401 3624 3624 3696 liquere
3657 3632 3786 3680 utra

2135 3730 2242 3770 vox
2265 3713 2342 3768 sit
2364 3714 2575 3786 aptior,
2600 3715 2757 3786 quod
2781 3713 2890 3769 hoc
2922 3713 3186 3768 additum
3229 3715 3306 3770 sit
3333 3715 3569 3770 Hebraeo
3598 3714 3782 3770 textui

2137 3819 2172 3858 a
2205 3803 2363 3871 LXX,
2398 3808 2462 3859 ut
2518 3821 2584 3859 ex
2640 3810 2696 3858 Β.
2757 3803 3107 3876 Hieronymo
3150 3809 3398 3873 constat,
3454 3804 3554 3876 qui
3611 3805 3789 3860 habet

2134 3897 2366 3949 tantum
2401 3917 2429 3946 ιι
2464 3899 2522 3950 et
2549 3893 2865 3950 theristra:
2903 3916 2931 3943 ››
2964 3911 3144 3965 quam
3167 3894 3239 3949 ob
3272 3910 3512 3950 causam
3535 3895 3790 3950 Basilius

2136 3981 2216 4037 ait
2239 3981 2333 4036 hic
2355 3981 2523 4038 obelo
2555 3988 2818 4038 notatam
2852 3982 3015 4039 illam
3065 3982 3404 4051 dictionem,
3440 3985 3511 4040 ab
3561 3984 3792 4056 Aquila,

2134 4070 2488 4141 Symmacho
2520 4076 2574 4126 et
2605 4071 2850 4142 reliquis
2881 4072 3190 4140 omissam,
3211 4077 3276 4128 ut
3301 4077 3508 4128 caetera
3527 4073 3797 4144 obeloju-

2137 4156 2495 4230 gulabantur
2525 4157 2585 4214 in
2614 4159 2872 4215 editione
2904 4160 3195 4231 Origenis,
3231 4177 3358 4232 quas
3390 4161 3626 4217 Hebraeo
3667 4164 3797 4217 fue-

2138 4253 2269 4303 rant
2298 4249 2691 4317 addita,sicut
2711 4252 2884 4303 antea
2906 4248 2966 4302 in
3005 4247 3149 4304 illud
3176 4249 3468 4306 Genescos
3493 4251 3796 4306 annotavi-

2138 4355 2293 4409 mus,
2309 4361 2336 4388 ‹‹
2353 4337 2421 4392 Et
2442 4341 2794 4409 congregata
2815 4341 2906 4392 est
2928 4351 3104 4408 aqua,
3129 4358 3156 4386 ››
3180 4336 3385 4393 homil.
3401 4341 3505 4394 [εἰη
3523 4345 3794 4396 Hexaem.

2211 4427 2328 4482 Col.
2387 4429 2493 4482 330
2548 4431 2590 4480 Β
2647 4428 2701 4480 8.
2749 4429 2815 4481 Ει
2871 4427 3182 4482 incensum.
3234 4427 3544 4499 Scriptura
3600 4429 3796 4484 locum

2141 4516 2606 4588 designavimus,
2639 4515 2695 4569 in
2729 4531 2844 4586 quo
2876 4515 2942 4570 ﬁt
2980 4516 3196 4570 mentio
3247 4515 3358 4572 olei
3409 4519 3707 4575 unctionis
3740 4523 3797 4575 et

381 4596 498 4651 huc
520 4610 589 4649 οι
611 4591 752 4681 Reg;
777 4586 1277 4681 H-corrisenfdum
1304 4589 1470 4681 εεξθί
1493 4589 1676 4681 “Helio
1697 4584 2034 4681 ΑῐῖὲῙιδξοῖα
2064 4591 2112 4656 D
2143 4584 2546 4679 thymiamatis
2587 4584 3053 4677 compositionis,
3089 4607 3246 4677 quod
3297 4606 3549 4680 Vulgata
3605 4632 3632 4659 α
3667 4609 3797 4681 thy-

385 4681 578 4738 ἐκεῖνοι
606 4672 883 4752 σύμϐολα,
912 4700 938 4726 ‹‹
973 4675 1214 4748 indutae,
1249 4674 1446 4748 qualia
1483 4679 1651 4731 erant
1697 4692 1783 4745 ea,
1819 4675 2034 4747 quibus

387 4771 723 4830 sacerdotes
755 4766 965 4823 induti.
1000 4785 1026 4817 ι

2146 4696 2366 4752 miama
2397 4699 2725 4751 aromatum
2762 4716 2789 4743 »
2822 4698 3006 4750 vocat.
3040 4699 3220 4751 Porro
3271 4713 3406 4752 cum
3454 4697 3549 4753 hic
3578 4697 3798 4769 aliquid

2146 4787 2350 4842 deesse
2409 4785 2796 4840 arbitraretur
2851 4783 3166 4856 interpres,
3209 4786 3502 4856 adjecerat
3577 4788 3802 4859 aliquot

456 4878 604 4937 Ibid.
668 4876 753 4931 14.
822 4873 1187 4931 Accabitcria.
1247 4871 1606 4944 Scripsimus
1677 4873 2036 4943 accubitoria,
2145 4877 2342 4943 verba,
2371 4879 2428 4931 et
2461 4891 2636 4930 unam
2660 4874 2964 4946 periodum
2993 4873 3216 4930 induas
3239 4875 3518 4932 diviserat
3550 4894 3562 4932 :
3600 4901 3627 4927 ιι
3662 4878 3800 4933 For-

385 4975 443 5028 et
497 4967 557 5023 in
615 4964 832 5022 Graecis
887 4958 1083 5015 aurata)
1104 4980 1207 5027 ιτα,
1240 4961 1397 5032 quod
1455 4961 1514 5016 in
1564 4978 1692 5018 eam
1726 4961 2036 5018 lectionem

387 5054 760 5116 consentiant
783 5053 896 5109 duo
920 5050 1087 5122 Regii
1112 5051 1170 5105 F.
1203 5049 1271 5106 Η.
1306 5055 1362 5106 et
1392 5051 1434 5106 l.
1467 5067 1601 5107 cum
1632 5051 1907 5124 Anglicis.
1943 5053 2038 5106 In-

2147 4968 2304 5022 tasse
2353 4965 2511 5020 enim
2562 4968 2877 5036 postquam
2926 4962 2987 5018 in
3037 4965 3257 5035 templo
3322 4981 3450 5021 esse
3497 4971 3803 5038 coeperunt

2150 5053 2510 5126 voluptuosa:
2543 5053 2877 5124 fragrantia
2907 5053 3291 5117 odores,tunc
3324 5060 3692 5126 unguentum
3713 5074 3805 5112 sa-

387 5154 612 5219 terpres
641 5148 836 5199 tamen
868 5139 1149 5212 quoniam
1185 5139 1243 5194 in
1284 5138 1492 5196 Bibliis
1553 5140 1939 5197 Plantinianis
1987 5145 2044 5196 ct
2152 5161 2260 5199 CI‘ZB
2294 5142 2590 5198 unctionis
2621 5149 2677 5197 et
2711 5141 3036 5213 thymiama
3065 5144 3509 5214 compositionis
3539 5163 3666 5202 esse
3697 5148 3802 5203 de-

395 5232 765 5293 Germanicis
796 5229 951 5303 apud
981 5227 1328 5301 prophetam
1361 5228 1573 5301 legitur
1602 5229 1851 5304 θὲριστρα
1880 5226 2042 5283 κατά-

394 5321 640 5391 κλειστα,
671 5324 948 5389 verterat,
973 5341 1000 5369 ‹‹
1046 5317 1327 5374 theristra
1374 5317 1594 5375 clausa.
1629 5343 1656 5369 ›ι
1690 5320 1759 5374 Et
1801 5336 1933 5375 vero
1984 5319 2044 5374 in

391 5413 756 5488 quibusdam
789 5410 971 5466 etiam
1004 5407 1202 5464 Basilii
1236 5407 1672 5480 exemplaribus
1703 5409 1785 5464 ita
1817 5408 1923 5480 legi
1946 5410 2046 5465 ad-

393 5501 702 5563 monetvir
724 5497 1108 5555 doctissimus
1141 5496 1464 5554 Flaminius
1509 5498 1777 5554 Nobilius
1823 5499 1882 5553 in
1937 5498 2051 5554 edi-

391 5595 553 5651 tione
577 5592 836 5647 Bomana
853 5587 1539 5658 LXX,quemadmodum
1573 5592 1629 5643 et
1663 5589 1717 5642 in
1753 5588 2052 5645 nonnullis

394 5683 559 5742 Isaia:
609 5678 904 5754 prepbetc:
956 5675 1125 5732 libris
1185 5676 1398 5732 GI‘iBOlS
1435 5696 1446 5733 :
1483 5683 1881 5734 verumtamen
1928 5678 2054 5736 sine

702 5807 972 5869 Parata.
1017 5802 1135 5867 GR.
1185 5803 1373 5865 XXX.

2154 5234 2402 5288 sierunt.
2438 5235 2500 5287 In
2534 5236 2749 5286 terram
2782 5231 2938 5284 enim
2980 5231 3312 5302 disjectum.
3346 5255 3374 5283 ››

2228 5321 2346 5377 Col.
2379 5323 2477 5376 331
2527 5325 2566 5376 Ο
2603 5320 2656 5376 3.
2703 5325 2840 5376 Ante
2884 5321 3125 5375 virilem.
3178 5323 3468 5394 lnterpres
3523 5324 3804 5394 ediderat,

2161 5434 2187 5461 ‹‹
2223 5410 2453 5482 przeripi
2486 5416 2669 5465 morte
2713 5413 2847 5464 ante
2897 5425 3243 5465 messoriam
3301 5412 3549 5469 falcem:
3595 5438 3614 5464 ιι
3651 5418 3807 5486 quod

2162 5500 2344 5572 ἀκμήν
2379 5516 2493 5554 non
2526 5498 3030 5568 animadverterit,
3057 5517 3170 5555 non
3217 5501 3408 5556 solum
3465 5504 3647 5560 aciem
3692 5507 3813 5560 sive

2164 5590 2469 5662 cuspidem
2504 5604 2730 5658 sonare,
2765 5589 2864 5643 sed
2897 5587 3073 5643 etiam
3107 5590 3207 5656 τήν
3256 5589 3502 5664 νεότητα,
3535 5595 3812 5665 juventu-

2170 5688 2313 5750 tem,
2347 5686 2401 5737 et
2449 5676 2500 5731 ἐν
2548 5676 2698 5750 ἀκμῇ
2749 5678 2872 5735 sive
2916 5674 3041 5741 τοὺς
3086 5677 3446 5754 ἀκμάζοντας,
3498 5689 3663 5740 (etate
3706 5683 3811 5739 ﬁo-

3414 5807 3488 5869 35
