4176 6376
347 332 504 395 1099

1540 332 1773 392 NOTJE
1817 329 2263 391 FRONTONIS
2308 330 2565 391 DUCAEI

3612 327 3772 388 “00

342 467 559 533 rentes,
589 459 718 525 τοὺς
747 458 798 515 ἐν
831 463 900 535 τῇ
954 458 1148 531 ἡλικίᾳ
1179 458 1562 532 καθεστηκυίᾳ,
1593 467 1655 518 ut
1697 463 1852 518 infra
1903 467 1992 517 Βι.

2121 459 2415 535 ὑπόσχεσις
2465 461 2554 517 vel
2610 457 2942 534 ἐπαγγελία·
2977 476 3110 516 cum
3163 459 3397 533 proprie
3426 460 3503 515 sit
3533 476 3771 532 posses-

343 555 515 612 silius
545 553 709 622 dixit,
745 551 796 605 οἱ
827 549 878 604 ἐν
912 546 1106 621 ἡλικίᾳ
1136 550 1353 618 πάντες,
1391 575 1412 601 α
1447 551 1543 623 qui
1577 553 1910 608 consistunt.
1939 553 1998 606 in

345 644 534 701 astatis
563 643 826 715 vigore.»
853 643 965 698 Sed
995 645 1050 696 et
1082 641 1250 696 illica
1285 646 1478 696 mente
1511 643 1768 698 auctoris
1790 642 2006 697 disces-

345 733 444 801 sit,
501 733 816 789 emendato
867 729 1061 786 codice
1113 730 1434 786 destitutus
1477 737 1535 786 et
1564 736 1818 798 vertens,
1858 753 1884 781 ‹‹
1945 736 2009 786 ut

347 822 499 878 nulli
533 821 665 878 usui
699 836 1018 892 occupasse
1049 819 1362 874 videantur
1403 837 1524 876 sure
1579 822 1759 876 robur
1799 820 2006 885 aetatis,

351 917 625 970 autcerte
647 910 785 982 quia
813 909 1031 965 auxilio
1063 909 1332 964 destituti
1367 909 1501 980 sinl,
1537 927 1651 966 non
1686 911 2005 965 admodum

351 999 620 1059 difﬁciles
652 1001 721 1055 ad
755 997 1058 1055 toleranda
1085 998 1282 1053 omnia
1317 1017 1330 1067 ;
1366 1019 1392 1050 »
1424 1016 1625 1054 verum
1661 1016 1727 1055 ex
1759 999 1934 1070 Regio
1953 1002 2010 1053 et

350 1092 390 1146 Ι.
427 1089 854 1145 restituendum
888 1091 977 1143 est
1007 1084 1040 1154 ἢ
1078 1083 1164 1140 διὰ
1195 1086 1256 1140 τὸ
1285 1080 1618 1156 ἀϐοήθητος.

417 1178 537 1233 Col.
569 1179 676 1233 334
725 1177 764 1232 C
809 1177 863 1233 3.
925 1183 992 1234 Ει
1045 1178 1379 1232 molestiam.
1440 1178 1549 1232 Pro
1609 1176 1786 1251 ἀγῶνα
1839 1175 2006 1229 αὐτοῦ

345 1271 656 1325 annotarat
684 1266 936 1322 Tilman.
963 1283 1026 1322 se
1073 1265 1266 1337 legere
1307 1265 1546 1339 ἀγωνίαν
1600 1266 1828 1337 ἑαυτῶν,
1862 1267 2002 1321 seri-

344 1361 660 1430 pseratque
692 1378 722 1407 «
754 1355 921 1426 proin
946 1354 1092 1411 velle
1121 1372 1184 1410 se
1214 1355 1404 1412 levare
1436 1360 1492 1410 et
1519 1355 1811 1412 consolari
1835 1371 2002 1410 suam

343 1445 649 1502 orbitatem
682 1445 891 1500 dicunt
919 1444 1095 1500 simul
1129 1444 1328 1516 plures
1363 1461 1374 1498 :
1417 1468 1436 1494 »
1475 1462 1580 1501 nos
1614 1450 1815 1501 contra
1864 1462 2004 1501 con-

341 1551 586 1591 sensum
640 1535 909 1590 omnium
942 1535 1210 1590 codicum
1235 1533 1381 1588 nihil
1409 1537 1463 1587 in
1486 1534 1700 1590 Graecis
1724 1535 2002 1589 immuta-

344 1625 558 1692 vimus,
592 1624 693 1679 sed
726 1623 784 1678 in
817 1622 1060 1690 Latinis,
1094 1627 1159 1677 ut
1184 1627 1242 1678 et
1273 1621 1448 1694 paulo
1480 1627 1613 1694 post
1658 1629 1868 1696 χρῆσον
1915 1641 2002 1679 re-

344 1713 656 1782 tinuimus,
679 1727 869 1783 neque
899 1728 1031 1766 cum
1063 1711 1166 1767 illo
1198 1712 1559 1768 correximus
1597 1711 1886 1780 κεκλήσθω
1926 1709 2004 1788 ἐφ’

345 1804 514 1874 ἡμᾶς)
553 1826 573 1852 (ί

347 1892 518 1950 nobis
549 1906 784 1958 nomen,
818 1898 882 1945 ut
907 1889 1175 1946 dicamur
1205 1906 1415 1946 uxores
1448 1890 1584 1946 talis
1613 1890 1739 1945 viri.
1777 1913 1797 1940 ι

415 1998 534 2055 Col.
588 1998 695 2052 335
744 1997 784 2052 Ο
837 1998 923 2052 11.
959 1997 1092 2053 Cum
1135 2000 1289 2053 enim
1316 2000 1568 2069 propria.
1605 2001 1742 2064 Quae
1781 1998 1996 2053 fuerint

346 2106 380 2144 a
409 2087 580 2144 nobis
610 2091 902 2159 expuncta
934 2103 1047 2142 non
1082 2089 1618 2158 cxprimemus,sed
1647 2092 1704 2143 et
1735 2087 1829 2142 hic
1857 2091 1912 2142 et
1936 2087 1994 2140 in

347 2179 478 2234 aliis
510 2177 692 2248 hujus
721 2176 1133 2232 commentarii
1165 2175 1329 2247 locis,
1365 2194 1490 2248 qua:
1535 2178 1848 2232 immutata
1878 2177 1998 2232 sint

343 2267 428 2324 vel
457 2267 788 2336 emendata,
823 2265 1095 2338 pluribus
1123 2283 1235 2322 non
1289 2281 1672 2338 exponemus,
1707 2281 1779 2321 ne
1818 2265 1996 2338 proli-

339 2344 531 2414 xiores
553 2356 673 2412 sint
689 2355 776 2411 hae
798 2359 970 2422 notis,
990 2359 1343 2427 tantumque
1366 2356 1550 2428 digito
1584 2355 1744 2412 velut
1775 2355 1999 2411 intento

343 2445 744 2502 indicabimus
778 2461 876 2500 eas
908 2446 1250 2515 sententias,
1285 2462 1414 2516 quae
1447 2461 1579 2501 cum
1616 2445 1746 2500 aliis
1777 2444 1998 2501 collatae.

339 2532 876 2605 editionibus,quid
900 2531 957 2588 in
978 2533 1085 2588 hac
1101 2533 1540 2590 Graeco-Latina
1568 2535 1644 2590 sit
1670 2534 1994 2605 praestitum

338 2624 539 2681 lectori
561 2622 829 2679 studioso
853 2622 1296 2693 signiﬁcabunt.
1323 2623 1545 2694 Pagina
1563 2624 1830 2695 sequenti
1854 2623 1996 2679 scri-

341 2714 572 2786 psimus
592 2708 819 2786 κρίσεως
852 2709 1034 2784 ἡμέρα
1066 2728 1168 2781 pro
1184 2709 1412 2771 κτίσεως
1445 2728 1512 2766 ex
1547 2714 1606 2767 F.
1641 2713 1708 2767 Η.
1735 2717 1794 2767 et
1824 2712 1997 2784 paulo

341 2805 478 2874 post
507 2797 722 2874 λεῖμμα
755 2817 859 2873 pro
891 2796 1114 2871 λῆμμα·
1147 2800 1294 2856 illud
1325 2799 1441 2854 κατ’
1473 2797 1710 2875 ἐκλογὴν
1744 2801 1993 2875 χάριτος,

341 2891 641 2949 secundum
673 2890 993 2947 electionem
1041 2891 1259 2962 gratiae,
1293 2894 1381 2947 est
1429 2891 1501 2946 ad
1549 2891 1796 2948 Roman.
1830 2908 1908 2962 χι,
1939 2892 1994 2948 5.

409 2998 531 3055 Col.
567 2998 675 3052 342
704 2999 750 3053 Α
777 2999 833 3052 2.
867 2997 1102 3067 Quando
1133 2998 1324 3068 igitur.
1358 2996 1650 3054 Omiserat
1697 2997 1793 3053 hic
1842 2997 1994 3054 inte-

344 3103 511 3162 gram
541 3087 761 3142 lineam
793 3085 972 3142 Graeci
1002 3089 1194 3141 textus
1225 3085 1534 3158 interpres,
1565 3103 1740 3158 quam
1774 3090 1832 3143 et
1882 3087 1994 3143 Re-

337 3177 468 3250 gius
490 3173 822 3247 F.exhibet,
842 3178 899 3231 et
920 3190 1130 3229 novam
1157 3173 1463 3246 periodum
1485 3174 1791 3231 inchoaret
1821 3176 1994 3232 verba

334 3265 440 3322 illa
485 3269 739 3330 vertens,
771 3262 860 3316 καὶ
912 3263 940 3316 ὁ
985 3260 1152 3337 λόγος
1197 3261 1513 3332 αἰνίσσεται,
1549 3287 1577 3315 ‹‹
1613 3265 1762 3330 Quin
1814 3266 1991 3322 etiam

337 3355 515 3411 tacite
575 3352 771 3408 innuit
825 3352 976 3409 duas
1035 3368 1165 3408 esse
1223 3353 1449 3425 species
1495 3354 1892 3426 baptismatis,
1925 3373 1996 3412 ne

337 3442 574 3516 quando
588 3443 658 3499 ad
675 3441 1002 3498 ternionem
1018 3458 1205 3514 usque
1219 3442 1628 3515 progrediatur
1641 3444 1995 3516 baptisma.»

336 3539 510 3589 Porro
572 3531 740 3601 illud,
776 3532 989 3603 πνεῦμα
1045 3528 1310 3603 καύσεως,
1337 3533 1601 3604 spiritum
1647 3533 1890 3602 ardoris,
1927 3535 1996 3592 de

337 3622 636 3694 baptismo
668 3620 846 3677 etiam
879 3621 1120 3693 exponit
1150 3619 1398 3693 Cyrillus
1447 3621 1878 3678 Alexandrinus
1936 3623 1994 3678 in

343 3711 825 3768 Commentario:
860 3709 1115 3771 Καύσεως
1171 3707 1228 3764 δὲ
1276 3708 1488 3782 πνεῦμά
1541 3730 1711 3788 φαμεν
1756 3713 1855 3780 τὴν
1909 3710 1997 3765 ἐπὶ

344 3803 442 3854 τοῦ
498 3798 652 3876 ἁγίου
709 3796 1028 3870 Πνιύματος
1087 3796 1248 3872 χάριν
1307 3797 1368 3852 οὐ
1419 3795 1548 3873 δίχα
1605 3797 1907 3873 πνεύματος
1941 3799 1992 3854 ἐν

346 3893 482 3962 ἡμῖν
513 3888 825 3965 γινομένην.
865 3911 892 3938 ‹‹
945 3889 1182 3944 Ardoris
1239 3903 1372 3944 vero
1416 3889 1692 3961 Spiritum
1743 3890 1994 3947 dicimus

343 3980 594 4052 gratiam
627 3979 688 4034 in
721 3983 1095 4034 sacrosancto
1128 3978 1444 4051 baptismo,
1480 3995 1595 4034 non
1624 3979 1846 4052 absque
1885 3982 1998 4053 spi-

341 4070 457 4126 ritu
488 4069 658 4126 nobis
689 4069 1113 4141 ingeneratarn.
1148 4089 1177 4117 »

405 4159 528 4217 Col.
587 4161 692 4216 346
735 4163 773 4215 C
825 4159 874 4214 1.
927 4161 991 4215 Et
1057 4158 1206 4214 male
1267 4160 1636 4230 obsequentes.
1683 4159 1808 4215 Non
1868 4160 1992 4215 ani-

337 4250 654 4307 madvertit
683 4248 980 4322 Evangelii
1035 4247 1393 4320 et’apostoli
1441 4247 1604 4304 Pauli
1653 4249 1846 4305 verbis
1905 4251 1991 4306 uti

335 4340 618 4397 Basiliam
653 4338 965 4410 interpres,
991 4360 1019 4387 «
1046 4337 1301 4410 maligne
1324 4338 1718 4410 obsequentes
1736 4344 1992 4396 attentos

332 4431 636 4500 reddebat,
670 4449 698 4478 »
750 4431 828 4498 et,
869 4449 899 4477 «
947 4427 1284 4484 lameniatio
1343 4437 1464 4484 erat
1520 4429 1988 4501 impaenitentem

2117 553 2205 607 sio
2241 569 2252 607 :
2288 551 2438 607 Psal.
2475 569 2534 619 ll,
2565 552 2600 606 8
2632 567 2644 606 :
2679 550 2848 604 Δώσω
2907 569 2991 603 σοι
3052 546 3177 618 ἔθνη
3234 549 3334 615 τήν
3391 546 3769 623 κληρονομίαν

2118 659 2254 706 σου,
2317 639 2406 692 καὶ
2486 639 2586 707 τήν
2665 637 2990 712 κατάσχεσίν
3067 657 3162 691 σου
3249 637 3315 691 τὰ
3382 638 3588 713 πέρατα
3668 643 3768 706 τῆς

2117 729 2242 802 γῆς·
2277 729 2421 784 Dabo
2472 730 2574 783 tibi
2618 737 2805 797 gentes
2855 729 3231 785 hazreditatem
3268 732 3442 797 tuam,
3475 737 3528 784 ct
3552 745 3769 800 posses-

2115 821 2325 874 sionem
2356 827 2505 874 tuam
2533 820 2797 874 terminos
2836 826 3002 875 terrae
3029 837 3050 872 .·
3081 822 3138 873 et
3164 818 3319 872 idem
3368 818 3608 874 verbum
3656 823 3767 873 He-

2119 908 2339 962 braeum
2370 904 2720 981 κληρονομία
2749 907 2998 963 vertitur
3029 908 3080 961 ll
3129 905 3486 978 Paralipom.
3527 925 3684 973 xxxr,
3714 910 3764 963 1.

2189 1013 2308 1070 Col.
2341 1015 2446 1068 356
2477 1022 2520 1068 A
2572 1015 2626 1069 8.
2662 1013 3131 1086 Quandoquidem.
3168 1015 3296 1069 llaec
3343 1030 3578 1086 quoque
3626 1031 3772 1086 prae-

2119 1105 2393 1158 termissa
2447 1104 2680 1159 fuerant
2729 1104 2801 1159 ab
2854 1104 3190 1175 antiquaria
3236 1120 3336 1159 seu
3370 1103 3630 1170 librario,
3665 1106 3765 1177 qui

2118 1193 2360 1263 Regium
2399 1193 2458 1248 F.
2492 1193 2790 1265 exeripsit,
2825 1193 3103 1248 restituta
3133 1210 3200 1248 cx
3231 1191 3412 1248 altero
3472 1193 3651 1264 Regio
3707 1195 3772 1248 ll.

2116 1287 2173 1336 et
2200 1281 2476 1352 Anglicis,
2501 1299 2632 1336 cum
2666 1283 2936 1338 versione
2968 1298 3113 1338 sua:
3157 1297 3328 1355 porro
3357 1282 3502 1337 illud
3537 1280 3590 1336 ἐν
3620 1282 3769 1356 χειρῖ

2121 1369 2339 1442 μεσίτου
2372 1377 2459 1425 cst
2489 1389 2556 1426 ex
2587 1371 2772 1443 Epist.
2809 1372 2879 1426 ad
2927 1371 3113 1427 Galat.
3165 1388 3248 1435 ιιι,
3294 1372 3380 1427 19.
3434 1372 3514 1428 De
3560 1373 3768 1444 angelo

2116 1461 2359 1516 custode
2395 1460 2716 1532 unicuique
2765 1461 3048 1516 attribute
3096 1461 3320 1516 dictum
3358 1465 3448 1516 est
3491 1461 3655 1532 alibi,
3707 1463 3766 1518 in

2117 1549 2412 1622 psalmum
2455 1567 2658 1619 XXXIII,
2691 1552 2725 1604 3
2759 1569 2771 1606 :
2805 1551 3043 1606 Immitet
3063 1552 3321 1623 angelus,
3349 1551 3437 1606 vel
3467 1555 3767 1608 castrame-

2115 1640 2349 1694 tabitur.

2185 1729 2301 1783 Col.
2353 1730 2459 1784 362
2519 1731 2556 1785 Β
2607 1734 2656 1784 1.
2710 1735 2829 1787 Νοη
2882 1735 2962 1785 est
3016 1731 3183 1785 enim.
3246 1731 3433 1785 Locus
3473 1734 3562 1785 est
3611 1730 3769 1786 Jere-

625 1801 928 1857 invocetur
978 1817 1157 1872 super
1204 1818 1332 1856 nos.
1381 1824 1401 1850 η
1439 1802 1585 1871 Imo,
1614 1824 1640 1850 ‹‹
1692 1803 1992 1856 commoda

2114 1818 2243 1872 mia:
2297 1836 2412 1884 XIV,
2461 1819 2703 1885 222Μὴ
2764 1815 2904 1872 ἔστιν
2967 1816 3018 1872 ἐν
3081 1815 3334 1878 εἶδώλοις
3393 1815 3560 1881 ἐθνῶν
3626 1818 3768 1872 ὑετί-

2117 1911 2260 1975 ζων;
2315 1907 2416 1963 Καὶ
2476 1907 2521 1961 εί
2581 1907 2608 1960 ὁ
2651 1907 2882 1980 οὐρανὸς
2947 1904 3105 1962 δώσει
3173 1905 3504 1979 πλησμονὴν
3579 1907 3766 1974 αὐτοῦ,

2115 1995 2241 2070 οὐχί
2274 1995 2335 2049 σὺ
2368 1995 2559 2065 αὐτός;
2605 1999 2873 2069 Nunquid
2921 2002 2996 2053 est
3043 2001 3102 2052 in
3151 1998 3316 2053 idolis
3370 2000 3640 2069 gentium,
3672 2001 3771 2069 qui

2110 2087 2302 2158 pluet?
2323 2087 2472 2154 Quod
2500 2089 2550 2141 si
2577 2088 2771 2142 crtum
2803 2087 2955 2143 dabit
2999 2089 3319 2143 satietatem
3367 2104 3547 2158 suam,
3582 2104 3768 2144 nonne

2113 2186 2172 2232 tu
2203 2193 2258 2231 es
2284 2178 2434 2247 ipse?
2463 2177 2616 2232 Alter
2645 2183 2865 2244 autem,
2899 2179 2962 2233 Et
2990 2179 3186 2250 pluam
3234 2194 3401 2249 super
3443 2194 3637 2248 unam,
3673 2178 3765 2232 ni-

2112 2265 2193 2320 hil
2227 2265 2517 2338 discrepat
2542 2283 2574 2321 a
2604 2267 2795 2322 verbis
2825 2269 3002 2322 Amos
3036 2285 3110 2336 1v,
3142 2269 3196 2321 7.
3229 2266 3464 2322 Tertius
3521 2268 3760 2323 demum

2111 2363 2200 2411 est
2231 2355 2544 2410 Ezechielis
2577 2373 2653 2422 IV,
2685 2357 2738 2422 6,
2776 2356 3039 2411 nonnihil
3083 2357 3351 2411 diversus
3385 2372 3398 2410 :
3432 2355 3554 2411 illic
3601 2357 3760 2412 enim

2112 2446 2282 2501 estin
2317 2445 2523 2500 Bibliis
2557 2446 2976 2502 Basiliensibus
3008 2450 3064 2501 et
3102 2447 3258 2518 apud
3308 2445 3762 2518 Polychronium

2113 2535 2376 2606 atquein
2411 2535 3118 2606 manuscriptis,quornm
3143 2534 3415 2590 meminit
3436 2534 3764 2592 Flaminius

2110 2623 2411 2678 Nobilius:
2439 2622 2536 2676 Καὶ
2569 2621 2673 2696 ἐγὼ
2707 2619 2915 2676 δέδωκά
2946 2643 3029 2676 σοι
3055 2622 3150 2683 τὰς
3181 2620 3277 2676 δύο
3326 2618 3535 2684 ἀδικίας
3585 2622 3760 2677 αὐτῶν

2110 2710 2186 2772 εἷς
2260 2709 2492 2784 ἀριθμὸν
2563 2713 2788 2784 ἡμερῶν
2862 2709 3210 2781 ἐννενήκοντα
3283 2711 3372 2764 ναὶ
3447 2712 3760 2786 τριακοσίας

2107 2800 2341 2874 ἡμέρας·
2367 2823 2394 2851 ‹‹
2421 2801 2489 2856 Et
2510 2817 2616 2873 ego
2642 2802 2772 2856 dedi
2795 2801 2903 2856 tibi
2945 2802 3093 2858 duas
3123 2801 3466 2873 iniquitates
3496 2801 3757 2873 ipsorum

2107 2890 2167 2946 in
2199 2906 2514 2947 numerum
2545 2891 2770 2946 dierum
2809 2891 3130 2962 nonaginta
3149 2891 3371 2947 scilicet
3391 2895 3448 2946 et
3468 2895 3757 2947 trecentos

2107 2981 2253 3036 dies.
2287 3002 2315 3030 »
2350 2985 2406 3037 S.
2442 2980 2836 3053 Hieronymus
2863 2981 2923 3036 in
2954 2997 3088 3036 eum
3138 2980 3333 3037 locum
3384 2985 3634 3037 testatur
3675 2981 3756 3036 ita

2107 3071 2266 3126 LXX
2297 3069 2578 3138 edidisse;
2610 3071 2870 3142 itemque
2903 3070 3199 3141 Aquilam,
3232 3071 3652 3142 Symmachum
3701 3080 3759 3126 et

2106 3159 2590 3231 Theodotionem,
2637 3158 2775 3216 licet
2819 3161 3059 3233 vulgata
3105 3158 3464 3232 exemplaria
3497 3157 3754 3216 centum

2025 3219 2068 3288 (ἶ
2110 3249 2433 3322 nonaginta
2463 3219 2649 3306 annos
2680 3219 2980 3306 habeant”:
3013 3254 3070 3306 at
3122 3219 3400 3319 Basilius,
3435 3267 3538 3322 pro
3580 3267 3757 3307 nona-

2108 3338 2272 3411 ginta
2299 3342 2356 3395 et
2385 3343 2698 3408 trecentos,
2731 3339 2896 3409 dixit,
2930 3361 2952 3391 (ι
2988 3339 3312 3411 nonaginta
3337 3344 3476 3395 tres.
3515 3362 3542 3389 ››

2178 3445 2298 3502 Col.
2357 3446 2462 3500 366
2515 3451 2558 3499 Β
2615 3448 2668 3500 7.
2729 3447 2793 3501 Ει
2849 3446 3042 3502 oculus
3092 3446 3409 3503 inexhaust.
3462 3447 3756 3518 Interpres

2108 3535 2443 3605 scripserat,
2461 3551 2676 3604 «quam
2701 3534 2749 3590 si
2780 3534 3078 3591 deﬁnieris
3107 3539 3301 3590 tecum
3337 3535 3482 3590 nihil
3513 3537 3753 3591 omnino

2109 3623 2430 3694 possidere.
2468 3645 2495 3671 η
2524 3625 2596 3678 At
2625 3621 2994 3695 συνορίζεσθαι
3025 3641 3140 3680 non
3189 3629 3279 3680 est
3325 3623 3420 3680 hic
3457 3646 3482 3678 α
3511 3624 3756 3680 deﬁnire

2107 3713 2261 3784 apud
2298 3728 2379 3781 se,
2409 3735 2435 3763 »
2469 3729 2670 3768 verum
2700 3733 2727 3766 ι
2762 3714 3014 3769 conﬁnio
3035 3713 3230 3786 jungi.
3263 3737 3291 3764 »
3324 3714 3504 3771 Paulo
3534 3719 3665 3787 post
3696 3714 3755 3770 in

2110 3819 2219 3857 ms.
2256 3805 2310 3858 Ρ.
2348 3818 2651 3874 perperam
2686 3803 2970 3875 scriptum
3006 3804 3114 3859 fuit
3143 3801 3204 3856 οὐ
3235 3799 3424 3876 λήψει,
3459 3804 3612 3859 unde
3643 3804 3757 3859 Til-

2109 3907 2362 3948 manuus
2391 3897 2666 3962 verterat,
2707 3913 2726 3942 α
2760 3894 2886 3966 ipse
2918 3897 3110 3950 autem
3145 3893 3289 3948 nihil
3319 3894 3557 3950 omnino
3579 3893 3682 3949 abs
3701 3899 3755 3949 te

2109 3982 2386 4053 accipiet:
2415 4004 2441 4030 »
2489 3986 2549 4037 at
2589 3982 2774 4038 multo
2824 3982 3042 4038 rectius
3074 3981 3131 4037 in
3165 3981 3232 4038 Η.
3269 3988 3326 4038 et
3355 3986 3420 4038 A.
3457 3981 3517 4035 οὐ
3552 3979 3748 4055 λείψει,

2105 4093 2134 4120 ‹‹
2170 4088 2283 4126 non
2319 4071 2566 4127 deﬁciet.
2596 4093 2623 4122 »

2175 4159 2294 4216 Col.
2329 4161 2427 4215 371
2465 4164 2502 4216 A
2537 4162 2620 4216 10.
2653 4163 2821 4218 Juxta
2853 4163 3052 4236 igitur.
3088 4161 3213 4217 Non
3269 4165 3335 4217 ut
3381 4165 3552 4218 antea
3605 4165 3750 4228 erat,

2106 4250 2329 4320 «juxta
2358 4250 2540 4323 igitur
2560 4252 2922 4322 parcemiam,
2957 4274 2984 4301 »
3019 4268 3090 4308 ne
3120 4253 3255 4324 quis
3287 4252 3599 4325 profanum
3624 4268 3753 4307 esse

2101 4343 2268 4409 putet
2293 4339 2601 4412 adagium:
2627 4346 2716 4396 est
2736 4340 2890 4396 enim
2913 4341 3064 4414 apud
3088 4340 3485 4408 Salomonem,
3510 4346 3754 4397 Prover-

2101 4428 2250 4484 bior.
2309 4446 2472 4497 x3111,
2531 4430 2593 4484 31
2654 4446 2667 4485 :
2841 4430 2945 4504 γὰρ
3004 4428 3079 4490 εἷς
3132 4430 3227 4491 τὰς
3289 4427 3488 4508 φιάλας
3541 4428 3630 4484 καὶ
3687 4429 3755 4484 τὰ

331 4519 650 4576 conﬁciens
707 4531 953 4572 mcerore
1017 4533 1083 4572 ac
1133 4516 1376 4574 tristitia
1405 4519 1478 4573 ad
1514 4517 1830 4575 salutem.»
1868 4522 1989 4576 Imo

2113 4518 2338 4591 ποτήρια
2411 4513 2517 4590 δῷς
2584 4516 2712 4580 τοὺς
2787 4518 3104 4597 ὀφθαλμούς
3180 4540 3296 4574 σου.
3355 4521 3417 4576 Si
3475 4523 3623 4576 enim
3693 4522 3754 4576 in

329 4605 750 4682 ἀμεταμέλητον
815 4604 1087 4682 σωτηρίαν
1148 4606 1314 4674 dieit,
1359 4624 1473 4664 non
1531 4607 1829 4664 hominem
1874 4609 1984 4665 im-

2113 4607 2317 4663 ihialas
2368 4613 2421 4664 et
2460 4609 2663 4680 pocula
2712 4596 2936 4665 dederis
2985 4611 3166 4665 oculos
3215 4617 3348 4666 tuos.
3396 4612 3556 4676 Quod
3618 4626 3752 4666 vero

325 4697 726 4772 poenitentem,
763 4696 865 4752 sed
927 4696 1174 4752 salutem
1232 4695 1659 4768 ἀμετακίνητον·
1695 4698 1780 4755 vel
1831 4705 1985 4755 certe

330 4788 616 4861 μετάνοιαν
679 4783 1102 4858 ἀμεταμέλητον
1179 4786 1323 4842 dixit
1379 4787 1716 4859 Apostolus,
1781 4789 1829 4843 ΙΙ
1886 4792 1984 4844 Co-

321 4879 505 4934 rinth.
537 4895 640 4948 vn,
677 4880 762 4945 10,
794 4878 1197 4947 paenitentiam,
1231 4878 1388 4945 cuius
1417 4893 1515 4933 nos
1551 4893 1664 4933 non
1696 4880 1980 4947 pamiteat,

322 4974 388 5024 ut
411 4969 561 5025 dona
590 4967 688 5023 Dei
722 4967 1007 5022 dicuntur
1056 4962 1468 5038 ἀμεταμέλητα,
1504 4966 1749 5022 Roman.
1805 4985 1844 5034 ι,
1888 4969 1978 5036 29,

321 5063 496 5130 atque
527 5059 610 5114 ita
637 5057 871 5112 videtur
931 5056 1227 5127 accepisse
1275 5057 1333 5112 S.
1376 5055 1634 5112 Joannes
1680 5056 1975 5129 Chrysost.

319 5147 522 5204 homil.
580 5147 694 5202 15:
742 5141 940 5206 Οὐδεὶς
999 5145 1189 5198 ἑαυτοῦ
1247 5143 1670 5219 καταγνώσεται,
1728 5143 1814 5198 ἐὰν
1873 5143 1974 5200 λυ-

316 5235 470 5308 πηθῇ
521 5233 602 5313 ἐφ’
663 5234 921 5309 ἁμαρτίᾳ,
980 5234 1066 5289 ἐὰν
1127 5236 1392 5307 πενοησῃ,
1450 5233 1541 5288 καὶ
1605 5234 1790 5289 ἑαυτὸν
1853 5257 1974 5291 συν-

313 5324 503 5399 τρίψῃ·
541 5325 801 5396 «Neque
843 5326 1000 5381 enim
1045 5326 1358 5397 quisquam
1414 5342 1681 5396 unquam
1737 5327 1848 5382 sibi
1907 5345 1973 5384 eo

315 5415 553 5471 nomine
593 5415 985 5482 succensebit,
1007 5415 1163 5487 quod
1197 5416 1268 5470 ob
1301 5420 1540 5486 peccata
1571 5431 1698 5471 sese
1729 5433 1974 5474 mazrore

312 5503 604 5573 alﬁixerit,
631 5509 806 5575 atque
848 5504 1172 5561 obtriverit.
1211 5528 1232 5557 ι
1274 5507 1431 5561 Intra
1458 5503 1558 5572 τὴν
1597 5511 1699 5580 γῆν
1729 5508 1831 5574 τῆς
1875 5527 1969 5560 κα-

307 5591 615 5669 τασχέσεως
645 5593 810 5664 dixit,
837 5596 992 5665 quod
1033 5593 1380 5651 Tilmannus
1410 5596 1603 5664 vertit,
1638 5619 1665 5648 ‹‹
1714 5599 1967 5668 promis-

309 5684 513 5755 sionis,
543 5705 572 5733 »
610 5683 775 5752 quasi
825 5681 1148 5754 κατάσχεσις
1187 5685 1341 5740 idem
1393 5685 1486 5740 hic
1536 5687 1773 5754 valeret,
1808 5688 1961 5757 quod

2096 4697 2366 4769 sequitur
2420 4695 2513 4751 τὸν
2568 4697 2934 4773 γενεσιουργὸν
3001 4695 3220 4770 ἐννοεῖν,
3255 4706 3345 4756 est
3397 4717 3464 4755 ex
3503 4701 3748 4772 Sapien-

2095 4787 2189 4842 tice
2218 4805 2346 4858 xui,
2375 4789 2430 4842 5.
2467 4789 2773 4860 Ψυκτήρων
2808 4789 2873 4844 ﬁt
2916 4789 3152 4855 mentio,
3189 4791 3208 4845 Ι
3240 4791 3406 4846 Esdr.
3443 4807 3482 4859 ι,
3514 4790 3567 4845 9.

2162 4878 2283 4934 Col.
2339 4878 2438 4932 371
2500 4878 2544 4932 D
2605 4878 2657 4933 4.
2710 4878 3094 4934 chularium.
3145 4883 3272 4940 Ταῖς
3327 4873 3516 4948 ἔξωθεν
3577 4879 3745 4949 dixit,

2089 4973 2155 5024 ut
2205 4971 2277 5026 ab
2322 4969 2738 5027 ecclesiasticis
2796 4970 3107 5028 saeculares
3148 4972 3494 5045 distinguat,
3547 4989 3664 5027 non
3716 4990 3749 5027 a

2088 5059 2442 5116 Christianis
2471 5060 2715 5131 gentiles
2766 5067 2867 5117 aut
2917 5077 3200 5134 paganas,
3234 5061 3745 5134 quemadmodum

2086 5149 2374 5205 intellexit
2404 5151 2716 5222 interpres,
2754 5171 2781 5203 α
2815 5156 2880 5206 ut
2910 5152 3272 5222 praefecturis
3319 5151 3454 5207 istis
3505 5169 3538 5207 a
3575 5151 3744 5207 Chri-

2088 5239 2280 5295 stiana
2303 5240 2638 5312 frugalitate
2671 5241 3123 5297 abhorrentibus
3157 5241 3424 5297 nonnihil
3452 5248 3747 5296 accrescat

2086 5327 2430 5385 honestatis.
2469 5352 2496 5380 ››
2532 5330 2759 5387 Rursus
2791 5331 3069 5387 omiserat
3098 5329 3349 5398 illum-co
3380 5327 3746 5385 ἐπονείδιστον

2082 5417 2536 5492 περιστέλλουσα,
2585 5425 2817 5476 tantum
2887 5421 3043 5476 enim
3112 5421 3450 5492 scripserat,
3503 5445 3530 5472 (ι
3584 5423 3741 5493 quod

2082 5507 2254 5580 plane
2277 5510 2733 5583 vituperandum
2770 5515 2877 5566 est.
2913 5531 2941 5560 »

2151 5598 2268 5654 Col.
2302 5600 2407 5654 379
2455 5600 2496 5655 C
2525 5604 2579 5656 6.
2635 5600 2713 5656 Ad
2743 5615 3014 5656 occasum.
3048 5599 3174 5656 Non
3235 5605 3300 5656 ut
3353 5603 3524 5656 antea
3588 5605 3737 5666 erat,

2079 5689 2200 5744 «ad
2233 5688 2558 5746 retinacula
2588 5691 2750 5759 vitae;
2780 5712 2808 5741 »
2843 5707 3148 5761 perperam
3171 5690 3334 5747 enim
3379 5689 3606 5746 calamo
3647 5707 3733 5746 ex-
