4176 6396
384 370 531 432 “Ol

1604 372 1682 435 ΙΝ
1726 370 2137 433 GOMMENT.
2184 371 2263 431 IN
2308 369 2582 432 ISAIAM

3645 372 3805 449 nos

380 508 609 561 aratum
641 508 767 561 erat
796 503 856 561 in
876 504 936 560 F.
966 500 1130 579 μέχρι
1150 505 1259 558 τῶν
1291 499 1526 577 δεσμῶν.
1559 507 1635 560 At
1653 504 2019 561 emendatum

2146 504 2386 560 ﬂamma
2415 520 2659 561 accensa
2690 521 2703 560 :
2745 524 2766 553 ι
2802 504 3186 577 quamobrem
3217 521 3360 562 sane
3388 505 3801 579 mirum,quod

382 597 472 649 est
499 610 569 650 ex
598 593 666 650 H.
700 597 758 649 et
782 597 851 648 A.
906 592 1072 668 μέχρι
1099 596 1208 648 τῶν
1255 589 1475 665 δυσμῶν
1506 599 1606 662 τῆς
1640 597 1809 662 ζωῆς.
1840 594 2026 665 Δυσμή

383 707 411 735 ‹‹
446 683 591 740 solis
620 699 896 740 occasum
919 705 946 735 »
980 688 1153 741 sonat
1183 700 1197 738 :
1227 685 1579 740 transt‘ertur
1608 684 1787 740 etiam
1810 684 1881 740 ad
1903 683 2034 739 vitae

380 773 580 829 tinem.
616 772 937 845 Hesychius
983 776 1041 829 et
1082 772 1294 830 Suidas
1344 768 1574 845 δυσμαῖς
1611 770 1753 847 βίου,
1780 776 1858 844 τῷ
1886 770 2033 827 τὲλει

377 866 548 931 ζωῆς.

446 950 565 1008 Col.
617 951 724 1007 382
767 956 812 1006 Β
857 952 911 1006 6.
965 952 1073 1020 Qui
1119 968 1192 1007 ex
1241 951 1421 1008 Caim'.
1476 952 1817 1022 Καθήκοντος
1865 952 2029 1019 dixit,

377 1042 536 1113 quod
567 1041 825 1110 καθήκειν
858 1041 1119 1098 devenire
1150 1045 1339 1098 sonet.
1371 1041 1692 1114 Procopius
1729 1042 1873 1098 dixit
1900 1061 2029 1096 κατ-

378 1128 674 1204 αγομένοῦ,
732 1148 788 1203 p.
848 1131 917 1184 77
975 1148 994 1187 :
1052 1128 1086 1183 ἃ
1139 1132 1237 1184 τοῦ
1287 1124 1484 1185 Ἰωϐἀλ
1544 1129 1686 1184 ἐστιν
1747 1129 2030 1205 εὑρήματα

371 1222 470 1274 τοῖ’)
499 1218 560 1274 ἐκ
585 1221 683 1274 τοῦ
725 1219 854 1273 Κάϊν
906 1222 1305 1294 καταγομένου,
1359 1242 1384 1274 α
1427 1238 1679 1293 quorum
1726 1225 2025 1278 auctorem

377 1308 574 1377 illum,
606 1308 705 1381 qui
736 1308 899 1365 Caini
948 1309 1179 1367 soboles
1219 1310 1461 1379 exstitit,
1515 1309 1873 1383 accepimus.
1904 1334 1922 1360 ι
1960 1315 2027 1367 Et

373 1403 692 1454 annotatur
720 1398 928 1456 Genes.
963 1416 1039 1468 ιν,
1089 1399 1177 1454 l7.
1225 1399 1374 1454 Nam
1420 1415 1492 1455 ex
1538 1399 1681 1455 Cain
1727 1404 1889 1455 ortus
1935 1404 2027 1455 est

374 1487 626 1555 Henoch,
659 1503 726 1545 ac
776 1487 987 1543 deinde
1036 1504 1104 1543 ex
1147 1487 1382 1544 Henooh
1436 1488 1590 1557 Irad,
1622 1505 1692 1543 ex
1741 1489 1873 1545 Irad
1902 1493 2025 1544 Ma-

369 1576 557 1644 viaeb,
588 1591 655 1633 ex
687 1593 805 1648 quo
836 1575 1189 1645 Mathusael,
1216 1580 1272 1632 et
1303 1592 1373 1632 ex
1402 1576 1514 1633 isto
1547 1577 1822 1649 Lamech,
1852 1578 2024 1647 cujus

367 1665 473 1721 ﬁlii
505 1665 673 1723 Jabel
704 1672 762 1722 et
781 1665 975 1722 Jubal.
1000 1667 1147 1721 Male
1171 1664 1465 1737 interpres
1489 1666 1770 1739 ediderat,
1799 1688 1826 1717 «
1846 1666 2021 1723 Jubal

370 1755 472 1826 qui
500 1771 571 1811 ex
600 1753 942 1826 genealogia
972 1754 1083 1811 sibi
1110 1755 1508 1823 conveniente,
1543 1772 1754 1828 nempe
1784 1772 1854 1811 ex
1881 1755 2018 1812 Cain

367 1848 693 1915 prognatus
723 1842 1025 1899 scribitur.
1064 1866 1085 1893 ι

436 1931 559 1988 Col.
590 1933 698 1988 386
728 1936 771 1987 D
802 1933 853 1987 4.
889 1933 1302 1988 Detestandum.
1338 1932 1630 2005 Interqres
1680 1933 1821 2007 legit
1858 1934 1917 1990 in
1949 1938 2008 1988 F.

364 2020 500 2095 πρὸς
548 2024 628 2092 τῷ
675 2019 906 2096 ἀναργεῖ,
939 2044 967 2072 ‹‹
1001 2022 1157 2093 quod
1204 2021 1351 2077 nulli
1398 2039 1513 2078 non
1564 2022 1946 2095 colliqucscit.
1982 2044 2012 2073 »

367 2111 574 2167 melius
606 2112 667 2167 in
718 2111 786 2167 Η.
819 2114 899 2183 τῷ
947 2107 1125 2185 ἐναγεῖ
1156 2115 1222 2166 ut
1258 2111 1556 2168 edidimus
1590 2130 1602 2168 :
1637 2128 1826 2185 neque
1853 2113 2011 2170 enim

358 2198 601 2274 ἐναργές,
632 2223 660 2251 «
700 2200 1082 2257 manifestum
1114 2221 1144 2252 »
1172 2205 1263 2258 est
1309 2201 1592 2258 Davidem
1642 2218 1844 2258 omnes
1876 2219 2012 2274 pec-

358 2294 585 2346 catores
617 2293 781 2346 terrea
813 2289 1197 2346 interfecisse.

428 2396 547 2453 Col.
577 2397 683 2452 406
711 2400 750 2452 C
781 2398 841 2452 1.
866 2397 1055 2453 latere
1081 2398 1346 2453 rationes.
1380 2396 1504 2452 Non
1538 2401 1603 2452 ut
1636 2396 2008 2470 Tilmannus,

357 2508 384 2537 ει
421 2486 522 2558 qui
558 2486 777 2541 audent
805 2485 1065 2558 profiteri
1101 2502 1162 2541 se
1217 2502 1345 2542 esse
1378 2502 1547 2558 pares
1578 2486 1911 2543 scribendis
1941 2488 2012 2544 de

356 2590 713 2647 unaquaque
764 2592 823 2630 re
871 2574 1060 2630 libris.
1104 2593 1131 2626 ι
1187 2575 1398 2631 Merito
1446 2581 1644 2631 tamen
1696 2583 1899 2648 postea
1950 2577 2009 2632 in

353 2664 620 2736 margine
666 2664 976 2720 addiderat
1022 2668 1120 2731 τῆς
1171 2661 1385 2737 ἆποχῆς
1429 2665 1795 2720 inventorem
1826 2665 2010 2722 fuisse

354 2753 735 2827 Pyrrhonem,
785 2754 886 2825 qui
933 2770 1244 2810 assensum
1297 2754 1539 2825 praeberi
1580 2755 1833 2810 vetabat.
1865 2755 2011 2812 Vide

354 2842 669 2916 Diogenem
705 2842 1026 2913 Laertium,
1056 2841 1160 2899 lib.
1194 2859 1274 2910 lx,
1304 2860 1359 2915 p.
1391 2844 1534 2899 670:
1561 2841 1623 2897 οὗ
1655 2842 1758 2918 γὰρ
1793 2842 2008 2915 μᾶλλον

352 2928 480 2986 τόδε
509 2932 546 3001 ἢ
576 2927 703 2986 τόδε
733 2929 865 2986 εἶναι
895 2926 1142 3001 ἕκαστον,
1177 2953 1206 2982 cc
1241 2948 1433 3004 neque
1476 2932 1636 2988 enim
1678 2948 1807 2989 esse
1837 2934 2009 3006 quid-

359 3038 537 3094 quam
569 3020 731 3078 istud
763 3021 964 3093 potius
1010 3037 1189 3093 quam
1238 3021 1405 3078 illud.
1439 3043 1470 3072 »
1502 3021 1798 3078 Omiserat
1832 3024 2010 3094 paulo

358 3116 493 3185 post
521 3111 679 3168 idem
712 3110 1004 3183 interpres
1034 3109 1136 3167 illa
1164 3111 1359 3179 verba,
1388 3127 1519 3183 quas
1548 3111 1746 3168 Graeca
1763 3128 2009 3185 sugges-

356 3205 514 3258 serat
546 3218 658 3257 ms.
694 3201 779 3270 F.,
806 3222 835 3253 «
868 3200 1104 3273 nigrum
1135 3217 1264 3258 esse
1294 3206 1602 3275 argentum
1642 3206 1880 3275 prOpter
1909 3220 2007 3258 ru-

357 3289 641 3363 biginem,
673 3306 853 3362 quam
887 3291 1155 3347 eﬂ‘undit.
1192 3314 1216 3345 ι
1251 3290 1477 3348 Ibidem
1508 3293 1593 3354 οἷς
1620 3289 2012 3365 προσομιλήσῃ

358 3384 626 3449 verterat,
660 3403 688 3431 α
723 3381 1082 3454 quibuscum
1132 3396 1204 3437 ne
1251 3380 1477 3437 diutius
1516 3380 1895 3454 congrediare
1927 3383 2016 3439 fa-

362 3467 688 3540 miliariter,
719 3490 749 3520 »
780 3468 919 3526 licet
950 3468 1107 3525 absit
1154 3471 1409 3543 negatio,
1440 3475 1499 3527 et
1531 3468 1749 3543 ὁμιλεῖν
1782 3487 1900 3526 non
1931 3472 2013 3527 si-

352 3556 592 3631 gniﬁcet
610 3561 841 3615 tantum
864 3558 1239 3616 familiariter
1261 3560 1557 3632 congredi,
1581 3561 1680 3617 sed
1704 3560 1881 3617 etiam
1903 3560 2013 3617 im-

354 3646 592 3716 morari,
623 3648 843 3704 versari
878 3647 938 3704 in
969 3664 1031 3704 re
1066 3647 1287 3720 aliqua,
1321 3655 1385 3705 ut
1414 3650 1570 3722 apud
1615 3650 2016 3723 Thucydidem

355 3731 669 3807 ὡμιληκὼς
717 3732 973 3807 πολέμῳ,
1009 3760 1038 3788 ‹‹
1069 3746 1336 3794 versatus
1386 3738 1446 3795 in
1485 3738 1676 3796 bello:
1712 3761 1741 3790 ››
1772 3745 1831 3797 et
1860 3741 2017 3812 apud

352 3825 861 3898 Chrysostomum,
910 3825 1120 3882 homil.
1172 3829 1199 3883 1
1255 3829 1332 3884 De
1370 3830 1720 3900 paenitentia,
1770 3846 1826 3901 ιγ.
1860 3830 2013 3885 66οε

362 3913 464 3968 Καὶ
503 3910 680 3968 πολὺν
728 3914 930 3989 χρόνον
984 3910 1354 3987 ὁμιλήσαντες
1400 3919 1480 3987 τῷ
1510 3915 1660 3990 πυρί,
1693 3940 1721 3967 ‹‹
1753 3922 1925 3987 atque
1956 3918 2017 3973 in

356 4005 494 4076 igne
544 4003 731 4061 multo
780 4010 1043 4077 tempore
1071 4005 1288 4060 versati
1322 4022 1335 4060 :
1370 4027 1399 4056 ››
1430 4010 1489 4062 et
1532 4004 1636 4062 lib.
1670 4023 1690 4061 ι
1721 4008 1794 4063 De
1820 4008 2016 4064 Provi-

353 4092 567 4166 dentis,
593 4110 657 4167 .p.
690 4093 796 4151 458
823 4109 836 4150 :
859 4093 932 4155 ὡς
961 4091 1053 4148 καὶ
1082 4090 1354 4166 ὁμιλῆσαι
1384 4091 1608 4169 γάμοις,
1640 4117 1668 4147 ‹‹
1700 4102 1765 4153 ut
1789 4101 1849 4152 et
1869 4112 2013 4152 uxo-

355 4199 450 4239 res
478 4183 779 4241 ducerent.
818 4204 845 4235 ι

427 4272 547 4329 Col.
587 4274 691 4328 418
722 4275 762 4330 C
804 4274 891 4328 11.
947 4274 1062 4330 Non
1086 4277 1272 4331 tamen
1323 4273 1389 4331 de
1433 4289 1513 4330 eo.
1553 4273 1830 4331 Tilman.:
1865 4296 1893 4325 ι(
1924 4274 2020 4331 Ait

353 4363 512 4419 enim
536 4363 844 4435 Scriptura
862 4364 1128 4419 nondum
1154 4363 1518 4420 immobilem
1546 4381 1675 4421 esse
1696 4365 1849 4420 circa
1871 4364 2019 4422 tales

354 4453 566 4509 animas
616 4452 865 4509 aﬂ‘ectus
898 4470 912 4507 :
947 4453 1091 4525 quin
1134 4453 1206 4510 de
1253 4470 1321 4510 eo
1374 4453 1630 4524 disserit,
1663 4477 1683 4503 ι
1720 4459 1854 4523 etc.,
1890 4472 2018 4527 quas

353 4542 529 4614 plane
559 4560 594 4598 a
625 4546 825 4598 mente
870 4541 1126 4599 auctoris
1155 4543 1450 4599 aberrant.
1483 4542 1579 4599 Sic
1619 4543 2019 4599 restituendus

2148 593 2305 648 idem
2338 594 2636 650 contendit
2664 595 2821 665 apud
2843 594 3126 651 Basiliam
3144 594 3279 667 legi,
3297 596 3799 666 quemadmodum

2148 684 2302 754 apud
2334 683 2680 755 Procopium
2713 688 2770 740 et
2799 684 2857 739 in
2892 685 3028 740 edit.
3062 688 3348 752 Romana,
3380 683 3690 757 ἀνειμένης,
3711 706 3737 741 α
3767 703 3802 743 a

2147 772 2389 828 ﬂamma
2422 772 2715 829 resoluta:
2753 796 2779 822 »
2809 773 2921 829 nisi
2948 776 3094 830 forte
3116 774 3285 829 illum
3316 775 3375 829 in
3406 790 3662 830 errorem
3683 775 3796 831 im-

2146 860 2294 933 pulit
2328 862 2618 933 interpres
2654 863 2908 933 Latinus,
2942 864 3044 936 qui
3074 864 3410 934 scripserat,
3438 886 3466 914 «
3493 881 3527 919 a
3555 865 3799 922 ﬂamma

2145 952 2353 1017 etfusa,
2386 972 2414 1001 »
2449 950 2534 1006 vel
2566 951 2744 1007 alium
2792 952 3053 1008 codicem
3103 952 3391 1024 scriptum
3439 958 3651 1009 nactus
3681 957 3791 1009 est.

2142 1039 2387 1113 Vulgata
2419 1040 2623 1096 Latina
2651 1040 2796 1096 dixit
2826 1057 2951 1112 cap.
2984 1059 3039 1113 v,
3070 1042 3160 1111 24,
3196 1065 3223 1091 ‹‹
3257 1045 3315 1097 et
3353 1040 3511 1099 calor
3540 1042 3793 1098 ﬂamma:

2139 1129 2351 1184 exurit.
2384 1151 2413 1180 »

2208 1218 2328 1276 Col.
2389 1219 2493 1273 1128
2553 1223 2595 1272 Β
2645 1218 2699 1272 8.
2764 1220 2861 1274 Isti
2916 1221 3103 1291 quasi.
3166 1220 3294 1275 Haec
3354 1220 3424 1275 ad
3478 1220 3787 1277 verbume

2137 1308 2334 1364 Graeco
2350 1314 2492 1364 sunt
2520 1312 2884 1379 expressa,ct
2909 1308 2967 1363 in
2998 1308 3192 1364 locum
3215 1326 3416 1365 eorum
3438 1310 3784 1381 substituta,

2136 1415 2264 1470 quae
2286 1398 2576 1469 interpres
2608 1399 2922 1468 adjocerat.
2948 1397 3262 1470 Reliquum
3288 1399 3443 1454 enim
3469 1403 3659 1456 textus
3691 1416 3785 1456 ca-

2134 1487 2273 1559 pitis
2300 1487 2491 1556 quinti
2523 1491 2774 1542 verterat
2806 1487 3200 1558 prophetaa,et
3230 1486 3426 1542 Italico
3457 1488 3786 1545 charactere

2133 1581 2520 1647 expresserat,
2554 1592 2661 1631 nec
2693 1592 2823 1631 esse
2855 1575 3055 1630 Basilii
3084 1576 3261 1630 verba
3297 1575 3788 1634 animadverterat

2132 1664 2278 1719 illud
2310 1669 2502 1720 textus
2546 1663 2841 1735 reliquum
2886 1664 2946 1718 in
2985 1664 3405 1736 compendium
3438 1666 3783 1738 redigentis.

2201 1770 2319 1826 Col.
2356 1771 2459 1825 427
2520 1774 2563 1823 Ι)
2624 1771 2671 1825 1.
2734 1771 2799 1824 Et
2856 1771 3002 1842 ignis
3056 1775 3337 1826 versatur.
3402 1772 3487 1827 Ita
3541 1773 3783 1845 scripsi-

2131 1876 2286 1930 mus,
2315 1876 2432 1916 non
2463 1876 2597 1915 cum
2621 1860 2951 1926 'l‘ilmanno,
2989 1880 3017 1911 (ι
3049 1865 3346 1932 aspectus,
3383 1860 3484 1933 qui
3515 1867 3784 1917 versatur

2126 1950 2282 2005 circa
2336 1950 2768 2005 concretionem
2811 1966 2823 2003 :
2864 1972 2885 1999 ι
2949 1965 3063 2005 non
3125 1949 3285 2005 enim
3347 1951 3430 2006 ait
3478 1955 3781 2022 aspectum

2125 2039 2401 2106 ﬂammae,
2424 2038 2536 2093 dici
2566 2039 2901 2094 carbonem.
2938 2038 3251 2110 Procopius
3280 2039 3338 2094 in
3372 2040 3581 2095 Isaiam
3606 2057 3662 2112 p.
3686 2040 3779 2094 88:

2126 2124 2321 2201 ἄνθραξ
2354 2123 2410 2181 δὲ
2440 2124 2549 2181 ἐστι
2580 2126 2687 2200 πῦρ
2718 2123 2919 2202 γεῶδες
2956 2127 3091 2199 μετὰ
3142 2128 3242 2196 τήν
3268 2134 3369 2197 τῆς
3399 2125 3605 2205 φλογός
3636 2127 3778 2203 πάρα

2124 2213 2256 2271 οδον
2304 2220 2374 2290 τῇ
2441 2215 2723 2291 παχυτέρα
2772 2214 2875 2289 ὕλῃ
2931 2215 3310 2289 ἐναπομεῖναν·
3352 2240 3380 2268 ‹‹
3437 2218 3532 2273 Est
3570 2222 3768 2273 autem

2123 2307 2297 2361 carbo
2327 2306 2484 2378 ignis
2503 2305 2600 2361 ille
2631 2306 3030 2378 terrenus,qui
3054 2306 3343 2362 exstincta
3362 2306 3602 2362 ﬂamma
3621 2306 3772 2363 solet

2119 2395 2181 2450 in
2213 2396 2498 2452 crassiore
2524 2409 2828 2451 remanere
2850 2395 3164 2451 materia.»
3185 2395 3311 2451 Non
3336 2395 3516 2468 igitur
3536 2395 3773 2467 exponit

2120 2483 2216 2540 hic
2246 2484 2500 2541 Basilius
2550 2484 2651 2540 illo.
2694 2485 2886 2540 verbis
2943 2484 3047 2538 ὑπὸ
3090 2482 3296 2558 φλογὸς
3329 2483 3672 2557 ἀνημμένης.
3705 2488 3773 2541 ut

2122 2574 2352 2629 videtur
2382 2574 2752 2629 existimasse
2802 2574 2991 2629 Flam.
3025 2574 3292 2630 Nobilius
3338 2575 3397 2629 in
3430 2574 3593 2631 Notis
3624 2575 3772 2642 suis,

2121 2665 2221 2719 sed
2251 2664 2390 2736 quid
2424 2664 2501 2720 sit
2530 2661 2724 2739 ἄνθραξ
2758 2684 2787 2714 ‹‹
2817 2665 3013 2729 carbo,
3047 2686 3076 2713 »
3102 2664 3526 2736 exponit.Quod
3559 2665 3609 2721 si
3640 2681 3777 2721 vera

2121 2758 2277 2808 esset
2305 2752 2607 2809 distinctio
2644 2752 2871 2823 lsidori,
2924 2752 3118 2825 ἄνθραξ
3167 2753 3262 2808 hic
3294 2775 3321 2804 ι(
3358 2771 3570 2825 pruna,
3600 2776 3628 2803 »
3666 2771 3772 2826 po-

2120 2842 2240 2898 tius
2289 2848 2463 2898 esset.
2498 2863 2526 2892 ‹‹
2580 2847 2776 2897 Pruna
2820 2847 2928 2913 est,
2979 2842 3193 2914 inquit,
3242 2842 3505 2914 quandiu
3553 2843 3768 2899 ardet:

2120 2944 2254 2987 cum
2298 2931 2590 2988 exstincta
2639 2931 2833 2997 fuerit,
2883 2932 3058 2986 carbo
3112 2931 3472 2988 nominatur.
3514 2933 3711 2988 Pruna
3740 2949 3776 2989 a

2119 3021 2448 3093 perurendo
2478 3020 2634 3076 dicta
2664 3026 2754 3076 est
2786 3037 2798 3074 :
2833 3021 3007 3076 carbo
3039 3036 3171 3076 vero
3203 3022 3359 3093 quod
3408 3021 3647 3077 ﬂamma
3676 3037 3773 3077 ca-

2120 3115 2226 3165 ret.
2263 3132 2291 3158 »
2313 3110 2426 3166 Sed
2458 3116 2515 3165 et
2545 3111 2700 3183 apud
2736 3109 3015 3177 Plinium,
3045 3109 3147 3166 lib.
3182 3110 3566 3181 xvm,dicitur
3595 3110 3773 3167 etiam

2122 3200 2319 3269 carbo,
2346 3200 2581 3272 quando
2612 3199 2834 3271 ignitus
2868 3215 2881 3255 :
2905 3222 2933 3251 «
2958 3200 3026 3254 Et
3047 3216 3182 3255 cum
3205 3201 3377 3256 carbo
3404 3200 3778 3257 vehementer

2124 3288 2415 3358 collucet;
2450 3310 2478 3337 »
2509 3294 2566 3344 et
2595 3288 2697 3343 lib.
2734 3305 2936 3359 xxxm,
2967 3305 3093 3361 cap.
3128 3290 3200 3344 5:
3242 3314 3262 3340 ι
3292 3289 3542 3347 Carboni
3588 3291 3779 3362 major

2122 3378 2210 3434 vis
2239 3383 2442 3434 exusto
2472 3378 2808 3450 iterumque
2838 3378 3131 3451 ﬂagranti.
3159 3401 3188 3430 »

2196 3485 2316 3541 Col.
2350 3486 2455 3545 431
2478 3489 2535 3539 Α
2567 3485 2653 3540 14.
2688 3486 2866 3540 Etiam
2897 3486 2945 3540 is
2976 3485 3084 3541 cui.
3139 3488 3463 3543 Annotarat
3509 3486 3570 3543 in
3622 3504 3778 3545 mar-

2124 3574 2259 3647 gine
2289 3574 2578 3646 interpres
2608 3574 2890 3646 quiddam
2911 3591 2974 3630 se
2999 3574 3333 3632 desiderare
3351 3575 3408 3631 in
3435 3576 3777 3649 exemplari:

2126 3669 2183 3719 et
2216 3663 2460 3732 merito;
2495 3663 2693 3719 deerat
2722 3663 2878 3719 enim
2913 3681 3020 3719 vox
3050 3663 3241 3733 ἀκοήν,
3264 3683 3440 3737 quam
3472 3670 3671 3723 tamen
3699 3666 3783 3723 ita

2124 3754 2406 3809 vertendo
2433 3761 2819 3825 expresserat,
2844 3775 2873 3803 «
2897 3770 3095 3808 vocem
3125 3754 3356 3811 Domini
3376 3772 3492 3812 non
3516 3756 3777 3828 quidem,

2127 3858 2255 3915 qua:
2284 3842 2453 3898 icerit
2482 3859 2684 3898 aurem
2715 3842 2977 3914 corporis
3011 3859 3024 3898 :
3058 3844 3160 3899 scd
3205 3860 3323 3915 qua
3364 3844 3520 3900 Deus
3551 3851 3780 3901 tantum

2129 3931 2312 3987 menti
2360 3948 2562 3987 eorum
2615 3949 2719 4005 per
2766 3938 2934 3988 notas
2985 3933 3466 3991 adumbrationes
3498 3935 3783 4006 imprimit

2127 4021 2464 4077 consilium.
2495 4044 2523 4072 »
2555 4020 2820 4076 Similem
2858 4022 3034 4078 habes
3061 4021 3256 4079 locum
3285 4022 3530 4079 infremit
3563 4019 3651 4077 διδ.
3678 4029 3779 4093 τῆς

2127 4115 2446 4182 σωματικῆς
2505 4108 2695 4181 ἀκοῆς,
2756 4106 2887 4163 ἀλλ’
2943 4108 3108 4164 αὐτοῦ
3168 4110 3230 4165 τὸ
3290 4112 3620 4185 ἡγεμονικόν
3655 4133 3667 4146 ·
3725 4119 3784 4170 et

2126 4201 2281 4272 apud
2308 4199 2658 4271 Procopium
2693 4217 2748 4270 p.
2780 4200 2881 4254 102
2908 4215 2920 4253 :
2950 4200 3179 4255 «Audit
3204 4206 3401 4257 autem
3431 4218 3630 4257 vocem
3666 4203 3782 4259 Do-

2128 4289 2292 4357 mini,
2325 4288 2422 4360 qui
2457 4292 2650 4344 mente
2667 4289 2739 4344 ab
2769 4287 2897 4360 ipso
2929 4289 3246 4345 informata
3274 4290 3607 4346 resonantis
3636 4290 3698 4346 in
3721 4308 3784 4347 se

2127 4378 2284 4435 verbi
2319 4394 2534 4434 sonum
2565 4376 2880 4433 auscultat.
2919 4400 2947 4427 ››

2199 4468 2319 4524 Col.
2349 4467 2522 4523 435D
2555 4470 2608 4521 2.
2662 4467 2738 4524 Ne
2776 4483 2875 4522 nos
2925 4467 3142 4524 uincas.
3194 4469 3556 4525 Existimavit
3603 4470 3783 4526 inter-

2132 4574 2263 4630 pres
2316 4574 2378 4612 se
2425 4556 2637 4628 legisse
2695 4555 2769 4627 μὴ
2835 4555 3161 4630 ἀναγκάσῃς,
3223 4558 3311 4613 vel
3368 4556 3603 4632 ἀνάγκη,
3644 4561 3785 4616 dum

360 4636 457 4687 est
487 4635 546 4687 ct
575 4632 731 4704 apud
764 4632 1114 4704 Procopium
1162 4632 1325 4688 locus
1357 4650 1413 4703 p.
1445 4636 1519 4688 86
1553 4650 1565 4688 :
1601 4631 1683 4685 ὅτι
1720 4633 1892 4704 μήπω
1927 4628 2019 4686 λέ-

2136 4628 2322 4713 vertit,
2347 4646 2716 4717 proﬁciscaris
2741 4646 3046 4714 nobiscum,
3077 4647 3233 4702 nihil
3269 4663 3490 4704 necesse
3516 4665 3615 4704 nos
3642 4653 3786 4705 emi-

355 4740 448 4788 γει
498 4719 590 4774 τὸν
638 4719 841 4789 ἀπαθῆ.
887 4722 1168 4792 Sequitur
1218 4720 1383 4777 locus
1429 4738 1497 4777 ex
1540 4721 1869 4778 Proverbiis
1921 4739 2022 4793 xu,

363 4810 455 4879 46,
485 4809 585 4866 ubi
617 4809 701 4867 sic
734 4809 911 4868 habet
942 4827 955 4865 :
991 4814 1216 4887 ’Ἄφρων
1247 4808 1553 4884 αὐθήμερον
1587 4808 1903 4886 ἑξαγγὲλλει
1936 4809 2025 4886 ὀρ-

361 4898 466 4975 γὴν
500 4896 696 4970 αὐτοῦ,
727 4897 953 4974 κρύπτει
986 4895 1044 4953 δὲ
1086 4901 1186 4968 τήν
1234 4898 1426 4953 ἑαυτοῦ
1475 4898 1693 4972 ἀτιμίαν
1744 4900 1879 4973 ἀνὴρ
1928 4920 2026 4954 πα-

358 4991 612 5063 νοῢργος·
668 5012 697 5040 ι(
750 4993 970 5044 Fatuus
1018 4990 1144 5061 ipso
1194 4989 1287 5045 die
1334 4989 1558 5045 indicat
1603 4990 1751 5046 iram
1803 5006 2024 5046 suam:

362 5078 515 5136 celat
545 5084 743 5137 autem
776 5095 946 5137 suam
977 5078 1364 5153 ignominiam
1392 5080 1479 5134 vir
1502 5080 1776 5136 callidus.
1800 5102 1829 5131 »
1857 5081 2026 5153 Apud

364 5168 717 5240 Procopium
770 5168 1025 5240 legimus
1058 5164 1358 5242 ἐξαγγελεῖ,
1392 5168 1680 5237 indicabit,
1712 5170 1930 5240 prodet,
1965 5173 2032 5223 ut

360 5257 519 5329 apud
569 5256 871 5314 Nobilium
916 5257 1212 5313 scholium
1262 5256 1529 5313 Graecum
1580 5252 1821 5327 δηλώσει
1858 5255 2027 5327 θυμὸν

357 5343 547 5413 αὐτοῦ,
582 5369 607 5400 ιι
641 5346 960 5421 patefaciet
1008 5348 1266 5403 furorem
1316 5363 1514 5416 suum,
1551 5370 1569 5395 ιι
1607 5351 1664 5401 et
1708 5347 2030 5402 Theodotio

367 5434 649 5509 γνωρίσει,
684 5459 713 5488 ι(
740 5444 948 5493 notum
980 5435 1175 5493 faciet.
1213 5459 1240 5485 υ

427 5541 551 5598 Col.
586 5542 691 5599 419
728 5543 770 5599 Β
805 5544 855 5599 1.
895 5543 1152 5600 Flamma
1180 5557 1432 5598 accensa.
1461 5536 1675 5614 Φλογὸς
1704 5538 2030 5612 ἀνημμὲνης

362 5631 660 5704 scriptum
702 5630 989 5689 exhibent
1035 5631 1152 5686 duo
1199 5630 1363 5702 Regii
1407 5629 1576 5686 codd.
1628 5632 1687 5685 F.
1721 5634 1779 5684 et
1823 5628 1890 5684 H.
1928 5646 2034 5686 nec

374 5721 553 5779 aliter
604 5721 721 5795 legi
776 5722 931 5794 apud
993 5719 1273 5793 Cyrillum
1317 5724 1562 5777 annotat
1608 5717 1898 5790 Nobilius,
1941 5742 1969 5771 «
2003 5738 2037 5775 a

2133 4752 2315 4805 grare,
2349 4733 2529 4790 Exodi
2559 4750 2756 4803 χχχιιι,
2784 4735 2878 4806 l5,
2901 4734 3155 4807 legimus
3187 4736 3363 4808 paulo
3390 4737 3587 4807 aliter,
3628 4736 3677 4791 ei
3709 4739 3785 4811 μὴ

2134 4822 2198 4878 σὺ
2246 4821 2407 4883 αὐτὸς
2465 4820 2786 4896 συμπορεύῖι
2837 4823 2953 4895 μεθ’
3003 4825 3204 4896 ἡμῶν.
3259 4825 3334 4895 μή
3392 4844 3459 4897 με
3510 4824 3788 4901 ἀναγάγῃς

2135 4912 2397 4977 ἐντεῦθενο
2435 4912 2632 4969 Sinon
2687 4916 2747 4968 tu
2796 4914 2911 4984 ipse
2969 4914 3185 4969 veneris
3229 4915 3538 4985 nobiscum,
3586 4933 3656 4971 ne
3702 4933 3790 4973 mc

2135 5006 2339 5061 educas
2360 5003 2515 5057 hinc.
2546 4999 2801 5073 Vulgata
2829 5018 2964 5057 cum
2997 5002 3188 5058 verbis
3217 5002 3413 5058 Basilii
3445 5005 3742 5061 consentit
3774 5024 3788 5062 ε

2136 5094 2199 5148 Si
2226 5110 2341 5148 non
2363 5096 2421 5148 tu
2454 5094 2572 5161 ipse
2615 5090 2889 5163 praecedit:
2935 5107 3054 5163 nos,
3094 5109 3166 5148 ne
3206 5094 3409 5149 educas
3458 5109 3576 5150 nos.
3609 5096 3791 5151 Paulo

2140 5188 2274 5255 post
2301 5177 2697 5255 ἀνθρωπότητα
2726 5179 3011 5236 intellexit
3039 5181 3468 5238 humanitatem
3497 5201 3531 5239 ο.
3559 5183 3792 5241 Christo

2141 5271 2565 5328 assumendum
2599 5269 2908 5341 interpres,
2939 5270 3266 5338 scribens,«
3288 5276 3343 5326 et
3374 5272 3442 5326 ad
3481 5290 3793 5329 assumen-

2144 5362 2280 5416 dam
2313 5376 2347 5414 a
2376 5363 2490 5415 Dco
2523 5358 2712 5413 Verbo
2761 5358 3213 5427 humanitatem,
3248 5360 3554 5431 oportebat
3584 5362 3796 5434 typicis

2143 5449 2351 5521 ﬁguris
2383 5446 2780 5520 praasignarizn
2814 5447 3009 5518 aptius
3032 5453 3225 5503 tamen
3248 5465 3436 5521 genus
3466 5449 3795 5508 humanum

2143 5537 2461 5609 intelliges.
2497 5537 2591 5592 Sic
2623 5535 2828 5591 homil.
2861 5537 2953 5605 3t,
2996 5537 3071 5592 De
3101 5537 3272 5593 libero
3315 5539 3547 5596 arbi.’rio
3580 5557 3593 5596 :
3630 5538 3793 5614 Εἴπερ

2143 5627 2242 5703 γὰρ
2280 5624 2461 5700 ἴσχυεν
2513 5626 2547 5692 ἡ
2592 5630 2691 5693 τῆς
2737 5623 3160 5698 ἀνθρωπότητος
3198 5624 3357 5700 φύσις
3389 5624 3540 5690 ἐκτὸς
3572 5630 3669 5696 τῆς
3699 5630 3795 5681 τοῦ

2144 5716 2303 5791 ἁγίου
2378 5712 2691 5787 Πνεύματος
2747 5712 3099 5777 πανοπλίας.
3164 5717 3458 5789 lnterpres
3537 5717 3798 5789 Procopii
