4176 6372
331 347 489 411 1103

1528 340 1765 404 NOTAE
1808 339 2175 400 FRONTON
2182 339 2250 399 IS
2299 339 2553 402 DUCEI

3594 339 3756 399 1104

333 500 394 556 p.
425 481 522 539 lOl
563 497 576 537 :
613 502 640 531 ‹‹
673 477 1021 551 Figurisque
1047 477 1213 550 prius
1241 475 1508 532 homines
1556 489 1921 530 assuescere.
1959 493 1986 522 ι›
2016 475 2071 542 Α
2098 471 2431 543 virginitate
2463 471 2679 545 dogma
2703 472 3014 558 manifeste
3043 471 3593 536 conﬁrmant.0uod
3613 489 3756 529 vero

408 572 534 628 Col.
573 570 678 626 439
707 570 752 625 A
786 570 834 624 1.
862 568 941 624 Ad
972 567 1115 623 illud
1154 567 1390 637 quidem.
1423 563 1528 619 Hic
1570 564 1720 620 duas
1767 562 1982 619 omise-

338 666 431 719 rat
457 660 645 716 lineas
676 658 956 714 librarius
985 657 1242 712 codicem
1266 654 1509 728 Regium
1535 655 1596 709 F.
1623 653 1982 721 exscribens,

339 767 487 824 quas
527 749 729 806 Latine
778 762 1088 803 conversas
1133 743 1468 816 interpretis
1499 743 1690 798 verbis
1743 741 1988 797 inserui-

241 885 250 890 -
340 857 476 897 mus
513 855 525 894 :
561 837 662 894 sed
698 835 844 892 illud
875 837 980 888 ποῦ
1012 835 1244 889 duabus
1266 832 1564 888 inclusum
1595 831 1838 902 virgulis
1870 847 1985 886 non

343 928 610 1001 agnoscit
639 927 849 998 Regius
881 925 975 992 H.,
1007 939 1196 994 neque
1225 922 1349 994 ipse
1398 921 1715 992 Procopius
1749 938 1806 992 p.
1840 920 1934 976 lOl
1971 935 1984 973 :

339 1018 428 1072 καὶ
459 1015 564 1092 ἐγὼ
594 1013 959 1088 πορεύσομαι.

413 1107 560 1162 Ibid.
597 1105 697 1161 443
747 1115 795 1158 Λ
829 1106 878 1158 1.
913 1103 1015 1159 Sed
1073 1103 1214 1175 quod
1260 1103 1376 1158 toti.
1422 1106 1640 1157 Novam
1682 1099 1987 1171 periodum

341 1197 436 1252 hic
474 1195 782 1251 inchoaret
824 1193 1119 1264 interpres
1171 1194 1276 1247 hoc
1330 1191 1504 1246 modo
1541 1206 1554 1244 :
1589 1213 1616 1239 «
1653 1190 1758 1244 Per
1805 1205 1989 1244 unum

343 1299 640 1357 quemque
669 1285 1024 1354 perseverat.
1058 1279 1208 1346 Quin
1257 1284 1315 1334 et
1361 1277 1605 1349 collegio
1647 1277 1860 1347 cuique
1891 1293 1992 1348 ap-

345 1372 579 1446 pellatio
606 1388 715 1430 sua
744 1375 1122 1427 conservetur
1154 1386 1167 1424 :
1205 1390 1232 1418 ››
1259 1369 1360 1423 sed
1391 1365 1864 1422 emendationem
1888 1382 1994 1420 no-

345 1467 531 1518 stram
555 1476 691 1516 cum
713 1459 1248 1530 manuscripti,tum
1275 1457 1503 1512 Gracus
1519 1454 1782 1526 Procopii
1805 1459 1996 1510 textus

345 1551 659 1607 conﬁrmat
708 1565 843 1620 pag.
879 1549 983 1603 104
1019 1570 1039 1597 α
1078 1565 1090 1603 :
1129 1548 1292 1612 Quod
1343 1551 1400 1602 et
1432 1546 1677 1600 urbibus
1726 1545 1872 1615 ipsis
1911 1559 1998 1599 ac-

345 1640 538 1697 cidere
565 1639 852 1695 videmus.
877 1659 906 1687 »
941 1638 1100 1692 Idem
1132 1637 1421 1707 interpres
1447 1633 1707 1706 Procopii
1734 1629 1996 1686 ἀλλοιου-

352 1749 510 1802 μενον
542 1727 703 1800 λόγον
733 1729 904 1784 vertit
933 1729 1213 1783 variatum
1241 1724 1328 1780 vel
1359 1729 1650 1779 mutatum.

418 1815 538 1873 Col.
597 1815 706 1869 455
760 1813 801 1869 G
851 1815 932 1869 8.
991 1814 1262 1869 Laudatio
1321 1813 1438 1868 Dei.
1515 1811 1874 1882 Scripslmus
1933 1826 2002 1866 ex

349 1908 582 1964 duobus
631 1903 826 1975 Regiis
889 1902 1338 1974 μετονομάζεται,
1401 1918 1504 1973 pro
1565 1899 2002 1972 μετωνόμασται,

349 1995 506 2068 quod
557 1993 765 2050 habuit
822 1991 1232 2064 apographum
1293 1989 1524 2063 Anglic.
1569 1991 1736 2062 Apud
1777 1994 2005 2045 Gracos

349 2081 722 2157 Etymologos
754 2081 872 2137 sive
904 2082 964 2137 in
999 2079 1206 2152 Lexicp
1238 2081 1309 2136 de
1341 2079 1685 2136 nominibus
1706 2077 2006 2135 Hebraicis

351 2174 626 2246 legimus,
659 2167 892 2228 Ἰουδαία
941 2165 1443 2244 ἐξομολογουμένη.
1506 2174 1565 2226 S.
1614 2169 2006 2242 Hieronymus

349 2265 411 2320 in
441 2262 544 2318 lib.
575 2262 651 2318 De
694 2261 1016 2318 nominibus
1065 2260 1348 2316 Hebraicis
1379 2276 1391 2314 :
1425 2258 1456 2314 J
1466 2259 1582 2314 uda
1612 2258 1859 2314 laudatio
1890 2259 2010 2313 sive

350 2353 618 2424 confessio
647 2369 660 2420 ;
693 2353 752 2407 et
779 2348 1028 2422 epistola
1055 2349 1127 2404 25
1161 2366 1174 2405 :
1200 2372 1228 2401 «
1261 2349 1322 2406 Si
1351 2349 1382 2406 J
1393 2349 1507 2405 uda
1535 2350 1806 2420 confessio
1837 2347 2012 2403 inter-

352 2446 635 2517 pretatur,
669 2439 952 2496 conﬁtens
971 2443 1169 2495 autem
1203 2438 1398 2495 omnis
1429 2436 1631 2494 anima
1661 2436 2006 2494 credentis:-

352 2538 409 2590 et
436 2531 496 2587 in
528 2532 707 2602 caput
735 2545 869 2584 xxv:
897 2528 1065 2584 Isaia
1097 2543 1110 2584 :
1145 2551 1171 2577 «
1207 2527 1516 2583 Canticum
1566 2525 1724 2583 istud
1771 2527 1830 2582 in
1862 2531 2013 2582 terra

351 2622 503 2679 Juda
523 2621 642 2676 sive
670 2618 1059 2690 Judaa,quod
1090 2617 1517 2688 interpretatur
1549 2620 1868 2687 utrumque
1890 2631 2015 2671 con-

355 2712 538 2785 fessio.
573 2732 602 2760 »
635 2718 734 2770 n'n
765 2715 938 2765 sonat
962 2709 1179 2779 gratias
1209 2722 1394 2776 agere,
1435 2707 1708 2776 conﬁteri,
1763 2705 2010 2761 laudare.

360 2801 521 2858 Idem
557 2799 942 2871 Hieronymus
972 2796 1033 2852 in
1055 2795 1374 2852 Ezechielis
1399 2811 1528 2868 cap.
1547 2811 1730 2851 XLVII:
1758 2816 1785 2844 ‹‹
1808 2794 2018 2850 Dama-

363 2908 500 2949 scus
518 2889 762 2962 sanguis
784 2885 960 2958 sacci,
977 2889 1035 2942 et
1054 2885 1242 2942 osculi
1265 2884 1385 2942 sive
1402 2883 1619 2958 poculi,
1641 2907 1670 2935 »
1687 2887 1744 2942 et
1764 2901 1972 2940 rursus
1998 2901 2011 2940 :

365 3005 393 3034 (ι
426 2979 580 3036 inter
629 2979 1004 3045 Damascum,
1041 2975 1151 3032 hoc
1185 2978 1300 3048 est,
1343 2973 1694 3047 sanguinem
1735 2973 1929 3042 cilicii,
1960 2977 2018 3030 et

366 3069 688 3128 conﬁnium
741 3066 1077 3123 Hematum.
1113 3085 1141 3114 »
1170 3065 1330 3121 Idem
1370 3065 1428 3120 in
1479 3080 1606 3137 cap.
1640 3081 1752 3120 xvn
1804 3063 1966 3120 Isaia
1997 3079 2011 3120 :

366 3183 394 3213 «
451 3161 777 3216 Damascus
838 3156 1308 3228 interpretatur,
1368 3156 1703 3226 sanguinem
1779 3153 2012 3226 bibens,

2093 562 2165 618 de
2195 562 2528 619 vulturibus
2559 563 2795 619 feminis
2825 563 3086 634 subjicit,
3115 563 3381 619 Elianus
3411 563 3590 619 etiam
3624 580 3760 619 nar-

2095 657 2205 719 rat,
2241 651 2344 708 lib.
2376 669 2441 719 ιι,
2473 669 2601 724 cap.
2637 653 2705 708 46
2751 654 2826 708 De
2870 654 3210 709 animalibus
3261 648 3425 728 εγῦπα
3466 648 3524 706 δὶ
3555 650 3760 728 apem

2097 738 2159 796 οὕ
2187 761 2312 814 φασι
2343 740 2586 814 γενέσθαι
2627 741 2761 796 ποτε
2810 740 2976 811 ἀλλὰ,
3013 739 3239 812 θηλείας
3272 741 3480 803 ἁπάσας
3515 758 3528 798 :
3562 765 3590 793 «
3625 743 3755 798 vul-

2097 838 2288 888 turem
2318 848 2434 886 non
2476 833 2640 887 nasci
2674 849 2893 888 marem
2928 833 3115 902 aiunt,
3139 833 3240 888 sed
3267 833 3518 888 feminas
3547 849 3760 889 omnes

2096 921 2360 994 generari
2394 937 2406 976 :
2441 921 2695 977 adversa
2727 926 2926 978 austro
2948 921 3147 978 volant
3171 940 3184 989 ;
3208 921 3296 978 vel
3331 923 3380 978 si
3411 928 3615 978 auster
3641 939 3761 979 non

2099 1013 2309 1084 spirat,
2341 1013 2411 1068 ad
2445 1029 2656 1068 eurum
2706 1018 2942 1068 ventum
2993 1013 3113 1070 oris
3144 1013 3308 1070 hiatu
3344 1031 3407 1070 se
3436 1015 3706 1086 pandunt
3745 1031 3760 1071 :

2100 1101 2342 1173 spiritus
2368 1102 2522 1157 venti
2565 1101 2819 1158 inﬂuens
2850 1102 3010 1173 ipsas
3039 1101 3266 1174 implet.
3299 1124 3328 1154 ››

2172 1189 2288 1246 Col.
2323 1191 2427 1245 469
2475 1192 2514 1246 C
2569 1191 2623 1246 6.
2686 1189 3010 1265 Ἀπώγωνα.
3072 1191 3520 1248 Emendandum
3571 1209 3641 1249 ex
3684 1192 3758 1248 Η.

2105 1280 2136 1333 ἃ
2165 1279 2424 1354 πώγωνα,
2471 1300 2495 1332 α
2547 1281 2680 1344 Qua
2731 1281 2976 1336 barbam
3023 1279 3364 1353 appellavit,
3411 1303 3440 1332 »
3494 1286 3560 1338 ut
3603 1283 3765 1354 apud

2107 1369 2479 1440 Procopium,
2528 1386 2585 1441 p.
2620 1369 2726 1424 420
2759 1387 2771 1426 :
2804 1368 2911 1424 Καὶ
2959 1369 3051 1423 τὸν
3097 1369 3354 1444 πώγωνα,
3393 1371 3636 1426 τουτέστι
3666 1370 3764 1426 τὸν

2105 1458 2241 1512 κατὰ
2272 1455 2427 1534 φύσιν
2478 1455 2782 1533 ἀνθρώποις
2831 1457 3107 1534 πρέποντα
3151 1457 3358 1532 κόσμον
3392 1478 3407 1493 ο
3447 1483 3476 1513 ‹‹
3508 1463 3576 1518 Et
3624 1463 3767 1517 bar-

2108 1549 2265 1618 bam,
2299 1547 2408 1603 hoc
2439 1552 2548 1614 est,
2571 1554 3003 1617 ornamentum,
3025 1549 3181 1620 quod
3207 1549 3555 1606 naturaliter
3575 1550 3768 1607 homi-

2109 1653 2214 1692 nes
2259 1637 2442 1692 decet.
2480 1659 2508 1686 »
2541 1640 2832 1709 Interpres
2881 1637 3219 1710 scripserat,
3254 1661 3282 1689 «
3319 1639 3541 1712 absque
3585 1639 3771 1696 barba

2108 1725 2232 1782 fore
2262 1725 2428 1782 dixit.
2464 1747 2492 1776 »
2525 1731 2671 1781 Item
2714 1744 2841 1798 qua
2891 1733 3247 1799 sequuntur,
3280 1725 3313 1780 ἃ
3363 1726 3452 1781 ἐπὶ
3497 1731 3598 1793 τῆς
3623 1726 3770 1803 γινᾶ·

2109 1833 2244 1874 σεως
2267 1812 2490 1890 γίνεται,
2524 1821 2797 1884 verterat,
2827 1817 3208 1873 «secundum
3233 1817 3597 1874 nativitatem
3629 1835 3769 1875 nos-

2111 1904 2188 1960 tri
2220 1904 2642 1960 Emmanuelis.
2679 1927 2700 1954 ι

2185 1992 2305 2049 Col.
2340 1994 2437 2049 471
2473 1994 2514 2049 C
2543 1994 2596 2050 9.
2627 1994 2776 2050 Mitte
2803 1997 2961 2051 vites.
2990 1999 3137 2065 Non,
3169 2000 3234 2052 ut
3265 1997 3615 2055 Tilmannus
3644 2000 3772 2055 edi-

2115 2085 2300 2156 derat,
2333 2107 2360 2135 ‹‹
2395 2085 2556 2142 mille
2586 2086 2733 2142 vites
2763 2086 3162 2143 distraherent
3183 2088 3345 2144 mille
3375 2090 3555 2146 siclis.
3576 2113 3603 2141 »
3627 2091 3772 2147 Pro-

2117 2175 2323 2248 copius
2353 2176 2520 2247 dixit,
2560 2176 2740 2231 ΙΙᾶσαν
2792 2174 3040 2248 ἄμπελον
3091 2176 3185 2232 κᾶν
3220 2177 3406 2233 σίκλον
3440 2174 3544 2255 ἔχῃ
3576 2183 3771 2253 τιμήν,

2120 2289 2149 2318 ‹‹
2182 2267 2427 2324 Omnem
2457 2269 2634 2325 vitem
2657 2271 3039 2340 quantumvis
3057 2271 3184 2328 sicli
3214 2274 3399 2344 pretio
3421 2275 3777 2331 astimatam

2120 2357 2414 2413 desertam
2459 2362 2517 2413 et
2563 2358 2848 2414 incultam
2895 2360 3014 2416 fore
3053 2377 3067 2416 :
3105 2384 3125 2410 ι
3162 2362 3353 2417 vitem‘
3389 2363 3546 2419 enim
3578 2365 3779 2435 aptius

2121 2445 2287 2501 reddi
2319 2442 2564 2517 ἄμπελον
2598 2451 2758 2519 puto,
2782 2464 2958 2519 quam
2991 2448 3245 2520 vineam,
3273 2465 3408 2507 cum
3438 2451 3598 2510 mille
3628 2453 3783 2510 vites

2122 2535 2282 2591 siclis
2315 2536 2602 2608 pr0pheta
2631 2538 2844 2593 dixerit
2879 2538 3224 2596 astimatas.

2197 2624 2314 2680 Col.
2349 2626 2454 2680 475
2491 2632 2538 2679 A
2568 2627 2621 2680 8.
2657 2633 2888 2698 Propter
2928 2644 3138 2684 eorum.
3169 2630 3417 2703 Legerat
3465 2633 3523 2687 in
3567 2650 3680 2690 ms.
3720 2637 3778 2690 F.

2124 2714 2414 2785 interpres
2463 2710 2533 2766 δι’
2581 2711 2613 2768 ἃ
2659 2711 2720 2767 τὸ
2766 2713 3028 2783 εὐπειθές,
3071 2717 3314 2790 ideoque
3351 2725 3628 2790 verterat,
3662 2745 3691 2773 «
3722 2725 3782 2778 vi

2124 2801 2526 2873 intelligentia
2555 2802 2737 2858 fuisse
2767 2819 2802 2859 a
2821 2803 2998 2878 nobis
3031 2806 3487 2878 deprehensum,
3516 2826 3618 2881 per
3646 2828 3776 2882 qua

2125 2907 2241 2947 non
2273 2907 2488 2964 magno
2518 2891 2773 2964 negotio,
2807 2909 2934 2964 qua
2959 2895 3225 2965 subjecta
3245 2901 3404 2965 sunt,
3424 2901 3774 2970 persuaden-

2124 2984 2241 3050 tur,
2273 3001 2302 3031 »
2337 2981 2436 3036 sed
2469 2985 2762 3053 receptam
2792 2980 3100 3040 lectionem
3131 2989 3377 3041 tuentur
3403 2986 3473 3042 Η.
3506 2992 3564 3043 et
3597 2990 3770 3060 Angl.

2124 3074 2182 3126 et
2213 3069 2547 3142 exemplum
2594 3069 2936 3140 Ezechielis,
2987 3073 3142 3144 quod
3198 3074 3533 3147 subjicitur,
3568 3099 3596 3128 «
3649 3095 3777 3150 pro-

2124 3159 2312 3232 pheta
2345 3175 2477 3216 vero
2509 3159 2840 3217 obedientia
2869 3177 2904 3217 a
2931 3162 3102 3218 nobis
3133 3163 3502 3236 intelligitur.
3535 3188 3566 3218 ››

361 3253 464 3308 aut
489 3247 722 3318 sanguis
751 3247 943 3302 cilicii.
973 3263 1002 3296 ι
1068 3244 1382 3317 Propterea
1437 3243 1798 3300 correximus
1828 3243 2001 3314 infra,

2189 3267 2309 3322 Col.
2343 3267 2448 3322 487
2479 3269 2523 3322 Α
2575 3269 2629 3322 9.
2671 3269 2736 3326 Ut
2775 3270 2825 3324 si
2867 3269 3178 3342 pertrahat.
3222 3269 3558 3344 Ἑλκόμινον
3606 3275 3774 3347 dixit,

361 3361 385 3391 α
424 3339 822 3412 Superborum
881 3337 1058 3407 caput
1111 3338 1203 3391 est
1251 3333 1627 3400 exsecrabile,
1659 3351 1726 3389 ac
1763 3332 2006 3406 plenum

355 3427 684 3502 sanguinis,
717 3447 744 3476 »
781 3441 897 3481 non
930 3427 995 3480 ut
1025 3424 1339 3496 scripserat
1371 3422 1745 3492 Tilmannus,
1771 3446 1797 3473 «
1832 3426 2009 3496 caput

352 3523 444 3578 est
472 3519 711 3591 quidam
745 3514 1165 3589 sanguinarius
1191 3531 1203 3570 :
1229 3537 1255 3563 ››
1283 3529 1473 3586 neque
1495 3513 1651 3571 enim
1683 3513 1863 3568 homo
1894 3517 2004 3580 est,

352 3611 454 3668 sed
485 3607 688 3666 civitas
719 3605 895 3679 Syria
927 3603 1208 3678 primaria
1235 3603 1582 3673 Damascus,
1621 3602 1785 3659 Isaia
1815 3619 1917 3672 vn,
1948 3603 2004 3669 8,

353 3704 412 3758 et
439 3700 525 3755 ita
579 3698 642 3753 in
682 3695 934 3767 Vulgata
983 3695 1210 3752 Latina.
1263 3695 1484 3750 Rursus
1536 3692 2005 3759 emendavimus,

358 3814 387 3842 «
423 3806 525 3863 pro
556 3785 920 3861 pcenitentia,
946 3803 1075 3859 qua
1105 3785 1498 3850 existimatur,
1525 3805 1552 3832 ››
1575 3799 1691 3838 non
1718 3799 1870 3854 «pro
1893 3797 2008 3852 pa-

359 3877 604 3936 nitentia
633 3875 881 3934 solemni
927 3881 983 3932 et
1035 3875 1092 3931 in
1135 3891 1296 3932 more
1343 3873 1551 3946 posita.
1587 3892 1617 3925 »
1652 3872 1806 3928 Licet
1851 3871 2007 3928 enim

360 3969 515 4043 apud
548 3965 942 4024 Herodianum
975 3964 1048 4026 ὡς
1094 3963 1381 4036 νομίζουσι
1413 3962 1676 4034 Ῥωμαῖοι
1706 3961 1912 4033 valeat,
1947 3969 2008 4017 ut

358 4059 618 4117 Romanis
645 4073 758 4113 mos
795 4063 894 4125 est,
950 4059 1009 4111 et
1050 4053 1110 4107 τὸ
1141 4051 1505 4126 νομιζόμενον
1548 4052 1642 4120 sit,
1679 4074 1708 4102 «
1759 4052 1914 4124 quod
1945 4051 2003 4108 in

355 4165 517 4207 more
548 4147 806 4220 positum
838 4148 929 4202 est
959 4161 973 4201 :
1010 4165 1036 4194 υ
1069 4159 1204 4200 cum
1236 4147 1433 4199 tamen
1473 4145 1756 4214 sequatur
1785 4139 1882 4195 οὐκ
1913 4139 2004 4195 οὗ·

355 4260 448 4294 σαν
479 4235 536 4294 δὲ
564 4235 860 4307 ἀληθινήν,
913 4233 1124 4290 melius
1159 4232 1495 4305 accipietur,
1528 4235 1593 4287 ut
1643 4235 1812 4288 sonet
1839 4230 2001 4306 νομί-

355 4337 531 4402 ζεσθαι
583 4325 929 4395 existimari,
964 4323 1178 4395 putari,
1216 4327 1277 4378 ut
1307 4323 1364 4379 in
1413 4321 1652 4380 concilio
1683 4323 2004 4394 Gangrensi

360 4438 490 4478 can.
539 4418 654 4474 422
707 4411 778 4471 Εἴ
827 4433 911 4475 τις
958 4408 1167 4486 ἀνδρῶν
1215 4407 1303 4466 διὰ
1349 4412 1718 4485 νομιζομένην
1778 4410 2002 4482 ἄσκησιν

349 4502 691 4586 περιϐολαίῳ
721 4509 947 4580 χρῆται·
986 4524 1015 4555 ‹‹
1046 4503 1108 4559 Si
1141 4503 1274 4576 quis
1307 4501 1396 4559 vir
1425 4507 1661 4576 propter
1690 4519 1840 4575 eam,
1875 4519 2002 4575 qua

350 4599 743 4665 existimatur,
775 4593 1245 4652 exercitationem
1279 4592 1530 4650 amiculo
1562 4593 1765 4649 utitur.
1800 4614 1828 4644 ››

421 4705 540 4764 Col.
575 4705 679 4760 463
723 4705 769 4760 A
797 4705 851 4758 7.
894 4703 1167 4772 Quoniam
1225 4717 1298 4758 ea:
1340 4703 1567 4757 semine.
1622 4701 1752 4758 Hac
1796 4699 1997 4756 addita

350 4804 492 4857 sunt
518 4793 772 4854 versioni
799 4790 1118 4860 Tilmanni,
1143 4790 1422 4864 quoniam
1454 4794 1510 4846 et
1540 4789 1741 4847 Graca
1769 4789 2000 4847 inclusa

346 4886 594 4960 virgulis
626 4886 868 4942 aberant
899 4900 932 4938 a
962 4881 1140 4954 Regio
1172 4897 1283 4937 ms.
1319 4880 1380 4935 F.
1414 4885 1470 4936 et
1497 4879 1556 4934 in
1587 4881 1996 4952 sequentibus,

344 4979 408 5034 τὸ
439 4974 649 5052 διέφερε
677 4975 758 5032 sic
788 4971 1342 5045 acccpitinterpres,
1368 4974 1432 5026 ut
1464 4975 1700 5026 sonaret
1730 4970 1998 5027 eminen-

343 5068 630 5135 tiam,hoc
661 5068 887 5138 pacto,«
920 5059 1124 5118 domui
1159 5059 1472 5132 David,hoc
1494 5060 1894 5130 est,Dominus
1913 5077 2000 5118 se-

347 5158 608 5214 cundum
626 5169 886 5224 carnem,
905 5151 1060 5223 quod
1081 5149 1491 5222 praeminebat
1506 5149 1566 5204 in
1582 5149 1853 5206 universa
1869 5167 1999 5224 cog-

345 5248 580 5305 natione
604 5244 989 5315 David,idque
1006 5241 1266 5297 faustum
1282 5239 1532 5312 felixque
1556 5241 1830 5296 nuntium
1853 5250 1993 5298 est.-

417 5353 536 5411 Col.
575 5353 679 5408 466
709 5357 756 5406 Λ
783 5352 838 5407 5.
872 5351 1054 5406 Etiam
1091 5357 1402 5419 postquam.
1447 5345 1580 5403 Hac
1628 5347 1829 5404 addita
1860 5355 2000 5405 sunt

345 5442 600 5501 versioni
658 5441 876 5496 Latina
923 5439 995 5495 ob
1036 5439 1234 5493 Graca
1281 5452 1349 5491 ex
1397 5437 1654 5508 Anglicis
1699 5439 1999 5496 codicibus

348 5537 590 5601 inserta,
621 5528 758 5585 licet
789 5547 823 5584 a
850 5528 1046 5600 Regiis
1079 5525 1312 5582 duobus
1366 5527 1644 5582 abessent
1676 5543 1689 5583 :
1723 5527 1809 5581 καὶ
1868 5527 2002 5599 μετὰ

348 5626 409 5677 τὸ
439 5620 682 5696 γενέσθαι
719 5615 928 5691 μητὲρα
959 5611 1035 5669 ἔτι
1062 5613 1328 5686 παρθένος
1369 5609 1716 5686 διαμένουσα,
1749 5635 1876 5688 qua
1909 5636 1998 5674 re-

350 5717 584 5782 ceptum
632 5709 704 5764 de
752 5711 1032 5779 perpetua
1077 5703 1462 5760 sanctissima
1505 5705 1760 5777 Virginis
1793 5709 1999 5766 matris

2117 3373 2234 3411 non
2277 3351 2531 3421 ἕλκοντα,
2579 3361 2645 3412 ut
2687 3357 2959 3430 exigebat
3009 3359 3418 3432 interpretatio
3451 3361 3772 3436 Tilmanni,

2117 3467 2146 3496 «
2179 3461 2285 3502 nec
2315 3462 2451 3502 eum
2483 3446 2782 3517 pertrahat
2811 3449 2883 3502 ad
2917 3447 3240 3505 tribunalia
3261 3451 3677 3526 judicum,qui
3711 3472 3776 3511 se

2117 3535 2340 3591 exuerit
2371 3533 2458 3591 vel
2479 3534 2700 3590 tunica.
2738 3557 2760 3585 ι
2795 3535 3020 3593 Alludit
3040 3537 3325 3596 nimirum
3355 3541 3428 3596 ad
3454 3540 3597 3597 illud
3621 3546 3762 3598 Mat-

2116 3626 2252 3681 thai
2284 3643 2340 3697 v,
2389 3627 2497 3683 40:
2531 3623 2629 3678 Καὶ
2677 3629 2756 3697 τῷ
2805 3624 3018 3689 θέλοντι
3068 3636 3350 3702 κριθῆναι,
3401 3633 3491 3686 καὶ
3538 3633 3626 3688 τὸν
3673 3652 3772 3709 χι-

2114 3712 2260 3770 τῶνά
2317 3735 2412 3769 σου
2470 3709 2682 3786 λαϐεῖν,
2741 3715 2871 3793 ἄφες
2929 3716 3076 3789 αὐτῷ
3134 3719 3222 3773 καὶ
3276 3719 3340 3774 τὸ
3398 3721 3650 3794 ἱμάτιονο
3707 3727 3774 3781 Et

2114 3806 2213 3878 qui
2240 3804 2560 3861 vult'tecum
2585 3805 2643 3858 in
2665 3805 2885 3874 judicio
2907 3807 3249 3878 contendere,
3272 3817 3326 3866 et
3345 3813 3588 3868 tunicam
3614 3815 3775 3868 tuam

2116 3895 2330 3963 tollere,
2363 3894 2581 3950 dimitte
2608 3895 2663 3950 ei
2691 3901 2746 3950 et
2763 3896 3025 3966 pallium.
3050 3901 3280 3955 Rursus
3311 3901 3468 3971 quod
3501 3902 3774 3972 sequitur

2119 3982 2618 4061 βλασφημούμενον
2651 3981 2989 4058 παρακαλενῖ
3018 3991 3289 4058 verterat,
3328 4011 3349 4038 α
3385 3993 3448 4045 ut
3488 3990 3770 4063 blasphe-

2115 4096 2279 4135 mum
2313 4078 2672 4145 cohortetur,
2705 4081 2763 4132 et
2793 4095 2896 4150 pro
2926 4094 2994 4135 eo
3026 4085 3190 4153 roget
3221 4099 3234 4137 :
3271 4103 3299 4132 η
3331 4084 3492 4156 atqui
3526 4084 3649 4140 hac
3679 4102 3774 4141 ex-

2114 4185 2318 4241 pressa
2347 4171 2488 4223 sunt
2517 4181 2587 4222 ex
2618 4167 2809 4222 verbis
2839 4168 3100 4240 Apostoli
3132 4175 3154 4225 I
3179 4175 3306 4226 Cor.
3336 4188 3411 4239 Iv,
3446 4174 3512 4228 13
3548 4191 3561 4230 :
3593 4173 3771 4248 βλασ-

2115 4255 2464 4333 φημούμενοι
2513 4259 2960 4330 παρακαλοῦμεν,
2993 4259 3462 4334 blasphemamur,
3515 4272 3571 4320 et
3615 4265 3772 4321 obse-

2112 4363 2334 4402 eramus
2342 4387 2354 4400 .

2184 4436 2334 4492 Ibid.
2367 4435 2408 4491 C
2439 4437 2490 4491 4.
2524 4437 2617 4492 Est
2661 4451 2785 4492 vero
2833 4453 3114 4508 magnum.
3169 4439 3464 4512 Interpres
3514 4442 3775 4514 scripse-

2113 4531 2205 4581 rat
2233 4543 2244 4582 :
2279 4549 2306 4576 ‹‹
2341 4525 2541 4581 Timor
2571 4525 2729 4581 enim
2753 4526 2850 4581 Dei
2876 4528 3201 4584 maximum
3232 4534 3323 4586 est
3353 4537 3774 4603 argumentum

2029 4617 2078 4684 D
2110 4615 2224 4682 his,
2254 4615 2353 4687 qui
2379 4615 2730 4670 adnituntur
2751 4616 2822 4670 ad
2849 4617 3191 4673 sectandam
3211 4619 3625 4690 perfectionem
3653 4638 3775 4676 ser-

2102 4709 2236 4760 vato
2283 4709 2484 4760 tenore
2534 4702 2883 4776 disciplina.
2922 4726 2950 4754 »
2986 4704 3137 4761 Illud
3187 4722 3346 4781 vero,
3392 4709 3570 4764 πάντα
3609 4729 3773 4765 κατα-

2105 4794 2384 4862 πτήσσειν,
2419 4793 2635 4849 locutio
2667 4798 2756 4850 est
2787 4800 3070 4866 usurpata
3103 4796 3282 4853 etiam
3317 4815 3350 4854 a
3381 4799 3776 4872 Septuaginta

2106 4883 2376 4941 Proverb.
2433 4898 2635 4950 xxvui,
2694 4882 2764 4938 44
2817 4899 2830 4938 :
2891 4883 3171 4957 Μακάριος
3227 4885 3394 4956 ἀνὴρ,
3457 4887 3516 4950 ὃς
3572 4909 3709 4943 κατα
3743 4921 3772 4933 -

2105 4975 2333 5044 πτήσσει
2385 4970 2553 5026 πάντα
2601 4967 2670 5024 δι’
2715 4965 3020 5026 εὐλάϐειαν
3085 4977 3287 5032 Beatus
3337 4979 3424 5032 vir
3470 4979 3568 5050 qui
3613 4982 3774 5037 timet

2105 5065 2292 5121 omnia
2321 5062 2384 5119 ob
2413 5061 3036 5134 cautionem.Sequitur
3057 5064 3202 5120 ibid.
3234 5064 3399 5124 locus
3432 5069 3597 5124 Isaia
3618 5070 3770 5126 cita-

2106 5158 2207 5209 tus
2238 5169 2352 5208 non
2387 5157 2450 5207 ut
2490 5167 2805 5222 expressus
2847 5156 2934 5208 est
2963 5170 2997 5209 a
3031 5153 3187 5224 LXX,
3212 5155 3375 5211 Isaia
3411 5175 3610 5228 xxvm,
3653 5161 3716 5215 l6
3749 5176 3765 5215 :

2109 5239 2250 5300 Ἰδοὺ
2286 5241 2394 5316 ἐγὼ
2455 5235 2686 5314 ἐμϐαλῶ
2741 5241 2820 5302 εἲς
2861 5240 2928 5295 τὰ
2976 5241 3204 5316 Θεμέλια
3265 5246 3430 5317 Σιών,
3487 5250 3624 5305 Ecee
3670 5267 3774 5320 ego

2111 5335 2410 5389 immittam
2441 5335 2501 5388 in
2520 5331 2885 5403 fundamenta
2916 5333 3083 5390 Sion:
3111 5336 3213 5390 sed
3248 5341 3313 5392 ut
3342 5337 3558 5395 citatus
3588 5345 3678 5395 est
3699 5342 3777 5396 ab

2109 5421 2385 5495 Apostolo
2416 5422 2661 5477 Roman.
2699 5439 2775 5492 1x,
2809 5423 2877 5477 33
2908 5439 2920 5479 :
2958 5418 3098 5476 Ἰδοὺ
3130 5420 3234 5499 ἐγὼ
3281 5424 3476 5498 τίθημι
3511 5426 3564 5482 ἐν
3599 5427 3773 5486 Σιών.

2181 5530 2302 5586 Col.
2337 5530 2438 5583 494
2469 5530 2512 5583 B
2543 5529 2595 5582 6.
2629 5532 2698 5585 Et
2746 5529 2982 5586 Galilai.
3017 5530 3144 5586 Non
3185 5532 3380 5589 solum
3416 5534 3631 5603 idiota,
3667 5539 3772 5594 sed

2111 5625 2167 5676 et
2201 5619 2435 5676 natione
2465 5618 2709 5688 Galilai,
2733 5635 2848 5674 non
2873 5623 2938 5674 ut
2955 5619 3242 5692 interpres
3264 5623 3547 5694 dixerat,«
3570 5625 3773 5684 idiota

2111 5710 2329 5784 quippe
2360 5708 2630 5766 homines
2673 5707 2912 5766 Galilai.
2950 5730 2979 5760 »
3011 5711 3102 5769 Sic
3145 5712 3404 5772 Matthai
3452 5731 3607 5788 xxvr,
3649 5717 3720 5772 69
3752 5736 3766 5775 :
