4176 6384
411 381 566 442 1105

1627 386 1706 444 IN
1751 383 2156 444 COMMENT.
2203 382 2277 441 IN
2324 383 2620 444 ISAIAM.

3675 381 3840 442 1106

408 514 482 567 Et
516 515 577 568 tu
608 529 736 569 cum
781 519 915 572 Iesu
961 515 1206 574 Galilgo
1253 533 1396 574 eras.
1427 519 1576 573 Nam
1603 521 1662 572 et
1692 515 1911 587 loquela
1966 517 2064 570 tua
2094 517 2151 584 Α
2180 514 2400 570 mentio
2431 515 2507 572 III
2539 516 2764 589 Regum
2796 532 2873 588 IV,
2890 517 3078 572 21;:El
3108 515 3339 570 habebat
3363 530 3563 587 pacem
3593 529 3665 570 ea:
3687 513 3842 570 omni

406 603 772 672 manifestum
800 613 852 660 te
879 607 1036 676 facit.
1066 609 1130 662 In
1163 623 1338 679 quem
1385 607 1582 662 locum
1631 606 2023 676 Hieronymus
2056 620 2068 661 :

415 709 443 742 ιι
472 692 633 756 Quod
665 709 1031 765 unaquaeque
1062 697 1362 767 provincia
1391 700 1448 752 et
1478 695 1634 767 regio
1674 695 1889 750 habeat
1939 709 2072 765 pro-

412 779 691 850 prietates
723 799 884 853 suas,
920 792 974 839 et
1001 785 1384 841 vernaculum
1411 785 1690 856 loquendi
1724 784 1964 839 modum
1996 783 2074 837 vi-

413 876 538 924 tare
566 887 680 925 non
715 873 936 943 possit;
971 895 1000 924 »
1027 879 1083 930 et
1124 875 1291 930 Lucas
1343 892 1483 940 χχιι,
1511 874 1604 945 59,
1644 891 1775 930 nam
1820 882 1873 930 et
1923 873 2073 930 Gali-

417 959 555 1014 lmus
591 968 692 1016 est.
723 961 1022 1034 Josephus
1052 969 1269 1030 autem,
1302 964 1405 1020 lib.
1439 982 1501 1020 ιιι
1531 966 1604 1019 De
1634 964 1796 1030 bello,
1829 979 1956 1036 cap.
1989 963 2024 1016 2
2056 978 2070 1018 :

417 1044 680 1121 Μάχιμοί
729 1068 787 1102 τε
834 1051 938 1124 γὰρ
993 1049 1052 1105 ἐκ
1093 1050 1303 1122 νηπίων
1337 1053 1426 1107 καὶ
1458 1050 1662 1107 πολλοὶ
1709 1050 1938 1106 πάντοτε
1971 1055 2072 1104 Γα-

417 1133 650 1209 λιλαῖοι,
681 1137 770 1192 καὶ
815 1135 938 1194 οὕτε
989 1137 1167 1195 διιλίοι
1214 1142 1346 1196 ποτὶ
1391 1140 1519 1204 τοὺς
1552 1138 1772 1217 ἄνδρας,
1802 1137 1924 1196 οὔτε
1955 1137 2074 1194 λιι-

414 1221 673 1299 πανδρεία
700 1227 800 1295 τήν
846 1229 1036 1304 χώραν
1086 1229 1366 1306 κατέσχεν·
1402 1254 1431 1284 ι(
1463 1237 1764 1305 Pugnaces
1813 1234 1955 1286 sunt
2001 1230 2073 1285 ab

417 1315 671 1372 infantia
702 1318 942 1388 Galiltei,
978 1324 1035 1376 et
1064 1323 1226 1377 omni
1276 1326 1540 1394 tempore
1589 1321 1853 1393 plurimi,
1885 1335 2076 1390 neque

420 1411 522 1459 aut
556 1407 806 1463 formido
838 1425 1100 1480 unquam
1124 1411 1302 1480 viros,
1322 1417 1425 1468 aut
1445 1412 1704 1468 virorum
1725 1409 1971 1482 penuria
1990 1424 2075 1463 re-

419 1493 626 1565 giones
658 1495 790 1552 illas
821 1499 1148 1570 occupavit.
1183 1523 1211 1550 ››

484 1601 604 1658 Col.
639 1603 744 1656 499
777 1603 819 1658 D
850 1605 900 1658 5.
937 1607 1106 1677 Atque
1153 1606 1258 1662 illi
1303 1608 1544 1679 quidem.
1583 1612 1644 1662 In
1686 1605 1862 1678 Regio
1899 1609 1958 1658 F.
1993 1604 2078 1659 la-

413 1707 565 1746 cuna
595 1696 739 1758 erat,
767 1695 918 1764 quod
955 1695 1105 1752 duas
1136 1696 1324 1752 lineas
1360 1697 1642 1754 librarius
1675 1693 2082 1768 praetermisis-

414 1784 524 1844 set,
575 1797 724 1851 quas
768 1799 835 1837 ex
880 1783 947 1838 H.
1001 1794 1052 1839 et
1099 1786 1326 1857 Anglic.
1377 1786 1747 1842 restituimus
1795 1790 1850 1840 et
1881 1784 2079 1840 Graeco

2179 608 2337 676 parte
2367 607 2424 660 in
2454 607 2714 662 circuitu.

2254 694 2372 750 Col.
2403 697 2511 750 515
2558 696 2599 750 Β
2647 697 2732 752 13.
2767 698 2932 752 Parte
2989 697 3161 751 enim.
3222 693 3341 750 Hoc
3397 693 3718 750 maluimus
3767 692 3838 748 ad

2183 785 2799 856 verbum,quamillud
2826 781 3840 858 interpretis,«Portiunculamenim

2186 875 2374 930 tribus
2399 875 2678 930 Davidicaa
2702 875 2875 930 nihili
2897 876 3200 941 ducentes,
3219 878 3503 944 tanquam
3529 889 3657 944 quae
3681 871 3844 928 nullo

2184 965 2417 1034 negotio
2444 963 2662 1020 aboleri
2685 968 2903 1035 posset,
2929 969 2987 1021 et
3016 963 3254 1038 opprimi
3281 979 3296 1032 ;
3325 963 3463 1019 licet
3493 962 3716 1035 regiam
3747 962 3846 1017 ob-

2183 1053 2396 1110 tineret
2419 1053 2785 1126 dignitatem.
2815 1076 2842 1103 »
2864 1059 3064 1126 Neque
3085 1054 3241 1110 enim
3265 1069 3441 1109 unam
3464 1052 3685 1108 tribum
3709 1068 3845 1125 pos-

2185 1142 2415 1199 sidebat
2435 1143 2646 1198 domus
2669 1142 2875 1214 David,
2895 1144 2995 1198 sed
3023 1144 3170 1200 duas
3194 1143 3408 1212 tribus,
3430 1141 3587 1197 Juda
3615 1144 3672 1196 et
3702 1141 3847 1196 Ben-

2181 1232 2394 1304 jamin,
2422 1236 2556 1304 post
2583 1232 2971 1289 defectionem
3005 1233 3206 1288 decem
3241 1231 3660 1302 a1iarum,quae
3691 1230 3850 1286 dixe-

2186 1326 2323 1379 rant
2357 1323 2404 1378 II
2438 1321 2792 1394 Paralipom.
2826 1339 2886 1390 x,
2920 1323 2986 1377 16
3015 1339 3029 1378 :
3061 1324 3176 1379 Non
3209 1321 3464 1378 estnobis
3487 1335 3619 1393 pars
3649 1321 3706 1376 in
3739 1319 3845 1374 Da-

2186 1413 2303 1482 vid,
2334 1428 2516 1483 neque
2544 1411 2844 1469 haereditas
2873 1414 2934 1467 in
2964 1413 3080 1482 ﬁlio
3110 1413 3305 1468 Israel.

2258 1519 2376 1575 Col.
2405 1520 2512 1574 527
2537 1523 2574 1571 B
2625 1519 2679 1573 9.
2714 1518 3192 1592 Appropinquabo.
3229 1523 3347 1574 Hoc
3390 1518 3518 1574 sine
3559 1518 3846 1589 interpre-

2189 1608 2409 1664 tatione
2453 1607 2812 1664 transilierat
2854 1607 3225 1679 Tilmannus,
3258 1608 3412 1679 quod
3461 1607 3741 1663 mendose
3782 1605 3846 1662 in

2191 1702 2438 1770 utroque
2479 1697 2654 1768 Regio
2686 1698 2813 1753 cod.
2847 1697 3159 1770 legeretur,
3205 1693 3422 1769 μᾶλλον
3450 1694 3487 1763 ἢ
3510 1693 3616 1769 οὐχ
3639 1693 3844 1765 ἥττων,

2190 1803 2292 1858 pro
2321 1782 2535 1857 μᾶλλον
2566 1787 2601 1855 ἢ
2637 1786 2664 1840 ὁ
2685 1785 3314 1860 χιτών.νθῐύῐῐὶῐᾶῐᾘϐῐι
3347 1785 3683 1858 opelndicis
3698 1783 3847 1840 Grae-

414 1870 624 1937 textui,
655 1876 712 1926 et
742 1873 1073 1970 interpreti,
1099 1892 1287 1946 usque
1318 1877 1388 1932 ad
1447 1875 1549 1932 illa
1595 1876 1788 1943 verba,
1823 1897 1849 1923 «
1883 1873 1984 1946 qui
2015 1873 2074 1926 in
2108 1905 2154 1970 B
2188 1879 2242 1932 ci
2272 1875 2655 1932 Kirchmanni
2690 1877 2788 1931 diu
2811 1877 3095 1948 quaesitus
3126 1875 3222 1931 hic
3254 1875 3418 1932 locus
3449 1891 3552 1946 per
3581 1873 3848 1948 singulas

415 1975 667 2015 errorem
704 1961 1102 2032 pelliciuntur.
1124 1987 1149 2013 ››
1185 1964 1466 2021 Caeterum
1497 1965 1617 2021 haec
1649 1982 1681 2020 a
1710 1963 1950 2020 Tarasio
1970 1979 2065 2034 pa-

414 2049 673 2106 triarcha
694 2051 951 2107 citantur
980 2053 1037 2107 in
1065 2054 1236 2126 epist.
1272 2055 1344 2111 De
1373 2055 1838 2125 ordinationibus,
1871 2071 1928 2126 p.
1965 2053 2067 2107 193

410 2137 574 2194 Juris
604 2141 1079 2197 Graeco-Romani
1119 2161 1132 2198 :
1166 2146 1326 2197 τοῦτο
1367 2143 1468 2217 γάρ
1516 2141 1626 2198 ἐστι
1675 2142 1738 2197 τὸ
1766 2138 2068 2215 καταγέλα-

411 2244 558 2284 στον.
595 2229 734 2284 Vide
765 2228 939 2284 etiam
977 2231 1319 2304 Procopium
1355 2234 1413 2288 in
1449 2234 1604 2288 hunc
1637 2233 1852 2288 locum.
1886 2229 2068 2286 Paulo

410 2315 566 2374 infra
592 2319 784 2388 afflixi
807 2335 900 2376 vos
929 2338 948 2375 :
981 2321 1101 2377 haec
1133 2323 1410 2379 alludunt
1437 2325 1507 2379 ad
1539 2324 1686 2378 illud
1717 2323 2072 2378 Deuterono-

409 2407 512 2460 mii
565 2423 692 2474 VIII,
743 2409 778 2463 3
830 2426 842 2465 :
899 2409 998 2462 Καὶ
1064 2412 1350 2484 μνησθήσῃ
1406 2417 1578 2466 πᾶσαν
1632 2412 1734 2480 τὴν
1795 2407 1941 2477 ὁδὸν,
2003 2409 2066 2476 ἣν

405 2491 581 2570 ἤγαγέ
659 2516 716 2550 σε
779 2497 980 2572 Κύριος
1027 2499 1054 2554 ὁ
1120 2500 1251 2562 Θεός
1322 2521 1416 2556 σου
1475 2500 1530 2554 ἐν
1581 2504 1649 2574 τῇ
1714 2499 1930 2573 ἐρήμῳ,
1979 2496 2070 2552 καὶ

409 2582 650 2638 ἐκάκωσὲ
702 2605 782 2652 σε,
811 2587 902 2642 καὶ
961 2587 1375 2664 ἐλιμοιγχόνησὲ
1431 2598 1517 2644 σε⁴
1570 2595 1646 2647 Et
1703 2589 2073 2646 recordaberis

412 2677 591 2730 omnis
639 2677 766 2745 viae,
801 2695 898 2741 per
940 2696 1105 2750 quam
1152 2680 1320 2735 duxit
1363 2687 1414 2736 te
1444 2682 1704 2737 Domiuus
1749 2689 1870 2736 tuus
1896 2681 1958 2734 in
1987 2678 2075 2733 de-

417 2768 588 2834 serto,
611 2775 665 2820 el
694 2768 908 2837 afﬂixil
937 2777 1010 2834 le,
1041 2777 1098 2824 et
1121 2768 1315 2842 affecit
1340 2775 1395 2825 te
1422 2774 1594 2840 fame.

489 2870 610 2928 Col.
642 2872 751 2927 508
779 2878 822 2927 Β
850 2874 904 2928 8.
936 2875 1154 2947 Accepit
1176 2877 1425 2947 signum.
1458 2877 1606 2945 Non,
1644 2899 1673 2927 «
1720 2893 1788 2932 ex
1837 2891 2077 2946 compa-

419 2968 511 3016 clo
542 2960 832 3018 indictum
867 2964 1294 3036 curriculum,»
1313 2973 1378 3024 ut
1400 2972 1573 3024 antea
1603 2966 1939 3038 legebatur:
1961 2961 2080 3016 σύν-

427 3049 580 3120 Θημα
629 3052 786 3106 enim
829 3053 923 3108 hic
967 3071 1081 3110 non
1137 3061 1345 3126 sonat,
1397 3080 1426 3107 «
1477 3061 1849 3127 compactum
1903 3075 1931 3103 »
1980 3047 2082 3108 aut

433 3159 460 3192 α
491 3145 908 3213 compositum,
939 3167 960 3194 ι
984 3146 1083 3202 sed
1117 3145 1374 3220 ἀφορμῆς
1403 3150 1698 3218 σημεῖον,‹‹
1731 3145 1966 3218 signum
1991 3159 2080 3198 ex-

421 3230 716 3286 cursionis
739 3232 1104 3305 inchoandas,
1127 3257 1154 3285 »
1175 3241 1240 3291 ut
1263 3238 1417 3308 apud
1450 3235 1763 3308 Virgilium
1790 3250 1819 3287 ν
1836 3234 2072 3290 Aineida

564 3443 629 3480 ._.
667 3445 681 3480 ._
717 3445 729 3459 .
764 3445 778 3480 ε
817 3447 830 3462 .
867 3448 882 3480 .
918 3447 928 3460 .
962 3409 1185 3479 signum
1212 3407 1454 3464 clamore
1476 3409 1690 3480 paratis

555 3475 835 3549 ﬁpilydes
867 3475 1030 3555 longe
1050 3480 1219 3548 dedit,
1252 3475 1608 3551 insonuitque
1637 3478 1888 3551 ﬂagello:

407 3646 467 3698 et
499 3646 654 3715 apud
689 3645 1087 3706 Herodianum
1121 3650 1222 3707 lib.
1261 3669 1301 3707 ιι
1335 3667 1348 3706 :
1383 3650 1584 3710 Πάντες
1625 3645 1706 3724 ἐφ’
1739 3644 1814 3700 ἑνὶ
1860 3645 2061 3713 συνθή-

413 3751 542 3803 ματι
574 3728 1073 3805 συλλαμϐάνονται·
1099 3762 1127 3789 ‹‹
1161 3743 1378 3796 Omnes
1410 3757 1522 3796 uno
1553 3741 1686 3794 dato
1709 3738 1878 3809 signo
1901 3751 2060 3791 com-

410 3821 880 3892 prehenduntur.
913 3847 942 3875 »
978 3827 1318 3899 Procopius,
1352 3846 1411 3899 p.
1446 3829 1549 3883 145
1581 3845 1594 3881 :
1623 3824 1865 3899 Δρομεὺς
1897 3819 1952 3878 δὲ
1984 3821 2057 3876 ὢν

408 3908 625 3984 ἀγαθὸς,
659 3911 772 3984 ἅμα
799 3916 879 3984 τῷ
930 3915 1232 3986 συνθήματι
1280 3915 1416 3989 πρὸς
1465 3915 1528 3968 τὸ
1569 3911 1728 3972 τέλος
1781 3911 2057 3987 ἠπείγετο.

408 4020 438 4049 ‹‹
464 3999 606 4057 Cum
639 4017 772 4059 vero
796 4019 998 4060 cursor
1012 4005 1204 4060 bonus
1227 4010 1405 4076 esset,
1429 4005 1500 4060 ad
1524 4004 1702 4060 finem
1727 4004 1862 4058 dato
1889 4002 2058 4073 signo

406 4090 776 4162 properabat.
804 4115 833 4142 ››

478 4195 594 4252 Col.
626 4199 728 4255 511
761 4199 804 4254 Β
833 4201 888 4256 7.
921 4201 1106 4258 Induit
1145 4203 1315 4258 enim.
1347 4201 1769 4274 Corrigendum
1808 4199 1869 4255 in
1900 4198 2058 4256 Grie-

406 4301 473 4340 co
520 4291 681 4344 textu
727 4304 796 4345 ex
845 4307 957 4346 ms.
989 4295 1059 4346 H.
1093 4291 1153 4348 F.
1189 4286 1434 4348 Ἐνίδυσε
1485 4290 1586 4364 γάρ
1651 4309 1738 4362 με,
1787 4310 1815 4338 ‹‹
1866 4288 2062 4344 induit

405 4374 564 4430 enim
596 4393 711 4432 me.
738 4399 766 4426 »
789 4378 905 4434 Nec
935 4379 1106 4436 aliter
1124 4380 1376 4451 Vulgata
1419 4378 1605 4436 Biblia
1636 4377 1797 4434 Isaite
1823 4393 1934 4445 LXI,
1969 4377 2059 4446 10,

407 4463 509 4520 sed
544 4481 647 4536 pro
679 4463 1012 4540 εὐφροσύνης
1043 4469 1401 4526 existimavit
1431 4471 1720 4540 interpres
1751 4484 1812 4524 se
1850 4466 2060 4538 legisse

410 4548 780 4624 δικαιοσύνης,
812 4556 1013 4629 itaque
1044 4559 1448 4626 scribendum,
1485 4581 1512 4611 ‹‹
1561 4563 1618 4614 et
1668 4557 1870 4614 tunica
1912 4556 2058 4611 laeti-

410 4642 528 4714 tias,
563 4663 588 4695 ι
624 4649 690 4702 ut
722 4646 878 4718 apud
909 4648 1257 4720 Procopium
1289 4665 1346 4720 p.
1382 4649 1509 4704 148.

484 4750 606 4808 Col.
687 4753 796 4809 513
874 4755 913 4810 Β
1000 4756 1053 4812 1.
1121 4755 1511 4812 Dirimerelur.
1574 4748 2073 4826 Συναπαρτίζισθαι

416 4841 574 4898 idem
605 4842 775 4915 valet,
800 4845 957 4915 quod
988 4842 1395 4921 ἀπαρτίζεσθαι,
1434 4867 1454 4894 ιι
1491 4843 1832 4902 absolutum
1884 4841 2072 4897 reddi,

417 4933 698 4990 omnibus
725 4933 987 4989 numeris
1018 4933 1307 5007 expleri.»
1331 4935 1581 4991 Budaeus
1611 4933 1672 4989 in
1701 4935 2071 4991 Commentar.

418 5022 624 5093 p.735,
657 5043 685 5076 ιι
706 5021 884 5078 simul
905 5021 1084 5092 ﬁniri,
1107 5040 1274 5096 aequa
1294 5040 1424 5080 esse
1447 5021 1877 5096 magnitudine.
1910 5041 1938 5070 »
1967 5019 2073 5075 Hic

418 5109 600 5183 igitur
629 5116 852 5169 vertere
873 5116 1060 5185 potes,
1077 5112 1295 5170 «simul
1318 5130 1451 5170 cum
1479 5113 1610 5185 ipsa
1631 5111 1837 5168 mundi
1861 5109 2077 5168 consti-

419 5201 668 5259 tutione.
706 5225 728 5252 ι
766 5202 1029 5276 Procopii
1061 5203 1351 5275 interpres
1381 5203 1528 5258 dixit
1566 5219 1624 5275 p.
1659 5202 1757 5258 151
1797 5218 1810 5258 :
1842 5222 1871 5251 ι(
1929 5199 2076 5264 Quia

421 5291 470 5346 si
503 5308 573 5347 ex
605 5293 826 5350 mundo
855 5297 1036 5360 esset,
1065 5294 1137 5350 ab
1166 5293 1298 5366 ipsa
1328 5292 1552 5365 origine
1591 5291 1799 5348 mundi
1831 5289 2076 5364 coepisse

421 5397 731 5439 necessum
763 5382 901 5439 sit.»
927 5385 1062 5450 Quae
1085 5398 1222 5442 vero
1253 5385 1583 5454 sequuntur
1613 5381 1768 5453 apud
1800 5381 2074 5436 eumdem

426 5471 794 5544 Procopium,
827 5487 897 5528 ex
952 5471 1169 5531 Basilio
1219 5471 1304 5530 sic
1349 5471 1720 5529 emendanda
1767 5474 1926 5541 sunt,
1959 5487 2076 5522 συν-

430 5557 575 5615 έσται
630 5559 810 5616 τοίνυν
867 5559 1003 5630 αὐτὴ
1059 5564 1140 5633 τῷ
1186 5565 1314 5637 παρ’
1366 5561 1515 5634 αὖτῷ
1575 5556 1848 5632 δεξαμένῳ
1909 5555 2075 5633 μέχρι

431 5644 650 5713 παντός·
678 5671 701 5700 ι
727 5650 851 5708 Erit
872 5650 1054 5724 igitur
1079 5651 1140 5706 in
1170 5655 1520 5725 perpetuum
1549 5649 1654 5707 illa
1672 5666 1791 5706 una
1819 5664 1953 5705 cum
1987 5663 2076 5720 eo,

435 5743 536 5816 qui
566 5743 640 5801 ab
677 5742 808 5815 ipso
837 5756 962 5799 eam
1007 5741 1315 5814 acceperit.
1349 5761 1380 5793 ››
1410 5739 1578 5798 Pacis
1633 5737 1963 5798 Salomonis
2011 5737 2079 5795 ﬁt

2182 1982 2371 2035 voces,
2405 1965 2668 2020 nondum
2702 1965 2873 2020 nobis
2923 1964 3178 2020 occurrit
3229 1965 3290 2019 in
3343 1963 3668 2036 Scriptura.
3703 1963 3848 2019 Vide

2184 2054 2584 2128 proverbium,
2627 2073 2648 2102 α
2681 2053 2904 2110 Tunica
2934 2055 3193 2126 propior.
3226 2076 3255 2102 »

2253 2142 2375 2198 Col.
2406 2144 2506 2198 531
2544 2143 2670 2198 B6.
2725 2145 2790 2197 Et
2849 2143 3186 2199 Samariam.
3249 2142 3622 2214 Sequebatur
3686 2141 3845 2214 apud

2178 2233 2588 2304 interpretem,
2623 2255 2651 2283 «
2685 2232 3193 2298 Quemadmodum
3227 2235 3284 2287 et
3314 2233 3423 2288 hos
3466 2230 3616 2303 cepi,
3649 2232 3706 2284 et
3734 2228 3844 2285 hos

2179 2325 2419 2377 caeteros
2450 2337 2656 2377 omnes
2687 2322 3057 2394 principatus
3080 2321 3309 2392 capiam
3335 2337 3348 2376 :
3373 2343 3400 2371 »
3419 2321 3517 2376 sed
3549 2319 3671 2374 hac
3698 2321 3839 2388 aty-

2180 2410 2482 2482 pographo
2508 2413 2650 2466 sunt
2680 2411 2925 2479 omissa,
2943 2427 3078 2466 cum
3101 2428 3169 2466 ea
3189 2411 3383 2466 deleta
3412 2409 3593 2464 fuisse
3614 2426 3646 2464 a
3666 2406 3838 2464 nobis

2182 2503 2436 2571 putaret,
2468 2517 2586 2555 una
2614 2516 2749 2555 cum
2781 2500 2896 2572 his,
2929 2501 3145 2572 quibus
3173 2499 3464 2572 interpres
3491 2499 3836 2569 sequentem

2183 2589 2489 2661 periodum
2513 2594 2897 2661 expresserat,
2922 2590 2981 2645 in
3006 2591 3153 2646 duas
3185 2605 3489 2662 perperam
3522 2605 3556 2644 a
3595 2604 3658 2643 se
3687 2585 3834 2641 divi-

2185 2694 2309 2732 sam
2337 2695 2350 2733 :
2383 2678 2513 2732 «Ex
2545 2695 2661 2750 quo
2690 2678 2873 2750 igitur
2900 2679 3011 2734 sibi
3045 2677 3491 2750 cepit,reliquas
3508 2693 3714 2733 omnes
3735 2690 3839 2748 spe

2186 2767 2486 2838 praesumit
2516 2783 2577 2823 se
2609 2783 2782 2840 posse
2821 2769 2932 2824 sub
2967 2769 3181 2840 jugum
3215 2767 3568 2841 pertrahere.
3602 2767 3718 2822 Nec
3746 2764 3838 2820 in-

2187 2856 2354 2910 terim
2392 2855 2504 2910 iste
2531 2856 2821 2912 intellexit
2853 2857 2908 2911 id
2936 2857 3163 2913 confici.
3194 2879 3224 2908 ››

2259 2944 2376 3000 Col.
2409 2945 2515 2999 538
2555 2949 2598 2998 Β
2627 2947 2680 3000 3.
2714 2946 2779 3002 El
2837 2949 3174 3003 concutiam.
3209 2949 3503 3018 Interpres
3553 2943 3842 3010 ediderat,

2191 3055 2219 3083 ‹‹
2254 3034 2664 3104 persuadendo
2723 3035 3086 3106 pertraham,
3146 3057 3175 3086 η
3228 3035 3383 3106 quod
3443 3035 3502 3090 in
3569 3031 3844 3104 Complu-

2189 3122 2342 3177 tensi
2401 3122 2658 3178 editione
2719 3129 2896 3190 esset,
2956 3123 3150 3196 πιίσω,
3181 3125 3316 3180 licet
3371 3126 3430 3180 in
3490 3124 3551 3179 F.
3605 3122 3848 3194 legisset

2194 3208 2376 3276 σιίσω,
2398 3215 2463 3266 ut
2494 3216 2582 3268 est
2611 3212 2670 3267 in
2697 3213 2936 3285 reliquis
2967 3219 3182 3272 mss.et
3212 3215 3367 3286 apud
3400 3212 3715 3269 Eusebium
3737 3210 3842 3268 lib.

2107 3275 2150 3343 (1
2187 3316 2244 3354 ιν
2273 3301 2347 3355 De
2364 3275 2651 3356 Demonsl.
2683 3275 2876 3372 evang].
2911 3320 3036 3376 cap.
3070 3305 3105 3358 9
3138 3321 3150 3358 :
3183 3275 3310 3376 qua!
3367 3319 3503 3358 vera
3531 3306 3620 3357 est
3646 3299 3841 3365 lectio,

2171 3405 2303 3444 cum
2337 3394 2405 3445 et
2432 3389 2515 3445 ita
2543 3390 2827 3448 Vaticana
2856 3397 2914 3448 et
2958 3393 3237 3449 Marchali
3282 3393 3463 3449 codex
3517 3391 3752 3457 habeat,
3785 3393 3843 3445 et

2177 3481 2589 3554 Hieronymus,
2609 3505 2637 3533 «
2653 3489 2709 3538 et
2729 3485 2954 3540 detraxi
2977 3485 3147 3557 quasi
3171 3490 3378 3556 potens
3409 3484 3468 3538 in
3491 3479 3731 3539 sublimi
3755 3496 3842 3534 re-

2173 3570 2452 3626 sidentes.
2489 3592 2517 3620 »
2552 3571 2701 3628 Male
2733 3574 2888 3644 apud
2923 3573 3282 3630 Clementem
3315 3577 3372 3631 et
3398 3571 3716 3629 Eusebium
3735 3584 3840 3624 xm

2181 3661 2251 3714 De
2281 3669 2586 3730 prwparat.
2622 3660 2807 3730 σώσω,
2840 3685 2868 3712 ‹‹
2904 3663 3172 3720 servabo.
3210 3685 3232 3713 ιι

2241 3765 2361 3823 Col.
2393 3769 2498 3824 510
2531 3769 2573 3823 Β
2605 3770 2658 3824 9.
2692 3774 2954 3842 Namque
2978 3771 3048 3827 ab
3081 3773 3297 3829 anima.
3335 3772 3398 3827 In
3431 3768 3608 3842 Regio
3648 3771 3709 3824 F.
3753 3765 3839 3822 le-

2169 3855 2437 3929 gebatur,
2469 3855 2740 3932 ἆρξάμενοὶ
2775 3861 2871 3933 μὲν
2913 3859 3019 3928 ὑπὸ
3079 3863 3292 3936 ψυχῆς,
3325 3856 3566 3934 λήγοντα
3601 3851 3658 3910 δὶ
3689 3853 3739 3909 ἐν
3772 3857 3840 3925 τῇ

2169 3941 2380 4019 καρδίᾳ
2412 3947 2501 4001 καὶ
2537 3945 2662 4003 οὐδὲ
2695 3949 2914 4025 μέχρις.
2947 3955 3028 4008 Ex
3059 3951 3278 4024 quibus
3310 3948 3513 4007 Latine
3544 3961 3846 4019 expresse-

2168 4037 2260 4089 rat
2291 4036 2662 4111 Tilmannus,
2692 4063 2712 4089 ι
2736 4041 2807 4096 ab
2831 4041 3031 4096 anima
3062 4041 3301 4113 quidem
3321 4054 3498 4095 suum
3517 4042 3714 4094 ortum
3739 4037 3846 4091 du-

2168 4123 2378 4194 centia,
2414 4126 2473 4182 in
2509 4129 2639 4201 ipso
2672 4133 2874 4188 autem
2913 4130 3086 4187 corde
3118 4127 3636 4201 conquiescentis:
3670 4147 3701 4177 »
3742 4125 3844 4181 sed

2169 4205 2226 4268 in
2274 4213 2456 4272 altero
2488 4217 2666 4290 Regio
2709 4220 2836 4275 cod.
2870 4221 2934 4274 ll.
2971 4220 3051 4274 ita
3080 4222 3205 4275 erat
3236 4221 3301 4274 ut
3329 4234 3398 4273 ex
3426 4215 3689 4288 Anglicis
3720 4215 3842 4270 edi-

2168 4304 2296 4359 tum
2329 4310 2439 4376 est,
2469 4307 2583 4362 nisi
2617 4310 2769 4379 quod
2821 4309 3057 4365 sublato
3089 4305 3205 4377 κάί,
3233 4311 3464 4364 tantum
3514 4305 3840 4376 legebatur,

2169 4388 2296 4470 οὐδὶ
2352 4393 2572 4470 μέχρις.
2609 4398 2772 4469 Apud
2827 4397 3196 4469 Procopium,
3231 4411 3364 4469 pag.
3402 4396 3526 4464 170,
3560 4393 3628 4449 ad
3686 4392 3839 4448 hunc

2169 4466 2362 4538 locum
2394 4466 2697 4555 alluditur,
2721 4466 3024 4560 ἀρξάμενον
3063 4466 3187 4540 ἀπὸν
3215 4466 3400 4560 ᾦυχῐῆς
3426 4486 3532 4538 τῶν
3567 4480 3620 4536 ἐν
3651 4483 3731 4552 τῷ
3759 4477 3838 4552 νῷ

2170 4573 2534 4644 παθημάτων.
2587 4575 2768 4631 Paulo
2823 4580 2957 4648 post
3014 4576 3295 4632 mendose
3325 4575 3480 4631 idem
3523 4574 3591 4631 F.
3630 4571 3838 4628 habuit

2094 4647 2142 4713 D
2173 4661 2368 4737 φθόνον
2390 4680 2492 4735 pro
2510 4647 2906 4741 advexitaqiue
2935 4665 2995 4722 in
3019 4665 3217 4722 locum
3242 4663 3494 4734 invidiae,
3519 4686 3544 4713 «
3571 4662 3786 4720 caedem
3804 4681 3832 4710 ››

2186 4753 2624 4810 substituimus.

2255 4843 2372 4900 Col.
2425 4845 2528 4900 551
2591 4846 2628 4900 Α
2686 4845 2774 4902 45.
2807 4844 3093 4918 Siquidem
3149 4845 3275 4900 alii.
3309 4841 3455 4898 Male
3488 4842 3838 4897 immutaret

2184 4931 2306 4987 hac
2337 4933 2690 5007 interpres,«
2716 4935 3015 5008 Siquidem
3040 4933 3264 4990 Hebraei
3297 4933 3572 4989 videntur
3591 4931 3837 5003 propius

2185 5022 2480 5080 accedere.
2517 5046 2537 5073 ι
2573 5024 2774 5098 Neque
2805 5025 2960 5082 enim
2993 5025 3266 5080 Hebraeos
3297 5021 3564 5093 designat
3593 5019 3842 5076 Basilius

2185 5110 2285 5165 sed
2316 5115 2546 5170 Graecos
2576 5113 2926 5187 interpretes
2986 5112 3271 5185 Aquilam,
3319 5109 3737 5185 Symmachum
3787 5114 3845 5166 et

2184 5198 2670 5268 Theodotionem,
2712 5220 2848 5259 cum
2881 5204 2965 5260 ait
3012 5204 3064 5256 ot
3108 5198 3294 5270 ἄλλοι,
3339 5199 3844 5274 quemadmodum

2185 5305 2366 5360 supra
2397 5289 2528 5365 ὅπερ
2559 5287 2735 5366 ἕτεροι
2779 5289 3162 5348 ἐκδεδώκασιν.
3192 5292 3266 5348 Ut
3313 5291 3372 5346 in
3427 5288 3597 5345 illum
3647 5289 3845 5344 locum

2186 5381 2596 5436 annotavimus
2613 5398 2626 5436 :
2644 5385 2702 5436 et
2719 5381 2873 5439 infra
2893 5388 3284 5439 consentanea
3315 5379 3671 5452 respondere
3693 5383 3846 5450 Apo-

2186 5467 2334 5524 stolo
2355 5471 2771 5542 Symmachum
2792 5475 2850 5528 et
2863 5471 3325 5528 Theodotionem
3349 5469 3460 5525 sub
3483 5469 3663 5525 finem
3685 5467 3844 5540 capi-

2187 5558 2266 5614 tis
2294 5559 2470 5616 istius
2501 5560 2668 5616 dixit.

2258 5647 2376 5705 Col.
2439 5650 2545 5704 555
2599 5652 2646 5706 A
2701 5650 2756 5706 5.
2818 5649 3092 5719 Gloriﬁco.
3135 5650 3285 5717 Non,
3345 5651 3410 5704 ut
3465 5649 3637 5703 antea
3690 5648 3836 5711 erat,

2193 5758 2214 5786 α
2231 5736 2598 5810 gloriﬁcabo:
2618 5761 2647 5789 »
2668 5734 2876 5808 δοξάζω
2897 5738 3056 5795 enim
3079 5738 3251 5795 dixit:
3267 5751 3606 5810 quanquam
3625 5734 3683 5790 in
3707 5733 3836 5806 ipso
