4176 6386
400 362 557 423 1107

1609 365 1846 426 ΝΟΤΛΕ
1887 366 2332 427 FRONTONIS
2375 366 2636 428 DUC/El

3664 367 3826 429 “08

395 496 716 568 Scriptum
738 500 902 552 textu
927 497 1150 551 editum
1186 499 1295 561 est,
1322 496 1344 550 Ι
1376 499 1514 567 Reg.
1538 498 1681 567 11,30
1710 515 1726 553 :
1760 500 1882 555 Ὅτι
1918 495 2046 551 ἀλλ’

2163 499 2595 556 emendandum
2629 500 2840 555 suadet
2861 495 3461 572 ἐπιτεταμένως,ςοοᾶ
3482 499 3543 556 ἱιι
3565 516 3677 557 usu
3709 505 3821 568 est,

397 583 433 653 ἢ
491 582 619 648 τοὺς
674 582 990 657 δοξάζοντάς
1050 605 1116 657 με
1193 581 1438 653 δοξάσω·
1501 588 1776 655 Quoniam
1831 590 2059 644 nonnisi

393 676 775 745 clariﬁcantes
802 693 889 732 me
915 677 1253 747 gloriﬁcabo.
1279 675 1401 739 Quo
1433 682 1603 748 pacto
1633 678 1809 733 etiam
1842 677 2058 733 citatur

393 762 551 820 idem
587 765 755 823 locus
784 765 939 821 infra
969 764 1076 821 col.
1543 811 1557 837 ,
1592 766 1675 820 ὅτι
1725 765 1851 827 τοὺς
1895 763 2052 836 δοξά-

399 856 609 921 ζοντας.

466 942 584 999 Col.
619 944 724 997 558
782 943 824 997 B
878 944 965 998 12.
1002 945 1112 1000 Tati
1165 943 1391 1001 mundo.
1429 948 1510 1001 Ad
1571 946 1816 1002 verbum
1874 950 2052 1014 esset,

398 1053 428 1082 ‹‹
457 1049 591 1088 cum
615 1036 737 1088 toto
770 1034 992 1088 mundo
1024 1032 1306 1089 cruciﬁxa
1331 1034 1410 1089 sit
1444 1052 1457 1090 :
1494 1057 1520 1084 υ
1553 1036 1708 1107 quod
1732 1036 2052 1092 obscurum

392 1125 505 1192 est,
529 1126 587 1178 et
609 1139 644 1177 a
671 1120 950 1194 ProcOpio
975 1122 1443 1194 pemtermissum
1465 1140 1564 1193 ;ex
1590 1141 1705 1197 quo
1737 1130 1931 1181 tamen
1948 1125 2053 1180 im-

394 1211 758 1268 mutavimus
788 1211 1334 1284 interpretationem
1361 1229 1586 1281 eorum,
1620 1231 1750 1287 quae
1777 1214 1935 1270 hunc
1963 1214 2051 1270 lo-

393 1315 527 1355 cum
554 1300 975 1373 sequebantur,
1008 1322 1030 1349 c
1058 1301 1232 1373 inque
1255 1302 1448 1358 medio
1471 1304 1690 1360 efﬁcaci
1713 1305 1842 1376 ejus
1863 1305 2052 1360 virtu-

390 1394 447 1445 te
472 1390 543 1445 ad
569 1391 718 1445 ﬁnes
742 1406 931 1462 usque
946 1396 1203 1462 quatuor
1223 1393 1477 1463 partium
1503 1395 1709 1450 mundi
1731 1412 1794 1451 se
1816 1400 2049 1467 proten-

390 1479 582 1547 dente,
615 1500 645 1530 ››
669 1483 727 1535 et
770 1480 986 1551 pagina
1018 1481 1287 1551 sequenti
1335 1482 1672 1539 addidimus
1704 1484 2050 1556 interpreta-

388 1568 560 1639 tioni,
596 1591 623 1619 ‹‹
657 1586 727 1623 ex
757 1567 958 1637 Israel,
987 1569 1085 1641 qui
1120 1568 1336 1626 dicitur
1366 1571 1706 1643 Ephraim,»
1744 1574 2051 1646 expunctis

391 1656 514 1713 illis
543 1658 759 1722 verbis,
786 1680 814 1707 ‹‹
846 1658 963 1713 veri
998 1657 1295 1714 lsraelitze.
1331 1682 1360 1709 ››
1394 1660 1603 1716 Decem
1647 1663 1801 1717 enim
1837 1663 2049 1733 tribus,

390 1761 521 1817 quas
555 1746 780 1802 familia
822 1746 1055 1802 Davidis
1104 1748 1455 1817 defecerant,
1492 1754 1550 1804 et
1597 1750 1922 1806 Samariam
1959 1767 2052 1805 ur-

2168 606 2283 644 non
2335 586 2795 663 ἐπιτεταγμένους,
2845 605 3036 661 neque
3071 586 3556 663 ἐπιτετευγμένως.
3607 590 3824 647 Proco-

2165 678 2302 750 pius
2361 680 2508 735 dixit
2565 680 2985 753 compendiose
3039 696 3094 751 p.
3125 680 3228 734 195
3261 696 3275 734 :
3307 677 3460 740 Ἑνὸς
3494 678 3598 752 γὰρ
3628 674 3820 756 ἄμφω,

2163 767 2329 821 αἰνεῖν
2357 788 2416 821 τε
2444 768 2532 822 καὶ
2565 764 2803 838 δοξάζειν
2834 767 3043 830 καλῶς·
3061 791 3089 819 «
3115 768 3302 826 Unius
3318 769 3475 826 enim
3498 774 3823 842 utrumque

2164 866 2273 924 est,
2305 858 2491 930 gloria
2519 864 2577 916 et
2608 858 2782 916 laude
2812 864 2966 917 recte
2997 859 3254 916 afﬁcere.
3289 881 3319 911 η

2233 964 2352 1020 Col.
2402 966 2510 1020 565
2540 966 2582 1021 B
2626 966 2676 1020 4.
2729 965 3006 1021 Sublevat.
3066 966 3277 1039 Aptius
3333 966 3822 1039 interpretabere,

2162 1054 2430 1108 Dominus
2459 1054 2675 1109 exultat
2714 1055 2913 1126 justas.
2945 1053 3121 1125 Atqui
3181 1054 3338 1125 apud
3383 1053 3660 1109 Davidem
3707 1053 3820 1110 ali-

2160 1147 2250 1197 ter
2279 1142 2518 1198 efi‘ertur
2547 1141 2641 1197 hic
2668 1141 2855 1210 locus,
2875 1143 2960 1199 ~ad
2995 1158 3168 1214 quem
3191 1142 3451 1199 alludere
3466 1142 3699 1199 videtur
3718 1146 3825 1198 Ba-

2162 1230 2354 1299 silius,
2389 1232 2620 1303 psalmo
2647 1248 2815 1303 CXLV,
2842 1232 2877 1286 8
2914 1248 2928 1288 :
2963 1230 3164 1305 Κύριος
3196 1231 3418 1306 ἀνορθοῖ
3443 1229 3825 1306 κατεῤῥαγμὲ-

2159 1340 2306 1388 νους,
2360 1318 2555 1394 Κύριος
2616 1321 2795 1396 ἀγαπᾷ
2851 1316 3115 1382 δικαίους·
3154 1324 3432 1377 Dominus
3488 1323 3662 1393 erigit
3713 1324 3822 1378 eti-

2160 1426 2245 1465 sos
2275 1427 2294 1465 :
2319 1411 2580 1465 Dominus
2610 1410 2803 1479 diligit
2842 1411 3034 1478 iustos.
3074 1412 3342 1466 Fortasse
3394 1410 3827 1466 observabatur

2162 1501 2343 1556 menti
2377 1500 2633 1557 auctoris
2678 1501 2775 1556 ille
2823 1500 2970 1556 alter
3012 1501 3280 1557 Proverb.
3312 1517 3472 1567 xvm,
3505 1502 3572 1556 10
3602 1518 3617 1558 :
3652 1498 3821 1572 Αὐτῷ

2161 1584 2219 1642 δὲ
2248 1586 2690 1663 προσδραμόντες
2740 1584 2942 1643 δίκαιοι
2995 1588 3278 1662 ὑψοῦνται·
3313 1594 3673 1646 Accurrentes
3712 1606 3818 1646 au-

2161 1682 2267 1733 tem
2299 1681 2408 1750 ipsi
2434 1680 2566 1747 iusti
2592 1678 2935 1735 emoliuntur.

2231 1768 2350 1823 Col.
2381 1769 2489 1823 568
2521 1768 2565 1823 D
2618 1769 2668 1823 l.
2703 1767 3090 1823 Educandum.
3133 1767 3336 1824 Verior
3377 1767 3501 1823 hac
3548 1767 3720 1824 lectio
3751 1768 3818 1826 F.

388 1836 521 1891 hem
548 1835 711 1907 regni
733 1836 1076 1907 primariam
1103 1838 1551 1905 constituerant,
1569 1839 1745 1895 Israel
1768 1841 2046 1896 vocaban-

2163 1860 2216 1913 et
2246 1858 2307 1911 A.
2341 1854 2673 1932 ἀνατροφῆς,
2709 1873 2885 1927 quam
2935 1856 3033 1911 illa
3078 1857 3146 1912 Η.
3197 1855 3563 1929 ἀναστροφῆς,
3593 1878 3621 1908 ι(
3668 1873 3816 1913 con-

387 1927 486 1979 tur
544 1928 601 1979 et
654 1924 956 1996 prraim,
984 1928 1040 1980 et
1070 1926 1283 1981 domus
1312 1926 1550 1999 Joseph,
1586 1932 1649 1983 ut
1677 1929 1965 1985 Zachariae
1990 1947 2046 2000 x,

397 2013 551 2084 quod
576 2012 855 2071 nimirum
879 2013 1056 2085 primi
1083 2014 1284 2070 decem
1310 2016 1571 2073 tribuum
1596 2034 1759 2088 leges
1781 2035 1851 2073 ex
1887 2019 2049 2074 tribu

394 2101 674 2173 Ephraim
741 2103 851 2158 orti
910 2108 1126 2159 essent.
1187 2104 1436 2176 Cyrillus
1495 2107 1554 2162 in
1605 2108 1795 2163 loses
1832 2125 1845 2164 :
1886 2109 2046 2161 Ὅταν

394 2188 598 2264 ἀκούῃς
675 2194 783 2244 τῶν
864 2190 1030 2266 ἁγίων
1118 2197 1415 2269 προφητῶν
1499 2193 1879 2268 ὀνομαζόντων
1951 2197 2044 2251 τὸν

394 2277 618 2353 Ἰσραὴλ
676 2278 801 2349 ἤτοι
861 2280 955 2335 τὸν
1011 2281 1274 2358 Ἐφραὶμ,
1304 2278 1427 2337 τότε
1483 2280 1549 2354 δή
1614 2306 1707 2357 μοι
1759 2284 1869 2340 νόει
1920 2286 2049 2351 τοὺς

393 2364 447 2422 ἐν
504 2371 573 2441 τῇ
634 2368 931 2442 Σαμαρείᾳ·
966 2393 996 2421 ‹‹
1047 2375 1187 2428 Cum
1241 2373 1408 2430 audis
1453 2379 1688 2432 sanctos
1733 2376 2045 2448 prophetas

392 2458 766 2515 nominantes
796 2457 973 2515 Israel
1004 2460 1437 2533 siveprraim,
1458 2462 2046 2521 Samaritanosintel-

388 2546 522 2619 lige.
557 2569 587 2599 »

462 2634 584 2692 Col.
606 2636 713 2690 559
754 2639 793 2690 C
835 2638 921 2692 14.
950 2644 1210 2695 Αηιηιοη.
1244 2638 1347 2694 llic
1375 2639 1591 2697 lineam
1638 2641 1924 2714 integram
1969 2643 2044 2699 li-

390 2723 625 2781 brarius
649 2725 806 2795 Regii
827 2725 1049 2783 codicis
1071 2727 1132 2784 F.
1153 2730 1452 2801 omiserat,
1473 2747 1650 2801 quam
1683 2731 1746 2786 Η.
1770 2737 1829 2787 et
1855 2735 1920 2788 A.
1954 2750 2043 2790 re-

391 2818 727 2884 praesentat.
769 2814 829 2869 In
874 2815 1071 2871 codice
1102 2834 1215 2873 ms.
1260 2818 1448 2890 Regina
1485 2819 1850 2876 bibliotheca:
1883 2822 2043 2877 Lexi-

393 2918 527 2958 cum
542 2902 805 2959 Graecum
831 2904 1139 2962 nominum
1166 2906 1580 2964 Hebraicorum
1606 2909 2046 2984 sicintcrpreta-

392 2995 509 3059 tur,
573 2990 803 3064 Ἀμμὼν
865 2990 925 3046 ἐκ
978 2997 1077 3046 τοῦ
1127 2992 1312 3068 γένους
1381 3016 1510 3068 μου,
1573 2998 1849 3069 Ἀμανῖτις
1912 2999 2043 3062 λαὸς

390 3081 579 3152 ἡμῶν,
617 3099 641 3130 ι
678 3085 930 3139 Ammon
961 3100 1029 3139 ex
1058 3100 1267 3156 genere
1300 3090 1759 3155 meo,Amanitis
1790 3091 2044 3163 populus

392 3174 626 3239 noster;
653 3192 681 3222 »
705 3172 1173 3242 etHieronymus
1206 3175 1261 3230 in
1289 3192 1417 3247 cap.
1450 3177 1837 3246 111Nahum,«
1874 3181 2042 3236 Moab

391 3258 816 3332 interpretatur
844 3277 914 3316 ea:
937 3264 1335 3332 patre,junior
1355 3281 1487 3321 vero
1515 3274 1761 3324 Ammon
1784 3270 1868 3326 vel
1892 3272 2042 3341 ﬁlius

392 3350 615 3419 generis
644 3351 779 3417 mei,
810 3351 897 3407 vel
922 3353 1161 3423 populus
1190 3362 1393 3411 noster.
1423 3377 1453 3407 ››

461 3455 583 3513 Col.
641 3457 750 3512 562
807 3462 852 3512 D
897 3459 951 3514 5.
1012 3460 1079 3515 Et
1124 3465 1243 3530 post
1291 3461 1403 3517 hac
1455 3463 1661 3522 educet.
1721 3472 2047 3524 Annotarat

391 3544 452 3601 in
476 3546 743 3618 margine
763 3546 1131 3621 Tilmannus,
1156 3573 1184 3600 ‹‹
1209 3567 1312 3622 pro
1338 3548 1500 3616 τέλος
1527 3552 1654 3627 lege
1681 3554 1744 3609 τὸ
1775 3555 1912 3632 φῶς,
1939 3580 1958 3606 ι
1986 3561 2046 3613 et

392 3635 819 3706 Interpretatus
840 3642 982 3708 erat,
1013 3658 1038 3690 ιι
1060 3638 1251 3696 Faciet
1272 3641 1561 3712 judicium
1588 3661 1808 3714 meum,
1833 3649 1891 3700 et
1914 3651 2048 3716 post

392 3721 504 3778 hoc
533 3723 742 3780 educet
772 3742 865 3781 me
899 3726 951 3781 in
989 3726 1174 3784 lucem
1195 3745 1205 3782 :
1230 3732 1439 3802 nquasi
1465 3731 1745 3789 nimirum
1763 3733 2045 3790 substitui

391 3810 565 3869 vellet
593 3829 681 3882 ea,
715 3830 841 3884 quae
872 3817 1028 3887 apud
1057 3818 1359 3874 Michaeam
1393 3820 1737 3892 prephetam
1770 3821 2048 3894 leguntur

391 3900 947 3973 Mich.vn,9:_xai
1006 3906 1226 3975 ποιήσει
1282 3905 1344 3960 τὸ
1393 3906 1568 3982 κρῖμά
1626 3929 1753 3980 μου,
1812 3909 1903 3964 καὶ
1961 3909 2044 3983 ἐξ·

394 3986 504 4059 άξει
541 4009 609 4063 με
639 3987 716 4053 εἷς
745 3990 809 4045 τὸ
840 3994 976 4070 φῶς.
1009 3992 1126 4052 Nos
1158 3999 1363 4053 contra
1412 3997 1680 4054 codicum
1729 3999 2043 4072 Regiorum

393 4083 451 4136 et
467 4079 1043 4151 Anglic.consensum
1063 4083 1210 4140 nihil
1227 4086 1664 4143 immutandum
1681 4091 2044 4149 censuimus.

395 4186 529 4225 cum
563 4188 716 4244 saepe
740 4171 925 4229 soleat
955 4172 1207 4229 Basilius
1238 4173 1325 4231 vel
1350 4174 1585 4232 fallente
1620 4180 1923 4252 memoria,
1956 4182 2045 4237 vel

393 4275 460 4317 ex
521 4259 653 4317 aliis
710 4262 1017 4335 prophetis
1061 4261 1173 4318 alia
1218 4264 1394 4321 verba
1442 4266 1745 4335 inferente,
1777 4270 2046 4327 nonnihil

393 4347 713 4407 immutata
732 4352 911 4408 unius
939 4351 1117 4408 verba
1147 4354 1424 4425 prolerre.
1461 4356 1606 4414 Nam
1647 4363 1704 4413 et
1750 4361 1902 4432 apud
1935 4360 2046 4416 Job

400 4436 657 4509 legimus
705 4441 932 4511 xxm,7
967 4456 979 4496 :
1017 4440 1293 4517 Ἐξάγαγοι
1356 4439 1411 4497 δὲ
1469 4442 1544 4506 εἷς
1601 4442 1759 4509 τέλος
1823 4468 1928 4520 μου
1982 4447 2047 4503 τὸ

394 4529 606 4599 κρῖμα·
656 4528 867 4585 Educat
933 4535 1127 4587 autem
1179 4533 1239 4587 in
1298 4534 1466 4604 ﬁnem
1500 4536 1783 4607 judicium
1838 4554 2043 4606 meum,

2159 1950 2506 2003 versatione.
2542 1969 2571 1998 ››
2606 1946 2782 2002 Paulo
2812 1950 2945 2019 post
2975 1946 3031 2003 in
3064 1947 3124 2002 F.
3173 1950 3232 2002 et
3277 1946 3345 2001 Η.
3396 1941 3643 2020 axona“
3694 1962 3817 2002 non

2160 2032 2408 2110 ὀχρῶδες
2442 2035 2727 2107 scriptum
2762 2036 2893 2101 fuit,
2913 2039 2979 2091 ut
3006 2035 3065 2091 in
3092 2035 3205 2091 alio
3228 2035 3818 2108 apographo.Proco-

2159 2125 2291 2198 pius
2310 2126 2455 2181 dixit
2477 2143 2532 2198 p.
2554 2126 2663 2180 202
2687 2143 2699 2180 :
2725 2125 2817 2194 Μὴ
2851 2123 3230 2199 ἀπόκρημνον,
3260 2130 3320 2181 et
3349 2125 3815 2198 ejusinterprcs,

2163 2236 2190 2269 α
2221 2233 2335 2271 non
2369 2220 2732 2288 praeruptum
2764 2219 2867 2270 aut
2896 2214 3292 2287 praecipitem;
3328 2236 3351 2266 ι
3396 2214 3499 2269 sed
3546 2212 3813 2280 ὑπτιότη-

2153 2324 2221 2358 τα
2254 2322 2366 2360 non
2396 2304 2540 2360 satis
2572 2310 2709 2376 apte
2736 2303 2928 2372 vertit,
2948 2326 2975 2354 ‹‹
3012 2302 3431 2359 humilitatem.
3454 2325 3476 2351 ι
3499 2302 3706 2374 Itaque
3728 2318 3815 2358 re-

2155 2394 2535 2449 scribendum
2593 2392 2848 2459 videtur,
2881 2414 2909 2443 «
2968 2408 3079 2447 sua
3129 2398 3325 2448 tamen
3378 2390 3624 2463 planitie
3654 2390 3713 2445 in
3745 2408 3816 2447 eo

2156 2483 2535 2538 manentibus
2591 2498 2888 2537 securum.
2944 2503 2972 2532 »
3006 2481 3226 2537 Ibidem
3285 2498 3391 2553 pro
3448 2476 3817 2556 ἀκροσφαλεῖς

2154 2572 2508 2627 existimavit
2527 2571 2875 2626 Tilmannus
2905 2585 2969 2626 se
2994 2570 3207 2642 legisse
3224 2565 3505 2644 ἀσφαλεῖς,
3531 2585 3666 2625 cum
3689 2585 3816 2625 ver-

2154 2661 2246 2729 tit,
2284 2680 2306 2709 ι
2341 2659 2533 2715 reddit
2565 2660 2812 2716 tutiores
2840 2658 3069 2730 bis,qui
3101 2658 3427 2714 ascendunt
3454 2657 3764 2728 stationes,
3785 2680 3808 2706 ι

2156 2749 2326 2823 plane
2357 2750 2645 2806 contrario
2676 2765 2876 2805 sensu.
2903 2748 3202 2804 Postremo
3220 2762 3324 2819 pro
3343 2751 3508 2815 νοῆτε
3535 2752 3594 2804 et
3613 2741 3814 2820 διηγῆ-

2156 2837 2265 2909 σθε,
2299 2836 2601 2911 legebatur
2631 2837 2691 2893 in
2725 2835 2790 2894 H.
2821 2840 2964 2891 νοεῖν
2999 2842 3058 2893 et
3086 2831 3403 2910 διηγῆσθαι.

2226 2945 2347 3003 Col.
2382 2947 2487 3003 574
2518 2946 2558 3001 C
2589 2945 2644 2999 3.
2693 2945 2860 3013 Reges
2906 2959 3055 3000 vero.
3118 2944 3411 3016 Interpres
3468 2942 3809 3014 scripserat,

2156 3059 2183 3087 ‹‹
2218 3052 2382 3107 reges
2429 3052 2592 3104 vero,
2623 3034 2724 3106 qui
2774 3035 2845 3090 ad
2892 3031 3189 3105 pastorale
3230 3032 3492 3105 regimen
3539 3031 3810 3088 Ecclesiae

2155 3124 2476 3196 eliguntur.
2515 3146 2541 3173 ››
2572 3122 2746 3195 Atqui
2796 3121 2947 3177 nihil
2998 3123 3112 3178 tale
3142 3123 3214 3178 de
3244 3122 3581 3194 pastoribus
3611 3122 3817 3177 Greca

2075 3241 2139 3307 Cr
2159 3218 2398 3307 sonant,
2418 3229 2525 3269 nec
2547 3212 2715 3307 aliter
2749 3211 2922 3307 habet
2950 3210 3269 3307 Procopius
3300 3211 3479 3307 p.201:
3508 3226 3524 3267 :
3557 3209 3653 3264 Ὧν
3681 3206 3818 3307 τοὺς

2159 3299 2446 3363 ἐκλεκτοὺς
2485 3298 2743 3375 βασιλέας
2773 3297 2949 3354 καλεῖο
2986 3321 3015 3350 ι(
3037 3301 3297 3364 Quarum
3320 3300 3390 3356 de
3412 3314 3685 3369 numero,
3708 3299 3810 3371 qui

2154 3392 2364 3448 delecti
2385 3398 2545 3459 sunt,
2570 3408 2737 3463 reges
2756 3407 2877 3460 eos,
2902 3396 3185 3461 tanquam
3217 3389 3382 3462 regni
3422 3388 3573 3444 ﬁlios
3605 3388 3814 3461 appel-

2154 3482 2258 3537 lat.
2293 3504 2322 3532 »
2355 3481 2582 3536 Rursus
2613 3481 2831 3537 ibidem
2865 3479 3330 3549 immutavimus,
3346 3478 3502 3551 quod
3526 3479 3815 3549 sequeba-

2155 3578 2273 3641 tur,
2290 3593 2315 3621 «
2345 3573 2486 3643 quia
2505 3586 2612 3625 vox
2633 3570 2939 3642 gigantum
2965 3570 3168 3641 utique
3197 3570 3462 3641 gentium
3484 3567 3808 3622 multarum

2155 3676 2296 3716 voce
2326 3659 2682 3731 azquipollet.
2718 3681 2747 3708 »ι

2227 3748 2477 3804 (101.575
2528 3749 2569 3802 A
2615 3749 2701 3803 10.
2736 3746 3108 3819 lnﬁdelitatis.
3146 3746 3474 3819 Legebatur
3523 3746 3583 3801 in
3614 3749 3675 3799 F.
3708 3764 3813 3798 πο-

2154 3841 2326 3909 νηροῦ
2384 3836 2572 3908 θυρεός
2628 3834 2767 3891 ἐστιν
2825 3834 3070 3891 ἀπιστία.
3128 3836 3478 3892 Tilmannus
3542 3839 3817 3900 verterat,

2159 3951 2181 3977 ι
2205 3927 2435 4000 reprobi
2459 3926 2698 3999 clypeos
2719 3926 3037 3982 inﬁdelitas
3064 3931 3155 3982 est
3188 3943 3202 3982 :
3238 3950 3260 3978 ι
3299 3930 3361 3980 at
3384 3925 3445 3980 in
3479 3924 3547 3980 Η.
3577 3928 3724 3991 erat,
3748 3928 3818 3978 ut

2155 4018 2448 4074 edidimus
2475 4035 2487 4074 :
2512 4018 2604 4073 cui
2627 4018 2990 4089 suffragatur
3014 4015 3158 4071 illud
3182 4014 3520 4087 Procopiip.
3539 4014 3815 4073 204ετοῒς

2158 4107 2253 4179 μὲν
2310 4104 2499 4180 θυρεός
2558 4103 2667 4160 ἐστι
2726 4103 2982 4177 πίστεως,
3011 4109 3130 4166 τοῖς
3182 4100 3241 4158 δὲ
3281 4102 3553 4165 ἀπιστίας.
3585 4102 3820 4159 Alludit

2156 4198 2228 4253 ad
2287 4196 2432 4251 illud
2486 4195 2700 4268 Ephes.
2747 4211 2828 4264 VI,
2872 4196 2940 4251 16
2972 4210 2985 4251 2
3020 4187 3415 4250 Ἀναλαόόντες
3468 4192 3565 4247 τὸν
3619 4191 3815 4265 Θυρεὸν

2154 4290 2254 4354 τῆς
2278 4282 2534 4346 πίστεωςο
2562 4286 2914 4341 Assumentes
2965 4286 3183 4340 scutum
3240 4283 3393 4356 ﬁdei.
3428 4285 3574 4338 Item
3634 4279 3815 4353 paulo

2158 4381 2290 4448 post
2318 4377 2378 4431 in
2419 4375 2481 4431 F.
2517 4380 2645 4431 erat
2671 4371 2997 4449 ἐπαγγελίαν
3026 4376 3229 4443 κακῶν,
3268 4396 3291 4424 ι
3325 4371 3620 4430 malorum
3644 4369 3821 4442 polli-

2156 4465 2506 4533 citationem,
2559 4487 2588 4516 »
2647 4474 2706 4522 at
2763 4465 2831 4521 H.
2890 4460 3251 4539 ἀπαγγελίαν,
3307 4462 3817 4519 denuntiationem.

2158 4554 2332 4611 Porro
2364 4554 2533 4624 illud,
2570 4558 2629 4610 ut
2672 4553 2901 4627 spiritus
2929 4553 3117 4609 saluus
3142 4552 3259 4623 ﬁat,
3292 4555 3384 4608 est
3410 4551 3437 4607 l
3467 4548 3729 4607 Corinth.
3754 4565 3818 4618 v,

378 4612 454 4672 'et
482 4616 776 4674 Habacuc.
818 4635 859 4686 I,
884 4619 916 4673 4
948 4636 960 4675 :
995 4618 1098 4674 Καὶ
1140 4618 1202 4675 οὗ
1253 4619 1545 4699 διεξάγεται
1605 4623 1679 4686 εἷς
1720 4622 1880 4688 τέλος
1934 4631 2046 4702 κρῖ-

2163 4645 2208 4699 5.
2238 4644 2318 4701 De
2350 4612 2629 4718 Phygello
2668 4612 2890 4700 mentio
2919 4643 2988 4698 ﬁt
3027 4643 3079 4698 ιι
3119 4612 3192 4698 ad
3215 4612 3474 4698 'Ilimoth.
3506 4656 3547 4711 ι,
3576 4639 3662 4695 15.
3697 4612 3816 4695 Sed

401 4722 495 4777 μα·
529 4705 637 4762 Nec
660 4706 949 4765 deducitur
977 4712 1035 4766 in
1064 4711 1227 4782 ﬁnem
1251 4713 1546 4784 judicium.
1582 4715 1806 4771 Citatur
1835 4717 2048 4773 deinde

396 4793 565 4852 locus
594 4812 664 4853 ex
694 4798 925 4870 psalmo
954 4816 1053 4868 cn,
1079 4802 1133 4870 9,
1163 4803 1261 4857 ubi
1299 4803 1561 4874 Vulgata,
1594 4822 1773 4877 neque
1803 4807 1859 4861 in
1892 4810 2046 4862 aeter-

394 4900 531 4942 num
560 4889 1007 4947 comminabatur.

466 4989 588 5046 Col.
621 4991 735 5047 564
756 4991 799 5048 Β
832 4995 886 5050 7.
918 4994 998 5049 Ad
1037 4994 1182 5049 idem
1209 4996 1377 5051 cnim.
1406 4999 1468 5053 In
1513 4997 1663 5056 libro
1712 5000 1887 5072 Regio
1929 5019 2039 5060 ms.

395 5081 790 5154 perscriptum
841 5083 954 5139 fuit
993 5079 1233 5152 δοξάζειν
1280 5104 1337 5138 τε
1380 5084 1856 5163 ἐπιτετευγμένως,
1889 5094 2045 5151 unde

394 5168 686 5243 interpres
708 5171 1015 5238 extulerat,
1038 5196 1064 5222 ‹‹
1086 5174 1166 5227 Ad
1194 5191 1292 5230 cor
1318 5175 1552 5246 quidem
1578 5177 1771 5249 ipsum
1796 5188 2040 5255 spectat,

393 5262 463 5315 ut
507 5259 793 5331 gloriﬁcet
848 5262 1032 5318 Deum
1092 5262 1362 5333 obnoxie,
1393 5281 1459 5320 ac
1503 5283 1802 5325 servorum
1835 5271 1949 5327 ritu
1982 5272 2042 5327 in

392 5348 719 5421 psalmodis
748 5353 1080 5409 concinat.»
1113 5352 1558 5427 Ἐπιτεταγμὲνοι
1590 5368 1727 5415 sunt
1759 5359 1815 5416 in
1834 5360 2046 5433 Vulga-

391 5437 472 5493 tis
503 5437 724 5497 Lexicis
761 5464 781 5492 ι
817 5442 1040 5499 subditi
1070 5466 1091 5493 ι
1122 5442 1211 5499 vel
1247 5466 1276 5493 «
1309 5444 1587 5514 ministri,
1612 5468 1633 5498 ι
1659 5452 2041 5520 quamobrem

392 5522 826 5602 ἐπιτεταγμένους
854 5532 1087 5589 videtur
1115 5531 1484 5591 existimasse
1512 5539 1921 5613 corrigendum
1950 5555 2042 5595 es-

392 5632 458 5674 se
487 5616 857 5692 Tilmannus,
890 5626 1066 5694 atque
1109 5623 1191 5678 ita
1218 5638 1462 5695 prorsus
1494 5627 1729 5686 exhibet
1758 5628 2042 5699 scriptum

391 5704 543 5766 alter
565 5707 786 5779 Regius
805 5709 874 5767 Η.
901 5710 1315 5770 Verumtamen
1329 5714 1512 5773 series
1536 5716 1667 5789 ipsa
1687 5717 2040 5777 narrationis

2154 4734 2433 4791 dicuntur
2453 4734 2652 4791 traditi
2677 4737 2906 4791 Satanm
2923 4732 3279 4805 Hymenaeus
3294 4728 3724 4788 etAlexanderI
3740 4728 3818 4785 ad

2154 4824 2413 4881 Timoth.
2446 4840 2488 4893 1,
2516 4825 2610 4881 20.

2224 4914 2482 4971 001.582
2529 4915 2575 4970 A
2630 4914 2687 4969 2.
2724 4912 2998 4970 Salvator.
3050 4910 3176 4968 Non
3237 4913 3309 4967 ut
3357 4913 3531 4968 antea
3583 4908 3819 4966 editum

2153 5003 2285 5070 fuit,
2315 5006 2380 5059 Et
2424 5002 2582 5059 homo
2631 5004 2823 5075 gratia
2877 5001 3187 5058 Saluatoris
3230 5000 3344 5057 dici
3385 5000 3558 5073 possit
3584 4998 3817 5056 nobilis.

2151 5091 2267 5150 Nec
2316 5092 2497 5163 aliter
2550 5089 2766 5165 legitur
2821 5091 2880 5148 in
2931 5091 3002 5149 Η.
3051 5106 3229 5163 quam
3280 5090 3309 5146 ὁ
3359 5086 3497 5144 κατὰ
3518 5080 3628 5142 κτὸν
3684 5091 3818 5141 Σω-

2150 5181 2433 5253 τῆρα,ερά
2469 5181 2717 5239 fortasse
2754 5180 2973 5238 rectius
3011 5180 3167 5254 apud
3207 5179 3582 5252 Procopium,
3601 5195 3661 5251 ρ,
3680 5177 3819 5249 208,

2152 5269 2409 5342 ascripta
2450 5274 2539 5328 est
2566 5270 2725 5328 varia
2775 5270 2948 5328 lectio
2995 5268 3086 5324 καὶ
3126 5268 3154 5323 ὁ
3181 5268 3321 5324 κατὰ
3370 5271 3546 5344 σάρκα
3599 5263 3820 5340 ἄνθρω-

2151 5379 2278 5429 πος,
2307 5365 2366 5417 et
2413 5361 2633 5418 idcirco
2673 5361 2967 5435 interpres
3016 5360 3316 5417 Cur-terius
3346 5359 3564 5417 vertit:
3599 5378 3624 5410 ι
3658 5356 3817 5428 Ipse

2154 5453 2463 5524 prepterea
2496 5452 2824 5509 secundum
2851 5466 3089 5508 carnem
3119 5449 3297 5507 homo
3327 5449 3512 5507 relato
3543 5448 3618 5506 ad
3634 5446 3823 5503 Davi-

2152 5540 2285 5595 dem
2313 5555 2526 5613 genere
2548 5541 2787 5598 nobilis.
2814 5561 2838 5592 ι
2864 5543 2951 5597 Ita
2974 5556 3129 5613 saepe
3158 5540 3316 5613 apud
3347 5538 3597 5595 Paulum
3619 5533 3826 5609 appel-

2152 5628 2267 5685 lari
2326 5631 2551 5689 scimus
2606 5630 2930 5701 Christum,
2964 5625 3025 5684 tu
3087 5627 3397 5704 σπέρματος
3457 5620 3625 5682 Δαϐὶδ
3672 5620 3821 5679 κατᾶ

2155 5734 2350 5794 capita,
2403 5720 2654 5779 Roman.
2702 5735 2745 5793 ι,
2794 5721 2870 5792 3;
2928 5724 2990 5777 et
3062 5716 3373 5796 ιγνώχαμιν
3438 5716 3577 5774 κατᾶ
3639 5713 3823 5788 σάρκα
