4176 6396
440 395 597 455 “09

1636 394 1712 454 IN
1763 391 2173 453 COMMENT.
2220 393 2297 452 ΙΝ
2346 392 2638 454 ISAIAM.

436 526 693 601 Χριστόν,
754 526 777 581 I
833 526 1098 583 Corinth.
1158 545 1225 599 v,
1281 528 1387 583 16.
1448 526 1623 584 Paulo
1682 531 1814 600 post
1866 525 2063 582 nonni-

2193 543 2359 597 τρως,
2401 545 2423 574 α
2457 542 2590 582 cum
2638 541 2938 597 mensura,
2986 525 3309 591 moderate,
3354 545 3385 576 »
3429 523 3522 581 vel
3571 526 3637 581 ut
3664 526 3755 581 est
3782 525 3848 579 ut

434 616 518 673 hil
576 633 789 673 sensus
846 616 1201 673 immutatus
1259 620 1370 688 est,
1401 616 1526 670 ’ὁταν
1560 612 1650 669 διὰ
1696 614 1758 669 τὸ
1806 610 2089 690 προσεγγί-

437 710 568 775 ζειν,
600 729 629 758 ‹‹
662 706 893 779 quoties
926 724 1031 763 uos
1059 706 1222 779 ipsos
1246 707 1318 763 ab
1349 723 1416 764 eo
1438 704 1932 779 elongaverimus,
1956 721 2084 777 pro-

435 797 796 870 pinquamus
829 796 1179 869 perditioni;
1213 818 1242 847 »
1274 801 1335 852 at
1363 796 1423 851 in
1455 794 1684 869 psalmo
1715 812 1957 865 Lxxxvu,
1994 794 2079 861 19,

436 905 465 935 ‹‹
499 884 602 957 qui
632 883 865 957 elogant
889 901 951 941 se
984 892 1018 941 a
1045 889 1123 956 te,
1154 884 1446 958 peribunt.
1481 906 1511 936 »

502 973 620 1030 Col.
650 974 759 1030 586
787 974 828 1030 G
859 975 947 1031 15.
978 976 1238 1035 Orionem
1266 993 1392 1047 app.
1428 975 1622 1030 Alium
1648 973 1919 1031 eliciebat
1948 989 2079 1029 sen-

434 1079 568 1119 sum
597 1062 879 1133 Tilman.,
913 1086 941 1115 «
960 1063 1061 1136 qui
1084 1063 1170 1121 vel
1193 1069 1341 1121 teste
1363 1064 1667 1136 Scriptura
1687 1063 1862 1120 Orion
1889 1061 2079 1119 nomi-

432 1156 607 1209 natus
628 1156 737 1221 est,
761 1152 918 1224 quod
942 1152 1001 1209 in
1027 1169 1212 1209 unum
1231 1170 1443 1226 corpus
1465 1157 1805 1226 compactos
1827 1152 1956 1208 sit.»
1982 1152 2079 1207 At-

428 1242 530 1312 qui
550 1258 844 1313 nusquam
873 1241 930 1296 id
963 1245 1213 1299 testatur
1241 1242 1560 1314 Scriptura,
1592 1245 1821 1298 tantum
1844 1239 2078 1296 Orionis

429 1330 696 1386 meminit
749 1331 860 1386 Job
909 1348 1145 1399 xxxvm,
1199 1332 1260 1387 3l
1302 1349 1314 1386 :
1367 1330 1467 1386 Καὶ
1519 1330 1767 1404 φραγμὸν
1819 1328 2076 1403 Ὠρίωνος

422 1416 662 1491 ἤνοιξαςο
697 1424 760 1476 El
789 1432 1001 1492 septum
1033 1421 1251 1478 Orionis
1283 1423 1571 1494 aperuisti.
1614 1420 1838 1475 Rursus
1871 1420 1929 1475 in
1962 1420 2076 1474 line

425 1508 650 1582 paginae
680 1507 875 1580 μεταξὺ
894 1508 1014 1563 ’τῶν
1050 1512 1253 1583 μερῶν,
1289 1513 1558 1576 verterat,
1591 1508 1758 1580 quasi
1814 1513 1988 1574 esset,
2020 1505 2071 1561 ἐν

426 1596 573 1670 μὲσῳ
592 1600 698 1651 τῶν
735 1600 940 1671 μερῶν,
973 1600 1157 1654 media
1189 1599 1247 1653 in
1277 1606 1439 1670 parte
1472 1597 1712 1655 Orionis.
1767 1598 1876 1652 Sed
1929 1603 2073 1653 Ara-

426 1693 521 1743 tus
551 1704 667 1743 non
691 1686 844 1743 inter
876 1692 1071 1759 partes
1111 1687 1366 1755 Orionis,
1420 1705 1625 1743 verum
1674 1686 1826 1742 inter
1876 1692 2073 1759 partes

420 1775 855 1849 Arctophylacis
887 1794 986 1832 seu
1022 1777 1212 1832 Bootae
1244 1776 1491 1834 collocat
1518 1779 1854 1832 Arcturum.

568 1880 672 1955 ᾄπὸ
705 1881 847 1955 ζώνῃ
878 1878 936 1936 δὲ
965 1882 1017 1937 οἱ
1050 1882 1214 1955 αὐτὸς

421 1954 507 2025 Ἐξ
538 1950 727 2010 ἄλλων
754 1950 1083 2030 ’κιρκτοῦρος
1116 1953 1386 2009 ἑλίσσεται
1407 1950 1657 2031 ἀμφαδὸν
1690 1955 1885 2027 ἀστήρ·

414 2050 571 2136 quod
604 2063 800 2120 Cicero
829 2063 914 2119 ita
938 2064 1130 2131 vertit,

557 2170 694 2226 Huic
721 2174 904 2226 autem
930 2174 1117 2227 subter
1146 2169 1454 2242 praecordia
1483 2171 1600 2240 ﬁxa
1628 2170 1854 2227 videlur

558 2243 731 2298 Stella
757 2244 971 2299 micans
1000 2244 1178 2299 radiis
1208 2244 1471 2298 Arcturus
1499 2244 1725 2298 nomine
1744 2243 1910 2299 dicta.

411 2350 571 2405 Idem
609 2354 819 2404 Aratus
842 2349 912 2405 ab
934 2349 1378 2422 ArctOphylace,
1405 2367 1507 2406 seu
1532 2354 1725 2418 Boote,
1749 2350 2064 2423 distinguit

407 2436 498 2493 τὸν
537 2436 702 2512 μέγαν
737 2436 1027 2511 Ὡρίωνα,«
1059 2456 1336 2510 magnum
1358 2440 1681 2509 Orionem,»
1703 2456 1874 2511 quem
1899 2455 2061 2495 eum«

411 2528 543 2584 dem
571 2544 701 2584 esse
717 2544 852 2584 cum
869 2532 1047 2585 Boote
1062 2529 1154 2585 hic
1177 2529 1257 2584 ait
1274 2528 1548 2584 Basilius.
1574 2529 1781 2585 Noster
1794 2546 1924 2585 vero
1937 2528 2060 2585 Cla-

409 2618 540 2673 vius
558 2617 615 2672 in
641 2617 1086 2674 commentariis
1113 2618 1168 2673 in
1192 2618 1470 2690 Sphzram
1498 2619 1746 2675 Joannis
1769 2620 1839 2674 de
1853 2622 2060 2674 Sacro-

411 2707 590 2763 bosco
615 2707 803 2762 Bootae
827 2723 930 2763 seu
952 2707 1364 2781 Arctophylaci
1387 2707 1818 2765 constellationi
1843 2709 2060 2780 quintis

408 2796 619 2852 tribuit
658 2795 858 2852 stellas
896 2797 1041 2853 duas
1077 2803 1135 2853 et
1164 2797 1392 2869 viginti,
1426 2798 1608 2853 tertias
1633 2796 2057 2871 magnitudinis

406 2891 681 2958 quatuor,
713 2889 934 2957 quartas
965 2903 1197 2958 novem,
1230 2888 1453 2960 quintae
1481 2887 1621 2943 item
1654 2904 1881 2955 novom,
1916 2902 2056 2959 que-

408 2976 793 3031 madmodum
824 2975 921 3032 hic
950 2976 1227 3045 Basilius,
1261 2978 1363 3033 sed
1394 2976 1593 3033 Orioni
1625 2976 2059 3033 constellationi

405 3063 716 3120 tricesima:
749 3064 970 3136 quintae
998 3064 1238 3137 inpertit
1264 3064 1466 3121 stellas
1518 3082 1760 3120 numero
1817 3066 2061 3137 triginta

406 3157 557 3219 octo,
592 3152 789 3223 primas
822 3153 1249 3226 magnitudinis
1281 3155 1447 3223 duas,
1479 3155 1750 3209 secundae
1782 3158 2055 3226 quatuor,

408 3242 594 3330 tertiae
628 3247 780 3313 octo,
812 3248 1031 3314 quartae
1053 3243 1412 3315 quindecim,
1444 3249 1618 3300 sextae
1650 3243 1931 3316 quinque.
1964 3260 2058 3300 ne-
2086 3264 2128 3330 ρ

406 3329 674 3386 bulosam
709 3348 910 3387 unam.

478 3418 597 3474 Col.
628 3420 734 3475 587
763 3422 812 3476 A
840 3422 1012 3489 2.Qui
1041 3421 1405 3477 nimirum.ln
1438 3421 1735 3478 F.tantum
1759 3426 1902 3493 erat,
1925 3417 2053 3490 ἔξω·

412 3516 496 3569 θεν
529 3503 885 3576 δηλονότι,ΘΧ
916 3511 1133 3584 quibus
1165 3510 1518 3568 Tilmannus
1535 3516 2055 3582 expresserat,uas-

407 3601 727 3667 sectantur,
763 3603 907 3669 puta
940 3600 1180 3670 llcbrtei,
1215 3601 1315 3672 qui
1348 3600 1551 3656 isthmc
1593 3618 1808 3656 arcana
1833 3608 2054 3655 naturae

409 3686 581 3741 anxio
608 3685 806 3741 labore
846 3694 1361 3758 commentantur;
1394 3709 1422 3742 ιι
1459 3696 1518 3746 at
1547 3689 1602 3744 in
1637 3690 1704 3745 Η.
1732 3686 1921 3759 ἔξωθεν
1948 3691 2053 3743 τῶν

406 3774 533 3847 παρ’
588 3766 857 3848 Ἑϐραίων
898 3770 1160 3843 δηλονότι
1212 3775 1845 3853 πολυπραγμονούντων,
1897 3784 1952 3836 et
1997 3779 2057 3835 in

406 3861 638 3934 Anglic.
676 3865 738 3917 ut
768 3862 1097 3932 edidimus;
1133 3863 1330 3934 itaque
1371 3866 1638 3937 repetitio
1665 3867 1894 3922 articuli
1925 3885 2058 3924 sen-

406 3966 541 4006 sum
573 3950 869 4008 immutat.
930 3952 1110 4007 Porro
1142 3952 1299 4008 idem
1335 3955 1400 4009 ll.
1437 3970 1540 4023 pro
1588 3952 1883 4028 ὑπόκιρρον
1911 3955 2059 4011 scri-

406 4044 573 4112 ptum
606 4039 872 4096 exhibuit
903 4040 1213 4116 ὑπόκειρον,
1240 4042 1455 4114 Regius
1486 4042 1631 4098 alter
1663 4045 1723 4099 Ρ.
1756 4040 2056 4117 ὑπόκηρον·

406 4129 509 4184 sed
540 4129 830 4201 interpres
856 4134 1013 4186 recte
1042 4130 1191 4186 vidit
1228 4131 1667 4187 emendandum
1720 4128 2054 4205 ὑπόπυρρον,

406 4232 544 4273 cum
576 4240 605 4269 ‹‹
638 4219 1055 4277 subrufescens
1076 4237 1106 4273 ο
1132 4219 1485 4292 vertit,quod
1514 4221 1669 4293 apud
1694 4220 2056 4277 Aristotelem

407 4307 718 4379 reperitur,
770 4315 828 4365 et
874 4308 1295 4383 interpretatur
1338 4308 1561 4367 Plinius
1610 4333 1638 4361 ‹‹
1672 4310 1866 4367 mellei
1898 4310 2058 4369 colo-

406 4392 509 4451 ris.
545 4420 567 4448 ι
614 4396 863 4453 Pleiadis
895 4399 1165 4455 meminit
1190 4400 1301 4455 Job
1332 4416 1458 4472 cap.
1493 4417 1571 4467 ιχ,
1600 4401 1659 4455 9.

478 4484 622 4541 Ibid.
656 4486 697 4542 Ο
726 4487 816 4556 42,
849 4487 1203 4546 Maledictus.
1236 4489 1357 4544 Etsi
1392 4489 1606 4561 Regius
1636 4490 1698 4546 F.
1747 4490 2059 4547 exhibebat

409 4568 803 4650 ἰπικατάρατος
850 4576 1098 4647 Χαναὰν,
1159 4582 1356 4634 tamen
1421 4595 1617 4635 errore
1686 4578 1881 4636 nescio
1941 4596 2055 4651 quo

2192 614 2404 671 Joann.
2440 614 2528 670 34.
2562 613 2621 669 ἐκ
2653 614 2873 691 μέτρου,
2905 613 2976 671 ad
3003 630 3345 671 mensuram.

2264 701 2384 759 Col.
2416 704 2521 783 _599
2552 709 2588 757 Β
2619 706 2669 759 3.
2707 706 2888 775 Quare
2924 704 3189 761 absolute.
3242 702 3535 761 Omiserat
3582 702 3678 758 hic
3725 704 3844 759 tres

2192 792 2379 851 lineas
2401 794 2617 867 Regius
2637 795 2915 850 librarius
2940 794 2999 849 in
3020 799 3105 861 F.,
3129 794 3378 866 ideoque
3400 791 3749 849 Tilmannus
3774 806 3845 847 ex

2193 884 2390 941 codice
2421 883 2631 941 mutilo
2658 888 2930 953 verterat,
2967 905 2996 936 «
3028 900 3212 956 quare
3241 900 3311 940 ea
3341 882 3842 954 vastitas,quanto

2191 977 2349 1029 esset
2369 977 2633 1047 tempore
2653 974 2958 1044 duratura,
2989 973 3260 1031 absolute
3287 990 3406 1030 non
3435 970 3687 1046 aperuit.
3714 969 3841 1026 Non

2189 1063 2348 1120 enim
2379 1063 2503 1121 illo.
2538 1086 2567 1114 ››
2599 1064 2827 1121 Rursus
2859 1064 3012 1121 intra
3040 1080 3143 1137 pro
3174 1058 3579 1129 ἀποτελεῖσθαι,
3613 1063 3678 1116 ut
3701 1057 3843 1116 scri-

2187 1161 2353 1226 ptum
2375 1153 2487 1209 fuit
2505 1154 2566 1209 in
2590 1154 2679 1223 F.,
2707 1152 3064 1211 existimavit
3094 1153 3385 1225 interpres
3407 1167 3470 1209 se
3490 1150 3704 1224 legisse
3734 1145 3840 1202 ἀπ-

2187 1238 2453 1312 ολεῖσθαι,
2486 1260 2622 1300 cum
2652 1244 2848 1315 vertit,
2889 1262 2912 1293 ι
2945 1243 3128 1300 semel
3155 1242 3428 1315 disrupta
3457 1257 3575 1298 non
3619 1238 3840 1296 sinitur

2185 1333 2469 1404 deperire.
2505 1355 2528 1387 ο
2564 1333 2865 1390 Contrario
2897 1333 3069 1405 plane
3096 1350 3313 1389 sensu:
3347 1354 3376 1383 ‹‹
3411 1347 3548 1388 nam
3582 1329 3642 1385 in
3688 1327 3836 1385 locis

2185 1422 2461 1478 habitatis
2508 1424 2699 1496 perire
2742 1423 2978 1491 dicitur,
3029 1426 3092 1478 ut
3123 1422 3275 1493 apud
3308 1419 3653 1493 Procopium
3701 1435 3832 1491 pag.

2182 1512 2326 1567 2l8:
2362 1511 2543 1575 Εἳωθε
2570 1510 3028 1586 παραθραύεσθαι,
3062 1534 3091 1564 ‹‹
3126 1512 3282 1567 unde
3337 1509 3499 1565 illam
3542 1506 3833 1580 disrumpi

2184 1600 2578 1674 dissiparique
2607 1602 2913 1674 contingit.
2949 1624 2979 1655 ι.

2253 1708 2371 1764 Col.
2405 1709 2512 1764 602
2534 1710 2581 1765 A
2612 1710 2701 1766 lO.
2737 1709 3060 1766 Obscenum.
3093 1713 3202 1765 Pro
3230 1702 3466 1761 κάθυλαν
3495 1705 3557 1762 in
3596 1720 3708 1761 ms.
3741 1704 3830 1770 F.,

2181 1799 2552 1856 emendatius
2582 1798 2641 1855 in
2672 1799 2806 1855 aliis
2829 1796 3067 1853 κάθυλον
3098 1796 3426 1870 legebatur,
3459 1795 3615 1868 quod
3634 1798 3831 1850 tamen

2102 1893 2149 1956 Β
2181 1887 2253 1942 ab
2284 1883 2561 1954 ὑλακτεῖν,
2594 1888 2751 1959 quod
2774 1893 2865 1945 est
2893 1908 2922 1939 «
2952 1887 3188 1953 latrare,
3222 1907 3252 1936 »
3303 1902 3421 1942 non
3477 1883 3826 1941 deducitur:

2181 1992 2251 2032 ne
2282 1993 2415 2032 cum
2447 1977 2761 2033 Tilmanno
2790 1977 2886 2033 hic
2919 1980 3133 2038 vertas.
3167 1998 3196 2028 «
3228 1974 3552 2042 oblatrans,
3585 1995 3615 2024 »
3646 1973 3749 2031 sed
3765 1970 3830 2027 τὸ

2176 2059 2391 2133 ἔνυλον,
2424 2063 2461 2134 ἢ
2495 2064 2705 2137 ὑλικὸν,
2747 2065 2783 2134 ἢ
2820 2063 3035 2134 ὑλαῖον,
3068 2088 3098 2118 ‹‹
3133 2065 3288 2138 quod
3323 2061 3623 2120 materiale
3652 2066 3763 2133 est,
3799 2083 3824 2114 υ

2178 2152 2538 2230 ιιιπρόσυλον
2573 2179 2603 2208 ί(
2643 2156 2797 2228 quod
2833 2154 3092 2212 materia
3124 2153 3403 2224 adhaeret,
3430 2151 3587 2224 quod
3616 2168 3828 2208 carna-

2174 2244 2226 2300 le
2249 2250 2359 2310 est,
2391 2267 2421 2296 »
2453 2247 2524 2302 ab
2555 2242 2660 2315 ὕλη
2697 2245 2850 2317 quod
2888 2245 3042 2317 apud
3071 2242 3373 2316 theologos
3403 2242 3608 2298 sordes
3634 2240 3827 2297 faeces-

2173 2350 2288 2405 que
2310 2335 2644 2391 mundanas
2667 2334 2982 2407 signiﬁcat.
3006 2332 3099 2390 Sic
3124 2332 3413 2404 interpres
3434 2329 3701 2402 Procopii
3723 2324 3823 2399 δη·-

2172 2419 2284 2476 λῶν
2312 2422 2547 2479 κάθυλον
2573 2422 2663 2478 καὶ
2704 2421 3084 2496 ἐσκοτισμένον
3114 2417 3396 2495 ίδοιίμονα,
3442 2442 3470 2471 ‹‹
3521 2424 3586 2475 ut
3614 2420 3824 2476 obsce-

2173 2529 2313 2567 num
2335 2517 2394 2569 et
2413 2513 2801 2586 caliginosum
2823 2513 3148 2568 daemonem
3177 2510 3529 2590 indicaret.»
3551 2509 3643 2565 Sic
3664 2508 3821 2582 apud

2173 2602 2526 2674 llesycbium
2586 2600 2991 2672 καθυλομανεῖν
3051 2605 3140 2657 est
3195 2596 3333 2669 ὕλην
3387 2595 3535 2673 ἔχειν
3576 2595 3819 2667 πολλήν.

2169 2691 2331 2755 Quod
2366 2695 2561 2746 autem
2593 2691 2858 2763 sequitur
2885 2690 2956 2746 de
3010 2687 3446 2759 onocentauris,
3498 2687 3647 2744 hanc
3694 2702 3825 2742 esse

2172 2779 2417 2836 alteram
2452 2781 2788 2836 daamonum
2808 2779 3273 2852 speciem,quam
3298 2776 3508 2850 reliqui
3537 2776 3823 2849 interpre-

2170 2872 2259 2925 tes
2288 2869 2670 2924 nominarunt
2718 2869 3005 2924 Hebraica
3053 2885 3186 2924 voce
3233 2867 3404 2936 Siim,
3454 2866 3527 2922 ab
3574 2864 3820 2921 Eusebio

2170 2973 2407 3030 quoque
2464 2958 2744 3013 traditum
2776 2962 2865 3014 est
2893 2949 3177 3013 citato'in
3234 2955 3489 3012 editione
3514 2954 3820 3024 Vaticana,

2168 3042 2285 3097 ἀντί
2332 3047 2429 3098 τοῖ’)
2481 3044 2863 3119 ἀνοκὲνταυροι
2912 3042 3070 3098 σείειν
3121 3040 3448 3117 ἀνέγραψαν,
3500 3064 3529 3092 ››
3588 3043 3658 3098 Et
3713 3058 3818 3114 pro

2168 3134 2549 3191 onocentauri
2582 3135 2950 3207 scripserunt
2979 3134 3114 3190 siim
3148 3156 3177 3184 »
3204 3152 3217 3190 :
3248 3133 3403 3207 quod
3437 3139 3631 3188 tamen
3679 3148 3819 3191 con-

2168 3223 2376 3279 sistere
2426 3240 2542 3278 non
2594 3228 2785 3296 potest
2814 3240 2948 3278 cum
2978 3239 3066 3290 eo,
3100 3222 3258 3295 quod
3288 3221 3504 3278 ibidem
3551 3221 3632 3276 ait
3660 3220 3818 3276 idem

2168 3312 2475 3382 Eusebius,
2509 3312 2649 3367 Ἀντὶ
2681 3316 2778 3366 τοῦ
2810 3312 2975 3387 θηρία
3004 3310 3162 3366 σείειν
3210 3311 3262 3365 οἱ
3302 3308 3490 3366 λοιποὶ
3546 3309 3816 3385 ἑρμηνευ-

2162 3403 2249 3455 ταὶ
2283 3398 2631 3472 ἐκδεδώκασι,
2671 3426 2691 3453 ι
2720 3407 2825 3459 Pro
2850 3403 3067 3474 bestiae,
3089 3402 3279 3458 caeteri
3311 3401 3662 3474 interpretes
3693 3399 3816 3455 edi-

2165 3493 2378 3548 derunt
2409 3493 2522 3548 siin
2560 3509 2620 3548 nu:
2652 3509 2839 3564 neque
2870 3493 3013 3549 adeo
3042 3508 3176 3549 cum
3207 3492 3336 3564 ipso
3366 3495 3527 3546 textu
3552 3490 3811 3562 Hebraeo,

2166 3598 2234 3637 ex
2265 3598 2381 3654 quo
2412 3583 2712 3654 Pagninns
2747 3592 2882 3643 om:
2911 3584 3064 3637 lsiim
3105 3581 3308 3637 Latine
3350 3578 3578 3648 extulit,
3632 3579 3813 3635 bestia:

2165 3674 2478 3737 silvestres,
2537 3675 2594 3726 et
2669 3689 2773 3743 pro
2851 3682 3074 3737 DWW
3155 3671 3444 3742 seghirim,
3518 3669 3817 3735 desinones,

2168 3760 2335 3816 Arias
2363 3764 2674 3817 Montanus
2706 3777 2840 3816 cum
2864 3760 3093 3833 Aquila,
3119 3761 3289 3833 pilosi
3325 3762 3385 3815 at
3432 3757 3821 3831 Septuaginta

2169 3847 2573 3922 ὀνοκὲνταυροι.
2610 3854 2910 3905 Postremo
2954 3849 3121 3918 illud,
3175 3848 3309 3920 μετὰ
3354 3847 3453 3916 τὴν
3514 3844 3817 3922 ἐρήμωσιν,

2166 3938 2475 4009 vertimus,
2506 3946 2791 4010 postquam
2821 3939 3051 3995 redacta
3094 3940 3266 4011 fuerit
3312 3939 3376 3993 in
3433 3937 3819 4002 solitudinem,

2171 4030 2236 4081 ut
2264 4031 2437 4081 antea
2464 4031 2608 4098 erat,
2642 4031 2705 4083 ut
2734 4028 2879 4084 locus
2908 4030 3253 4084 assimiletur
3281 4028 3572 4100 Babyloni
3599 4029 3657 4082 in
3689 4027 3823 4084 soli-

2166 4114 2415 4169 tudinem
2443 4114 2776 4186 redigendae.
3860 4116 3863 4121 “

2238 4219 2358 4277 Col.
2389 4221 2656 4276 607Α4.
2716 4221 2881 4279 Terra
2937 4220 3070 4278 haec.
3132 4222 3256 4280 Non
3314 4221 3483 4289 dixit,
3543 4221 3646 4276 οὐκ
3699 4216 3818 4296 ἔχει

2172 4306 2384 4384 μερίδα,
2432 4311 2535 4366 sed
2586 4308 2683 4364 οὐκ
2730 4305 2840 4365 ἔστι
2885 4308 3086 4385 uigor:
3133 4328 3204 4367 ne
3234 4310 3399 4368 locus
3430 4312 3509 4368 sit
3566 4310 3820 4367 versioni

2166 4397 2414 4471 vulgatae
2445 4403 2640 4467 antea,
2673 4421 2701 4450 ‹‹
2741 4400 2920 4455 Terra
2950 4399 3071 4456 haec
3124 4397 3349 4456 nullam
3380 4399 3558 4456 habet
3591 4406 3816 4473 partem

2168 4505 2304 4545 curn
2335 4505 2423 4559 ea,
2455 4489 2526 4545 de
2556 4506 2673 4561 qua
2702 4489 2971 4560 subjecta
2998 4487 3315 4546 maledicto
3347 4488 3570 4545 dictum
3601 4492 3721 4545 est:
3754 4489 3818 4544 In

2166 4578 2468 4646 doloribus,
2502 4600 2532 4629 »
2562 4582 2671 4636 etc.
2706 4578 2933 4635 Rursus
2965 4583 3218 4635 verterat
3247 4580 3564 4651 interpres,
3594 4571 3815 4647 Ἰακὼϐ,

408 4632 729 4736 scripsei-at
748 4632 1063 4739 interpres,
1084 4632 1126 4717 ἀ
1921 4632 2055 4725 ci);-

2174 4632 2221 4720 ςν
2253 4632 2484 4743 ﬁetu}
2517 4632 2726 4746 res,
2766 4632 2985 4738 ’λαεδιρ
3009 4632 3628 4741 ese".;.“‘s};:.-‘,;.;.;a
3655 4632 3816 4742 γειώί

406 4751 680 4810 tristatus
713 4759 859 4811 erat.
893 4777 923 4807 »
968 4758 1132 4813 Certe
1179 4755 1423 4813 Genesis
1466 4774 1545 4825 1x,
1585 4759 1677 4829 25,
1729 4775 1844 4815 non
1888 4756 2058 4815 aliter

403 4837 680 4912 legimus,
711 4837 1101 4918 ἐπικατάρατος
1134 4841 1354 4898 Χαναάτ
1381 4847 1529 4913 παῖς,
1561 4847 1885 4903 Malediclus
1911 4846 2053 4904 Cha-

2164 4775 2283 4832 ρας,
2315 4758 2482 4830 quasi
2513 4756 2692 4814 Jacob
2727 4757 2849 4831 ipse
2882 4757 2961 4815 sit
3017 4758 3213 4816 dictus
3271 4756 3530 4833 γειώρας.
3565 4761 3684 4814 Imo
3716 4773 3819 4829 per

2163 4847 2345 4905 Jacob
2366 4846 2641 4921 intelligit
2661 4847 2944 4920 populum
2969 4846 3479 4918 Israeliticum,cui
3511 4847 3607 4917 qui
3634 4862 3695 4903 se
3710 4846 3817 4901 ad-

405 4945 576 4985 nnam
602 4946 760 5002 puer.
791 4931 974 4988 Paulo
995 4937 1129 5005 post
1158 4935 1525 4991 emendanda
1553 4940 1642 4991 est
1670 4935 1862 4992 versio
1892 4956 1914 4987 ι
1949 4935 2054 4992 sed

2174 4937 2375 5008 iungit,
2406 4936 2640 5012 γειώρας
2668 4942 2726 4994 et
2753 4935 3126 5012 προσήλυτος,
3160 4958 3189 4988 ‹‹
3235 4938 3481 5003 advena,
3518 4957 3548 4988 ››
3600 4935 3819 4991 dicitur

406 5018 658 5090 germini
689 5020 841 5092 ejus,
872 5025 931 5077 et
959 5022 1120 5095 operi
1167 5022 1380 5095 ipsius,
1412 5024 1567 5095 quod
1613 5025 1860 5097 ﬁgurate
1900 5024 2053 5082 Cha-

407 5122 562 5163 naan
593 5108 971 5166 nominatur;
1003 5129 1030 5163 ι
1071 5128 1188 5168 non
1215 5111 1373 5168 enim
1416 5112 1610 5170 Graace
1638 5116 1729 5171 est
1757 5109 1846 5168 διὰ
1872 5111 1936 5168 τὸ
1966 5104 2054 5186 ἔρ-

405 5215 527 5271 γον,
560 5199 661 5255 sed
694 5197 783 5253 καὶ
811 5203 893 5273 τῷ
923 5196 1064 5277 ἔργω
1084 5199 1270 5256 αὐτοῦ·

477 5286 596 5344 Col.
646 5290 753 5345 598
801 5293 850 5344 Α
896 5293 952 5346 2.
1007 5290 1143 5347 Cum
1188 5307 1468 5349 mensura.
1511 5292 1599 5349 Ἐν
1635 5292 1818 5368 μέτρῳ
1851 5293 2053 5367 praefe-

403 5375 571 5433 rebat
600 5377 660 5433 F.
713 5377 1090 5454 Tilmannus,
1130 5402 1159 5433 «
1199 5381 1273 5437 ad
1301 5381 1650 5455 exigendam
1682 5385 1754 5441 de
1782 5383 1898 5450 his,
1951 5382 2053 5456 qui

404 5482 713 5538 perperam
733 5468 1025 5540 vixerunt,
1048 5488 1231 5545 pinnas
1252 5470 1660 5531 diversionem.
1682 5496 1711 5524 »
1736 5474 2053 5546 Procopius

405 5552 482 5617 εἰς
535 5555 598 5608 τὸ
645 5554 905 5627 κολάζειν
956 5556 1009 5614 ἒν
1058 5559 1244 5634 μέτρῳ
1287 5560 1417 5622 τοὺς
1458 5564 1638 5624 κακῶς
1693 5555 2053 5637 βεϐιωκότας,

405 5666 435 5696 ‹‹
469 5648 527 5701 et
553 5645 626 5702 ad
653 5663 856 5719 poenas
884 5649 1062 5723 digne
1091 5651 1165 5708 de
1184 5650 1506 5724 sceleratis,
1529 5658 1588 5710 et
1616 5669 1751 5709 cum
1773 5668 2055 5709 mensura

406 5732 742 5809 exigendas.
791 5758 822 5790 ι»
865 5740 941 5796 At
984 5738 1047 5795 in
1098 5737 1279 5814 Regio
1315 5738 1386 5800 Η.
1427 5745 1552 5801 erat
1583 5746 1647 5800 ut
1673 5741 1735 5799 in
1761 5743 1829 5800 A.
1879 5737 2051 5817 lapt-

2164 5029 2231 5081 ut
2285 5024 2467 5082 Exodi
2522 5043 2625 5095 XII,
2687 5027 2795 5082 49:
2872 5023 3419 5100 Ἐξολοθρευθήσεται
3478 5016 3531 5079 ἕν
3585 5043 3643 5078 τε
3695 5027 3817 5084 τοῖς

2161 5114 2417 5190 γειώραις
2447 5113 2537 5169 καὶ
2570 5114 2868 5189 αὐτόχθοσι
2917 5114 3017 5183 τῆς
3065 5120 3192 5188 γῆς’
3243 5115 3456 5171 Peribit
3497 5115 3663 5187 inque
3715 5113 3816 5170 ad—

2161 5207 2316 5261 venis
2344 5211 2399 5262 et
2425 5205 2739 5274 indigenis;
2772 5209 2829 5261 et
2860 5205 2919 5259 in
2949 5205 3151 5261 eodem
3177 5205 3546 5277 capite,vers.
3567 5205 3673 5260 49:
3708 5199 3817 5257 Νό-

2167 5314 2269 5367 μος
2325 5294 2402 5355 εἷς
2455 5291 2602 5348 ἔσται
2661 5297 2742 5366 τῷ
2799 5290 3056 5368 ἐγχωρίῳ
3118 5291 3207 5346 καὶ
3273 5296 3354 5365 τῷ
3426 5288 3767 5369 προσηλύτῳ
3800 5308 3815 5323 ⁸

2161 5386 2278 5440 Lex
2306 5400 2421 5439 una
2449 5386 2556 5440 erit
2584 5384 2861 5455 indigena
2889 5386 2940 5438 et
2971 5383 3216 5439 advena.
3249 5382 3568 5455 Utrobique
3598 5386 3689 5439 est
3715 5382 3824 5437 He-

2162 5474 2318 5529 braea
2374 5490 2484 5529 vox
2527 5484 2591 5535 '1:
2645 5490 2763 5545 ger,
2826 5489 2955 5544 qua:
3012 5471 3333 5547 etlyatdipaq
3383 5478 3441 5529 et
3468 5467 3821 5546 προσήλυτος

2160 5562 2430 5620 vertitur.
2464 5562 2702 5634 Proprie
2730 5561 2969 5636 γειώρας
3000 5569 3090 5618 est
3119 5560 3146 5616 ὁ
3176 5566 3278 5634 γῆν
3321 5559 3503 5636 ὡρῶν,
3553 5562 3650 5633 qni
3706 5568 3817 5616 ler-

2160 5669 2292 5707 ram
2319 5652 2578 5709 custodit.
2611 5648 2959 5724 Hesychius,
2994 5649 3250 5726 γειώρας,
3281 5648 3520 5727 γείτονας
3552 5648 3604 5718 ἰξ
3633 5644 3814 5702 ἄλλου

2128 5790 2147 5805 .,
2167 5741 2377 5818 γὲνους,
2407 5738 2800 5817 καλουμένους,
2831 5736 2869 5810 ἣ
2909 5735 3037 5802 τοὺς
3066 5737 3191 5815 περὶ
3218 5738 3318 5810 τὴν
3362 5744 3467 5816 γῆν
3522 5734 3815 5793 διαπονου-

3693 388 3852 449 illo
3913 422 3940 449 ο
