4176 6380
229 397 255 422 ⁸
353 394 503 456 1111

1561 394 1794 454 ΝΟΤΕ
1837 392 2044 452 FRON

2161 392 2281 452 NIS
2329 393 2588 456 DUCEI
3630 385 3794 443 1112

369 526 590 601 μένους.
628 547 658 577 ‹‹
692 523 903 596 Γεώρας
936 524 1171 596 exponit
1192 523 1414 579 vicinos
1445 540 1511 580 ex
1558 525 1673 581 alia
1701 530 1896 598 gente,
1929 525 2015 580 vel

2166 542 2236 579 ur
2265 529 2321 581 et
2349 525 2406 580 in
2440 526 2705 582 centuria
2749 527 2784 581 5
2831 525 3276 592 Proverbiorum,
3326 523 3400 577 9:
3453 515 3794 591 Γυμνότερος

366 635 488 684 eos,
521 616 625 688 qui
657 615 902 670 colenda
935 613 1144 669 tellure
1172 619 1554 686 occupantur.
1582 638 1608 664 ››

2164 611 2328 688 πὲρου
2357 613 2446 668 καὶ
2480 609 2797 688 λεϐηρίδος’
2832 640 2860 667 ‹‹
2888 615 3113 672 Nudior
3133 613 3357 688 pistillo
3389 614 3446 667 et
3469 607 3793 678 leberide,»

438 707 565 764 Col.
604 704 782 761 6414B
831 705 886 758 3.
943 710 1052 759 Pro
1093 706 1347 776 peccatis.
1411 707 1474 759 In
1535 704 1710 776 Regio
1769 708 2017 774 utroque

2162 710 2183 758 t
2215 703 2552 780 Γυμνότερος
2584 704 2882 775 παττάλου,
2912 729 2939 756 ‹‹
2973 705 3199 762 Nudior
3229 702 3411 772 clavo,
3435 723 3462 750 ‹‹
3489 701 3561 755 de
3591 695 3790 753 homi-

367 799 487 857 ταῖς
519 791 808 868 ἁμαρτίαις
855 793 1003 864 lego,
1054 811 1170 848 non
1222 791 1316 853 τὰς
1365 791 1656 864 ἁμαρτίας,
1699 797 1763 848 ut
1789 794 2022 848 videtur

2161 794 2305 849 libus
2338 795 2760 867 egentissimis.

371 882 661 956 interpres
693 880 979 950 corrigere
1025 880 1304 950 voluisse,
1357 881 1643 951 scribens,
1687 903 1716 931 «
1751 880 2020 952 propagi-

2203 892 2320 947 Col.
2353 895 2458 948 634
2490 897 2528 950 C
2562 895 2646 950 13.
2681 896 2913 951 Nomine
2941 896 3111 950 enim.
3163 893 3222 948 F.
3266 889 3366 959 τὴν
3415 887 3516 962 γὰρ
3575 878 3790 940 Ναϐἁό.

373 987 509 1026 nem
540 970 854 1034 truoident:
892 985 1102 1039 nempe
1132 973 1404 1039 Ρθοεθῗαε
1443 991 1470 1017 ’³
1504 971 1604 1024 30d
1639 969 1747 1025 hoc
1778 970 1859 1025 8οίῖ
1911 970 2024 1024 Βᾶ·
2131 980 2292 1036 Alter
2317 987 2510 1038 autem
2546 987 2684 1055 Reg.
2715 986 2775 1039 A.
2815 975 3021 1038 Ναϐαὖ.
3073 981 3176 1036 (lui
3233 980 3598 1049 suffragatur
3623 975 3797 1029 Vati-

373 1062 569 1130 silius,
601 1085 629 1112 «
663 1061 874 1116 animae
904 1077 1022 1116 suae
1046 1061 1196 1116 fetus
1228 1062 1498 1116 occidant
1527 1063 1838 1133 peccatis,»
1872 1063 2027 1118 unde

2161 1088 2282 1126 :ana
2311 1071 2512 1141 editio,
2548 1072 2714 1145 Angl.
2751 1067 2950 1141 Ναϐἆν,
2985 1076 3042 1127 et
3071 1074 3266 1127 textus
3287 1068 3482 1125 editus
3504 1081 3638 1121 cum
3665 1063 3802 1118 Pro-

375 1151 646 1222 subjicit:
685 1173 711 1200 ‹‹
745 1150 868 1206 Νἱεὶ
893 1151 1049 1206 enim
1071 1150 1186 1223 ipsi
1215 1151 1540 1206 moriamur
1566 1159 1797 1224 peccato
1826 1170 1838 1208 :
1868 1174 1894 1202 »
1915 1169 2028 1224 qua
2138 1159 2325 1232 copio,
2358 1160 2648 1232 interpres
2679 1161 2834 1218 male
2884 1184 2910 1211 «
2943 1161 3126 1216 Nabo.
3163 1180 3191 1210 »
3227 1158 3339 1215 Sed
3387 1155 3580 1211 verior
3621 1151 3802 1210 lectio

373 1241 599 1297 ratione
628 1241 892 1312 loquitur
935 1241 1006 1296 de
1056 1240 1371 1313 Apostolus
1421 1242 1492 1296 ad
1538 1246 1781 1297 Roman.
1827 1258 1904 1311 v1,
1954 1244 2026 1298 2:
2137 1249 2368 1305 videtur
2414 1243 2620 1316 Ναϐαὖ,
2675 1253 2846 1323 cujus
2895 1249 3253 1323 etymologia
3301 1251 3358 1304 et
3387 1242 3803 1317 interpretatio

375 1327 583 1391 O'ithq
640 1328 976 1401 ἀπεθάνομεν
1035 1331 1102 1400 τῇ
1178 1327 1438 1402 ἁμαρτίᾳ·
1506 1331 1611 1399 Qui
1666 1333 1875 1386 mortui
1931 1347 2031 1386 su-

2161 1338 2429 1412 :xplicatu
2455 1339 2847 1412 difﬁcilis,etsi
2873 1343 3182 1395 annotarat
3200 1335 3624 1393 Tilmannusin
3648 1348 3809 1386 mar-

377 1437 498 1475 mus
525 1422 761 1490 peccato.
825 1419 918 1473 Sic
953 1418 1096 1472 dixit
1153 1424 1324 1473 antea
1385 1419 1654 1482 Basilius,
1711 1417 1788 1479 εἰς
1819 1419 2029 1496 σφαγὴν
2142 1430 2277 1501 gine
2307 1439 2398 1489 πε)
2431 1429 2672 1500 loquela,
2705 1430 3011 1502 prophetia,
3044 1430 3250 1484 sessio:
3309 1440 3500 1496 neque
3529 1422 3686 1479 enim
3739 1420 3806 1474 in

377 1512 498 1569 ταῖς
532 1506 844 1582 ἁμαρτίαις.
882 1508 1059 1563 Paulo
1091 1512 1226 1580 post
1258 1511 1507 1562 verterat
1536 1507 1812 1576 Tilman.,
1847 1530 1871 1560 (ι
1930 1509 2036 1563 im-

2161 1521 2408 1574 l‘hesauro
2461 1519 2692 1575 Hebraeo
2749 1517 2994 1591 Pagnini
3057 1515 3278 1588 reperio
3349 1513 3546 1580 aliud,
3624 1526 3808 1582 quam

380 1598 537 1671 Pleat
566 1603 785 1654 terram
823 1597 1011 1664 bellis:
1046 1619 1072 1648 ”
1109 1599 1274 1669 quasi
1311 1597 1550 1669 legisset
1573 1598 1630 1653 ίη
1656 1599 1714 1653 F-
1749 1596 2035 1670 πολέμων,
2145 1618 2349 1674 ΠΝἾΞΞ,
2374 1624 2500 1678 qua:
2532 1624 2641 1662 vox
2666 1607 3035 1680 prophetiam
3063 1623 3164 1662 seu
3196 1602 3546 1661 vaticinium
3601 1605 3804 1665 sonat,

387 1690 490 1763 qui
530 1697 728 1746 tamen
776 1691 1056 1762 scriptum
1111 1690 1375 1745 exhibuit
1431 1687 1670 1756 πόλεως,
1730 1695 1794 1745 ut
1849 1692 2035 1747 caeteri
2147 1713 2440 1768 nusquam
2477 1697 2820 1752 sessionem.
2855 1697 2967 1752 Sed
3000 1705 3092 1757 '11:
3123 1711 3300 1765 nagar
3346 1692 3600 1747 vertitur
3651 1686 3813 1763 ἐγχα-

389 1796 535 1836 mss.
577 1779 833 1835 Vulhata
867 1779 1070 1835 Latina
1105 1781 1274 1848 dixit,
1306 1796 1477 1852 neque
1503 1781 1806 1852 implebunt
1835 1783 2035 1852 [aciem

2161 1783 2310 1854 )lCuv
2344 1785 2663 1841 Ezechielis
2694 1802 2859 1850 xxxv,
2918 1787 2991 1840 5:
3056 1781 3157 1839 Καὶ
3217 1779 3526 1839 ἐνεκάθισας
3579 1781 3663 1849 ,τῷ
3723 1773 3810 1830 οἳ·

387 1871 536 1926 orbis
563 1871 870 1925 civitatum.
908 1874 971 1923 At
999 1869 1058 1923 in
1091 1869 1369 1925 Vaticana
1401 1869 1539 1924 edit.
1600 1867 1883 1941 πολέμων,
1920 1871 2038 1925 bet-

2161 1895 2226 1946 ιῳ
2278 1872 2500 1946 Ἰσραήλ
2569 1869 2771 1945 δὸλῳε
2831 1876 2894 1930 Et
2959 1873 3258 1929 tetenderis
3318 1871 3652 1926 inimicitias
3709 1867 3810 1921 do-

388 1959 542 2026 lis,et
573 1963 892 2015 annotatur
915 1959 970 2014 in
1007 1959 1363 2031 quibusdam
1399 1959 1700 2031 libris‘_legi
1729 1959 2036 2032 πολεμίων,

2161 1968 2268 2020 νηαί
2290 1963 2500 2032 Israel;
2541 1967 2596 2020 et
2629 1963 3024 2019 Ecclesiastici
3055 1979 3176 2029 vm,
3215 1961 3297 2027 14,
3327 1959 3530 2015 eadem
3565 1955 3810 2012 notione

390 2049 655 2118 hostibus,
678 2053 735 2104 et
782 2048 1124 2104 Hebraicam
1176 2065 1372 2105 vocem
1407 2048 1738 2121 signiﬁcare
1769 2068 1940 2123 posse
1973 2065 2042 2106 ex

2161 2059 2473 2125 usurpatur
2501 2054 2741 2108 verbum
2779 2050 3074 2126 ἐγκαθίζειν
3119 2052 3234 2105 Ἵνα
3289 2047 3366 2120 μὴ
3419 2043 3679 2119 ἒγκαθὶσῃ
3729 2045 3811 2105 ὡς

387 2139 678 2195 sententia
711 2138 1043 2211 Hieronymi
1076 2140 1327 2194 civitates
1357 2143 1412 2193 et
1441 2140 1814 2196 adversarios.
2147 2139 2365 2217 ἓνεδρον
2395 2145 2476 2214 τῷ
2532 2139 2762 2213 στόματί
2793 2158 2927 2198 σουε
2979 2142 3055 2198 Ne
3113 2141 3299 2196 sedeat
3348 2137 3512 2208 quasi
3567 2134 3810 2190 insidia-

460 2245 580 2301 σοι.
611 2245 718 2301 615
748 2244 788 2300 C
815 2246 866 2300 3.
913 2247 950 2300 Α
973 2246 1179 2302 {versus
1211 2246 1445 2318 ineptos.
1507 2245 1739 2302 Mallem
1800 2245 2044 2301 dixisset

2161 2239 2237 2290 lor
2265 2235 2482 2288 orituo.
2514 2232 2635 2288 Vox
2665 2237 2862 2288 tamen
2917 2233 3049 2304 ipsa
3107 2226 3436 2305 ἐγκαθισμός
3498 2241 3689 2297 neque
3747 2224 3813 2278 in

389 2360 418 2388 ‹‹
451 2351 591 2407 erga
639 2334 1053 2404 simpliciores,
1107 2357 1133 2385 »
1189 2334 1273 2390 vel
1323 2336 1664 2391 innocentes
1695 2341 1752 2391 et
1803 2335 2045 2391 minime

2161 2324 2360 2379 Graeca:
2389 2323 2604 2392 linguae
2639 2323 2909 2378 Thesauro
2941 2320 3246 2392 reperitur.

393 2424 599 2481 malos.
633 2446 660 2474 ››
699 2423 770 2478 Ut
800 2423 858 2478 in
892 2423 1187 2495 psalmum
1220 2441 1397 2478 xxvm
1453 2424 1630 2479 dixit:
1691 2424 1780 2484 Ὠς
1837 2417 2043 2498 πρόϐα-

2226 2421 2344 2478 Col.
2375 2421 2482 2476 638
2513 2422 2552 2478 C
2584 2420 2673 2476 13.
2706 2422 3009 2493 Appetitas,
3044 2415 3264 2491 ὀρέξεις.
3295 2416 3442 2472 Male
3492 2418 3666 2471 antea
3717 2430 3815 2469 er-

390 2532 483 2567 τον
516 2509 604 2566 διὰ
635 2511 694 2564 τὸ
724 2510 931 2586 ἥμερον
966 2512 1052 2565 καὶ
1091 2508 1440 2583 μεταδοτικὸν
1494 2510 1706 2587 λέγεται
1759 2513 1786 2566 ὁ
1838 2513 1992 2585 ἅγιος
2029 2530 2040 2543 ’

2161 2529 2283 2568 rore
2315 2513 2513 2583 potius
2570 2511 2919 2584 typographi
2980 2509 3092 2565 fuit
3121 2509 3347 2564 editum
3382 2527 3411 2557 α
3442 2503 3805 2579 apparentia:

396 2627 423 2654 ‹‹
459 2604 554 2658 Sic
583 2608 641 2658 et
669 2602 792 2658 ovis
822 2603 1041 2657 dicitur
1058 2603 1918 2673 sanctus,quiamansuetus,et
1940 2619 2047 2657 sua

399 2691 672 2764 dispertit
703 2692 760 2746 in
793 2708 1126 2747 commune.
1182 2714 1208 2740 »
1271 2695 1476 2746 Auetsr
1516 2691 1704 2763 Operis
1736 2691 2050 2763 imperfecti

398 2780 605 2837 homil.
640 2781 699 2835 in
728 2780 917 2836 Matth.
958 2798 969 2836 :
998 2804 1025 2832 «
1074 2781 1457 2836 Manifestum
1491 2787 1579 2836 est
1611 2782 1750 2852 quia
1779 2799 1914 2837 oves
1946 2799 2046 2853 ap-

397 2870 577 2944 pellat
604 2871 1524 2942 propterlmansuetudinem,non
1549 2872 1822 2926 timentes
1849 2876 2046 2926 autem

401 2965 581 3016 Deum
617 2959 790 3032 lupos
823 2965 1061 3032 propter
1093 2959 1524 3014 crudelitatem.
1557 2981 1584 3008 »

465 3065 588 3122 Col.
620 3068 725 3121 6'23
758 3067 817 3122 C.
851 3068 906 3122 7.
939 3068 1007 3121 Et
1036 3066 1259 3122 idcirco.
1287 3065 1386 3118 Καὶ
1418 3062 1508 3118 ’διά
1552 3069 1713 3120 τοῦτο
1759 3067 2046 3138 scriptum

395 3157 631 3213 exhibet
667 3157 749 3225 F.,
781 3161 839 3210 at
868 3156 924 3210 in
962 3157 1074 3210 line
1107 3155 1315 3227 capitis
1348 3157 1406 3210 in
1458 3156 1886 3212 Commentario
1935 3161 2047 3212 Ba-

2155 2602 2373 2656 subl‘er.
2409 2617 2540 2672 gen.
2575 2599 3029 2671 supprimenda),
3068 2621 3095 2647 ››
3130 2613 3260 2652 cum
3306 2595 3648 2667 scripsisset
3699 2593 3820 2648 for-

2154 2696 2312 2746 tasse
2344 2691 2629 2761 interpres
2665 2711 2692 2740 «
2724 2689 3093 2761 appetentius.
3132 2710 3159 2736 n
3197 2686 3324 2741 Sub
3359 2685 3535 2740 ﬁnem
3588 2681 3818 2755 pagina

2158 2781 2321 2835 deest
2351 2784 2487 2835 nota
2517 2778 2990 2850 interrogationis
3024 2779 3079 2832 in
3113 2781 3310 2833 Graeco
3358 2779 3516 2831 textu
3568 2789 3812 2842 excuso,

2155 2873 2212 2926 et
2233 2869 2289 2923 in
2316 2873 2558 2940 utroque
2581 2869 2760 2941 Regio
2784 2885 2894 2924 ms.
2923 2867 3338 2940 supplendaex
3355 2865 3505 2920 serie
3527 2862 3815 2919 orationis

2157 2976 2335 3031 quam
2368 2963 2425 3014 et
2455 2963 2607 3013 recte
2627 2957 2852 3014 addidit
2872 2957 3220 3012 Tilmannus
3246 2953 3810 3024 versioni.quemad-

2157 3049 2398 3103 modum
2431 3052 2488 3102 et
2518 3047 2575 3102 in
2603 3045 2903 3104 nonnullis
2933 3045 3411 3102 Geneseoslibris
3433 3041 3813 3105 additur,hoc

2156 3144 2345 3209 pacto,
2407 3135 2497 3190 καὶ
2559 3137 2776 3206 ζήσεται
2814 3137 2849 3205 ἡ
2909 3135 3062 3210 ψυχή
3101 3133 3520 3207 μου;νυὶεειῑει
3579 3131 3816 3200 Latina,

395 3245 512 3300 Silii
548 3241 618 3298 δι’
649 3241 812 3298 αὐτοῦ
841 3242 891 3297 οἷ
922 3244 1162 3297 ταπεινοὶ
1195 3247 1291 3298 τοῦ
1324 3240 1458 3296 λαοῦ
1493 3245 1853 3313 σωθήσονται,
1896 3269 1920 3298 ιι
1949 3262 2046 3316 per

2161 3226 2416 3299 Nunquid
2447 3243 2559 3282 non
2589 3226 2808 3281 modica
2839 3226 2966 3281 est?
2995 3227 3040 3280 A
3089 3224 3444 3297 quibusdam
3480 3228 3680 3278 tamen
3742 3219 3815 3275 li-

393 3335 590 3406 ipsum
625 3333 877 3388 humiles
913 3333 1099 3404 plebis
1131 3334 1382 3389 salutem
1412 3342 1816 3405 assequentur,
1853 3359 1880 3385 »
1931 3352 2048 3406 quo

400 3429 571 3493 pacto
602 3422 778 3478 etiam
809 3422 1024 3494 legitur
1084 3425 1142 3478 in
1187 3423 1465 3478 Vaticana
1494 3424 1749 3479 editione
1791 3429 1848 3479 et
1894 3425 2048 3496 apud

403 3511 776 3583 Procopium.
811 3511 1202 3575 Quamobrem
1262 3512 1357 3568 hic
1388 3511 1701 3568 delendum
1751 3516 1842 3568 est
1879 3512 2048 3582 illud,

407 3624 435 3652 ‹‹
471 3599 857 3657 salvabuntur
888 3600 1089 3674 populi
1123 3601 1334 3657 multi:
1367 3624 1393 3652 ››
1429 3619 1564 3658 nam
1617 3606 1673 3658 et
1721 3603 1780 3657 in
1831 3603 1891 3658 F.
1942 3603 2052 3658 fuit

403 3692 688 3764 scriptum
731 3693 782 3746 oi
806 3693 1048 3746 ταπεινοὶ
1102 3697 1197 3746 τοῦ
1250 3690 1408 3748 λαοῦ.
1443 3693 1564 3749 Sub
1607 3696 1780 3748 linem
1827 3693 2051 3766 pagina

400 3781 847 3838 Palestinorum
871 3781 1224 3854 etymologia
1245 3782 1529 3837 Ilebraica
1553 3782 1925 3853 traditur,ubi
1961 3783 2050 3838 in-

397 3875 625 3943 terpres
657 3876 970 3927 annotarat
999 3888 1061 3926 se
1092 3872 1377 3942 scriptum
1423 3870 1738 3927 oti'endisse
1769 3871 1826 3926 in
1878 3871 2050 3943 Regio

395 3959 459 4014 Ρ.
490 3958 787 4019 πίπτοντας
820 3959 1123 4030 πτοήματι,
1161 3982 1188 4008 ‹‹
1227 3959 1500 4014 cadentes
1535 3975 1764 4030 pavore,
1798 3965 1898 4016 aut
1931 3977 2052 4017 me-

396 4051 484 4119 tu,
519 4071 548 4099 »
579 4050 682 4105 sed
706 4065 768 4105 se
789 4048 979 4120 legere
1001 4053 1057 4103 et
1080 4048 1448 4120 interpretari
1470 4049 1770 4120 ποτήματι,
1800 4072 1826 4098 ‹‹
1851 4055 2046 4122 potu,»

398 4158 534 4196 nam
561 4147 616 4196 et
636 4140 732 4196 hic
755 4143 1026 4212 sequitur
1066 4142 1221 4212 apud
1246 4140 1530 4196 Basilium
1557 4145 1613 4197 et
1635 4141 1691 4196 in
1714 4143 1914 4198 eodem
1943 4143 2049 4198 Re-

397 4230 492 4301 gio
513 4229 732 4297 codice,
758 4227 1017 4283 πίπτουσι
1050 4225 1106 4282 δὶ
1140 4225 1287 4282 οὗτοι
1321 4229 1622 4301 ποτήματι.
1675 4232 1746 4286 At
1776 4230 1833 4286 in
1869 4231 2049 4287 altero

395 4319 574 4391 Regio
606 4319 672 4374 Η.
709 4319 886 4391 priori
919 4318 1046 4374 loco
1070 4319 1284 4392 legitur
1307 4317 1622 4391 πτώματι.‹‹
1648 4319 2044 4392 lapsu,easu,s

393 4407 713 4478 posteriore
743 4407 1047 4479 ποτήματι,
1082 4433 1101 4457 ιι
1140 4413 1303 4480 potu.
1343 4429 1367 4460 υ
1405 4409 1466 4463 In
1494 4409 1823 4464 Graecorum
1874 4408 2048 4464 scho-

391 4495 488 4551 liis
522 4497 592 4552 de
622 4495 865 4553 vocibus
904 4498 1161 4554 Hebraeis
1195 4499 1449 4553 occurrit
1509 4515 1660 4569 saepe
1692 4495 2046 4568 Φυλιστιεὶμ,

393 4580 726 4661 ἀλλόφυλοι,
771 4584 1094 4656 Θαυμαστοί,
1158 4609 1178 4636 α
1238 4586 1599 4658 alienigenae,
1661 4586 1982 4642 mirabiles.
2021 4607 2048 4635 η

392 4672 783 4746 Hieronymus
816 4677 873 4730 in
900 4676 1102 4746 psatm.
1138 4691 1314 4730 xxvm
1343 4693 1354 4730 :
1390 4700 1417 4726 ‹‹
1454 4675 1764 4731 Philistiim
1796 4693 1930 4732 vero
1962 4674 2049 4730 in-

390 4766 794 4834 terpretantur
845 4764 1104 4819 cadentes
1123 4768 1342 4830 potione
1373 4765 1481 4820 hoc
1509 4769 1616 4831 est,
1647 4764 1746 4836 qui
1777 4763 2048 4820 inebriati

392 4855 532 4906 sunt
561 4853 632 4908 de
664 4851 838 4908 calice
857 4852 1096 4921 diaboli,
1117 4859 1174 4908 et
1195 4854 1464 4908 inebriati
1500 4853 1857 4909 ceciderunt.
1888 4875 1913 4906 ιι
1936 4855 2045 4909 Au-

392 4940 666 5012 gustinus
692 4941 750 4996 in
775 4942 1049 4998 eumdem
1073 4941 1366 5012 psalmum
1394 4959 1406 4996 :
1430 4964 1456 4991 ‹‹
1485 4941 1836 5014 Alienigena:
1857 4942 1912 4997 in
1937 4942 2046 4998 He-

390 5031 546 5085 braeo
579 5029 856 5086 dicuntur
885 5030 1382 5102 Philistiim,quod
1412 5032 1828 5102 interpretatur
1854 5031 2046 5087 caden-

391 5127 470 5174 tes
498 5121 740 5191 potione,
771 5120 933 5176 velut
964 5138 1112 5192 quos
1144 5120 1277 5176 fecit
1309 5119 1501 5176 ebrios
1536 5118 1768 5174 luxuria
1805 5119 2047 5176 saecula-

391 5206 494 5263 ris.
531 5230 558 5258 υ
590 5209 755 5281 Apud
783 5213 1016 5264 Santcm
1078 5209 1405 5280 Pagninum
1440 5193 1615 5271 Iit-:53
1648 5209 1913 5281 Pelcseth,
1948 5214 2046 5264 Pa-

389 5293 622 5352 lzestina
654 5296 870 5352 dicitur
902 5297 1056 5369 regio
1087 5297 1384 5352 maritima
1413 5298 1482 5352 ad
1527 5296 1888 5352 occidentem
1939 5298 2044 5352 Ju-

390 5385 546 5453 dzraa,
579 5386 884 5442 continens
917 5387 1177 5458 quinque
1211 5388 1583 5458 prznfecturas
1614 5385 1700 5441 vel
1732 5387 2043 5459 satrapias,

391 5477 448 5529 et
475 5473 677 5530 incolae
708 5475 837 5546 ejus
871 5461 1120 5538 tumul):
1163 5475 1461 5532 Petisthim
1513 5475 1812 5548 dicuntur,
1873 5478 2044 5548 quasi

389 5561 634 5619 volutati
665 5563 724 5619 in
755 5564 948 5621 cinere
977 5569 990 5618 ξ
1025 5570 1081 5621 et
1108 5564 1348 5637 quidam
1383 5564 1627 5638 mystice
1666 5565 1824 5622 curis
1855 5581 2042 5622 seacu-

391 5651 430 5707 li
462 5652 783 5726 implicitos
813 5659 1112 5727 exponunt
1141 5673 1154 5723 ;
1189 5671 1327 5710 nam
1358 5639 1489 5718 W55
1534 5655 1761 5727 palcsch
1790 5659 1880 5712 est
1910 5655 2043 5728 pul-

389 5757 522 5798 vere
551 5746 653 5799 aut
683 5743 878 5800 cinere
908 5760 970 5799 se
1001 5743 1312 5800 involvere.
1345 5743 1512 5816 Apud
1545 5743 1787 5802 Suidam
1821 5743 2042 5818 reperi-

2078 4631 2123 4695 D
2154 4671 2227 4695 -.γ

2165 3318 2280 3372 bris
2313 3318 2476 3372 abest
2506 3317 2624 3370 haec
2654 3321 2807 3371 nota.

2231 3414 2348 3471 Col.
2373 3415 2478 3468 642
2512 3421 2550 3467 Α
2573 3415 2628 3468 7.
2665 3415 2854 3470 Sermo
2886 3414 3055 3468 enim.
3096 3410 3273 3487 Λόγος
3316 3407 3486 3480 δηλοῖ
3533 3427 3821 3466 nonnun-

2160 3522 2336 3577 quam
2372 3505 2522 3575 apud
2552 3504 2750 3559 Patres
2781 3503 2933 3558 idem
2958 3502 3110 3557 valet
3140 3503 3350 3573 quod,-
3387 3500 3693 3572 Scriptura
3714 3500 3819 3554 de-

2161 3596 2377 3650 clarat:
2416 3616 2442 3641 η
2477 3597 2786 3664 prepterea
2815 3597 3067 3647 verterat
3095 3591 3408 3662 interpres,
3445 3612 3472 3639 ‹‹
3512 3589 3821 3661 Scriptura

2161 3685 2314 3740 enim
2349 3682 2709 3752 simulatque
2739 3681 2958 3748 revicit,
2993 3685 3051 3737 et
3080 3680 3291 3736 acriter
3321 3679 3669 3752 perstrinxit
3699 3678 3818 3732 im-

2161 3773 2353 3844 probze
2387 3771 2600 3826 mentis
2622 3769 3089 3841 elationem,eam
3113 3770 3302 3842 ipsam
3330 3767 3683 3824 contritione
3701 3767 3818 3822 col-

2161 3862 2337 3917 lidit»
2365 3879 2376 3916 :
2403 3861 2501 3916 sed
2536 3860 2605 3914 de
2639 3859 2844 3932 quovis
2868 3875 3138 3915 sermone
3157 3858 3528 3929 castigatoria
3561 3857 3656 3914 hic
3689 3857 3818 3929 agi-

2158 3955 2257 4006 tur
2288 3967 2402 4005 non
2438 3950 2508 4004 de
2540 3948 2664 4003 sola
2695 3948 3020 4019 Scriptura,
3053 3953 3115 4003 ut
3138 3951 3310 4004 antea
3326 3948 3396 4002 de
3429 3945 3606 4002 Paulo
3639 3945 3821 4002 verba

2158 4041 2378 4096 faciens
2463 4039 2709 4106 dixerat,
2788 4035 2862 4096 εἷς
2945 4034 3288 4106 συναίσθησιν
3377 4036 3605 4111 ἄγοντας
3687 4031 3822 4094 τοὺς

2158 4129 2348 4182 ἑαυτοῦ
2389 4125 2610 4199 λόγους.
2673 4126 2792 4182 Sub
2828 4127 3001 4181 linem
3051 4125 3274 4198 pagina;
3329 4125 3466 4180 item
3528 4124 3819 4191 ediderat,

2163 4217 2238 4289 μὴ
2269 4215 2359 4268 καὶ
2394 4213 2537 4268 οὕτω
2572 4211 2786 4287 μέλλει,
2816 4223 2879 4270 ut
2911 4232 2980 4271 ne
3007 4217 3088 4270 sic
3134 4215 3300 4270 salva
3329 4217 3543 4286 ﬁerent.
3597 4218 3669 4270 At
3707 4213 3825 4268 hoc

2159 4306 2284 4362 loco
2321 4304 2396 4376 μὴ
2421 4305 2888 4378 interrogat,non
2914 4307 3111 4377 negat,
3147 4309 3213 4360 ut
3240 4304 3449 4360 Matth.
3484 4321 3586 4375 vn,
3616 4304 3690 4358 9:
3721 4301 3821 4370 Μὴ

2160 4391 2316 4456 λίθον
2375 4389 2629 4447 ἐπιδώσει
2689 4393 2875 4464 αὐτῷ;
2955 4393 3220 4468 Nunquid
3278 4393 3518 4466 lapidem
3572 4395 3830 4464 porriget

2158 4485 2256 4538 ei?

2228 4582 2346 4639 Col.
2381 4582 2488 4637 643
2518 4583 2562 4637 Α
2590 4583 2644 4637 2.
2680 4586 2823 4640 Nam
2853 4584 3134 4655 quoniam.
3165 4585 3226 4638 In
3271 4581 3339 4638 H.
3372 4585 3430 4638 et
3485 4583 3527 4637 Ι.
3586 4583 3667 4652 τῷ
3720 4579 3822 4635 αὐ-

2151 4671 2232 4742 τῷ
2283 4667 2500 4724 δύναται
2559 4669 2650 4724 καὶ
2707 4670 2874 4742 πέρας
2909 4669 3046 4726 εἶναι
3081 4670 3271 4746 χώρας
3299 4667 3387 4724 καὶ
3421 4667 3570 4745 ἀρχὴ
3602 4668 3666 4723 τὸ
3697 4690 3819 4745 χω-

2159 4755 2272 4834 ρίον
2295 4766 2417 4829 τῆς.
2452 4761 2563 4816 Sed
2598 4761 2890 4817 consentit
2919 4778 3054 4816 cum
3087 4758 3359 4834 Regio'F.
3385 4759 3556 4833 Angl.
3590 4764 3647 4816 et
3675 4764 3819 4816 Pro-

2157 4851 2382 4923 copius,
2417 4867 2474 4923 p.
2508 4849 2635 4920 217,
2693 4850 2868 4922 cujus
2926 4849 3309 4923 interpretem
3365 4849 3550 4906 secuti
3583 4866 3822 4920 sumus,

2157 4938 2593 5014 expunctisillis
2609 4939 2902 4996 Tilmanni
2923 4939 3115 4996 verbis
3137 4957 3149 4996 :
3172 4961 3200 4990 ιι
3219 4939 3363 4996 Nam
3385 4939 3622 5012 quando
3647 4939 3824 4995 limes

2157 5047 2282 5087 esse
2305 5033 2516 5103 potest,
2542 5045 2731 5100 neque
2753 5028 3113 5102 principium
3133 5033 3190 5085 et
3218 5029 3510 5085 terminus
3541 5027 3826 5084 Moabiti-

2157 5119 2268 5176 dis.
2308 5139 2334 5172 ιι
2366 5120 2444 5174 Ex
2469 5119 2672 5174 eodem
2708 5118 2990 5192 Procopio
3021 5117 3362 5174 addidimus
3392 5116 3578 5175 textui
3598 5121 3826 5186 Graeco,

2152 5207 2258 5270 ἓως
2288 5211 2383 5262 τοῦ
2416 5205 2882 5286 φρέατοςΈλείμ.
2909 5209 3135 5264 Rursus
3163 5207 3613 5264 emendavimus
3644 5205 3820 5277 illud,

2157 5321 2184 5348 ‹‹
2203 5315 2404 5355 semen
2425 5298 2596 5354 Moab
2607 5314 2744 5369 ,non
2759 5302 2825 5354 ut
2842 5297 2913 5354 ad
2940 5295 3181 5354 meliora
3202 5297 3640 5370 transmigret,»
3659 5297 3826 5368 quod

2154 5393 2278 5444 erat
2335 5389 2531 5445 Grece
2584 5387 2644 5443 in
2711 5387 2774 5444 F.
2831 5387 2893 5442 τὸ
2939 5387 3015 5461 μὴ
3052 5380 3378 5460 μεταϐαῖνον
3409 5384 3499 5441 ἐπὶ
3539 5385 3605 5440 τὰ
3632 5383 3825 5460 κρείτ-

2151 5497 2302 5550 τονα,
2336 5479 2493 5551 apud
2526 5477 2893 5551 Procopium,
2935 5492 3070 5550 pag.
3100 5477 3230 5547 228,
3288 5475 3350 5530 τὸ
3405 5476 3481 5549 μὴ
3547 5475 3820 5549 μεταστὰν

2153 5564 2240 5620 ἐπὶ
2269 5567 2335 5621 τὰ
2363 5565 2667 5641 κρείττονα,
2705 5589 2727 5617 ε
2762 5567 2920 5639 quod
2953 5567 3025 5623 ad
3050 5565 3294 5624 meliora
3323 5565 3572 5622 minime
3621 5569 3823 5623 trans-

2154 5655 2236 5713 ire
2263 5656 2568 5714 voluerit.»
2593 5655 2946 5713 Videlocum
2967 5655 3283 5713 Denteron.
3305 5671 3467 5728 nm,
3498 5655 3552 5711 3.
3587 5654 3819 5712 Postre-

2153 5760 2250 5805 mo
2317 5741 2644 5805 delovimus
2721 5744 2783 5804 in
2850 5743 3331 5821 interpretatione
3397 5743 3552 5805 Arlel
3607 5757 3817 5804 vocem
