4176 6404
379 400 535 461 1113

1574 402 1654 462 ΙΝ
1701 397 2112 460 COMMENT.
2160 398 2237 458 lN
2283 401 2581 461 ISAIAM.

3631 402 3788 462 HM

373 553 403 581 «
441 531 539 586 Dei
565 549 578 598 ;
609 548 636 582 ιε
675 534 902 588 tantum
933 531 1090 588 enim
1120 535 1208 588 est
1231 533 1424 589 Graece
1455 529 1594 585 λὲων
1629 527 1984 607 ἑρμηνεύεται
2013 546 2025 585 :

2152 531 2496 591 Ecclesiaste?
2522 549 2676 590 vers.
2710 534 2778 590 l6
2811 551 2824 589 :
2859 534 2922 590 El
2972 531 3028 587 δὲ
3055 535 3190 588 κατά
3231 536 3412 588 κοινοῦ
3443 515 3697 608 ὶκληφθῇ
3729 533 3790 588 τὸ

373 619 432 676 in
465 620 532 675 H.
567 623 628 676 E.
672 620 714 677 Ι.
751 624 808 677 et
856 622 1011 694 apud
1067 621 1438 694 Procopium,
1481 621 1618 678 licet
1673 619 1730 676 in
1766 620 2032 691 margine

375 711 774 782 conjecturam
808 730 977 768 suam
1010 714 1350 787 ascripserit
1379 713 1862 786 interpres,’lcwc
1893 707 2032 764 λέων

378 803 533 870 Θεοῦ,
573 822 600 855 α
632 803 799 858 Forte
831 802 919 858 leo
972 803 1092 858 Dei.
1129 826 1158 854 »
1199 804 1588 876 Hieronymus
1633 801 1882 875 epistola
1911 801 1980 853 27
2015 815 2028 855 :

381 912 410 942 α
440 891 536 946 Vae
567 892 696 961 tibi,
725 892 929 948 civitas
965 893 1139 962 Ariel,
1173 893 1230 948 id
1262 898 1375 962 est,
1408 895 1488 949 leo
1522 894 1702 963 Dei,et
1732 890 2032 962 quondam

377 981 724 1052 fortissima,
758 1000 930 1054 quam
966 983 1323 1056 expugnavit
1353 983 1553 1038 David.
1581 1004 1609 1034 »
1642 981 1910 1038 Meminit
1929 979 2035 1034 hu-

369 1073 474 1144 jus
505 1071 762 1128 civitatis
797 1073 951 1128 idem
987 1073 1273 1146 propheta
1305 1074 1511 1142 Isaias,
1544 1089 1594 1128 c.
1628 1089 1782 1143 XXIX,
1810 1073 1884 1146 2_:
1915 1070 2035 1125 Cir-

375 1161 722 1219 cumvallabo
777 1163 928 1218 τίνὶθὶ
961 1144 1130 1230 {sed
1195 1163 1277 1219 ibi
1335 1162 1464 1235 lego
1516 1161 1795 1218 Hebraice
1851 1144 2034 1220 ΒΝἽἿΝ

378 1251 556 1316 Ariel,
588 1249 685 1306 hic
715 1266 849 1306 vero
888 1255 1118 1307 tantum
1169 1256 1260 1308 est
1309 1261 1472 1317 nam,
1507 1267 1635 1322 quas
1676 1266 1785 1305 vox
1816 1249 2037 1303 leonem

381 1344 574 1405 sonat,
608 1341 763 1396 unde
794 1340 1185 1414 Hieronymus
1216 1343 1407 1409 vertit,
1440 1341 1525 1395 his
1572 1340 1668 1411 qui
1697 1340 1947 1410 fugerint
1972 1337 2037 1391 (ιε

381 1430 531 1484 Moab
560 1429 790 1484 leonem.

450 1517 573 1574 Col.
605 1519 710 1572 644
740 1521 782 1574 C
811 1518 864 1573 7.
899 1519 1221 1574 Genuerint.
1256 1517 1578 1592 Γεγενῆσθαι
1611 1515 1776 1582 dixit,
1797 1532 1913 1571 non
1944 1534 2035 1588 γε-

379 1606 690 1680 γεννῆσθαι,
725 1607 826 1661 sed
880 1608 1128 1662 emenda
1178 1602 1267 1658 διὰ
1314 1605 1379 1659 τὸ
1426 1625 1602 1681 γεγεν.
1636 1621 1705 1660 ex
1734 1603 2037 1676 Procopio,

381 1695 553 1767 cujus
585 1694 874 1767 interpres
904 1695 1116 1762 edidit,
1150 1716 1177 1745 «
1209 1696 1447 1767 quando
1479 1712 1587 1751 sua
1617 1694 1730 1766 ipsi
1778 1692 2040 1764 nequitia

381 1789 725 1856 serpentum
761 1789 1034 1840 naturam
1065 1789 1123 1841 et
1151 1785 1315 1842 virus
1345 1787 1819 1856 assumpserunt.
1851 1805 1878 1832 ››

2139 617 2244 672 ὕπὸ
2272 621 2362 674 τὸν
2396 619 2578 689 ἥλιον·
2614 647 2641 674 ‹‹
2674 625 2836 688 Quod
2888 624 2936 680 si
2985 626 3058 680 ad
3109 628 3429 697 utrumque
3470 625 3689 681 referas
3717 623 3789 678 il-

2137 708 2262 778 lud,
2295 712 2390 766 sub
2411 713 2522 768 sole
2554 730 2566 766 :
2605 736 2632 762 ››
2665 719 2720 769 et
2747 715 2898 786 apud
2931 715 2988 770 S.
3022 715 3192 770 Joan.
3218 714 3791 785 Chrysostomum,in

2138 801 2412 871 psalmum
2470 821 2671 875 cxxvu,
2730 820 2785 862 v.
2853 805 2889 858 6
2949 821 2962 859 :
3023 803 3121 858 Καὶ
3187 799 3266 857 ἰ¹δε
3307 801 3434 864 τοὺς
3482 802 3632 864 υἱοὺς
3679 806 3786 856 τῶν

2142 889 2276 942 υἱῶν
2335 910 2451 964 σου,
2503 889 2722 965 εἰρήνην
2783 891 2869 946 ἐπὶ
2928 893 3018 947 τὸν
3083 891 3302 968 Ἰσραὴλ
3338 935 3351 961 ,
3411 892 3548 947 κατᾶ
3603 895 3789 946 κοινοῦ

2141 980 2176 1048 ἠ
2211 977 2372 1054 εὐχή,
2429 982 2526 1037 sed
2561 985 2989 1039 emendandum
3043 988 3129 1041 est
3179 1001 3243 1039 ex
3277 985 3492 1040 Catena
3522 981 3703 1054 Regia
3732 983 3791 1037 in

2140 1071 2387 1126 Psalmos
2419 1088 2556 1140 ms.,
2584 1072 2718 1125 κατὰ
2747 1076 2934 1126 κοινοῖ)
2961 1073 3023 1126 τὸ
3056 1069 3155 1127 ἴδε.
3191 1073 3366 1128 Τοῦτο
3415 1070 3518 1147 γὰρ
3554 1068 3794 1144 μάλιστα

2142 1160 2422 1216 ποθοῦσιν.
2464 1181 2490 1215 ει
2517 1163 2714 1217 Pacem
2739 1178 2906 1235 super
2940 1163 3127 1218 Israel.
3163 1161 3447 1232 Subaudi,
3481 1160 3639 1217 Vide.
3677 1160 3796 1215 Hoc

2143 1250 2300 1306 enim
2334 1251 2586 1308 maxime
2634 1251 2992 1308 desiderant.
3029 1275 3056 1302 »
3089 1252 3408 1320 Librarius,
3457 1251 3612 1322 quod
3645 1250 3796 1306 hanc

2142 1339 2500 1396 locutionem
2537 1358 2651 1396 non
2685 1346 2937 1414 caperet,
2971 1359 3074 1414 pro
3102 1341 3164 1394 τὸ
3199 1337 3277 1394 ἴδε
3317 1339 3725 1406 substituerat,
3757 1339 3792 1406 ἡ

2146 1427 2307 1504 εὐχή,
2337 1433 2491 1486 unde
2522 1431 2812 1503 interpres
2837 1435 3104 1499 verterat,
3140 1454 3165 1480 «
3199 1431 3329 1485 Haec
3379 1434 3467 1485 est
3509 1428 3692 1484 oratio
3726 1429 3797 1483 de

2147 1535 2466 1574 communi.
2502 1541 2530 1570 )>

2219 1607 2339 1664 Col.
2365 1609 2474 1662 659
2503 1611 2542 1666 Ο
2574 1611 2628 1665 4.
2669 1613 2752 1665 Ea:
2785 1610 3016 1682 Spiritu.
3050 1613 3198 1679 Non,
3231 1624 3300 1664 ex
3340 1609 3524 1675 Patre,
3558 1610 3622 1662 ut
3652 1607 3799 1663 scri-

2148 1702 2346 1770 pserat
2376 1698 2684 1771 interpres,
2720 1701 2874 1772 quod
2910 1700 3189 1755 mendose
3219 1702 3374 1754 esset
3402 1698 3460 1753 in
3504 1697 3565 1752 F.
3599 1695 3659 1750 ὲκ
3703 1693 3800 1749 τοῦ

2146 1806 2307 1861 προς,
2341 1805 2443 1860 pro
2473 1807 2594 1849 πνς.
2625 1787 2958 1860 πνεύματος.

454 1873 578 1930 Col.
611 1875 714 1928 631
751 1879 797 1927 Α
826 1875 880 1929 9.
916 1874 1294 1944 Iniquitatem.
1329 1873 1480 1930 Male
1511 1878 1701 1940 antea,
1739 1894 1767 1923 ‹‹
1800 1889 2039 1945 persua-

2219 1877 2340 1932 Col.
2372 1879 2477 1932 660
2508 1878 2548 1932 C
2577 1879 2629 1932 9.
2677 1881 2788 1948 Qui
2834 1878 2905 1933 ad
2934 1877 3237 1932 evitandas.
3291 1874 3799 1952 Συμπεριφὲρεσθαι

385 1965 485 2018 det
518 1962 763 2018 antistes
781 1963 1169 2031 haeresum,ut
1191 1962 1417 2020 excelso
1437 1963 1640 2033 iniqua
1659 1961 2038 2032 loquantur.»

390 2053 573 2108 Locus
603 2057 695 2108 est
725 2051 952 2122 psalmo
998 2069 1170 2120 Lxxu,
1219 2057 1271 2122 8,
1325 2053 1422 2106 ubi
1474 2053 1754 2107 Vaticana
1799 2050 1979 2106 editio
2010 2064 2042 2105 e

389 2141 586 2196 Graeco
619 2141 785 2211 LXX,
820 2137 1029 2194 ἀδικίαν
1061 2141 1134 2202 εἲς
1159 2141 1220 2194 τὸ
1253 2139 1386 2212 ὕψος
1434 2138 1733 2209 ἐλάλησαν,
1765 2141 2039 2210 iniquita-

388 2235 497 2286 tem
528 2233 588 2286 in
619 2232 796 2286 altum
851 2231 1019 2286 locuti
1064 2239 1211 2285 sunt.
1245 2232 1614 2302 Sequebatur
1662 2228 1739 2291 εἷς
1787 2229 2038 2298 ζητήσεις

389 2312 886 2392 συγκαταϐαίνοιεν.
919 2320 1236 2375 'l‘ilmann.:
1272 2342 1300 2370 «
1323 2320 1382 2376 Si
1405 2321 1641 2391 quando
1663 2337 1729 2375 eo
1761 2335 1823 2375 se
1854 2320 2039 2374 demi-

387 2409 596 2478 serint,
629 2414 693 2463 ut
740 2409 1146 2465 assentiuntur
1192 2409 1502 2481 proposita:
1545 2408 1872 2481 quaestioni.
1906 2429 1934 2458 »
1968 2409 2042 2462 At

387 2492 828 2572 συγκαταϐαίνειν
858 2516 972 2554 non
1005 2504 1094 2554 est
1125 2519 1154 2548 «
1184 2498 1483 2568 assentiri,
1510 2522 1538 2550 η
1567 2499 1668 2555 sed
1693 2521 1721 2550 ‹‹
1751 2515 1818 2554 eo
1846 2515 1908 2554 se
1939 2497 2040 2552 de-

387 2591 642 2646 mittere.
674 2610 702 2638 n

456 2680 576 2736 Col.
608 2681 714 2734 654
749 2685 790 2734 Α
825 2681 880 2735 li.
926 2681 1301 2750 Nequaquam,
1337 2679 1410 2736 0b
1441 2684 1558 2736 hoc.
1592 2678 1715 2735 Non
1766 2677 1913 2733 bene
1941 2694 2039 2733 ex-

387 2770 602 2843 pressit
630 2768 1098 2826 emendationem
1125 2775 1387 2824 nostram
1410 2767 2044 2841 typographuszrescri-

389 2859 652 2914 bendum
709 2858 908 2930 igitur,
970 2873 1319 2929 nequaquam
1366 2858 1790 2928 confundantur.
1827 2857 1900 2913 0b
1947 2857 2044 2913 hoc

387 2947 594 3003 dictum
625 2950 725 3012 est,
760 2945 954 3018 Campi
982 2948 1224 3001 Esebon.
1261 2945 1590 3002 Delevimus
1623 2947 1779 3001 enim
1822 2944 1922 3000 illa
1951 2944 2041 3000 in-

387 3035 721 3108 terpretis,«
746 3051 1121 3106 nequaquam
1145 3035 1439 3106 attingant
1460 3041 1725 3091 centrum
1749 3035 1870 3090 sive
1891 3051 2042 3106 pun-

388 3133 570 3188 ctum.
600 3147 622 3174 -
657 3125 942 3179 Vitiosum
975 3125 1133 3180 enim
1167 3123 1476 3180 lectionem
1509 3124 1725 3179 codicis
1758 3123 1817 3178 F.
1851 3126 2043 3194 expri-

389 3218 560 3270 munt
589 3213 723 3283 ista,
771 3209 961 3286 λόγοις
993 3210 1054 3264 οὐ
1102 3209 1308 3285 κέντρῳ
1359 3212 1696 3279 ποιὴσονται.
1734 3210 1830 3264 Διά
1878 3214 2038 3265 τοῦτο

384 3303 452 3356 τὰ
499 3298 677 3358 πεδία.
709 3272 1138 3372 horrigendum
1185 3272 1297 3356 fuit
1326 3319 1395 3357 ex
1425 3272 1551 3373 ipso
1587 3307 1748 3357 textu
1784 3306 1955 3373 prout
1983 3306 2041 3357 et
2069 3272 2113 3342 ο

388 3394 673 3463 scriptum
731 3391 1007 3446 exhibent
1060 3395 1130 3445 Η.
1189 3395 1247 3446 et
1300 3394 1345 3457 I,
1402 3389 1501 3444 οὐκ
1559 3388 2036 3464 ἐντραπήσονται·

389 3482 614 3536 dictum
674 3480 830 3536 enim
881 3484 971 3536 est
1018 3497 1050 3535 a
1082 3479 1389 3552 propheta,
1421 3479 1513 3534 καὶ
1554 3480 1656 3534 οὐκ
1703 3479 2039 3554 ἐντραπήσῃ,

387 3579 438 3625 et
460 3586 572 3626 non
599 3569 976 3641 con/undere).
1025 3571 1191 3640 Apud
1227 3570 1506 3642 Cyrillum
1538 3569 1749 3641 legitur
1778 3569 1952 3626 etiam
1985 3574 2043 3624 et

387 3660 544 3730 apud
593 3659 964 3731 prophetam,
1011 3656 1105 3710 καὶ
1155 3657 1255 3711 οὐκ
1306 3657 1731 3732 ἐντραπήσονται
1778 3659 1846 3713 τὰ
1883 3655 2043 3712 πεδία

387 3740 642 3803 Ἑσεϐών.
685 3749 761 3801 Et
805 3762 918 3801 non
957 3748 1349 3803 reverebantur
1375 3765 1591 3821 campos
1621 3750 1845 3806 Esebon.
1879 3749 2044 3806 Unde

389 3837 638 3894 fortasse
669 3852 786 3891 non
820 3833 1019 3890 minus
1067 3839 1200 3906 apte
1245 3835 1387 3891 verti
1440 3842 1661 3907 posset,
1705 3836 1794 3890 καὶ
1822 3837 1924 3890 οὐκ
1954 3835 2041 3890 ἐν-

386 3925 668 3998 τραπήσῃ,
715 3931 767 3980 et
811 3940 920 3980 non
971 3923 1328 3993 revereberis,
1387 3927 1446 3979 et
1503 3924 1562 3979 in
1610 3926 2040 3982 Commentario

390 4015 614 4080 Basilii,
687 4016 798 4066 Ουκ
871 4011 1295 4087 ἐντραπήσονται
1315 4055 1339 4082 .,
1395 4029 1747 4085 nequaquam
1809 4029 2043 4070 revere-

391 4105 616 4171 buntur,
650 4107 752 4158 aut
780 4103 1116 4159 erubescant.

459 4194 579 4250 Col.
628 4195 736 4248 655
766 4198 810 4247 D
850 4194 900 4249 4.
956 4191 1318 4248 Subauditur.
1364 4192 1714 4250 Tilmannus
1751 4193 2038 4261 ediderat,

385 4284 425 4340 A
455 4284 737 4339 communi
781 4282 1004 4353 quidem
1053 4280 1120 4336 de
1163 4291 1404 4354 utraque
1455 4289 1612 4352 gente
1649 4283 1874 4353 dicitur,
1909 4285 2040 4356 quia

385 4375 668 4445 lugebant,
702 4387 866 4444 seque
893 4373 1178 4444 plangant.
1217 4373 1332 4427 [loc
1381 4375 1472 4428 est
1498 4373 1570 4428 de
1620 4373 1848 4429 Esebon
1879 4378 1938 4429 et
1966 4375 2039 4430 de

386 4463 660 4528 Sabama,
693 4462 794 4518 sed
843 4460 945 4516 illa
992 4460 1225 4532 phrasis
1264 4461 1466 4518 Graeca
1502 4460 1608 4515 ἀπὸ
1650 4465 1838 4516 κοινοῦ
1889 4464 2037 4520 nihil

386 4553 549 4608 aliud
573 4555 765 4620 sonat,
790 4567 969 4623 quam
992 4551 1234 4608 verbum
1253 4553 1510 4622 πενθήσει
1536 4554 2037 4626 subaudiendum,

2151 1965 2245 2020 hic
2267 1971 2333 2020 ut
2355 1967 2506 2037 apud
2542 1967 2869 2038 Epictetum
2911 1967 3064 2021 idem
3107 1966 3341 2020 videtur
3380 1981 3608 2033 sonare,
3645 1963 3800 2035 quod

2151 2057 2728 2128 συναναστρέφεσθαι,‹‹
2754 2073 2871 2110 una
2893 2072 3024 2110 cum
3049 2055 3326 2127 gentibus
3346 2053 3599 2109 versari:
3626 2073 3656 2102 »
3688 2050 3802 2106 nisi

2150 2143 2325 2200 malis
2356 2146 2440 2200 ita
2469 2147 2648 2216 sumi,
2683 2151 2746 2200 ut
2777 2145 2879 2200 lib.
2917 2145 2964 2200 II
3014 2144 3481 2199 Machabzsorum
3532 2158 3660 2213 cap.
3696 2158 3753 2196 IX
3785 2158 3799 2196 :

2148 2234 2773 2309 συμπεριενεχθήσεσῦαι
2827 2232 2981 2306 ὑμῖν,
3013 2235 3389 2288 voluntatibus
3421 2231 3615 2286 vestris
3656 2232 3802 2301 faei-

2151 2325 2256 2379 lem
2297 2341 2356 2380 σε
2395 2325 2770 2396 praebiturum
2819 2333 2978 2395 atque
3027 2324 3432 2378 assentientem.
3482 2319 3801 2391 Proc0pius

2150 2413 2297 2468 dixit
2344 2431 2402 2485 p.
2455 2415 2560 2469 240
2592 2431 2605 2470 :
2639 2411 2940 2486 συγκαθιεὶς
2989 2411 3173 2465 ἑαυτὸν
3226 2407 3496 2485 δόγμασιν
3542 2406 3796 2470 ἐθνικοῖςο

2153 2523 2175 2552 ε
2211 2502 2590 2558 Ethnicorum
2623 2503 2897 2574 dogmata
2929 2501 3358 2574 amplectendo.
3391 2522 3419 2549 »
3451 2498 3800 2554 Tilmannus

2149 2592 2486 2665 scripserat,
2512 2615 2540 2643 ‹‹
2566 2609 2714 2664 quos
2747 2592 2920 2647 nullae
2943 2597 3168 2665 gentes,
3195 2589 3423 2644 nullum
3457 2585 3800 2644 tentationis

2150 2698 2336 2753 genus
2368 2683 2760 2754 persequitur,
2793 2681 2853 2736 hi
2885 2681 3403 2736 circumferuntur.
3441 2699 3468 2727 ››

2221 2771 2342 2828 Col.
2373 2773 2483 2827 662
2514 2776 2549 2827 A
2583 2772 2671 2828 Η.
2707 2773 3072 2828 Ascensiones.
3130 2769 3448 2824 Addiderat
3485 2767 3799 2837 interpres.

2158 2885 2179 2911 ι
2214 2861 2528 2932 disposuit,
2564 2883 2591 2913 »
2626 2865 2683 2917 et
2729 2863 3038 2916 annotarat
3078 2859 3134 2912 in
3179 2857 3470 2929 margine,
3503 2877 3529 2907 «
3565 2854 3712 2909 Deﬁt
3741 2854 3800 2907 in

2151 2949 2466 3022 exemplari
2519 2946 2746 3011 διέθετο.
2783 2973 2804 3003 ι
2843 2949 2952 3005 Sed
3001 2965 3130 3004 cum
3189 2948 3246 3001 in
3279 2947 3351 3001 H.
3409 2949 3466 3000 et
3493 2945 3537 2999 Ι.
3571 2944 3804 2998 deesset

2151 3039 2295 3094 illud
2341 3040 2604 3107 verbum,
2635 3057 2668 3094 a
2706 3038 2919 3094 Basilio
2967 3037 3254 3092 omissum
3307 3032 3799 3096 existimavimus,

2151 3128 2544 3184 subaudiente
2566 3125 2688 3198 εἰσί,
2718 3149 2747 3178 ‹‹
2773 3127 3146 3182 escensiones
3167 3128 3310 3180 sunt
3332 3139 3344 3177 :
3363 3143 3389 3173 »
3416 3120 3680 3192 alioquin
3702 3118 3803 3174 im-

2153 3217 2403 3272 mutavit
2445 3217 2711 3272 nonnihil
2747 3216 2920 3271 verba
2951 3214 3189 3270 Davidis
3224 3211 3436 3285 psalm.
3476 3225 3684 3276 Lxxxn,
3715 3209 3752 3262 6
3787 3226 3799 3266 :

2155 3300 2434 3367 ἀναϐάσεις
2485 3303 2536 3359 ἐν
2586 3307 2654 3378 τῇ
2702 3299 2899 3376 καρδίᾳ
2946 3303 3113 3356 αὐτοῦ
3165 3297 3391 3363 διέθετο.
3444 3297 3803 3356 Scholiasles

2149 3401 2347 3453 tamen
2380 3397 2615 3452 Graecus
2655 3395 2933 3451 admonet
2983 3394 3268 3464 quosdam
3304 3395 3591 3462 punctum
3625 3389 3802 3458 figere

2151 3490 2284 3558 post
2313 3482 2498 3554 αὐτοῦ,
2523 3501 2589 3540 ac
2610 3485 2852 3540 verbum
2879 3478 3083 3544 διέθετο
3117 3480 3505 3553 sequentibus
3529 3478 3802 3548 jungere,

2151 3581 2326 3647 atque
2355 3575 2437 3630 ita
2467 3590 2701 3646 quoque
2731 3573 3164 3628 Theodoretum
3212 3571 3628 3641 interpungere
3677 3565 3800 3620 Flu-

2152 3665 2376 3722 minius
2404 3663 2674 3720 Nobilius
2715 3661 3033 3718 annotavit.

2223 3755 2348 3813 Col.
2387 3755 2493 3809 666
2525 3758 2564 3806 A
2600 3756 2654 3807 2.
2688 3753 2752 3807 Et
2795 3753 2900 3808 erit
2941 3756 3002 3806 ut
3047 3751 3428 3805 revereantur.
3463 3744 3799 3800 Emendan-

2153 3847 2292 3900 dum
2327 3850 2438 3915 est,
2477 3863 2498 3891 α
2532 3845 2603 3898 Et
2632 3843 2744 3898 erit
2775 3846 2840 3896 ut
2867 3846 2926 3896 tu
2951 3838 3287 3904 reverearis,
3306 3837 3387 3892 vel
3411 3842 3478 3890 ut
3498 3840 3561 3889 tu
3592 3833 3800 3890 erube-

2151 3951 2304 3990 scas.
2332 3955 2360 3984 »
2393 3935 2456 3989 In
2489 3932 2744 3988 editione
2765 3929 3050 3986 Vaticana
3073 3929 3345 3997 vertitur,
3371 3926 3433 3980 Et
3453 3925 3559 3978 erit
3589 3924 3653 3976 in
3670 3937 3797 3978 con-

2146 4023 2424 4093 fusionem
2446 4030 2616 4077 tuam.
2646 4019 2910 4092 Procopii
2939 4019 3254 4089 interpres,
3283 4020 3334 4071 et
3355 4016 3461 4071 erit
3482 4016 3543 4068 ut
3571 4013 3800 4084 confun-

2146 4109 2298 4166 daris
2327 4127 2341 4164 :
2376 4109 2478 4165 sed
2509 4109 2650 4181 quia
2679 4105 2936 4164 Basilius
2965 4105 3130 4161 addit
3161 4100 3379 4174 αὐτούς,
3411 4101 3472 4156 in
3519 4098 3666 4155 locis
3696 4096 3798 4169 qui

2147 4202 2500 4271 sequuntur,
2534 4196 2728 4270 aptius
2757 4195 2932 4251 verbo
2966 4217 2994 4244 «
3028 4190 3298 4258 revereri,
3334 4213 3360 4240 ››
3393 4188 3483 4245 vel
3515 4212 3541 4239 α
3585 4187 3797 4244 erube-

2146 4304 2309 4345 scere
2342 4310 2369 4337 »
2403 4287 2605 4344 uteris.
2635 4289 2698 4342 Et
2726 4285 2831 4342 erit
2857 4290 2916 4339 ut
2939 4287 2997 4339 tu
3027 4282 3329 4338 reverearis
3359 4281 3523 4351 ipsos,
3556 4277 3664 4332 hoc
3683 4280 3794 4344 est,

2147 4377 2464 4448 eveniet,ut
2485 4376 2567 4433 illi
2592 4376 2697 4432 tibi
2729 4375 3008 4446 pudorem
3037 4368 3440 4440 incutiant,vel
3463 4367 3794 4438 imponant.

2148 4472 2452 4524 Postremo
2485 4481 2618 4538 pag.
2648 4465 2775 4530 617,
2812 4464 3026 4531 Quanto
3067 4463 3332 4532 majorem
3367 4460 3540 4529 famae
3567 4455 3796 4512 celebri-

2146 4554 2764 4626 tatem,substituimus
2781 4552 2840 4607 in
2860 4551 3050 4607 locum
3075 4549 3310 4606 illorum
3325 4546 3664 4618 interpretis
3676 4560 3798 4626 ver-

386 4644 544 4714 quod
574 4658 888 4699 commune
915 4641 1012 4711 sit,
1041 4645 1098 4698 et
1119 4643 1495 4715 jungendum
1527 4660 1662 4700 cum
1692 4643 1810 4700 illis
1847 4625 2040 4704 verbis
2069 4636 2116 4702 D
2149 4625 2356 4703 borum
2388 4663 2401 4702 :
2439 4646 2666 4710 Quanto
2705 4642 2862 4698 enim
2910 4640 3287 4696 existimabat
3321 4652 3632 4709 superesse
3677 4625 3793 4690 “sibi

384 4731 453 4784 τὰ
499 4726 660 4784 πεδία
714 4723 974 4801 Ἐσεϐών,
1025 4734 1083 4786 et
1137 4747 1271 4786 cum
1321 4730 1454 4788 istis
1504 4727 1752 4804 ἄμπελος
1797 4726 2040 4806 Σεόαμά.

392 4819 537 4876 Nam
571 4819 632 4875 in
663 4819 947 4877 Vaticana
990 4819 1267 4889 editione,
1301 4824 1359 4876 et
1405 4821 1561 4893 apud
1605 4821 1952 4894 Procopium
1981 4824 2042 4879 in

382 4913 548 4966 textu
596 4909 712 4966 ista
756 4909 841 4965 sio
893 4910 1395 4982 interpunguntur
1426 4926 1441 4966 :
1473 4907 1589 4965 Οὐκ
1633 4907 1943 4986 ἐντραπήσῃ
1975 4911 2044 4966 τὰ

386 4993 546 5053 πεδία
631 4991 888 5054 Ἐσεϐώψ
976 4998 1235 5067 πενθήσει
1321 4994 1577 5070 ἄμπελος
1663 4994 1902 5073 Ζεϐαμά·
1975 5004 2044 5058 Et

384 5103 499 5145 non
544 5088 879 5144 revereberi:
925 5102 1145 5158 campos
1192 5087 1394 5144 Esebon
1428 5105 1447 5143 :
1478 5089 1646 5144 vinea
1691 5089 1929 5147 Sabama
1960 5092 2044 5147 lu-

381 5178 552 5244 gebit.
585 5176 650 5232 In
681 5175 816 5233 aliis
847 5176 1037 5247 libris,
1071 5181 1138 5232 ut
1178 5175 1274 5232 hic
1306 5178 1461 5249 apud
1493 5176 1796 5248 Basilium,
1828 5179 2042 5251 legitur

380 5265 480 5318 Καὶ
539 5261 1005 5347 οὐκέντραπήσῃ
1055 5306 1068 5321 .
1117 5265 1192 5318 Τὰ
1247 5261 1408 5320 πεδία
1465 5259 1698 5321 Ἐσιϐὼν
1757 5268 2036 5340 πενθήσει,

379 5351 632 5428 ἄμπελος
661 5349 901 5429 Ζεϐαμά.
946 5356 1042 5413 Sic
1097 5357 1253 5428 apud
1313 5355 1817 5430 Olympiodorum,
1871 5360 1932 5415 in
1975 5377 2039 5417 III

2153 4733 2569 4791 luculentiores
2600 4731 2856 4799 divitias,
2889 4733 3055 4785 tanto
3083 4728 3441 4793 merebatur,
3465 4731 3530 4781 ut
3560 4742 3674 4781 non
3706 4739 3796 4779 re-

2150 4823 2356 4880 velatis
2385 4822 2652 4879 arcanis:
2680 4844 2707 4872 »
2741 4813 3022 4890 ὗπόληψις
3057 4818 3214 4873 enim
3247 4816 3484 4886 famam,
3509 4831 3624 4870 non
3656 4829 3796 4885 opes

2152 4912 2467 4985 significat,
2516 4915 2574 4966 et
2617 4905 3090 4963 ἀποκαλύπτεσθαι
3143 4906 3418 4974 revelare,
3469 4920 3586 4959 non
3637 4903 3796 4956 obte-

2151 5017 2310 5075 gere,
2369 5005 2435 5056 ut
2488 5002 2649 5056 Lucas
2707 5015 2765 5068 x,
2791 4998 2852 5053 21
2895 5015 2908 5053 :
2959 4994 3059 5052 Καὶ
3110 4990 3462 5065 ἀπεκάλυψας
3509 4989 3646 5044 αὐτά
3699 5009 3796 5057 νη-

2152 5089 2320 5151 πίοις⁶
2355 5094 2427 5146 Et
2453 5089 2719 5146 revelasti
2765 5103 2831 5143 ea
2876 5085 3128 5158 parvulis
3161 5087 3251 5138 :et
3281 5083 3304 5138 Ι
3340 5087 3464 5137 Cor.
3518 5097 3635 5145 xxv,
3677 5079 3752 5133 25
3783 5094 3796 5133 :

2150 5178 2232 5235 Τὰ
2259 5179 2474 5253 κρυπτὰ
2500 5183 2599 5246 τῆς
2633 5172 2856 5252 καρδίας
2889 5173 3090 5250 φανερὰ
3117 5170 3335 5248 γίνεταυ
3371 5172 3589 5227 Occulta
3619 5167 3800 5226 cordis

2148 5272 2447 5343 manifesta
2474 5270 2637 5340 ﬁunt.
