4176 6386
425 364 580 424 1115

1846 363 2022 423 FED.
2072 358 2421 421 MORELLI

3693 352 3860 412 1116

1287 662 2068 789 FEDERIGI
2157 660 2950 807 MORELLI,

1598 878 2020 925 PROFESSORUM
2061 875 2367 922 REGIORUM
2408 876 2655 936 DECANI,

1076 1007 1469 1098 NOT/E
1563 1010 1727 1094 ET
1824 1001 3177 1092 ANIMADVEBSIONES-

492 1318 653 1383 Quod
688 1317 924 1389 Ulysses
957 1318 1301 1375 Homericus
1333 1318 1403 1374 de
1430 1318 1709 1373 Diomede
1745 1317 1858 1370 ﬁdo
1892 1319 1948 1369 et
1979 1315 2069 1369 in-
2102 1316 2155 1381 Α

419 1407 652 1463 divulso
683 1409 898 1464 comite
927 1409 1301 1481 depraedicat,
1337 1411 1546 1465 merito
1575 1410 1647 1463 de
1676 1405 1889 1462 Basilio
1911 1407 2076 1476 Mag-

421 1514 495 1553 no
528 1499 936 1571 usurpaverim
969 1497 1106 1552 κατὰ
1134 1495 1435 1570 παρῳδίαν.

420 1624 546 1711 Eg):
587 1618 656 1708 liv‘
680 1618 751 1711 δὴ
781 1620 1070 1711 Βασιιλείοι)
1099 1621 1401 1711 ἐγὼκρεῖοιο
1428 1620 1725 1711 λαθοίμην,

421 1690 499 1770 βδ
533 1691 659 1770 περὶ
695 1690 790 1766 μέν
818 1694 1078 1770 πρόφρων
1103 1690 1324 1770 κραδίῃ,
1357 1695 1446 1770 καὶ
1480 1690 1900 1770 θυμὸέᾲγήνφρ

420 1765 505 1818 Ἐν
533 1765 787 1820 πάντεσσι
817 1765 1053 1821 πόνοισι·
1089 1765 1241 1845 φιλεῖ
1270 1765 1327 1822 δέ
1360 1766 1384 1821 ἐ
1416 1765 1642 1841 Χριστὸς
1672 1765 1882 1834 Ἰησοῦς
1914 1782 1927 1831 ;

419 1856 530 1923 Qui
555 1859 751 1926 magni
774 1873 986 1926 possem
1018 1858 1221 1913 Basilii
1249 1875 1367 1914 esse
1387 1861 1677 1913 immemor
1700 1872 1963 1927 unquam,

419 1928 588 1997 liuius
623 1945 720 1984 cor
748 1929 933 1985 alacre
962 1940 1011 1984 et
1040 1931 1306 1986 sublimia
1328 1936 1554 1998 pectora
1583 1933 1644 1984 in
1672 1932 1825 1984 omni

414 2001 614 2070 Magno
639 2016 805 2071 opere
838 2019 858 2055 :
896 2001 1043 2057 unde
1071 2005 1296 2060 adamat
1325 2002 1599 2059 doctorem
1648 2001 1799 2058 hunc
1830 1998 2073 2128 Cllirislu;

1903 2088 2025 2128 esus

1903 2088 2025 2128 εδιιε

414 2197 704 2269 Equidem
736 2198 808 2254 ab
840 2198 977 2254 hinc
1010 2199 1184 2255 annis
1214 2217 1286 2255 XL
1335 2200 1575 2273 scriptis
1620 2200 1750 2271 ejus
1794 2197 2070 2272 gravissi-

417 2286 532 2342 mis
561 2286 750 2343 libens
783 2289 1120 2345 incumbere
1148 2291 1293 2362 coepi
1322 2309 1334 2344 :
1366 2307 1471 2345 nec
1504 2289 1906 2362 poenitendum
1938 2305 2070 2343 sus-

415 2375 543 2447 cepi
564 2376 1066 2449 laborem,partim
1093 2379 1149 2434 in
1175 2380 1545 2435 emendando
1566 2377 2071 2447 cod.Germanico,

416 2481 532 2537 qua
561 2467 634 2521 ab
661 2468 1137 2539 interpunctione
1168 2474 1226 2524 et
1267 2470 1436 2525 laedis
1469 2468 1698 2524 mendis
1729 2475 1957 2541 typogr.
1994 2466 2073 2523 la-

414 2554 902 2627 borabat,partiru
937 2574 1069 2613 cum
1105 2559 1650 2624 mss.conferendo;
1686 2560 1899 2631 partim
1931 2574 2069 2613 con-

407 2644 655 2717 jecturis
687 2662 800 2701 non
826 2646 1159 2702 infelicibus
1194 2648 1452 2703 medicas
1474 2648 1806 2703 adhibendo
1833 2665 2067 2716 manus,

415 2751 483 2791 ac
536 2751 724 2791 nevos
772 2734 976 2792 tollere
1004 2741 1063 2792 et
1090 2737 1276 2794 nodos
1306 2736 1528 2793 solvere
1548 2738 1846 2793 tentando.
1881 2736 2067 2793 Etiam

414 2840 576 2879 nunc
603 2829 771 2880 atate
803 2830 1076 2894 provecta
1109 2826 1268 2882 idem
1321 2825 1580 2882 stadium
1631 2825 1783 2882 ultro
1814 2843 1946 2882 sum
1979 2844 2069 2882 re-

416 2930 663 2969 mensus
694 2914 751 2969 in
785 2914 893 2970 hac
919 2932 1066 2970 nova
1089 2920 1149 2970 et
1172 2919 1525 2987 exaggerata
1546 2915 1825 2971 editionis
1844 2919 2068 2971 Greco-

416 3003 636 3058 Latinae
669 3004 991 3075 molitione,
1023 3005 1165 3060 dum
1200 3011 1389 3061 rotam
1419 3006 1900 3077 typograpliicam
1933 3022 2067 3061 cur-

413 3096 641 3148 rentem
676 3093 943 3150 animose
972 3111 1319 3167 prosequor.

736 3253 812 3291 AD
854 3254 871 3291 Ι
912 3253 1200 3293 HOMILIAM
1240 3255 1299 3293 IN
1341 3255 1727 3295 BEXAEMERON

485 3342 604 3398 Col.
631 3344 665 3398 8
697 3344 734 3398 B
767 3345 854 3400 15.
887 3344 1021 3417 Leg.
1056 3342 1138 3398 ὅτι
1186 3343 1353 3415 καλή.
1406 3350 1697 3417 Interpres
1748 3351 1948 3404 noster
1986 3348 2069 3404 ita

411 3436 669 3487 verterat
698 3449 765 3489 ac
796 3433 847 3489 si
880 3432 1143 3506 legisset,
1178 3433 1253 3494 ὡς
1281 3431 1425 3503 καλὴ
1459 3436 1494 3504 ἡ
1526 3435 1698 3506 τάξις,
1732 3438 1903 3507 quasi
1951 3437 2069 3490 κατ’

413 3518 761 3596 ἐπιφώνημα,
812 3527 879 3579 ut
937 3522 1146 3595 psalm.
1198 3542 1299 3580 VIII
1331 3541 1345 3581 :
1375 3524 1463 3585 Ὧς
1513 3525 1821 3598 θαυμαστὸν
1860 3524 1923 3579 τό
1950 3520 2068 3580 ὅνο-

419 3607 493 3683 μά
517 3629 630 3664 σου.
666 3610 829 3668 Plato
860 3613 919 3668 in
956 3615 1115 3669 Tim.:
1147 3614 1208 3670 Ὁ
1233 3614 1363 3678 Θεὸς
1387 3619 1489 3669 πᾶν
1511 3612 1636 3669 ὅσον
1669 3615 1737 3683 ἦν
1770 3613 1962 3691 ὁρατὸν
1988 3614 2068 3677 εἲς

410 3697 559 3769 τάξιν
585 3695 784 3773 ἤγαγεν
818 3699 869 3771 ἐξ
900 3700 1143 3774 ἀταξίας.

730 3861 805 3899 AD
846 3861 887 3899 II
927 3862 1222 3900 HOMILIAM
1262 3863 1320 3926 IIS
1363 3863 1746 3903 HEXAEMERON

484 3949 604 4006 Col.
635 3950 706 4006 37
730 3955 773 4005 Β
804 3953 889 4010 13.
943 3950 1041 4004 Καὶ
1082 3947 1291 4021 διενεκῆ
1324 3974 1375 4008 τ.
1407 3974 1460 4010 κ.
1491 3956 1662 4027 Apud
1697 3956 1918 4014 Lucret.
1954 3957 1990 4013 l.
2024 3975 2065 4014 II

409 4041 608 4097 eadem
640 4040 979 4113 hypothesis
1011 4043 1358 4115 proponitur
1388 4045 1447 4100 in
1482 4045 1699 4101 atomis
1734 4063 1747 4103 :

409 4148 574 4222 Multa
593 4149 809 4205 minuta
839 4150 1015 4205 modis
1044 4151 1237 4207 multis
1264 4168 1364 4222 per
1387 4169 1550 4209 mane
1575 4153 1784 4210 videbis

414 4221 654 4298 gorpora
681 4222 908 4298 misceri
947 4223 1242 4298 radiorum
1266 4221 1477 4298 lumine
1501 4227 1561 4280 in
1601 4227 1740 4298 ipso,

409 4294 490 4371 Et
508 4293 656 4348 velut
683 4296 892 4371 aeterno
918 4296 1222 4371 certamine
1244 4297 1448 4371 praelia
1467 4293 1787 4371 pugnasque

413 4362 603 4442 Edere
618 4362 1259 4442 turmatimiccrtantia;
1273 4385 1374 4425 nec
1409 4362 1804 4442 dare'pauiam

413 4436 678 4491 Conciliis
715 4446 769 4493 et
795 4437 1048 4494 dissidiis
1071 4436 1321 4496 exercita
1349 4436 1578 4498 crebris:

411 4546 496 4598 En
536 4537 813 4605 ἄπαυστος
853 4542 1102 4618 πόλεμος
1153 4544 1242 4599 καὶ
1304 4544 1562 4617 διηνεκὴς
1605 4550 1640 4617 ἡ
1694 4548 1890 4627 φθορὰ,
1940 4567 2069 4623 γρα-

410 4629 650 4686 τοόντων
680 4632 731 4687 ἐν
768 4633 918 4707 μέρει
946 4634 1035 4689 καὶ
1066 4634 1473 4711 κρατουμένων.
1505 4639 1742 4696 Homer.
1791 4636 2070 4693 ὀλλύντων

409 4741 468 4776 τε
497 4722 587 4776 καὶ
620 4720 974 4797 ὀλλυμένων.

483 4812 605 4869 Col.
634 4814 703 4869 40
733 4818 778 4868 Α
809 4814 865 4871 3.
895 4814 1009 4869 Ἀεὶ
1039 4812 1142 4890 γὰρ
1163 4818 1270 4869 τῶν
1291 4837 1399 4893 γιν.
1421 4818 1671 4891 Epicteti
1696 4814 2071 4893 Ἐγχειριδίου

408 4902 686 4977 princeps
718 4904 951 4975 divisio,
973 4908 1085 4959 τῶν
1112 4899 1283 4961 ὄντων
1306 4905 1374 4960 τὰ
1402 4907 1497 4979 μὲν
1534 4906 1673 4963 ἐστιν
1706 4906 1788 4986 ἐφ’
1815 4909 1975 4981 ἡμῖν,
2006 4909 2074 4964 τὰ

412 4988 471 5047 δὶ
496 4990 596 5047 οὐκ
630 4991 714 5068 ἐφ’
739 4994 902 5066 ἡμῖν.

484 5082 606 5139 Col.
641 5085 710 5140 43
749 5084 792 5140 Β
840 5086 893 5140 6.
944 5081 1258 5147 Συνὲοαλπε
1308 5084 1400 5140 καὶ
1458 5084 1530 5159 ἐξ.
1587 5108 1638 5142 τ.
1687 5107 1737 5144 τ.
1792 5087 1841 5145 ὑ.
1891 5085 2072 5164 φύσιν,

414 5170 552 5226 κατὰ
624 5172 725 5242 τὴν
795 5171 975 5227 εῗκόνα
1046 5180 1148 5243 τῆς
1222 5172 1576 5245 ἐπωαζούσης
1650 5172 1741 5253 ὅρν
1774 5221 1787 5233 .
1841 5178 2075 5236 Plenior

413 5261 626 5330 versio,
658 5262 738 5318 Ad
769 5264 992 5319 similit.
1016 5264 1157 5334 avis,
1191 5267 1582 5323 incubantibus
1609 5269 1743 5338 ovis,
1781 5285 1835 5324 υ.
1867 5268 2073 5325 Adria-

415 5367 531 5406 nus
562 5350 619 5406 in
646 5349 940 5427 Εἰσαγωγῇ
976 5350 1053 5415 εἶ’ς
1097 5352 1194 5417 τὰς
1243 5351 1387 5418 θείας
1429 5355 1667 5433 Γραφάς,
1721 5357 2070 5428 hujusmodi

2959 1355 2971 1369 .
3012 1356 3026 1370 .
3063 1355 3076 1369 .
3114 1355 3128 1370 .
3158 1314 3497 1386 mistumque
3525 1313 3747 1369 duobus

2188 1386 2295 1453 Qui
2322 1402 2486 1457 super
2510 1386 2769 1443 mlleereas
2798 1387 3065 1443 volitabat
3095 1388 3336 1458 Spiritus
3363 1385 3563 1442 undas.

2186 1531 2495 1589 Enimvero
2524 1544 2643 1621 qm
2675 1551 2781 1589 vox
2831 1534 2999 1588 Hebr.
3046 1550 3078 1589 a
3126 1531 3286 1588 Mose
3313 1548 3351 1601 ι,
3378 1532 3434 1601 2,
3468 1530 3612 1586 Gen.
3668 1546 3850 1585 usur-

2185 1629 2321 1694 pata
2351 1622 2465 1677 vim
2499 1616 2677 1678 habet
2721 1625 2818 1675 τοῦ
2856 1619 3221 1698 ἐπιφέρεσθαι,
3273 1616 3617 1686 συνθάλπειν,
3660 1616 3852 1672 ἐπωτί-

2187 1715 2315 1779 ζειν,
2358 1711 2617 1784 agitandi
2671 1707 3014 1784 l‘ovendique
3064 1713 3249 1767 instar
3298 1710 3455 1766 alitis
3503 1708 3850 1764 incubantis

2184 1819 2364 1873 supra
2396 1803 2600 1857 nidum
2634 1819 2837 1858 suum.
2880 1807 2985 1857 Ast
3033 1818 3066 1857 ο
3099 1800 3197 1858 ubi
3251 1817 3408 1856 nunc
3439 1799 3705 1873 gentium
3742 1799 3850 1871 Sy-

2184 1889 2342 1946 riaca
2372 1890 2475 1945 illa
2503 1890 2885 1947 Pentateuchi
2912 1887 3267 1967 μετάφρατις,
3309 1890 3479 1962 cujus
3508 1888 3604 1945 hic
3650 1905 3849 1962 praeco

2182 1986 2273 2035 est
2301 1983 2479 2053 Syrus
2512 1980 2872 2037 Basilianusl

2252 2070 2373 2127 Col.
2408 2070 2473 2126 44
2507 2068 2547 2124 C
2574 2074 2627 2125 2.
2665 2070 2954 2140 Γενηθήτω
2986 2072 3127 2148 φῶς.
3168 2070 3405 2142 Insigne
3451 2085 3518 2125 ac
3568 2067 3848 2124 luculen-
3899 2119 3903 2122 .

2181 2162 2307 2214 tum
2328 2159 2733 2215 testimonium
2752 2161 3201 2234 magnificentiae
3221 2160 3403 2231 hujus
3421 2156 3704 2213 orationis
3727 2156 3851 2213 Mo-

2182 2250 2351 2305 saicze
2384 2267 2417 2303 ιι
2446 2248 2718 2323 Dionysio
2754 2250 3015 2322 Longino
3047 2249 3331 2321 scriptore
3362 2248 3553 2303 Attico
3592 2247 3846 2319 antiquo

2181 2338 2489 2394 exhibetur
2519 2340 2576 2393 in
2605 2340 2843 2395 aureolo
2874 2340 2975 2395 lib.
3007 2338 3135 2412 Περὶ
3171 2335 3362 2411 ὕψους,
3399 2337 3488 2393 his
3520 2336 3716 2392 verbis
3740 2355 3760 2391 :
3781 2335 3844 2392 Ὁ

2178 2429 2286 2480 τῶν
2336 2422 2614 2481 Ἰουδαίων
2646 2428 2999 2499 Θεσμοθὲτης,
3033 2425 3140 2502 οὐχ
3167 2426 3194 2479 6
3223 2427 3408 2501 τυχὼν
3441 2424 3602 2500 ἀνὴρ,
3645 2420 3838 2493 ἐπειδὴ

2178 2513 2280 2582 τὴν
2328 2519 2429 2569 τοῦ
2479 2514 2634 2569 Osiris
2667 2512 2894 2588 δύναμιν
2935 2516 3072 2570 κατᾶ
3119 2515 3219 2583 τὴν
3254 2515 3404 2585 ἀξίαν
3437 2512 3712 2591 ἐξέφηνεν,
3747 2513 3843 2568 εὖ·

2182 2601 2275 2664 Θὺς
2302 2602 2354 2658 ἐν
2396 2608 2463 2678 τῇ
2511 2599 2763 2680 εἰσϐολῇ,
2798 2606 2826 2660 ὁ
2864 2606 3015 2678 Θεὸς,
3067 2604 3221 2682 φησί.
3263 2606 3370 2674 Τις
3406 2601 3641 2659 Γενέσθω
3693 2607 3835 2681 φῶς.

2104 2696 2148 2760 Β
2180 2692 2277 2747 Καὶ
2310 2693 2522 2769 ἐγένετο
2548 2738 2561 2752 .

2499 2876 2571 2913 AD
2612 2873 2670 2913 ιν
2708 2874 2993 2914 HOMILIAM
3038 2874 3098 2913 IN
3138 2873 3521 2913 HEXAEMERON

2250 3018 2367 3076 Col.
2399 3020 2470 3073 77
2516 3019 2557 3075 Ο
2607 3019 2692 3074 10.
2736 3016 2855 3074 Εἰσί
2898 3037 3041 3079 τινες
3089 3014 3283 3081 πόλεις
3333 3038 3395 3073 π.
3456 3018 3639 3081 Quam
3698 3034 3839 3073 vera

2177 3109 2257 3165 sit
2287 3109 2408 3164 hzec
2440 3109 2709 3179 assertio,
2736 3110 2906 3165 docet
2937 3107 3137 3164 Basilii
3184 3109 3368 3164 nostri
3402 3109 3632 3165 amicus
3659 3114 3717 3164 et
3747 3109 3836 3163 fa-

2178 3198 2428 3254 miliaris
2455 3199 2736 3255 Libanius
2767 3199 2826 3254 in
2858 3198 3133 3254 Monodia
3168 3214 3344 3270 super
3384 3198 3748 3266 Nicomedia,
3782 3203 3839 3253 et

2176 3289 2237 3344 in
2268 3288 2427 3345 Orat.
2476 3287 2613 3361 πρὸς
2661 3285 2790 3349 τοὺς
2841 3287 2990 3348 νὲους
3018 3284 3143 3359 περί
3191 3290 3291 3341 τοῦ
3321 3285 3518 3361 λόγου,
3564 3304 3692 3360 quae
3724 3289 3834 3343 hoc

2176 3394 2330 3433 anno
2361 3395 2396 3434 a
2425 3393 2518 3433 me
2569 3381 2763 3433 Graece
2812 3381 2868 3433 et
2914 3378 3041 3433 Lat.
3076 3380 3217 3433 sunt
3263 3378 3473 3445 editae;
3505 3381 3564 3433 et
3614 3379 3674 3433 Β.
3715 3380 3836 3432 Au-

2175 3467 2452 3539 gustinus
2480 3469 2751 3523 Enarrat.
2786 3469 2845 3523 in
2874 3468 3019 3539 psal.
3054 3483 3175 3536 cm,
3210 3466 3311 3522 ubi
3342 3466 3570 3537 scribit,
3607 3490 3635 3519 ι(
3665 3469 3833 3525 Vide-

2174 3555 2251 3610 tis
2282 3556 2423 3626 quid
2457 3557 2633 3611 faciat
2665 3556 2891 3622 civitas,
2924 3555 3024 3612 ubi
3054 3555 3360 3611 abundant
3388 3554 3770 3627 spectacula?
3799 3575 3830 3604 »ι

2176 3644 2440 3717 Itemque
2467 3649 2524 3699 Β.
2576 3644 2835 3701 Hilarius
2882 3647 2943 3700 in
2983 3646 3124 3717 psal.
3158 3661 3352 3715 cxvm,
3392 3650 3588 3700 octon.
3626 3644 3728 3711 He,
3761 3645 3843 3699 De

2174 3734 2318 3789 culis
2347 3752 2368 3791 .'
2402 3735 2509 3803 Qui
2556 3736 2616 3789 in
2664 3735 3040 3791 theatralibus
3094 3733 3243 3790 ludis
3290 3733 3497 3806 captivi
3547 3734 3843 3802 incubant,

2176 3825 2273 3894 qui
2298 3824 2635 3880 circensium
2659 3824 3056 3880 certaminibus
3088 3824 3364 3879 serviunt.

2245 3911 2365 3969 Col.
2402 3915 2473 3969 80
2525 3916 2572 3969 A
2625 3914 2713 3969 13.
2764 3916 2928 3988 ’Όναρ
2976 3910 3112 3988 ὑπὲρ
3167 3915 3275 3966 τῶν
3317 3908 3508 3967 ἵππων
3567 3930 3708 3986 μαχ.
3762 3914 3848 3969 Ex

2173 4002 2564 4078 Aristophane
2592 4001 2645 4057 ἐν
2674 4000 2962 4078 Νεφέλαις.
2995 4007 3222 4075 Streps.

2881 4145 2957 4219 ὉΔ
2975 4140 3033 4199 δὲ
3052 4144 3234 4219 κόμην
3267 4138 3412 4219 ἔχων

2396 4216 2706 4293 ἶζππάζεταί
2733 4236 2792 4271 τε
2819 4218 2909 4293 ηαξ
2945 4216 3379 4293 ξυνωρικεύεται,

2397 4286 2779 4367 Ὀνειροπολεῖ
2808 4290 2854 4354 θ’
2879 4286 3108 4351 ’ἱππουςζ

2255 4433 2374 4491 Col.
2426 4435 2492 4490 81
2554 4439 2618 4490 D.
2652 4435 2707 4489 5.
2768 4432 2914 4508 Πρὸς
2969 4432 3067 4500 τὴν
3128 4430 3294 4508 ρυτήν
3351 4431 3570 4510 ἀφορῶν
3626 4453 3679 4489 τ.
3736 4434 3845 4490 Hic

2181 4523 2410 4581 eximie
2458 4523 2547 4581 vir
2594 4524 2945 4580 eruditionis
2973 4526 3033 4577 et
3071 4523 3364 4579 facundia
3407 4522 3611 4580 Joach.
3644 4522 3846 4580 Perio-

2182 4614 2341 4685 nius,
2372 4614 2614 4671 notione
2640 4615 2738 4668 τοῦ
2771 4612 2989 4689 ἀφορῶν
3022 4629 3138 4669 non
3171 4616 3464 4685 percepta,
3499 4613 3701 4669 docuit
3743 4614 3846 4669 ab-

2182 4704 2365 4760 surda
2392 4704 2895 4777 interpretatione,
2921 4722 2951 4754 «
2981 4718 3161 4775 quam
3194 4703 3455 4759 humana
3486 4719 3699 4776 parum
3731 4720 3842 4758 na-

2182 4797 2320 4851 tura
2346 4795 2541 4851 videat
2563 4794 2887 4861 interdum,
2912 4815 2939 4844 »
2972 4797 3036 4849 ut
3063 4798 3266 4850 monet
3285 4791 3552 4864 Flaccus,
3573 4792 3674 4865 qui
3706 4809 3845 4848 sen-

2182 4884 2432 4940 tentiam
2464 4884 2616 4941 hanc
2663 4882 3024 4940 Basilianam
3073 4883 3394 4940 admodum
3440 4882 3703 4939 illustrat
3747 4882 3845 4938 his

2182 4973 2402 5031 versib.
2434 4977 2540 5047 Ep.
2574 4974 2647 5031 ad
2689 4971 2945 5031 Lollium
2978 4972 3005 5027 1
3044 4988 3058 5027 :

2366 5121 2621 5177 Rusticus
2650 5120 2923 5190 exspectat
2952 5115 3082 5173 dum
3116 5115 3318 5190 deﬂuat
3342 5117 3550 5190 amnis,
3581 5123 3639 5172 at
3669 5116 3767 5172 ille

2362 5194 2599 5249 Labitur
2627 5200 2680 5248 et
2712 5187 2931 5248 labetur
2954 5190 3016 5246 in
3036 5204 3195 5245 omne
3220 5187 3486 5246 volubilis
3512 5205 3710 5245 aevum-

2184 5354 2329 5420 Quis
2386 5352 2583 5427 aptius
2636 5355 2694 5410 et
2739 5350 3063 5425 elegantius
3108 5350 3210 5418 τὴν
3267 5347 3434 5426 ῥυτήν
3472 5352 3581 5404 τῶν
3632 5346 3846 5403 ὑδάτων

415 5438 689 5496 Hebraici
721 5440 1083 5499 characteris
1117 5438 1323 5516 ἰδίωμα
1353 5443 1437 5499 ἐπὶ
1488 5450 1587 5514 τῆς
1632 5440 1891 5515 διανοίας,
1926 5463 2078 5503 nun-

2192 5448 2387 5518 μοῖραν
2420 5441 2754 5517 exprimat?

417 5544 487 5585 cu
500 5530 599 5600 pet
628 5527 734 5581 ἀπὸ
764 5530 1027 5599 κινήσεως
1078 5535 1432 5604 σωματικῶν,
1462 5533 1553 5591 vel
1606 5533 1710 5587 ἀπὸ
1748 5534 1957 5608 τόπων,
1988 5536 2078 5592 vel

2260 5533 2380 5592 Col.
2412 5534 2485 5589 89
2543 5540 2588 5589 Δ
2636 5534 2693 5589 9.
2754 5524 3083 5587 Ὠὅὲλισταιο
3146 5529 3175 5584 ὁ
3233 5525 3290 5584 δὲ
3337 5522 3555 5591 ὀϐελός.
3606 5530 3851 5587 Allitum

422 5615 529 5672 ἀπὸ
575 5616 912 5689 στολισμῶν.
955 5621 1257 5680 Ausonius
1306 5622 1452 5682 scite
1503 5622 1816 5683 aemulatus
1872 5628 1963 5683 est
2014 5625 2076 5682 in
2186 5627 2507 5681 transverso
2535 5623 2747 5680 calamo
2786 5622 3011 5692 signum
3038 5619 3113 5675 ab
3142 5619 3342 5677 Horat.
3373 5618 3591 5675 dicitur
3615 5619 3685 5676 ad
3718 5619 3845 5677 Pis.

322 5690 338 5703 ’
419 5705 803 5780 ephemeride.

2187 5710 2513 5785 Ausonius,
2568 5711 2770 5786 Epigr.
2824 5709 2899 5770 ad
2945 5707 3248 5780 Paestum,
3294 5707 3484 5768 Obclos
3523 5708 3851 5784 θρανίον-απ»
