4176 6370
318 373 473 434 1117

1893 357 2150 417 NOTAE.

3575 331 3732 393 1118

340 509 560 576 igmata
613 505 800 559 vatum
844 503 1030 556 vocat.
1067 499 1282 556 Mirum
1341 498 1430 552 est
1487 497 1606 551 tam
1668 491 1963 564 insignem
1994 490 2048 556 Α
2078 487 2274 558 itaque
2307 485 2378 541 ad
2410 482 2811 539 maturitatem
2837 475 3026 534 ducit:
3056 473 3205 528 nhoc
3233 471 3525 526 insectum
3548 463 3729 522 Graeci

318 594 513 651 Basilii
546 592 728 649 nostri
760 587 1328 646 animadversionem
1372 583 1618 640 latuisse
1664 579 1966 636 eruditiss.

317 701 384 742 ac
428 681 914 754 diligentissimos
959 677 1251 751 quosdam
1300 674 1455 730 viros
1486 667 1969 749 φιλιερογράφους.

632 860 705 900 ΑΟ
745 859 782 896 ν
819 857 1106 898 HOMILIAM
1147 856 1206 894 ΙΝ
1247 850 1649 892 HEXAEMERON.

391 987 509 1044 Col.
549 987 652 1042 103
678 986 719 1041 G
749 985 799 1039 4.
831 983 992 1040 Idem
1047 984 1284 1038 notatur
1339 994 1374 1033 a
1428 977 1520 1033 Jo.
1555 974 1858 1044 Chrysost.
1915 971 1974 1027 in

321 1075 603 1149 Panegyri
634 1075 694 1130 in
725 1078 782 1128 S.
809 1072 1119 1128 Thomam.

395 1167 544 1222 Ibid.
576 1165 619 1221 C
675 1162 856 1219 4.⁹¹1ν’
912 1160 971 1214 ἐκ
1025 1161 1124 1213 τοῦ
1172 1156 1405 1236 ἀφανοῦς
1447 1155 1543 1217 τὰς
1593 1151 1721 1228 παρ’
1773 1150 1976 1205 ἑαυτῶν

324 1249 537 1332 βλάϐας
600 1257 718 1314 τοῖς
804 1245 1204 1324 ἀκεραιοτέροις
1263 1240 1598 1319 ἐμϐάλωσιν,
1660 1247 1780 1298 Hoc
1821 1242 1978 1296 idem

321 1330 524 1415 Basil.,
554 1349 697 1400 tom.
734 1343 805 1408 II,
839 1342 1012 1413 epist.
1049 1340 1174 1408 410,
1208 1337 1463 1410 appellat
1492 1330 1840 1399 καταπαίζων
1867 1333 1973 1383 τῶν

319 1430 734 1509 ἀκεραιοτὲρων,
772 1431 1010 1506 eludere
1044 1429 1289 1484 minime
1323 1425 1538 1481 malos.

395 1524 516 1580 Col.
552 1524 656 1577 105
686 1521 800 1576 Β8.
835 1520 1000 1574 Corr.
1037 1513 1296 1591 ῥοδωνιαὶ
1323 1534 1376 1569 κ.
1411 1513 1606 1582 Virgil.
1633 1533 1660 1560 «
1699 1509 1980 1566 rosaria.»

326 1617 396 1668 Et
426 1612 580 1684 apud
611 1611 713 1668 Rei
747 1613 894 1665 rust.
929 1607 1156 1679 script.,
1190 1610 1254 1660 ut
1283 1604 1398 1671 hic,
1433 1625 1460 1652 «
1501 1606 1712 1670 roseta,
1741 1597 1980 1672 myrthi,

328 1703 554 1760 laurus.
592 1722 620 1750 »

399 1790 517 1847 Col.
554 1789 654 1844 108
685 1795 724 1841 Α
759 1789 814 1844 3.
847 1786 908 1842 Ὁ
942 1781 1306 1854 ὑποκείμενος
1336 1784 1415 1851 τῷ
1445 1777 1641 1856 φύλλῳ
1669 1777 1889 1843 κόκκος,
1924 1775 1981 1830 ’ὀν

331 1879 528 1954 μίσχον
581 1877 724 1938 τινες
782 1897 833 1931 τ.
887 1875 1033 1930 Hinc
1092 1871 1447 1943 Hesychium
1533 1870 1617 1924 sic
1688 1867 1983 1922 emenda:
2018 1864 2066 1929 B

331 1967 565 2043 Μίσχος⁸
592 1964 733 2019 οὕτω
765 1962 1040 2038 λέγουσιν,
1073 1958 1118 2032 ᾧ
1152 1960 1485 2030 συνήρτηται
1531 1957 1667 2030 πρὸς
1708 1955 1770 2008 τὸ
1822 1954 1985 2032 φυτὸν

329 2056 420 2112 καὶ
511 2056 719 2130 καρπὸς
743 2053 835 2107 καὶ
856 2051 919 2105 τὸ
953 2048 1192 2128 φύλλον.
1218 2048 1429 2122 Μέσχος
1455 2047 1482 2101 ὁ
1511 2045 1656 2118 παρὰ
1687 2047 1763 2115 τῷ
1792 2041 1991 2120 φύλλῳ

330 2146 546 2207 κόκκος.
582 2168 609 2196 ‹‹
647 2143 938 2200 Mischum
973 2140 1304 2212 indigetant
1335 2153 1583 2209 granum
1619 2134 1755 2190 folio
1797 2134 1992 2188 adhin-

336 2253 499 2304 rens;
545 2235 604 2290 id
658 2231 928 2289 videlicet
979 2246 1095 2302 quo
1158 2230 1382 2283 fructus
1414 2233 1469 2281 et
1498 2225 1703 2280 folium
1737 2239 1996 2278 connexa

335 2331 475 2383 sunt
523 2326 760 2398 plantas.
806 2345 833 2374 »
866 2322 1071 2378 Nonne
1104 2321 1224 2376 haec
1258 2335 1391 2375 cum
1446 2316 1760 2374 Basilianis
1808 2314 1994 2370 amice

353 2418 667 2487 conjurant
686 2414 714 2468 ‘?

409 2505 556 2562 Ibid.
592 2509 634 2557 Α
689 2503 776 2557 14.
812 2499 972 2557 Οἶνον
1028 2501 1269 2574 γεννῶσα
1328 2497 1448 2573 εὐφ.
1484 2497 1554 2552 XI
1611 2495 1748 2550 Jud.
1782 2493 1840 2548 in
1897 2509 1995 2564 pa-

340 2594 542 2652 rabola
596 2592 873 2649 Joathan.
937 2587 1080 2643 εἶπεν
1137 2583 1406 2658 ἄμπελος,
1461 2584 1654 2658 ἀφεῖσα
1711 2583 1806 2636 τὸν
1852 2579 1994 2634 οἶνόν

345 2704 470 2757 μου,
514 2683 616 2752 τήν
657 2677 1002 2754 εὐφροσύνην
1053 2681 1160 2731 τῶν
1217 2675 1535 2749 ἀνθρώπων.
1570 2677 1794 2729 Fremat
1843 2677 1998 2727 Ana-

345 2772 575 2830 charsis
624 2771 781 2839 licet,
816 2767 961 2822 οῖνον
1023 2767 1158 2821 εἶναι
1207 2762 1354 2840 ὕδωρ
1413 2762 1575 2818 σαπὶν
1629 2761 1729 2816 ὑπὸ
1779 2760 1996 2838 φλοιοῦ.

353 2887 380 2914 ‹‹
408 2868 637 2934 Aquam
671 2860 780 2916 sub
812 2859 1030 2914 cortice
1060 2861 1314 2929 putrem.
1351 2877 1379 2904 ι)

414 2951 534 3008 Col.
568 2950 672 3006 109
715 2949 760 3005 D
793 2949 845 3005 3.
880 2946 1165 3021 Ἐρὲψιμα.
1217 2943 1542 3017 Hesychius
1600 2943 1837 3015 exponit
1882 2959 1999 2994 στε-

350 3039 577 3114 γάσιμα,
611 3062 638 3090 «
671 3039 743 3094 ad
774 3041 912 3092 teet.
947 3052 1095 3107 opus
1157 3033 1361 3106 tigilla,
1405 3033 1659 3104 tignave.
1697 3055 1717 3084 ι
1759 3030 1904 3085 Ibid.
1939 3029 1996 3084 d.

346 3133 403 3186 9.
435 3129 512 3183 Τὰ
546 3126 640 3201 μὶν
677 3123 965 3200 μονόλοπα
993 3123 1078 3177 αὖ.
1117 3125 1271 3179 Idem
1321 3122 1644 3194 Hesychius
1678 3115 1996 3192 μονόλωπα,

351 3214 704 3292 μονόδερμα,
767 3212 1154 3288 μονοχίτωνα,
1215 3211 1487 3284 explicat.
1549 3207 1737 3271 Λοπός
1811 3209 2073 3301 eidemc

348 3307 681 3380 mquipollet
710 3303 985 3376 λεπισμῷ.
1028 3306 1230 3374 Itaque
1258 3301 1635 3356 scribendum
1667 3297 1860 3370 potius
1895 3316 1998 3368 μοη

349 3396 581 3463 νόλοπα,
613 3397 685 3451 de
716 3393 934 3467 plantis
965 3391 1141 3448 unica
1170 3392 1516 3447 membrana
1561 3387 1832 3444 tunicave
1881 3388 2003 3441 cin-

353 3488 464 3542 ctis
497 3485 732 3551 Fabius,
766 3484 826 3540 in
875 3484 1114 3538 Declam.
1145 3498 1249 3536 xm
1297 3481 1500 3550 Paup.,
1533 3478 1776 3533 ﬂoribus
1829 3477 2004 3531 etiam

351 3574 582 3630 tunicas
613 3573 840 3628 tribuit.
877 3571 1076 3631 Λῶπος
1110 3576 1305 3626 tamen
1334 3568 1588 3624 amictus
1626 3567 1815 3638 quivis
1864 3565 2006 3620 dici-

349 3669 470 3729 tur,
503 3661 745 3734 pallium
780 3660 1014 3730 proprie
1051 3677 1064 3716 :
1099 3661 1255 3714 unde
1295 3654 1611 3711 )ωποδύται
1663 3653 2008 3728 nuncupati.

421 3752 539 3809 Col.
598 3751 700 3804 112
758 3750 795 3804 Α
856 3749 942 3802 15.
999 3745 1292 3820 Σπὲρματα
1364 3750 1473 3800 τῶν
1528 3744 1648 3820 ἀρῥ.
1702 3744 1832 3807 τοὺς
1889 3742 2009 3816 λεγ.

349 3843 550 3914 ψῆνας.
583 3837 829 3911 Hesych.
862 3837 919 3891 id
952 3837 1035 3892 ita
1065 3836 1282 3902 ﬁrmat,
1315 3841 1380 3891 ut
1407 3837 1546 3891 hinc
1576 3835 2014 3906 deprompsisse

355 3931 624 3986 videatur
656 3943 668 3982 :
704 3928 878 3999 ψῆνας
926 3923 995 3978 τὰ
1049 3923 1332 3998 σπὲρματα
1385 3926 1492 3977 τῶν
1553 3921 1791 3998 ἀῤῥᾶνων
1841 3920 2010 3998 φοινί-

359 4040 498 4074 κων.
547 4018 679 4073 Mox
722 4015 1079 4090 ἀνορθοῦσθαι
1135 4010 1270 4069 πάλ.
1310 4012 1589 4069 Libanius
1647 4011 1706 4067 in
1755 4012 2014 4067 Encomz'o

365 4110 584 4182 palmae,
618 4124 674 4178 p.
708 4106 742 4161 3
771 4105 866 4161 Gr.
905 4103 1046 4160 edit.
1083 4107 1294 4158 nostra:
1329 4117 1342 4156 :
1375 4101 1436 4158 '0
1469 4099 1646 4178 φοίνιξ
1697 4099 1838 4173 ὑψοῦ
1885 4098 2015 4174 πρό-

360 4196 492 4268 εἶσι,
550 4195 640 4250 καὶ
697 4200 800 4268 γῆς
852 4192 1036 4267 ἀνέχει
1096 4191 1163 4245 τὰ
1231 4189 1485 4264 μάλιστα·
1518 4188 1609 4244 καὶ
1666 4190 1792 4265 παρ’
1830 4187 2013 4257 αὐτὸν,

357 4284 432 4348 ὠς
499 4282 688 4354 εἷπεῖε,
723 4282 858 4337 ἰέναι
909 4277 1127 4334 σπεύδει
1183 4278 1276 4335 τὸν
1337 4277 1585 4355 οὐρανόν·
1625 4299 1652 4332 α
1692 4283 1897 4334 Palma
1953 4277 2014 4333 in

358 4375 545 4432 altum
596 4390 658 4430 se
718 4371 910 4445 erigit,
946 4370 1246 4442 humoque
1276 4369 1502 4427 extollit
1554 4368 1875 4425 admodum
1913 4384 1926 4422 :
1961 4371 2018 4423 et

358 4465 432 4520 ad
480 4464 700 4536 ipsum,
732 4467 798 4517 ut
843 4461 927 4517 ita
981 4461 1197 4530 dicam,
1228 4460 1439 4516 coelum
1488 4475 1729 4532 pergere
1777 4462 2013 4514 content

359 4554 466 4612 dit.
501 4575 530 4604 υ
562 4553 743 4608 Addit
772 4551 930 4607 idem
963 4548 1152 4606 solam
1185 4551 1444 4621 palmam
1472 4549 1778 4606 surculum
1810 4548 1870 4604 in
1920 4564 2014 4604 ca-

361 4643 484 4716 pite
535 4657 907 4706 conservare,
944 4637 1108 4710 μόνος
1167 4637 1285 4691 κατ’
1329 4635 1453 4692 εὐθὺ
1505 4637 1715 4712 προϊὼν
1775 4636 1863 4691 ἐπὶ
1919 4642 2021 4706 τῆς

360 4727 613 4809 κεφαλῆς
672 4725 957 4797 διασώζειν
1011 4727 1109 4796 τὴν
1156 4724 1419 4804 κεφαλήν·
1453 4745 1522 4784 ex
1577 4728 1870 4800 Theopbr.
1913 4726 2018 4783 lib.

364 4838 423 4878 ιν
452 4822 616 4889 Hist.,
649 4837 698 4875 c.
730 4819 820 4889 23,
857 4819 955 4875 ubi
1007 4822 1203 4874 tamen
1257 4814 1553 4894 ἆγκὲφαλος
1604 4817 1839 4890 legitur,
1901 4832 2019 4873 non

362 4907 598 4987 κεφαλή.
630 4907 816 4979 Philo,
849 4924 868 4963 ι
898 4909 972 4964 De
1019 4909 1133 4962 vita
1180 4906 1336 4976 15103.,
1367 4901 1613 4981 καρδίαν,
1647 4923 1764 4967 cor.
1828 4904 2017 4961 nomi-

364 5005 467 5057 nat
499 5018 512 5056 :
549 4997 736 5068 Φοίνιξ
763 4997 863 5066 τὴν
899 4996 1134 5065 ζωτικὴν
1168 4990 1290 5070 ἔχει
1323 4992 1576 5068 δύναμιν,
1605 4994 1710 5048 οὐκ
1739 4992 1792 5048 ἐν
1823 4991 2016 5069 ῥίζαις,

368 5088 550 5166 ὥσπερ
599 5088 688 5143 καὶ
742 5087 810 5141 τὰ
863 5083 1008 5141 ἄλλα
1065 5084 1225 5163 φυτὰ,
1256 5083 1404 5140 ἀλλὰ
1457 5083 1761 5162 ἀνώφυτον,
1790 5078 2018 5158 καρδίας

365 5179 588 5254 τρόπον,
617 5176 668 5232 ἐν
716 5181 796 5249 τῷ
856 5173 1160 5250 μεσαιτάτῳ
1217 5178 1324 5228 τῶν
1357 5172 1671 5250 ἀκρεμόνων
1705 5171 2016 5245 ἱδρυμένην.

367 5269 550 5326 Paulo
581 5271 714 5341 post
744 5268 814 5322 de
844 5266 1017 5322 ﬁcub.
1052 5264 1104 5318 ot
1161 5259 1220 5318 δὲ
1264 5261 1392 5326 τοὺς
1453 5261 1715 5324 ὀλόνθους
1759 5257 2019 5331 ἐκδήσαν-

365 5378 477 5427 τις,
507 5378 559 5414 τ.
593 5356 874 5412 Ell'ectum
911 5354 1092 5424 hujus
1146 5353 1376 5410 artiﬁcii
1438 5353 1508 5410 ad
1571 5369 1810 5409 causam
1841 5351 2018 5407 etiam

370 5447 704 5504 naturalem
757 5446 935 5501 refert
989 5443 1316 5517 Hesychius
1371 5444 1427 5499 in
1478 5438 1742 5515 ψηνίζων.
1775 5439 1958 5496 Ἔστιν
1991 5439 2019 5493 ὁ

371 5535 478 5610 ψὴν
531 5531 670 5596 εἶδος
723 5532 864 5601 ζώου
912 5531 1105 5603 ὅμοιον
1151 5530 1399 5603 κώνωπι,
1431 5528 1460 5584 ’ὃ
1491 5526 1756 5586 εἰσδύεται
1788 5529 1866 5590 εἷς
1893 5525 2021 5590 τοὺς

373 5622 636 5688 ὀλόνθους
693 5625 802 5676 τῶν
855 5620 1053 5693 σύκων,
1083 5619 1443 5676 καὶὶπεπαίνει
1488 5617 1708 5681 αὐτούς.
1739 5641 1771 5670 ‹‹
1804 5617 2021 5674 Insecti

374 5714 599 5789 species
627 5709 838 5770 similis
869 5709 1042 5770 culici
1069 5715 1343 5784 penetrat
1387 5710 1448 5770 in
1490 5724 1728 5784 grossos
1775 5708 2018 5776 ﬂauum,

2082 556 2227 648 ψῆηὶα
2251 579 2458 630 vocant
2491 590 2502 628 :
2533 572 2639 626 hoc
2661 569 2982 624 etiamnum
3013 564 3073 619 in
3105 579 3241 632 agro
3287 556 3735 626 ConstantinOp.

2084 666 2156 720 ad
2188 681 2362 719 usum
2395 661 2679 729 adhiberi,
2711 657 2971 712 αὐτόπται
3020 651 3324 724 ἀξιόπιστοι
3373 648 3518 704 mihi
3569 652 3733 700 retu-

2086 755 2308 810 lerunt.

2157 843 2494 900 Col.113A
2549 842 2627 895 10.
2677 839 2783 906 Τὴν
2832 832 3178 910 ἰντεριώνην.
3231 826 3534 902 llesychio,
3595 820 3736 910 ἐντε-

2088 932 2285 1008 ριώνη,
2343 930 2405 984 τὸ
2463 927 2611 990 ἰντὸς
2664 929 2762 982 τοῦ
2820 923 3016 1000 ἄγρίου
3074 919 3285 987 σικύου,
3337 917 3372 986 ἢ
3431 914 3500 971 τὰ
3556 908 3736 967 ἔνδον.

2086 1000 2246 1078 ξἨτοι
2272 1000 2279 1003 ’
2301 1019 2365 1075 τὸ
2428 1018 2588 1092 μέσον
2638 1019 2734 1072 τοῦ
2783 1013 2948 1087 ξύλου
2977 1008 3190 1086 καρδία·
3225 1008 3276 1062 οἱ
3309 1003 3367 1061 δὲ
3404 1000 3626 1079 μυελός.
3659 1001 3741 1056 De

2089 1090 2438 1168 meditullio:
2474 1109 2667 1177 corde,
2728 1104 3104 1175 medellaque
3170 1101 3396 1156 fructus
3454 1099 3514 1152 et
3568 1090 3738 1163 ligni,

2089 1204 2430 1274 usurpatur.

2163 1267 2308 1347 Ibid.
2342 1291 2382 1344 c
2437 1292 2490 1343 s.
2548 1293 2677 1357 Leg.
2710 1283 2760 1337 ἐν
2821 1279 3050 1354 ἀψινθίῳ
3087 1279 3120 1346 ἣ
3165 1298 3252 1333 σκ.
3309 1275 3529 1332 Festive
3587 1267 3741 1323 ἀπίνη

2092 1391 2205 1443 θιον
2234 1379 2388 1450 apud
2421 1377 2676 1432 comicos
2707 1375 2828 1436 Gr.,
2862 1371 3017 1442 quod
3056 1369 3326 1424 bibentes
3376 1363 3520 1418 illud
3579 1358 3742 1414 fasti-

2091 1470 2272 1534 diant,
2303 1468 2375 1522 ob
2408 1466 2702 1537 insignem
2738 1460 3094 1526 amaritiem,
3130 1472 3306 1528 quam
3364 1453 3457 1507 hic
3507 1446 3742 1522 ἐσχάτην

2093 1555 2397 1632 πικρότητα
2479 1556 2647 1618 dixit,
2711 1552 2864 1606 unde
2932 1545 3262 1618 βαούπικρον
3332 1543 3744 1610 nuncupatur;

2095 1649 2248 1720 quod
2279 1643 2655 1702 scammonia:
2689 1655 2924 1712 quoque
2957 1633 3230 1706 congruit
3264 1650 3276 1686 :
3311 1632 3382 1686 de
3410 1645 3524 1700 qua
3556 1626 3746 1680 Diosc.

2099 1715 2143 1793 1-.
2187 1754 2262 1801 Iv,
2294 1752 2422 1806 cap.
2476 1734 2600 1787 261.
2635 1731 2750 1785 Cic.
2784 1746 2801 1783 1
2833 1730 2906 1783 De
2935 1727 3072 1791 div.,
3123 1724 3191 1778 Et
3245 1722 3448 1789 Georg.
3507 1715 3749 1779 Pisides,

2099 1825 2433 1893 Cosmurgz’z
2465 1838 2616 1877 vers.
2642 1821 2769 1890 929,
2802 1811 3192 1887 ἀσκαμμωνίαν
3228 1815 3427 1866 vocat:

2238 1946 2435 2022 Τράγοι
2461 1946 2551 2000 καὶ
2584 1946 2683 2022 τὴν
2728 1940 2960 2022 ἄπεπτον
2996 1932 3393 2022 ἀσκαμμωνίαν

2244 2009 2604 2086 Δειπνοῦντες,
2637 2009 2927 2071 ἓκπτόουσι
2957 2013 3056 2080 τὴν
3090 2009 3348 2081 ἀπεψίαν.

2103 2148 2268 2214 Quod
2303 2147 2724 2216 interpretatus
2756 2139 2895 2195 olim
2930 2153 3089 2204 sum,

2245 2272 2412 2329 Haldi
2441 2285 2608 2340 usque
2631 2265 3068 2340 di/‘ﬁcilemmtm
3099 2257 3284 2340 ﬁdunt
3328 2251 3752 2316 scammoniam,

2249 2345 2376 2400 Cibo
2403 2331 2744 2398 hoc-dolores
2774 2335 3062 2392 cruditatis
3093 2331 3333 2387 leniunt.

2177 2470 2324 2525 Ibid.
2385 2465 2592 2522 11.Ἐν
2647 2466 2766 2522 ταῖς
2808 2452 3166 2534 Τερεϐίνθοις.
3228 2453 3304 2508 Ex
3363 2449 3628 2520 Theoph.
3690 2465 3754 2501 In

2107 2559 2350 2628 Deh.p.
2387 2557 2510 2611 Lat.
2574 2553 2748 2609 scrib.
2809 2551 2866 2604 in
2929 2545 3285 2602 Terebinthis.
3345 2541 3554 2604 Diosc.,
3616 2537 3659 2590 Ι.
3715 2553 3754 2601 ι,

2103 2646 2394 2723 τέρμινθον
2458 2646 2723 2712 usurpat.
2777 2641 2843 2694 Et
2903 2628 3534 2707 ΗΘεΥοὶλἹξερὲμινθος,
3596 2623 3758 2700 φυτὸν

2107 2719 2336 2814 ἐμφερὲς
2368 2737 2448 2804 τῷ
2481 2729 2639 2802 λίνῳ,
2674 2727 2724 2798 ἐξ
2767 2727 2828 2781 οὗ
2881 2723 3171 2780 πλέκουσιν
3225 2719 3510 2786 Ἀθηναῖοι
3551 2731 3728 2788 παρορ

2112 2803 2260 2899 μίαςξ
2288 2849 2315 2877 ‹‹
2348 2803 2536 2893 Stirps
2569 2825 2658 2876 est
2689 2815 2972 2874 assimilis
3001 2813 3159 2878 lino;
3195 2809 3348 2864 unde
3375 2803 3759 2859 Athenienses

2109 2916 2418 2973 nectebant
2451 2908 2760 2966 monilium
2793 2897 3316 2975 appendices.»Sic
3337 2895 3493 2951 enim
3518 2897 3760 2946 autumo
3800 2961 3806 2966 η

2106 3002 2418 3079 παρορμίας
2452 3001 2544 3056 hic
2570 2997 2780 3068 accipi,
2815 2991 3052 3049 tametsi
3085 2987 3264 3044 dictio
3299 3001 3430 3040 rara
3459 2987 3516 3038 et
3545 2996 3756 3052 suspe—

2107 3078 2201 3152 cta
2231 3093 2325 3149 sit.
2359 3098 2396 3144 A
2432 3088 2721 3145 Nicandro
2749 3083 3008 3158 τρίμιθος
3040 3080 3219 3134 etiam
3255 3078 3520 3130 vocatur.

2184 3183 2302 3240 Col.
2341 3182 2444 3236 115
2474 3181 2512 3235 C
2541 3181 2594 3233 5.
2629 3176 2789 3240 Quod
2852 3172 2923 3226 ad
2973 3171 3167 3224 locum
3217 3161 3480 3220 Jeremiaa
3528 3158 3761 3225 attinet,

2113 3291 2238 3345 cap.
2273 3286 2409 3336 xvu,
2441 3285 2494 3331 νὴ.
2528 3269 2583 3332 6,
2622 3283 2732 3321 non
2788 3258 2986 3334 μυρίκη
3021 3259 3080 3312 in
3136 3272 3285 3310 vers.
3321 3250 3464 3306 LXX
3518 3250 3761 3318 Interp.,

2115 3336 2216 3420 sed
2274 3353 2637 3434 ἀγριομυρίκη
2701 3353 2936 3424 legitur,
2969 3346 3114 3401 ἔσται
3175 3343 3250 3403 ὡς
3299 3343 3335 3410 ἡ
3391 3336 3760 3413 ἀγριομυρίκη

2115 3453 2150 3520 ἡ
2183 3450 2232 3503 ἐν
2261 3429 2582 3523 στῇ-ἐρήμῳ.
2616 3444 2698 3499 De
2745 3440 3021 3513 junipcro
3079 3434 3372 3490 chraicw
3427 3429 3640 3500 linguae
3675 3443 3766 3496 pe-

2118 3515 2350 3598 ritiores
2377 3515 2674 3608 accipiunt
2698 3530 2761 3585 τὸ
2803 3539 2990 3595 11m):
3046 3543 3162 3596 qua
3195 3521 3447 3578 dictione
3478 3534 3576 3573 rex
3608 3515 3765 3572 Psal-

2121 3628 2478 3702 mographus
2513 3640 2654 3680 usus
2687 3626 2775 3676 est
2807 3617 2953 3690 psal.
2986 3632 3060 3682 cr,
3093 3613 3181 3669 vel
3241 3614 3304 3666 ut
3356 3608 3527 3664 llebr.
3562 3620 3764 3660 nume-

2122 3728 2251 3778 rant
2281 3735 2379 3784 (ιιι,
2407 3715 2506 3771 ubi
2537 3710 2829 3770 contrario
2860 3723 3036 3764 sensu
3072 3700 3326 3758 humiles
3370 3696 3624 3768 myricas
3673 3710 3768 3765 ap-

2125 3809 2304 3883 pellat
2379 3800 2664 3862 ταπεινοὺς
2739 3798 2829 3852 καὶ
2889 3791 3196 3868 ἀκεραίους,
3256 3803 3510 3861 quorum
3570 3799 3770 3855 preces

2123 3874 2280 3954 heus
2311 3894 2588 3951 exaudire
2606 3885 3086 3959 solet,quomodo
3119 3881 3259 3936 olim
3291 3892 3524 3934 versum
3554 3874 3624 3929 57
3653 3876 3775 3927 Sta-

2122 3986 2190 4042 tii
2219 3983 2603 4057 exposuimus
2633 3996 2663 4036 e
2693 3978 2883 4050 Sylvia
2912 3976 2974 4031 in
3002 3972 3240 4045 Epulum
3268 3964 3578 4024 Domitiani
3603 3978 3616 4018 :

2230 4129 2478 4255 ﬁamque
2505 4125 2730 4180 animas
2765 4117 2988 4192 (superi)
3019 4130 3166 4186 saepe
3213 4109 3485 4168 exaudire
3532 4105 3776 4161 minores

2279 4207 2596 4255 manum...

2279 4207 2596 4255 icuntur....

2195 4342 2344 4406 Quid
2377 4341 2560 4412 igitur
2589 4337 2648 4392 in
2681 4351 2857 4390 causa
2887 4334 2970 4386 est
3003 4346 3106 4384 cur
3137 4329 3341 4382 auctor
3371 4322 3568 4378 noster
3603 4333 3778 4373 accu-

2125 4434 2324 4490 ratiss.
2359 4410 2426 4486 iri
2449 4421 2983 4499 Scripturissacris
3015 4413 3280 4472 Jeremiaa
3315 4411 3554 4484 quidem
3578 4410 3775 4463 aucto-

2127 4524 2357 4578 ritatem
2390 4495 2745 4583 adhibuerit,
2768 4509 3024 4567 Davidici
3053 4522 3183 4561 vero
3214 4500 3420 4575 hymni
3445 4516 3557 4554 non
3578 4495 3780 4552 memi-

2050 4604 2098 4669 D
2131 4611 2317 4668 nerit?
2346 4609 2492 4674 Quia
2524 4604 2801 4661 nimirum
2859 4599 2990 4656 LXX
3045 4598 3288 4667 interpr.
3324 4592 3551 4646 Griecos
3606 4586 3785 4674 duces

2129 4700 2502 4771 sequebatur,
2535 4693 2818 4749 hiiautem
2851 4690 2908 4743 in
2939 4685 3195 4744 Jeremia
3222 4682 3342 4737 vim
3376 4675 3642 4735 vocabuli
3672 4673 3781 4730 He-

2129 4789 2268 4848 braai
2299 4788 2742 4859 expresserant;
2772 4780 2826 4834 in
2866 4777 3077 4832 Davide
3108 4789 3239 4830 vero
3271 4787 3388 4825 non
3447 4767 3613 4826 item.
3645 4778 3780 4818 cum

2128 4879 2256 4936 loco
2292 4876 2556 4950 μυρικῶν,
2592 4868 3008 4926 substituerint
3063 4862 3124 4916 τὸ
3176 4859 3466 4914 ταπεινῶν.
3496 4854 3779 4909 Cazterum

2131 4943 2384 5042 quod'B'.
2417 4961 2675 5021 Basilius
2705 4959 2800 5015 hic
2851 4951 3179 5031 proposuit,
3212 4947 3310 5017 τήν
3361 4943 3605 5042 ,μυρίκην
3663 4943 3782 5000 τοῖς

2131 5035 2419 5136 ιέιλύδροις
2478 5051 2944 5126 συναριθμεῖσθαι,
3007 5044 3297 5105 ﬁrmatur,
3358 5035 3418 5090 in
3479 5049 3589 5088 ms.
3650 5046 3781 5085 meo

2131 5119 2258 5207 cod.
2292 5119 2371 5215 τῷ
2412 5144 2552 5198 πάνυ
2610 5119 2858 5193 παλαιῶν
2915 5123 3504 5204 λέξεωνάιυάιιεαιοᾱί
3559 5119 3784 5177 descri-

2130 5238 2350 5313 ptione,
2382 5230 2626 5304 Μυρίκη,
2677 5226 2878 5302 βοτάνη
2941 5221 3241 5298 ἄχρηστος,
3299 5205 3780 5286 κυπαρισσοειδὴς,

2127 5298 2527 5400 περιπεφυκυῖα
2582 5317 2632 5372 ἐν
2677 5298 2982 5386 ποταμοῖς
3018 5336 3037 5363 υ
3104 5309 3340 5382 Myrice,
3374 5304 3574 5376 planta
3626 5298 3781 5368 vilis,

2129 5414 2389 5490 cupressi
2425 5409 2639 5484 specie,
2671 5404 3000 5462 innascitur
3033 5403 3266 5474 propter
3305 5392 3572 5450 ﬂumina.
3607 5410 3636 5439 »

2431 5581 2506 5621 AD
2542 5579 2601 5618 Vl
2640 5573 2929 5616 HOMlLlAM
2969 5572 3028 5612 IN
3069 5563 3474 5611 HEXAEMERON.

2199 5701 2318 5760 Col.
2380 5699 2483 5756 117
2540 5696 2605 5753 Β.
2664 5689 2968 5768 ’Δκροατήν
3027 5677 3299 5764 προσῆκεν
3357 5678 3564 5743 οἷ’κοθεν
3623 5669 3778 5753 ἕχοιν
