4176 6432
421 403 573 463 1119

1847 393 2023 452 FED.
2070 393 2414 456 MORELLI

3687 402 3858 461 1120

417 535 509 603 ἥκ.
564 531 852 587 Plutarch.
905 532 960 585 in
1023 531 1317 584 dissertet.
1380 526 1510 598 Περὶ
1556 527 1652 578 τοῦ
1714 523 1947 594 ἀκούειν,
2012 525 2069 578 in

2201 543 2292 582 nas
2319 544 2528 586 causas
2551 549 2733 588 unum
2769 535 3079 590 circuitum
3113 535 3257 592 solis
3277 535 3466 591 effecit
3499 533 3857 605 sapientiss.

418 624 689 678 eamdem
749 620 1096 675 sententiam
1158 616 1383 682 scribit,
1417 614 1466 666 οἳ
1526 615 1621 665 τοῦ
1674 611 1765 684 μὲν
1815 609 2068 686 λέγοντος

419 708 625 765 οἴονταί
672 730 725 763 τι
770 707 932 783 ἔργον
982 707 1137 773 εἶναι,
1166 709 1263 759 τοῦ
1315 701 1372 757 δὲ
1411 702 1703 764 ἀκούοντος
1732 698 1907 755 οὐδέν’
1943 697 2069 755 ἄλλ’

421 802 624 855 ἐκεῖνον
671 799 763 872 μὲν
816 798 1049 869 ἀξιοῦσιν
1105 794 1257 863 ἥκειν
1324 790 1720 870 πεφροντικότα
1777 789 1866 843 καὶ
1933 810 2068 864 παρ-

423 890 830 962 εσκευασμένον,
863 887 1012 940 αὐτοὶ
1066 883 1123 939 δὲ
1161 882 1415 938 ἄσκεπτοι
1463 882 1551 936 καὶ
1597 877 1917 958 ἀφρόντιδες
1959 883 2067 933 τῶν

421 979 770 1050 καθηκόντων
828 971 1163 1048 ἐμϐαλόντες
1240 971 1576 1042 καθέζονταῖ,
1635 968 1872 1041 καθάπερ
1951 968 2070 1022 ἀτι-

419 1074 570 1144 χνῶς
616 1067 704 1123 ἐπὶ
774 1063 986 1122 δεῖπνον
1040 1064 1267 1133 ἥκοντες
1330 1061 1386 1117 εὗ
1454 1065 1667 1129 παθεῖν,
1717 1056 2070 1130 πονουμένων

418 1159 615 1234 ἑτέρων
627 1201 641 1216 .

491 1248 612 1306 Col.
667 1249 834 1303 117C
873 1248 923 1302 4.
978 1244 1070 1307 Τίς
1122 1245 1150 1298 ὁ
1201 1249 1318 1305 τοῖς
1374 1239 1551 1296 ἄνθεσί
1597 1261 1646 1297 τ.
1704 1235 2069 1301 διαποικίλας.

420 1337 688 1394 Allusum
726 1339 795 1392 ad
829 1353 1061 1392 versum
1097 1337 1325 1390 Homer.
1359 1334 1520 1390 Iliad.
1557 1338 1619 1399 Σ,

424 1478 509 1533 Ἐν
573 1474 629 1532 δὲ
684 1477 752 1533 τά
797 1477 978 1553 τείρεα
1052 1477 1250 1547 πάντα,
1305 1474 1421 1530 τάτ⁹
1479 1473 1703 1548 οὐρανὸς
1774 1468 2075 1613 ἐστεφάνωᾶ

1938 1563 2046 1598 ται.

1938 1563 2046 1598 ται.

427 1694 573 1750 Hinc
602 1698 691 1749 est
722 1694 876 1764 quod
909 1692 1236 1749 Columella
1268 1693 1324 1748 in
1347 1693 1529 1763 Horto,
1562 1691 1604 1746 Ι.
1635 1707 1690 1758 x,
1723 1707 1744 1738 ι
1778 1686 2078 1744 terrestria

428 1784 624 1840 sidera
654 1783 825 1839 ﬂores
855 1805 882 1833 n
913 1783 1157 1838 vocavit.

499 1872 620 1930 Col.
657 1875 751 1927 121
787 1877 832 1928 A
863 1874 915 1926 3.
951 1870 1026 1928 Οὐ
1057 1873 1157 1944 γὰρ
1215 1869 1464 1946 τορευταὶ
1501 1868 1556 1926 λ.
1602 1870 1892 1925 Germana
1943 1865 2075 1921 lect.

2182 627 2355 688 atque
2388 621 2758 690 optimum.»
2792 624 2974 695 Philo,
3001 626 3170 681 initio
3223 626 3400 698 primi
3450 624 3579 698 Περὶ
3637 641 3857 696 μοναρ-

2180 704 2324 779 χίας,
2384 709 2478 765 his
2537 712 2727 769 verbis
2786 714 3045 770 illustrat
3100 715 3254 771 hanc
3311 714 3781 787 disputationem
3835 729 3850 768 :

2182 792 2406 858 Ἰδόντες
2469 797 2638 867 ἡλίου
2709 802 2802 873 μὲν
2846 800 3108 879 προόδοις
3157 803 3247 858 καὶ
3309 803 3694 878 ἀναχωρήσεσι
3741 801 3850 861 τὰς

2181 879 2431 954 ἐτησίους
2477 887 2620 964 ὥρας
2672 893 3082 966 συνισταμένας,
3130 892 3182 948 έν
3247 895 3332 954 αἷς
3382 890 3472 947 καὶ
3541 891 3696 960 ζώων
3746 889 3851 944 καὶ

2180 978 2360 1049 φυτῶν
2409 977 2499 1030 καὶ
2541 983 2762 1052 καρπῶν
2819 981 3052 1056 γενέσεις
3099 980 3419 1056 ὡρισμένων
3475 980 3694 1056 χρόνων
3742 999 3851 1034 πε-

2182 1062 2387 1138 ριόδοις
2455 1064 2943 1146 τελεσφοροῦνται·
2992 1073 3229 1143 σελήνην
3282 1069 3330 1126 δ’
3403 1068 3680 1146 ὑπηρέτην
3745 1067 3846 1122 καὶ

2183 1151 2444 1231 διάδοχον
2473 1155 2661 1230 ἡλίου,
2692 1159 2906 1236 νύκτωρ
2934 1163 3034 1232 τὴν
3088 1158 3404 1235 ἐπιμέλειαν
3451 1160 3543 1216 καὶ
3591 1179 3852 1234 προστα-

2181 1243 2295 1298 σίαν
2355 1243 2732 1325 ἀνειληφυῖαν,
2779 1251 2851 1305 ὧν
2907 1253 3024 1324 μεθ’
3069 1249 3284 1327 ἡμέραν
3333 1248 3522 1323 ἥλιον,
3567 1249 3657 1304 καὶ
3714 1246 3854 1309 τοὺς

2183 1331 2389 1397 ἄλλους
2438 1337 2680 1413 ἀστέρας,
2720 1342 2854 1395 κατὰ
2900 1342 3000 1410 τὴν
3041 1341 3179 1417 πρὸς
3229 1341 3296 1396 τὰ
3345 1338 3559 1415 ἰπίγειά
3616 1335 3844 1411 συμπά-

2185 1424 2350 1492 θειαν,
2388 1425 2552 1501 μυρία
2580 1432 2688 1482 τῶν
2723 1427 2809 1483 ἐπί
2844 1427 3080 1503 διαμονῇ
3125 1434 3223 1484 τοῖ’)
3252 1429 3521 1506 παρόντος
3565 1427 3852 1502 ἐνεργοῦν-

2181 1512 2278 1577 τάς
2321 1535 2380 1569 τε
2427 1516 2517 1570 καὶ
2561 1513 2819 1589 δρῶντας,
2870 1518 3076 1576 πλάνον
3111 1518 3499 1590 ἐπλανήθησαν
3546 1517 3852 1588 ἀνήνυτον,

2187 1601 2391 1676 μόνους
2421 1605 2547 1660 εἶναι
2580 1605 2804 1669 τούτους
2835 1609 2988 1672 θεοὺς
3021 1610 3485 1679 ὑποτοπήσαντες.

2256 1694 2403 1750 Ibid.
2439 1696 2480 1750 B
2511 1698 2565 1752 9.
2611 1693 2828 1768 Σελήνη
2868 1698 2961 1770 μέν
2995 1697 3081 1756 ἐπ.
3144 1705 3352 1756 Annus
3401 1699 3497 1754 hic
3553 1715 3672 1754 non
3724 1701 3858 1753 tam

2187 1782 2412 1839 lunaris
2436 1803 2614 1857 quam
2647 1805 2840 1845 annus
2871 1789 3101 1845 dierum
3135 1791 3206 1846 ab
3232 1788 3486 1844 Hebraeis
3516 1787 3856 1855 dicebatur,

2188 1874 2342 1942 quod
2376 1875 2502 1944 ejus
2525 1876 2650 1932 dies
2680 1879 2969 1950 explorati
3001 1884 3200 1935 essent
3223 1879 3362 1948 365;
3397 1893 3634 1934 menses
3697 1875 3858 1931 nulli

426 1960 728 2036 τορνευταί,
777 1979 948 2033 quam
1007 1936 1242 2018 secutus
1284 1936 1401 2016 Iest
1463 1961 1770 2031 interpres.
1834 1954 2080 2026 Hesych.
2111 1936 2158 2000 Β
2190 1936 2299 2018 rati
2331 1936 2528 2020 essent
2555 1984 2567 2021 :
2597 1967 2698 2022 sed
2731 1936 2803 2022 ad
2835 1985 2932 2024 eos
2964 1969 3090 2024 dies
3118 1936 3397 2039 tanquam
3446 1968 3515 2022 ad
3553 1965 3856 2022 amussim

428 2051 726 2125 τορνευταί.
777 2050 1036 2127 γλύπται.
1092 2048 1668 2128 Τορνεύειν,γλύιρειν.
1735 2049 1957 2104 Arabes
2005 2047 2078 2102 ab

430 2143 538 2199 hac
566 2160 705 2199 voce
735 2143 1072 2200 caelaturam
1104 2142 1528 2213 cusionemque
1560 2155 1940 2195 nummorum
1975 2153 2081 2192 no-

430 2232 662 2288 minant
701 2233 913 2289 toreba.

503 2323 625 2378 Col.
661 2324 764 2377 124
796 2326 838 2378 Α
867 2325 920 2378 5.
946 2323 1105 2374 Ὃταν
1144 2319 1381 2392 μάλιστα
1417 2315 1714 2393 μηνοειδὴς
1740 2337 1790 2373 τ.
1825 2320 1942 2374 Hoc
1991 2321 2081 2373 est

429 2408 642 2472 κάλλάς
670 2410 968 2482 νουμηνίας
1029 2413 1183 2484 apud
1216 2412 1513 2466 Philonem
1544 2410 1701 2476 Jud.,
1739 2410 1810 2463 De
1863 2407 2077 2478 Septen.

428 2505 646 2574 festam,
679 2518 736 2573 p.
771 2503 838 2556 34
868 2501 1006 2557 edit.
1039 2506 1097 2557 et
1127 2501 1409 2556 versionis
1437 2503 1672 2555 nostrae.
1724 2499 1909 2568 Virg.,
1953 2499 2077 2552 Αέη.

431 2609 512 2660 VI,
548 2587 812 2664 μηνοειδῆ
844 2591 933 2647 vel
966 2586 1282 2659 σεληνοειδῆ
1319 2590 1647 2662 designavit

861 2735 1148 2806 ..‘.qualem
1176 2733 1356 2804 primo
1385 2735 1481 2804 qui
1507 2748 1734 2806 surgere
1765 2747 1948 2806 mensa

572 2807 677 2863 Aut
716 2807 877 2870 videt,
901 2804 1006 2863 aut
1044 2805 1242 2861 vidisse
1274 2809 1438 2878 putat
1474 2821 1576 2876 per
1620 2804 1819 2859 nubila
1865 2804 2078 2859 lunam.

326 3019 334 3025 _
433 2949 711 3020 Macrob.,
737 2967 756 3004 I
785 2952 846 3004 in
869 2951 1057 3006 Somn.
1088 2951 1262 3020 δαίμ,
1287 2948 1539 3021 primam
1571 2947 1724 3003 lunae
1755 2944 1911 3023 φάσιν
1946 2963 2081 3018 per-

433 3039 892 3094 mutationemve
927 3038 1184 3110 exponit,
1211 3061 1239 3089 «
1269 3055 1404 3093 cum
1454 3039 1736 3092 nascitur.
1772 3060 1799 3086 »
1842 3038 2082 3109 Legitur

429 3130 489 3183 et
522 3124 824 3198 μηνοειδῶς
856 3129 1091 3183 adverb-
1126 3123 1282 3195 δίκην
1317 3125 1571 3197 σελήνης,
1605 3128 1662 3181 in
1718 3143 1829 3182 ms.
1859 3123 2076 3198 λεξίκῷ.

504 3217 624 3273 Col.
661 3219 763 3272 128
795 3220 838 3272 A
881 3220 936 3271 7.
971 3222 1410 3291 Προσηρτῆσθαι.
1445 3217 1659 3272 Eodem
1707 3216 1868 3273 verbi
1927 3221 2076 3272 tem-

2190 2067 2418 2108 menses
2443 2053 2680 2112 lunares
2701 2057 3113 2129 dirigerentur.
3147 2059 3277 2114 Mox
3309 2055 3583 2112 meminit
3613 2047 3859 2126 ἰμϐολί-

2195 2160 2298 2211 μου
2324 2141 2516 2212 μηνός,
2533 2145 2631 2214 qui
2655 2147 2876 2202 mensis
2897 2138 3652 2217 ἰοῐοτοαιειιιίεέμϐολιμαῖος
3667 2144 3854 2198 etiam

2192 2229 2442 2288 dicitur:
2473 2226 2770 2305 ἐκϐόλιμος
2799 2240 2999 2291 autem
3029 2233 3451 2308 expunctitius.
3485 2233 3663 2288 Porro
3700 2230 3862 2306 ἀκρι-

2191 2311 2294 2386 ϐὴς
2323 2323 2428 2373 τῶν
2451 2321 2610 2393 ὡρῶν
2644 2319 2948 2398 συνδρομή,
2969 2325 3038 2380 ad
3068 2327 3408 2380 accuratam
3449 2322 3586 2378 anni
3632 2321 3864 2377 descri-

2191 2408 2450 2480 ptionem
2484 2412 2541 2466 in
2575 2413 2934 2484 quadrantes
2965 2414 3239 2482 refertur,
3265 2413 3572 2485 Tecuphas
3630 2411 3858 2466 Hebraai

2192 2505 2558 2572 nuncupant.
2589 2502 2955 2558 Describitur
2985 2503 3123 2559 item
3158 2501 3274 2578 ὥρα
3305 2503 3361 2557 ἱι]
3397 2503 3524 2558 cod.
3569 2517 3700 2556 meo
3741 2517 3857 2555 ms.

2188 2591 2284 2641 τοῦ
2335 2589 2472 2642 πάνυ
2530 2589 2663 2644 παλ.
2713 2588 2826 2663 λεξ.
2876 2591 2987 2648 hoc
3050 2593 3244 2659 modo,
3295 2592 3514 2664 καρπῶν
3577 2585 3858 2665 διαφόρων

2191 2674 2496 2750 συνδρομή.
2529 2680 2663 2736 Jam
2691 2698 2827 2737 vero
2861 2681 2954 2736 hic
2985 2677 3216 2748 ἡλιακὸς
3249 2679 3490 2740 ἐνιαυτὸς
3551 2679 3792 2735 brevius
3824 2696 3860 2733 a

2191 2766 2429 2824 Platone
2465 2769 2522 2824 in
2553 2771 2686 2825 Tim.
2723 2769 2924 2824 ὁπόταν
2951 2767 3114 2838 ἥλιος
3164 2766 3257 2824 τὸν
3317 2767 3509 2823 ἑαυτοῦ
3564 2765 3854 2842 περιέλθοι

2187 2853 2412 2912 κύκλον.
2445 2861 2670 2915 Annus.
2708 2881 2735 2909 ‹‹
2770 2860 2866 2916 ubi
2912 2859 3001 2916 sol
3031 2876 3208 2916 suum
3260 2864 3452 2916 totum
3495 2858 3746 2916 confecit
3794 2863 3859 2913 et

2190 2947 2522 3019 peragravit
2551 2949 2776 3004 orbem.
2810 2971 2839 3000 »

2259 3036 2378 3092 Col.
2414 3038 2638 3092 141Β5.
2663 3037 2844 3112 Μικρὰ
2874 3034 2964 3090 οὖν
2998 3038 3033 3105 ἡ
3070 3031 3193 3109 ὄψις
3225 3037 3411 3109 ἡμῶν.
3438 3036 3542 3092 Hic
3571 3029 3692 3108 ὄψις
3723 3051 3850 3090 non

2186 3128 2307 3181 tam
2341 3124 2453 3180 ἀντὶ
2484 3132 2585 3195 τῆς
2619 3128 2878 3200 ὁρατικῆς
2914 3123 3213 3198 δυνάμεως,
3253 3143 3357 3198 pro
3387 3127 3442 3182 vi
3492 3125 3847 3199 perspicaci,

2188 3221 2531 3288 usurpatur,
2555 3234 2732 3288 quam
2755 3217 2872 3270 ἀντὶ
2894 3223 2991 3284 τῆς
3003 3215 3194 3290 κόρης,
3211 3233 3313 3288 pro
3326 3216 3579 3283 acie,seu
3598 3213 3844 3286 pupilla,

428 3323 566 3380 pore
623 3309 949 3376 observato,
983 3305 1321 3363 maluissem
1377 3306 1772 3378 interpretari,
1823 3327 1853 3357 «
1898 3305 2076 3362 vitam

2201 3310 2254 3362 ut
2274 3308 2429 3378 apud
2472 3305 2711 3363 Aristot.
2738 3306 2910 3381 "Omp
2939 3303 3078 3359 ἐστὶν
3113 3300 3236 3377 ὄψις
3267 3302 3317 3357 ἐν
3354 3299 3650 3380 ὀφθαλμῷ,
3681 3305 3840 3357 τοῦτο

427 3400 691 3451 nostram
721 3396 896 3452 acael.
929 3413 1088 3469 corp.
1125 3398 1449 3452 motionum
1501 3413 1820 3469 appensam
1865 3413 2012 3452 esse.
2053 3419 2075 3446 ι

427 3490 492 3540 ut
537 3485 776 3542 Aristot.
828 3487 1081 3558 graviter
1128 3487 1199 3542 de
1243 3486 1359 3542 Deo
1409 3486 1727 3558 disserens,
1756 3489 1803 3542 1.
1849 3504 1931 3542 x11
1981 3486 2083 3543 Sa.-

424 3576 675 3647 pientiaz,
709 3575 836 3632 ait:
871 3574 1006 3631 Ἀπὸ
1057 3581 1157 3644 τῆς
1213 3576 1393 3651 ἀρχῆς
1452 3574 1664 3646 ἐκείνης
1722 3573 1957 3651 ἤρτηται
2016 3574 2085 3630 τὰ

432 3664 628 3720 πάντα.
661 3687 689 3715 ‹‹
734 3665 817 3720 Ab
866 3665 966 3721 illo
1025 3666 1312 3738 principio
1340 3684 1598 3740 appensa
1630 3671 1770 3722 sunt
1799 3666 2018 3722 omnia.
2048 3685 2076 3717 η

510 3758 648 3825 Pag.
677 3753 748 3808 56
775 3758 823 3810 Α
855 3756 908 3810 9.
945 3756 1044 3817 Οἷς
1072 3754 1135 3809 τὸ
1166 3753 1463 3831 ἀντιλέγειν
1498 3751 1589 3812 ἄλ.
1621 3756 1700 3812 Ex
1748 3756 1921 3812 Eveni
1969 3760 2081 3812 vet.

435 3847 619 3916 poetae
649 3843 932 3916 epigram.
968 3863 982 3900 :

441 4000 701 4079 ΠολλοῖςΔ
731 4002 1045 4079 ἀντιλέγειν
1093 4005 1200 4079 μὶν
1249 4001 1368 4067 ἔθος
1427 4006 1549 4079 περὶ
1608 4007 1806 4069 παντὸς
1851 4005 2084 4079 cperim},

655 4077 864 4152 Ὀρθῶς
919 4076 966 4133 δ’
1023 4076 1346 4153 ἀντιλέγειν,
1408 4076 1588 4134 οὐκέτι
1641 4080 1787 4134 τοῦτ’
1846 4076 1912 4134 ἐν’
1954 4076 2084 4144 ἔθει.

515 4239 636 4296 Col.
673 4241 796 4297 132.
842 4246 884 4296 Β
943 4243 1029 4298 12.
1063 4242 1318 4298 Ἐκείνων
1375 4244 1782 4318 συγχρήσασθαι
2013 4249 2092 4301 De

445 4329 606 4385 hisce
633 4331 828 4386 verbis
861 4332 1266 4403 superioribus
1298 4333 1517 4404 accipe,
1551 4330 1601 4385 ἐν
1630 4337 1708 4404 τῷ
1749 4331 2090 4406 κακοδαιμο-

443 4418 644 4490 νήματι
676 4417 949 4491 κείμενον,
985 4437 1112 4494 quae
1172 4422 1496 4478 castrensia
1552 4423 1736 4479 fuisse
1768 4423 2094 4497 ἀστρονομί-

444 4509 553 4559 κῶν
587 4513 818 4564 constat
847 4506 907 4562 ἐκ
934 4515 1032 4578 τῆς
1065 4506 1472 4580 δωδεκατόπου,
1503 4530 1607 4570 seu
1645 4518 1773 4570 octo
1819 4519 2094 4588 toporum

446 4613 580 4653 cum
613 4602 866 4670 quatuor
894 4600 1232 4656 cardinibus
1266 4602 1713 4676 diagrammate,
1748 4605 1846 4659 ubi
1880 4622 1958 4660 xu
1989 4604 2096 4660 do-

445 4704 581 4743 mus
638 4688 876 4761 ponitur
931 4689 1090 4746 dicta
1146 4688 1518 4765 κακοδαίμων,
1573 4691 1835 4771 ἀναφόρά”
1870 4694 1928 4748 in
1981 4711 2099 4767 qua

443 4777 584 4834 vitia
605 4782 662 4834 et
683 4779 1066 4851 aegritudines
1090 4781 1375 4840 Firmicus
1397 4783 1727 4842 collocat.et
1745 4782 2094 4855 Manil.,I.u.

519 4867 640 4925 Col.
676 4869 780 4924 133
812 4867 873 4923 Β.
907 4866 985 4924 Τὸ
1023 4866 1306 4944 βασιλικὸν
1335 4875 1441 4926 τῶν
1475 4869 1712 4945 ἀστέρων
1748 4877 1963 4947 σχῆμα.
2001 4875 2098 4929 In-

449 4958 662 5032 telligit
682 4957 780 5026 τῆν
813 4961 922 5013 τῶν
959 4955 1166 5028 ζωδίων
1197 4959 1464 5017 οἰκείωσιν
1497 4961 1634 5016 κατά
1683 4962 2096 5037 σχηματισμόν.

453 5048 631 5122 Vulgo
665 5072 693 5100 «
754 5054 1059 5123 aspectum
1112 5073 1141 5101 »
1201 5051 1425 5109 dicunt.
1459 5053 1818 5111 Censorinus
1871 5073 1899 5107 α
1955 5070 2099 5111 con-

449 5143 739 5212 spectum.
775 5162 802 5189 ››
835 5140 1015 5196 Graeci
1046 5143 1326 5198 neotorici
1392 5141 1635 5216 βλέψεις.
1674 5166 1702 5195 ‹‹
1731 5143 2098 5201 consensum

446 5233 502 5284 et
531 5231 720 5286 fcedus
750 5249 777 5282 ι
817 5230 1123 5304 signorum
1176 5232 1454 5290 Manilius
1486 5234 1781 5306 indigitat,
1815 5235 1941 5291 eod.
1993 5235 2097 5292 lib.

444 5321 573 5374 Mox
604 5336 707 5392 per
735 5319 936 5392 γένεσιν
970 5322 1325 5395 genituram,
1352 5327 1409 5379 et
1437 5323 1538 5391 τὴν
1571 5321 1871 5393 ἀποκύησιν
1904 5325 2100 5399 potius

447 5407 667 5475 innuit,
701 5426 879 5481 quam
913 5409 1115 5484 σπορὰν
1149 5411 1184 5480 ἢ
1220 5409 1489 5489 σπόριμον
1527 5408 1743 5481 ζώδιον.

519 5496 638 5553 Col.
672 5499 794 5556 137.
844 5505 903 5556 Β.
935 5503 1064 5562 Πῶς
1107 5501 1170 5555 οὗ
1223 5496 1339 5578 ἔχει
1386 5503 1484 5572 τὴν
1518 5501 1590 5573 ἐξ.
1622 5503 1785 5560 Plato
1819 5504 1878 5560 in
1913 5507 2047 5562 Tim.
2077 5521 2098 5562 .'

450 5582 556 5656 Νὺξ
617 5585 799 5661 ἡμέρα
854 5609 914 5644 τε
967 5591 1182 5667 γέγονεν
1243 5590 1412 5662 οὕτω,
1445 5592 1534 5648 καὶ
1587 5589 1676 5649 διὰ
1721 5597 1890 5650 ταῦτα
1931 5596 1966 5664 ἡ
1998 5596 2098 5663 τῆς

456 5680 584 5750 μιᾶς
610 5676 702 5730 καὶ
735 5681 1153 5755 φρονιμωτάτης
1198 5679 1518 5753 κυκλήσιως
1565 5681 1844 5758 περίοδος.
1875 5685 2098 5743 Tallius

451 5767 525 5822 De
551 5769 710 5824 untv.
745 5782 760 5823 :
791 5784 815 5817 ι
871 5771 994 5827 Nox
1047 5775 1107 5827 et
1160 5771 1286 5830 dies
1336 5773 1408 5830 ad
1453 5772 1610 5832 hunc
1637 5775 1907 5846 modum,
1936 5777 1995 5834 et
2022 5773 2097 5834 ob

2189 3397 2316 3455 νοῦς
2347 3393 2399 3448 έν
2441 3396 2620 3469 ψυχῇ,
2649 3397 2800 3467 quod
2829 3398 2974 3451 acies
3005 3403 3084 3452 est
3114 3396 3174 3450 in
3202 3395 3380 3464 oculo,
3422 3395 3521 3450 hoc
3565 3409 3726 3448 mem
3769 3393 3850 3448 est

2192 3487 2253 3540 in
2281 3487 2489 3542 animo.
2516 3486 2676 3540 Idem
2709 3486 2770 3540 in
2805 3485 3069 3553 Meteoris,
3102 3485 3174 3539 de
3203 3499 3270 3539 eo
3304 3482 3403 3554 qui
3433 3481 3678 3554 pupillae
3705 3480 3852 3535 vitio

2194 3575 2500 3630 laborabat
2533 3591 2545 3630 :
2583 3575 2746 3646 ’Ὁψις
2779 3572 2954 3634 οὕνως
2986 3572 3209 3640 ἀσθενὴς
3251 3571 3318 3638 ἦν
3365 3569 3456 3625 καὶ
3496 3566 3671 3639 λεπτὴ
3703 3567 3857 3640 πάμ-

2192 3683 2295 3717 παν
2357 3662 2460 3716 ὑπὸ
2506 3664 2606 3730 τῆς
2654 3658 2979 3737 ἀρρωστίας,
3007 3660 3146 3716 ὥστε
3189 3659 3451 3736 ἔσοπτρον
3497 3658 3712 3734 ἐγένετο
3762 3657 3857 3712 καὶ

2195 3753 2223 3806 ὁ
2252 3749 2490 3821 πλησίον
2523 3751 2652 3825 ἀήρ.

2265 3842 2412 3898 Ibid.
2443 3844 2484 3898 B
2520 3843 2606 3898 13.
2640 3839 2709 3898 Εἴ
2742 3842 2817 3914 μὴ
2858 3842 3186 3916 μυρμήκων.
3216 3841 3444 3897 Clarius
3492 3839 3614 3895 haec
3662 3844 3858 3896 verte-

2196 3937 2418 4002 rentur,
2457 3953 2484 3984 ι
2514 3940 2726 3990 Annon
2758 3932 3166 3998 formicarum,
3197 3952 3226 3982 »
3251 3935 3363 3986 etc.
3387 3929 3684 3986 Senecain
3705 3946 3854 4000 prae-

2197 4023 2413 4079 fatione
2447 4024 2651 4092 Quaest.
2683 4026 2802 4080 nat.
2837 4023 3040 4078 eodem
3074 4025 3424 4093 argumento
3457 4019 3686 4086 scribit,
3727 4042 3747 4068 ε
3785 4018 3856 4074 Ιί-

2199 4113 2362 4168 bebit
2390 4114 2604 4180 dicere,
2638 4115 2694 4167 in
2726 4112 2955 4183 nigrum
2983 4111 3192 4182 campis
3223 4125 3440 4181 agmen.
3478 4109 3858 4164 Forniearum

2200 4203 2312 4259 iste
2333 4203 2641 4259 discursus
2673 4206 2764 4258 est
2790 4203 2850 4256 in
2883 4205 3133 4272 angusto
3167 4198 3592 4254 laborantium.
3624 4217 3651 4249 ι

2275 4291 2421 4347 Ibid.
2473 4297 2512 4346 C
2556 4294 2611 4348 6.
2657 4287 3122 4359 Ἐνδαπανηθεῑσα
3167 4291 3244 4358 τῷ
3309 4284 3425 4362 ἀέρι
3491 4288 3526 4356 ἡ
3597 4281 3723 4359 ὄψις
3783 4283 3860 4354 ἐξ.

2204 4382 2322 4438 Hoc
2353 4382 2426 4437 ab
2457 4381 2696 4438 Euclide
2726 4383 3169 4438 demonstratur
3199 4377 3470 4434 Ὀπτικῶν
3498 4377 3866 4433 theoremate

2204 4472 2239 4527 3
2272 4471 2571 4526 εἝκαστον
2603 4473 2710 4525 τῶν
2739 4469 3033 4546 ὁρωμένων
3063 4467 3181 4542 ἔχει
3211 4486 3264 4520 τι
3315 4471 3490 4540 μῆκος
3537 4464 3862 4536 ἀποστήμα-

2203 4579 2320 4629 τος,
2354 4560 2415 4614 οὗ
2472 4560 2786 4638 γενόμενον,
2819 4557 3000 4614 οὐκέτι
3057 4558 3263 4633 ὁρᾶταιε
3307 4579 3336 4609 ι(
3387 4555 3866 4628 Unumquodque

2127 4683 2174 4748 D
2206 4667 2410 4708 eorum
2460 4667 2589 4723 quas
2647 4656 2972 4708 cernuntur
3019 4653 3244 4706 certum
3277 4646 3570 4703 intervalli
3601 4646 3863 4717 spatium

2207 4740 2400 4812 habet,
2434 4743 2494 4796 in
2525 4757 2643 4813 quo
2675 4758 2810 4797 cum
2846 4739 3042 4810 fuerit,
3077 4756 3193 4795 non
3247 4735 3506 4809 amplius
3551 4735 3804 4791 videtur.
3833 4755 3862 4784 »

2277 4831 2398 4888 Col.
2435 4831 2534 4887 141
2571 4832 2628 4888 Β.
2659 4828 2934 4900 Τοσαύτην
2970 4825 3029 4883 δὲ
3058 4825 3217 4883 οὖσαν
3247 4827 3346 4895 τὴν
3373 4827 3474 4902 γῆν
3499 4844 3558 4880 π.
3592 4822 3788 4895 Virgil.
3811 4840 3868 4880 1v

2205 4921 2435 4978 ίΕηθίἀ.
2471 4942 2491 4977 :

2346 5013 2442 5068 Sol
2471 5013 2568 5085 qui
2597 5019 2881 5068 terrarum
2910 5009 3152 5080 ﬂammis
3202 5021 3369 5080 opera
3416 5005 3606 5062 omnia
3653 5004 3865 5060 lustrat.

2207 5136 2277 5179 ex
2305 5119 2566 5194 principe
2598 5118 2706 5176 Ode
2734 5117 2906 5174 Pind.
2941 5113 3313 5189 Olympionic.
3347 5131 3366 5169 :

2351 5295 2530 5354 Ἀλλο
2585 5219 3079 5370 θαλπῗὲζὲὲοναλέίὲ
3085 5220 3347 5368 υάῑιῖζάη
3369 5290 3586 5369 φαεινὸν
3650 5289 3870 5364 ἄστρον.

2209 5407 2443 5466 Tullius
2479 5423 2535 5464 ιν
2563 5408 2637 5464 De
2666 5423 2786 5480 rep.

2281 5499 2402 5556 Col.
2456 5499 2558 5555 144
2616 5504 2657 5554 Α
2712 5498 2798 5554 11.
2845 5492 2974 5550 Ὑπὸ
3023 5489 3288 5562 σελήνην,
3346 5485 3536 5565 ὀγρὸτ.
3589 5487 3867 5544 Casssius

2209 5588 2650 5666 ἶατροσοφιστής,
2683 5588 2958 5657 Question.
3008 5581 3206 5638 medic.
3256 5577 3448 5654 probl.
3478 5593 3585 5636 xxv
3612 5593 3626 5633 :
3661 5573 3759 5666 aid
3781 5661 3794 5666 Δ
3814 5574 3868 5666 τί

2209 5680 2260 5736 οἱ
2297 5661 2392 5755 μὲν
2427 5661 2790 5756 ίγρηγορότες
2821 5675 2872 5731 ἐν
2902 5677 2981 5746 τῷ
3012 5669 3153 5752 φωτὶ
3193 5675 3294 5756 τῆς
3340 5665 3608 5756 σελήνης,
3631 5661 3868 5756 κᾶν-’ἐπὶ

2205 5751 2352 5828 πολὺ
2409 5751 2654 5845 «timui
2703 5765 2755 5823 ἐν
2813 5763 2993 5839 τούτῳ
3027 5751 3440 5836 διατρίϐοντες,
3501 5753 3655 5814 οὐδὶν
3715 5751 3864 5818 ὅλως
