4176 6402
279 343 432 407 “Si

275 543 410 638 των,
457 543 786 641 σφηνοῦνται
837 558 932 620 τὰς
983 552 1240 634 κεφαλάς·
1291 575 1319 604 ι(
1367 551 1484 607 Cur
1529 547 1840 620 vigilantes
1870 543 1931 598 in

277 656 433 713 lunai
464 649 958 718 lumine,tametsi
982 645 1189 720 perdiu
1220 644 1279 700 in
1301 659 1368 698 eo
1393 642 1942 706 versentur,nequa-

285 762 465 819 quam
497 745 570 801 ab
604 742 702 798 illo
730 740 1061 796 laeduntur:
1098 734 1199 807 qui
1230 749 1361 790 vero
1381 729 1681 786 dormiunt
1704 726 1763 780 in
1784 724 1936 780 Iunis

287 834 489 905 radiis,
523 833 734 904 capitis
768 828 1139 903 gravedinem
1164 824 1528 894 comparant.
1559 841 1578 868 ο

357 903 661 982 comm
696 919 894 975 11.Hic
925 918 1216 986 interpres
1249 904 1570 984 ἀμπώτιδος
1601 921 1741 962 voce
1763 903 1940 960 etiam

287 1010 632 1085 πλημμύραν
684 1005 1105 1080 comprehendi
1143 998 1516 1068 existimavit,
1550 995 1941 1066 reciprocatos

292 1108 491 1160 motus
523 1101 774 1158 afﬂuxus
805 1101 860 1152 et
893 1095 1170 1152 reﬂuxus.
1206 1091 1380 1146 Poeta
1406 1085 1748 1157 Georgicus,

583 1232 594 1245 .
633 1231 646 1246 .
683 1231 694 1244 .
729 1206 838 1260 qua
869 1188 923 1242 vi
953 1186 1138 1240 maria
1171 1182 1285 1237 alta
1318 1179 1646 1260 tumescant,

465 1243 961 1332 Obicibus‘ruptis,
1006 1268 1307 1325 rursusque
1336 1254 1396 1307 in
1424 1267 1481 1306 se
1513 1251 1641 1322 ipsa
1671 1243 1944 1302 residant.

915 1380 987 1420 AD
1019 1378 1223 1418 HOMIL.
1256 1375 1334 1413 VII

370 1458 491 1516 Col.
527 1458 630 1514 148
687 1457 732 1510 Α
767 1455 852 1510 13.
910 1450 1148 1526 Οὐρανὸς
1208 1449 1314 1500 τῶν
1367 1441 1601 1516 ἀστέρων
1655 1440 1724 1494 τὰ
1790 1433 1948 1505 ἄνθη.

294 1550 510 1606 Eadem
547 1547 797 1619 ﬁgurata
827 1543 1002 1599 verba
1033 1538 1370 1596 notavimus
1404 1533 1666 1605 insuper.
1694 1530 1948 1585 hom.v1.

299 1617 856 1708 Interpres‘addidit
886 1626 1371 1700 Graiaepitheton
1392 1639 1507 1678 non
1531 1617 1785 1708 φορτικόν
1798 1631 1952 1708 ,‘cum

296 1730 460 1799 ﬂores
491 1740 680 1782 roseos
710 1721 880 1790 dixit,
916 1724 982 1776 ut
1010 1717 1154 1778 Ἡώς
1207 1717 1278 1771 ab
1323 1713 1572 1769 Homero
1624 1703 1953 1785 ῥοδοδάκτυ-

301 1814 399 1878 λος
452 1814 708 1871 canitur.

370 1905 518 1962 Ibid.
550 1908 588 1958 C
619 1905 670 1959 3.
705 1901 891 1958 Scrib.
927 1901 1034 1952 τῶν
1069 1896 1404 1971 ἐρπυστικῶν
1454 1893 1496 1948 ἐ.
1551 1893 1839 1948 Homerus
1896 1893 1957 1939 τὸ

302 1993 484 2071 ἕρπειν
513 1993 720 2050 tribuit
751 1988 1112 2047 animalibus
1144 1985 1563 2042 terrestribus:

867 2073 1115 2131 οὖδὲν....
1151 2073 1519 2148 ύςιζυριίξτερον
1542 2066 1742 2148 ᾁνδρὸς

455 2152 673 2208 Πάντων
709 2150 840 2206 ὅσσα
869 2170 926 2203 τε
964 2153 1120 2224 γαῖαν
1172 2133 1448 2222 ἐπιῤῥέπέι
1494 2139 1594 2213 ήδὲ
1639 2133 1727 2195 καὶ
1785 2133 1956 2212 ἕρπει.

388 2243 510 2300 Col.
545 2244 716 2298 149A
772 2242 858 2296 11.
921 2237 1396 2313 Ἀπαριθμεῖσθαι,
1449 2233 1483 2302 ἢ
1533 2235 1650 2292 ταῖς
1705 2225 1965 2290 κοτύλαις

315 2338 600 2407 πειρᾶσθαι
683 2331 744 2384 τὸ
830 2325 976 2402 ὕδωρ
1039 2347 1087 2383 τ.
1150 2323 1516 2382 Proverbiale
1571 2317 1694 2396 περί
1771 2313 1964 2372 ἀδυνά-

314 2406 447 2478 των.
477 2423 548 2479 Ut
572 2422 729 2494 apud
759 2419 1080 2475 Pindarum
1113 2416 1172 2471 in
1210 2413 1474 2471 clausula
1516 2412 1638 2469 odia
1685 2411 1720 2464 2
1769 2406 1965 2480 Olym-

319 2513 534 2585 pionic.
558 2527 571 2566 :

603 2596 717 2652 ἐπεὶ
741 2594 968 2670 ψάμμος
1000 2593 1228 2670 ἀριθμὸν
1262 2589 1652 2668 περιπέφευγεν
1665 2630 1676 2644 .

389 2693 512 2749 Col.
548 2692 650 2746 149
709 2693 768 2746 C.
831 2687 1016 2742 Δίαιτα
1067 2704 1272 2760 κεχωρ.
1331 2683 1780 2753 Theophrastus
1837 2674 1968 2752 Περὶ

320 2781 551 2857 ἰχθύων,
589 2781 687 2836 ubi
717 2775 922 2831 δίαιταν
956 2778 1132 2832 etiam
1170 2772 1448 2848 διαγωγήν
1497 2776 1684 2828 vocat.
1737 2769 1970 2824 Plutar-

319 2855 466 2929 chus
498 2871 558 2926 in
621 2873 874 2925 tractatu
921 2868 996 2923 De
1041 2867 1280 2922 solertia
1319 2863 1575 2931 animal.,
1630 2860 1691 2916 Ὀ
1734 2861 1840 2910 τῶν
1882 2855 1972 2910 ἕνα

323 2963 458 3019 λίων
496 2960 638 3037 βίος,
673 2956 813 3020 ἴδιός
842 2955 952 3012 ἐστι
990 2957 1078 3010 καὶ
1114 2955 1424 3030 αὐθιγενής.
1457 2954 1536 3008 Ex
1584 2951 1656 3007 iis
1687 2966 1820 3005 vero
1843 2964 1971 3019 qua:

325 3048 456 3109 mox
486 3035 837 3124 sequuntur,
871 3045 968 3101 Διὰ
996 3048 1157 3100 τοῦτο
1189 3040 1316 3097 ούδὶ
1346 3035 1750 3105 τιθασσεύεσθαί
1778 3057 1830 3091 τι
1861 3039 1968 3090 τῶν

323 3144 537 3212 νηκτῶν
565 3135 944 3212 καταδέχεται,
990 3135 1263 3208 colligere
1299 3137 1389 3190 est
1420 3133 1492 3188 ad
1527 3145 1740 3186 manus
1771 3127 1972 3183 Basilii

1859 320 2117 382 NOTAE.

279 473 613 553 βλάπτονται
665 470 799 546 ὑπὲρ
849 467 1073 524 τούτουο
1119 465 1171 520 οἱ
1215 460 1273 518 δὲ
1301 457 1651 525 καθεύδοντες
1682 453 1769 510 ἐπὶ
1803 451 1930 509 τού-
1961 468 2017 535 Α

3541 328 3702 387 1122

2190 454 2428 526 Baianos
2454 452 2603 508 sedet
2641 453 2713 509 ad
2743 454 2897 510 lacus
2928 460 3172 526 rogator.

2191 527 2252 600 ᾼι
2274 528 2354 600 tu,
2385 525 2513 600 dum
2534 529 2705 600 potes,
2737 525 3011 583 innocens,
3029 530 3236 600 recede,

2188 598 2356 671 lactis
2384 597 2727 666 simplicibus
2756 600 2894 654 cibis
2927 602 2987 656 in
3016 601 3215 671 undas,

2190 670 2253 724 Et
2278 669 2450 739 pisces
2480 684 2740 724 venerare
2769 671 3065 728 dedicatos.

2052 758 2237 823 Idem,
2271 757 2372 811 lib.
2409 775 2462 823 χ,
2496 757 2844 828 epigramm,
2887 761 2979 827 30,
3013 762 3083 817 de
3117 763 3621 835 murenamugile
3653 765 3711 818 et

2053 846 2276 902 mullis.
2312 845 2501 899 Adisis
2533 847 3118 915 Athenaeum,lib.vm
3150 859 3359 916 Δειπν..
3384 854 3710 909 Lucianum

2063 936 2101 991 l.
2139 937 2214 991 De
2243 935 2347 990 dea
2373 936 2558 1006 Syria.
2611 937 2823 998 Quidni
2860 955 2998 1015 vero
3040 941 3295 998 Basilius
3328 945 3527 1014 regius
3580 959 3712 997 vere

2053 1025 2533 1080 doctoreamdem
2557 1023 2794 1092 planein
2814 1029 3244 1085 assertionibus
3260 1031 3520 1103 physicis
3537 1030 3708 1085 ratio-

2055 1131 2188 1170 nem
2213 1114 2503 1183 habuerit,
2538 1130 2715 1184 quam
2746 1115 3187 1188 Theophrastus
3219 1121 3278 1175 in
3312 1122 3486 1176 rebus
3520 1119 3709 1175 civili-

2055 1201 2207 1258 bus?
2238 1218 2373 1257 cum
2424 1223 2453 1251 «
2495 1203 2632 1272 jura
2676 1204 2957 1260 constitui
2989 1212 3255 1277 oportere
3291 1208 3458 1275 dixit,
3491 1207 3554 1262 in
3615 1206 3711 1262 his

2058 1309 2184 1364 quae
2215 1289 2288 1351 ὡς
2321 1288 2408 1343 ἐπὶ
2437 1290 2500 1344 τὸ
2530 1287 2788 1344 πλεῖστον
2818 1295 3094 1349 accidunt
3121 1311 3134 1351 :
3168 1319 3193 1345 »
3229 1294 3508 1351 laudante
3537 1283 3710 1350 Pom-

2059 1380 2232 1453 ponio
2261 1381 2315 1437 J.
2346 1380 2430 1449 C.,
2464 1380 2503 1435 l.
2535 1398 2598 1436 ru
2630 1383 2718 1448 D.,
2762 1384 2832 1438 De
2863 1384 3093 1454 legibus,
3135 1390 3191 1440 et
3237 1386 3412 1441 Paulo
3445 1386 3463 1440 l
3517 1403 3572 1440 v1
3623 1387 3713 1448 D.,

2059 1470 2304 1525 eodem:
2337 1468 2406 1522 Τὸ
2434 1469 2534 1542 γὰρ
2566 1468 2702 1538 ἅπαξ
2753 1470 2787 1537 ἢ
2842 1467 2924 1532 δὶς
2965 1466 3385 1546 παραϐαίνουσιν
3440 1472 3490 1525 οἱ
3540 1490 3716 1544 νομο-

2063 1557 2230 1620 θέται.
2255 1559 2377 1622 Quo
2396 1575 2573 1613 sensu
2595 1558 2800 1615 Celsus
2828 1561 3119 1633 interpres
3151 1562 3302 1616 ﬁdus
3324 1561 3716 1632 Theophrasti

2064 1648 2145 1704 ait
2169 1648 2208 1702 l.
2240 1665 2293 1703 ιν
2323 1653 2414 1717 0,,
2449 1649 2615 1721 eod:
2654 1672 2681 1698 «
2709 1650 2787 1704 Ex
2817 1650 2909 1705 his
2946 1667 3074 1721 quae
3135 1651 3280 1706 forte
3341 1667 3458 1705 uno
3519 1650 3717 1721 aliquo

2065 1753 2204 1793 casu
2235 1737 2498 1792 accidere
2517 1719 2790 1807 °possunt
2821 1740 2959 1808 jura
3011 1756 3128 1794 non
3188 1719 3653 1807 constituuntur,
3693 1761 3714 1788 »

1934 1884 1956 1917 λ
1989 1852 2034 1917 Β
2068 1825 2306 1896 proinde
2337 1839 2442 1878 nec
2474 1824 2852 1882 assertiones.

2139 1912 2255 1966 Col.
2292 1913 2394 1966 153
2423 1916 2481 1966 C.
2514 1915 2638 1973 Τοῖς
2695 1911 2924 1975 οἰκείοις
2984 1914 3172 1988 ἀρκοῦο
3219 1915 3378 1969 πενία
3430 1917 3564 1988 μετὰ
3620 1915 3722 1969 αὺ-

2068 1999 2317 2075 ταρκείας
2347 1997 2436 2055 ἀλ.
2471 2001 2745 2072 Alpheus
2777 2003 2962 2075 Mytil.
2998 2006 3062 2058 in
3093 2004 3254 2060 Phal.
3289 2008 3564 2076 epigram.
3587 2024 3606 2060 .-

2174 2095 2493 2172 Λύτάρκοος
2528 2091 2724 2172 lacuna:
2762 2098 2904 2172 βίου,
2938 2094 3156 2166 Σαϐῖνε,

2178 2170 2283 2223 Καὶ
2320 2167 2421 2244 γὰρ
2458 2167 2639 2240 μηδὲν
2661 2167 2811 2244 ἄγαν,
2846 2168 2978 2245 ἄγαν
3011 2192 3079 2244 με
3101 2171 3306 2247 τέρπει.

2073 2269 2233 2321 Mart.
2265 2263 2578 2321 aemulatur
2607 2266 2710 2322 lib.
2744 2283 2800 2322 ιν
2829 2268 3112 2339 Epigram.
3138 2284 3150 2324 :

2217 2364 2511 2434 Nunquam
2541 2363 2766 2420 divitias
2796 2366 2968 2420 Deum
2999 2369 3215 2433 rogavi,

2221 2434 2511 2491 Contentus
2542 2436 2772 2506 modico,
2803 2453 3025 2508 meoque
3056 2439 3241 2494 laetus.

2148 2533 2294 2589 lbid.
2346 2533 2391 2589 D
2452 2535 2502 2589 1.
2562 2533 2650 2587 ’Ev
2707 2537 2789 2605 τῷ
2836 2537 3196 2608 προσχήματι
3253 2542 3354 2604 τῆς
3413 2531 3725 2598 εὐλαϐείας.

2082 2621 2471 2678 Demosthen.
2523 2621 2659 2693 πρὸς
2717 2623 2986 2691 Λεπτίνην
3043 2626 3248 2679 eadem
3308 2626 3426 2680 fere
3484 2632 3724 2682 mente:

2081 2711 2226 2784 Χρὴ,
2286 2710 2361 2771 ὡς
2415 2703 2608 2784 ἔμοιγε
2656 2708 2826 2778 δοκεῖ,
2884 2711 3057 2765 πάντα
3108 2710 3207 2766 ὅσα
3236 2733 3318 2775 τις
3350 2713 3571 2787 πράττει
3603 2713 3730 2775 τοὺς

2079 2798 2232 2860 Θεοῦς
2289 2797 2661 2876 ἐπιφημίζων.
2719 2804 2946 2855 τοιαῦτα
2995 2801 3296 2878 φαίνεσθαι,
3358 2804 3444 2856 οἷα
3509 2800 3640 2874 μηδ’
3672 2799 3732 2858 ἄν

2083 2890 2164 2944 ἐπ’
2221 2887 2509 2962 ἀνθρώπου
2556 2890 2869 2964 πραχθέντα
2916 2891 3132 2965 πονηρά
3183 2890 3394 2968 φανείη,
3441 2893 3572 2948 Mox
3632 2889 3732 2946 λύ-

2081 2999 2209 3039 κους
2241 2975 2483 3052 ἅρπαγας
2508 2977 2788 3045 ἐν,Μ81111.
2812 2997 2914 3048 VII,
2947 2982 3049 3036 15:
3085 2981 3382 3054 Ἔρχονται
3415 2979 3554 3054 πρὸς
3591 2981 3733 3053 ὑμᾶς

2083 3066 2134 3121 ἐν
2167 3062 2769 3141 ἆνδύμασιπροϐἀτων,
2802 3065 2996 3122 ἕσῶθεν
3051 3065 3107 3122 δέ
3168 3069 3267 3122 εἶσι
3331 3066 3489 3123 λύκοι
3559 3071 3731 3144 ἁρπα-

2084 3176 2197 3232 γες.
2230 3161 2293 3212 Β.
2325 3159 2492 3214 Joan.
2525 3158 2972 3230 Chrysostom.,l
3011 3163 3158 3215 orat.
3193 3161 3254 3215 in
3286 3160 3414 3216 Gen.
3439 3179 3456 3214 :
3487 3159 3545 3213 '0
3568 3157 3734 3221 λύκος

327 3231 513 3288 nostri
542 3246 655 3287 non
680 3228 1016 3301 pervenisse
1032 3223 1298 3281 libellum
1321 3222 1564 3279 citatum
1589 3216 1966 3284 Plularchi,in

2088 3244 2242 3301 εἰκὼν
2276 3249 2371 3300 τοῦ
2401 3247 2762 3320 ἁρπακτικοῦ.

328 3338 444 3392 quo
475 3335 776 3376 sacrarum
809 3323 866 3372 et
895 3316 1289 3372 cicuratarum
1322 3311 1715 3383 anguillarum
1736 3309 1794 3362 in
1817 3308 1978 3362 fonte

327 3409 646 3478 Arethusae,
680 3413 737 3462 et
768 3406 1016 3462 aliorum
1049 3402 1300 3476 piscium
1341 3400 1476 3454 alibi
1509 3398 1773 3472 gentium
1807 3412 1975 3451 man-

330 3498 720 3555 suefactorum
755 3495 1063 3551 historiam
1097 3491 1418 3561 didicisset,
1453 3493 1510 3545 et
1538 3504 1794 3544 murena:
1817 3485 1977 3540 illius

329 3603 506 3660 quam
538 3585 786 3642 Crassus
819 3588 1109 3640 mortuam
1139 3581 1362 3637 luxisse
1393 3578 1628 3634 dicitur.
1661 3577 1731 3632 Et
1761 3576 1860 3648 qui
1893 3574 1977 3630 la-

326 3683 450 3734 tere
479 3674 751 3750 πάνσοφον
784 3674 1083 3729 doctorem
1107 3671 1318 3744 potuit,
1344 3670 1498 3742 quod
1534 3666 1980 3725 celeberrimum

327 3768 439 3824 luit
466 3768 526 3822 in
557 3763 802 3837 piscinis
835 3761 1078 3818 Gesseris
1101 3760 1578 3831 Domitiani,quaa
1609 3763 1775 3813 erant
1803 3755 1980 3823 Baiis,

327 3857 522 3930 pisces
553 3853 835 3909 nimirum
866 3855 1100 3906 vocatos
1131 3851 1203 3903 ad
1237 3864 1449 3903 nomen
1483 3847 1759 3902 venisse?
1791 3851 1982 3916 Atque

327 3947 439 4002 hoc
470 3946 814 4016 argumento
850 3937 1199 4004 Plinius,lib.
1227 3954 1283 4005 κ,
1319 3952 1444 4007 cap.
1465 3936 1771 4007 70,probat
1791 3934 1983 4006 pisces

328 4036 548 4092 habere
580 4031 872 4101 auditum,
919 4030 1021 4086 sed
1073 4026 1362 4100 praecipue
1393 4022 1694 4096 mugilem,
1728 4022 1978 4093 salpam,

329 4120 963 4194 chromim,1upum.De
985 4117 1327 4175 eorumdem
1342 4112 1981 4180 mansuetudine,idem

328 4214 431 4280 lib,
462 4228 641 4280 xxxn,
674 4227 801 4282 cap.
853 4213 908 4264 2.
960 4213 1042 4262 Ac
1073 4206 1248 4277 lupus
1279 4203 1516 4276 quidem
1553 4202 1816 4256 marinus
1863 4217 1981 4256 aevo

328 4307 529 4358 nostro
559 4300 619 4355 in
651 4297 840 4355 Caroli
876 4296 1024 4352 Noni
1075 4294 1229 4367 regis
1285 4291 1690 4348 Christianiss.
1752 4290 1984 4362 piscina

322 4393 496 4464 juxta
522 4390 766 4462 Regiam
786 4387 1028 4459 Luparas
1070 4384 1353 4451 nutritus,
1386 4383 1458 4438 ad
1481 4397 1701 4449 vocem,
1737 4380 1979 4453 Lupule,

328 4479 553 4553 lupule,
607 4475 1018 4543 clamantium,
1071 4478 1128 4529 et
1157 4474 1229 4528 ad
1262 4488 1476 4528 manus
1507 4471 1676 4543 panis
1729 4469 1982 4526 frustula

2157 3335 2303 3393 Ibid.
2340 3337 2381 3391 D
2435 3338 2490 3392 5.
2552 3340 2726 3410 Φεῦγε
2779 3337 2842 3389 τὸ
2883 3333 3227 3391 παντοδαπὸν
3259 3357 3311 3395 κ.
3345 3338 3533 3396 Calles
3595 3355 3736 3395 aure

2086 3442 2265 3496 quam
2297 3427 2582 3481 concinna
2605 3431 2661 3481 et
2692 3421 2956 3500 εὔρυθμος
2990 3426 3068 3482 sit
3093 3426 3300 3498 oratio,
3337 3434 3400 3482 ut
3428 3445 3498 3483 ex
3545 3427 3732 3483 hemi-

2087 3515 2300 3572 stichio
2331 3515 2499 3571 facile
2531 3515 2607 3571 sit
2637 3520 3071 3587 pentametrum
3105 3515 3404 3573 absolvere
3453 3518 3502 3574 si
3553 3517 3737 3574 ascri—

2089 3607 2297 3679 pseris,
2330 3601 2693 3659 πολλαπλὸον
2724 3625 2781 3658 τε
2803 3603 3031 3680 τρόπου.
3066 3607 3312 3664 Proteus
3343 3607 3567 3675 animo,

2243 3705 2441 3762 Omnia
2473 3707 2880 3776 trans/ormans
2901 3721 3016 3759 sese
3047 3705 3107 3760 in
3137 3707 3410 3761 miracula
3439 3723 3628 3761 rerum
3655 3723 3667 3762 :

2925 3776 3180 3847 VIRGIL.,
3212 3794 3266 3834 xv
3297 3781 3490 3848 Georg.

2163 3875 2447 3932 IbidD7.
2507 3874 2566 3931 Ὀ
2624 3869 2746 3950 ὄφις
2801 3871 3076 3936 ποικίλος.
3140 3875 3300 3930 Idem
3357 3875 3742 3944 Joan.Chry-

2091 3969 2361 4033 sostom.,
2394 3963 2538 4019 ibid.
2569 3963 2596 4017 ὁ
2629 3959 2750 4038 ὄφις
2785 3962 2941 4018 aliith
2975 3968 3070 4017 τοῦ
3103 3963 3328 4019 σκολιοῦ
3359 3963 3450 4018 καὶ
3497 3968 3594 4018 τοῦ
3643 3985 3744 4017 πο-

2089 4051 2393 4126 νηροτάτου
2418 4052 2510 4107 τὸν
2540 4051 2769 4127 τρόπον.
2804 4055 3089 4127 Georgius
3118 4055 3259 4124 Pii-3.,
3293 4071 3442 4110 vers.
3494 4056 3623 4123 758,
3671 4055 3742 4110 de

2091 4147 2223 4199 astu
2258 4144 2484 4198 Satanae
2510 4161 2522 4198 ε

2232 4230 2419 4305 ’Ὁφεις
2445 4226 2503 4305 δξ.
2532 4229 2760 4305 πικροὺς
2791 4228 2999 4284 ἐκτελεῖ
3027 4228 3151 4305 τοὺς
3175 4230 3510 4305 βασκάνους,

2232 4301 2335 4357 Τὸν
2372 4301 2452 4355 ἰὸν
2478 4301 2646 4366 ἐνθεὶς
2677 4306 2744 4375 τῇ
2776 4305 2916 4375 κακῇ
2948 4301 3294 4376 περιπλάσει.

2235 4395 2333 4449 llic
2357 4393 2572 4450 luridas
2601 4409 2669 4448 ex
2691 4393 2876 4448 lividis
2905 4409 3111 4461 angues
3141 4395 3314 4464 parit,

2234 4466 2491 4521 Fundens
2517 4482 2791 4520 venenum
2814 4465 3030 4534 ﬁctione
3050 4468 3314 4537 pessima.

330 4540 767 4660 proﬁcientium
807 4566 862 4638 (e
1200 4577 1446 4660 numero
1480 4540 1830 4660 adolescens.
1866 4559 1979 4660 tui)
2010 4591 2060 4660 D
2163 4564 2284 4621 Col;
2321 4540 2424 4620 156
2457 4564 2496 4618 Β
2530 4565 2617 4619 40,
2654 4558 2782 4618 Οἵδε
2809 4562 2876 4616 τὰ
2901 4563 3067 4632 κήτη,
3103 4564 3185 4618 Ab
3216 4563 3310 4620 his
3350 4563 3496 4620 catis
3527 4563 3746 4619 orcisve

329 4659 694 4715 accurrebat.
721 4657 800 4711 De
831 4653 1030 4709 Baiani
1061 4650 1220 4706 illius
1241 4652 1403 4707 lacus
1436 4650 1761 4707 mansuetis
1783 4654 1841 4706 et
1861 4649 1982 4705 Ca3-

333 4763 464 4805 sare
495 4744 786 4802 dedicatis
818 4743 1084 4817 piscibus
1107 4740 1554 4810 audifestivum,
1588 4739 1830 4810 morale,
1862 4739 1982 4794 his-

333 4837 591 4893 toricum
622 4833 908 4890 Martialis
939 4832 1126 4913 epigr.
1157 4831 1248 4900 30,
1281 4828 1383 4885 lib.
1413 4845 1504 4885 1v:

473 4927 691 4980 Baiano
720 4920 920 4995 procul
947 4938 986 4977 a
1015 4921 1163 4987 lacu,
1195 4935 1508 4995 monemus,

474 4993 746 5063 Piscator,
774 4999 926 5066 fuge,
958 5009 1029 5066 ne
1058 5007 1266 5047 nocens
1294 4993 1544 5066 recedas.

480 5069 662 5125 Sacris
692 5061 932 5140 piscibus
961 5065 1050 5140 Ιιέε
1080 5069 1356 5118 natantur
1384 5061 1567 5140 unda,

475 5143 579 5210 Qui
606 5133 812 5196 norunt
840 5137 1148 5203 dominum,
1178 5150 1514 5210 manumque
1548 5133 1796 5189 lambunt

475 5207 638 5268 Illam
667 5227 776 5283 qua
804 5210 950 5283 nihil
981 5217 1061 5264 est
1080 5207 1304 5283 _in_orbe
1331 5207 1534 5283 majus,

471 5286 642 5354 Quid,
673 5277 814 5356 guott
841 5296 1043 5356 nomen
1073 5278 1309 5356 habent,
1330 5286 1391 5332 ut
1419 5277 1488 5332 ad
1517 5279 1777 5348 magistri

476 5352 659 5414 Vocem
678 5352 1032 5427 'quisquesui
1060 5353 1209 5427 venit
1237 5355 1459 5427 citatus.

471 5431 578 5484 Hoc
609 5421 882 5499 quondam
917 5424 1079 5499 Libys
1113 5421 1316 5499 impius
1342 5421 1625 5499 profundo

470 5494 1140 5570 Dum—prazdamcalamo
1176 5497 1446 5550 tremente
1475 5494 1646 5561 ducit,

474 5569 662 5641 Raptis
693 5569 999 5624 luminibus
1028 5575 1246 5641 repente
1275 5580 1453 5641 caecus

475 5637 707 5714 Captum
734 5657 844 5696 non
875 5640 1056 5714 potuit
1084 5637 1267 5694 videre
1290 5640 1499 5714 piscem
1524 5651 1537 5692 :

475 5718 538 5774 Et
551 5709 706 5772 nunc
736 5709 1033 5784 sacrilegos
1059 5725 1288 5782 perosus
1319 5709 1507 5766 hamos

2091 4655 2387 4727 Theognis
2422 4653 2735 4729 μεγακήτεα
2765 4650 2962 4706 πόντον
2996 4653 3152 4708 canit
3202 4657 3620 4725 μετωνυμικῶς.
3681 4656 3742 4707 Ιη

2091 4747 2357 4802 versione
2388 4745 2510 4799 Lat.
2548 4742 2884 4816 legendum,
2915 4744 3131 4799 Norant
3157 4745 3324 4816 plane
3361 4745 3505 4801 Cete.
3539 4743 3620 4798 De
3651 4742 3745 4796 his

2092 4835 2247 4891 idem
2280 4834 2486 4906 Georg.
2522 4832 2726 4900 Pisid.,
2759 4848 2911 4888 vers.
2943 4833 3049 4887 969
3081 4833 3229 4905 Opif.
3263 4833 3494 4888 mundi:

2235 4932 2331 5007 Τίς
2359 4931 2450 4985 καὶ
2480 4929 2547 5007 τὰ
2575 4931 2742 5007 κήτη,
2772 4937 2870 4998 τῆς
2897 4928 3180 5007 ⁸θιιξιλοὶσσης
3205 4929 3331 5007 τοὺς
3365 4929 3594 5007 λόφους,

2236 5005 2321 5060 Ἐν
2352 5008 2468 5064 τοῖς
2498 4997 2733 5078 ἐρήμοις
2757 4997 2855 5072 τῆς
2886 4997 3117 5066 ἀϐύσςου
3137 4997 3402 5078 ’συλΛὲγίι
3431 5029 3444 5072 ;

2237 5095 2372 5150 Cete
2401 5095 2524 5164 quis
2556 5093 2674 5150 haec
2701 5097 2953 5161 portenta
2983 5095 3180 5160 maris,
3214 5095 3330 5160 alta
3358 5097 3420 5147 ut
3434 5094 3603 5165 juga,

2237 5168 2298 5222 In
2328 5169 2584 5222 vastitate
2613 5167 2868 5220 immeasi
2898 5166 3084 5234 abyssi
3111 5165 3396 5221 continet?

2164 5264 2311 5320 Ibid.
2347 5268 2386 5317 Ο
2419 5264 2506 5317 11.
2538 5262 2772 5334 Corrige
2800 5267 2903 5330 τῆς
2930 5262 3178 5331 κυήσεως
3207 5282 3325 5317 κατ.
3360 5261 3571 5317 Genes.
3603 5277 3714 5315 xxx
3736 5303 3748 5326 ,

2090 5370 2158 5410 ex
2186 5352 2334 5408 LXX
2365 5352 2612 5423 Interpr.
2649 5367 2821 5420 vers.,
2855 5349 2916 5403 τὸ
2964 5348 3212 5424 ἐγκισσᾷν
3259 5353 3498 5406 denotat
3554 5350 3750 5423 καιρὸν

2087 5449 2190 5511 τῆς
2242 5443 2526 5511 κυήσεως.
2583 5439 2687 5496 Hic
2738 5437 3023 5492 ἐνεκίσσων
3077 5440 3144 5494 τὰ
3200 5434 3450 5513 πρόϐατι
3509 5437 3585 5500 εἰς
3646 5438 3749 5500 τὰς

2091 5525 2349 5605 ῥάϐδους.

2159 5621 2280 5676 Col.
2342 5620 2444 5674 157
2502 5623 2545 5673 Β
2604 5619 2692 5673 14.
2756 5618 3134 5690 Legendum:
3191 5615 3355 5672 ὑπτία
3397 5617 3742 5693 προκειμὲνη

2085 5711 2193 5762 τῶν
2252 5707 2337 5780 ἀν,
2395 5712 2514 5769 ταῖς
2575 5705 2736 5780 βίαις,
2809 5702 2998 5778 ὀλίγας
3060 5706 3224 5768 ἀκτὰς
3276 5708 3365 5762 καὶ
3402 5705 3751 5780 ὑποδρόμους
