  <div class='ocr_page' id='page_1' title='image "/cluster/home/n/w/nwhite01/storage/ocr_20150623/30:no.2/coo.31924054873116/575.png"; bbox 0 0 4176 6378; ppageno 0'>
   <div class='ocr_carea' id='block_1_1' title="bbox 410 339 564 402">
    <p class='ocr_par' dir='ltr' id='par_1_1' title="bbox 410 339 564 402">
     <span class='ocr_line' id='line_1_1' title="bbox 410 339 564 402; baseline 0.019 -3"><span class='ocrx_word' id='word_1_1' title='bbox 410 339 564 402; x_wconf 73' lang='grc'><strong>1123</strong></span> 
     </span>
    </p>
   </div>
   <div class='ocr_carea' id='block_1_2' title="bbox 405 554 2055 633">
    <p class='ocr_par' dir='ltr' id='par_1_2' title="bbox 405 554 2055 633">
     <span class='ocr_line' id='line_1_2' title="bbox 405 554 2055 633; baseline -0.005 -16"><span class='ocrx_word' id='word_1_2' title='bbox 405 560 743 633; x_wconf 82' lang='lat' dir='ltr'>superl‘ugia</span> <span class='ocrx_word' id='word_1_3' title='bbox 776 584 797 614; x_wconf 70' lang='grc' dir='ltr'>ι</span> <span class='ocrx_word' id='word_1_4' title='bbox 838 560 1141 632; x_wconf 77' lang='lat' dir='ltr'>exposuit;</span> <span class='ocrx_word' id='word_1_5' title='bbox 1176 576 1281 615; x_wconf 92' lang='lat' dir='ltr'>nec</span> <span class='ocrx_word' id='word_1_6' title='bbox 1311 558 1520 615; x_wconf 83' lang='lat' dir='ltr'>inscite</span> <span class='ocrx_word' id='word_1_7' title='bbox 1550 555 1860 630; x_wconf 84' lang='lat' dir='ltr'>Strigelius</span> <span class='ocrx_word' id='word_1_8' title='bbox 1885 554 2055 612; x_wconf 79' lang='lat' dir='ltr'>vertit</span> 
     </span>
    </p>
   </div>
   <div class='ocr_carea' id='block_1_3' title="bbox 404 644 2051 722">
    <p class='ocr_par' dir='ltr' id='par_1_3' title="bbox 404 644 2051 722">
     <span class='ocr_line' id='line_1_3' title="bbox 404 644 2051 722; baseline -0.004 -17"><span class='ocrx_word' id='word_1_9' title='bbox 404 673 431 701; x_wconf 87' lang='grc'>‹‹</span> <span class='ocrx_word' id='word_1_10' title='bbox 467 667 755 721; x_wconf 91' lang='lat' dir='ltr'>recessus,</span> <span class='ocrx_word' id='word_1_11' title='bbox 791 649 850 705; x_wconf 87' lang='lat' dir='ltr'>in</span> <span class='ocrx_word' id='word_1_12' title='bbox 882 650 1100 722; x_wconf 87' lang='lat' dir='ltr'>quibus</span> <span class='ocrx_word' id='word_1_13' title='bbox 1126 654 1323 704; x_wconf 89' lang='lat' dir='ltr'>tutum</span> <span class='ocrx_word' id='word_1_14' title='bbox 1356 648 1434 704; x_wconf 90' lang='lat' dir='ltr'>sit</span> <span class='ocrx_word' id='word_1_15' title='bbox 1461 646 1701 704; x_wconf 77' lang='lat' dir='ltr'>latere.»</span> <span class='ocrx_word' id='word_1_16' title='bbox 1726 646 1877 701; x_wconf 86' lang='lat' dir='ltr'>Sunt</span> <span class='ocrx_word' id='word_1_17' title='bbox 1895 644 2051 700; x_wconf 89' lang='lat' dir='ltr'>enim</span> 
     </span>
    </p>
   </div>
   <div class='ocr_carea' id='block_1_4' title="bbox 405 733 2052 814">
    <p class='ocr_par' dir='ltr' id='par_1_4' title="bbox 405 733 2052 814">
     <span class='ocr_line' id='line_1_4' title="bbox 405 733 2052 814; baseline -0.003 -21"><span class='ocrx_word' id='word_1_18' title='bbox 405 735 713 814; x_wconf 81' lang='grc' dir='ltr'>ὑπόδρομοι</span> <span class='ocrx_word' id='word_1_19' title='bbox 754 740 848 795; x_wconf 88' lang='lat' dir='ltr'>hic</span> <span class='ocrx_word' id='word_1_20' title='bbox 880 739 1049 811; x_wconf 86' lang='lat' dir='ltr'>quasi</span> <span class='ocrx_word' id='word_1_21' title='bbox 1080 739 1257 811; x_wconf 87' lang='lat' dir='ltr'>longa</span> <span class='ocrx_word' id='word_1_22' title='bbox 1285 738 1576 808; x_wconf 68' lang='lat' dir='ltr'>quaedam,</span> <span class='ocrx_word' id='word_1_23' title='bbox 1620 740 1676 792; x_wconf 88' lang='lat' dir='ltr'>et</span> <span class='ocrx_word' id='word_1_24' title='bbox 1705 739 1858 791; x_wconf 83' lang='lat' dir='ltr'>tecta</span> <span class='ocrx_word' id='word_1_25' title='bbox 1887 733 2052 788; x_wconf 84' lang='lat' dir='ltr'>clau-</span> 
     </span>
    </p>
   </div>
   <div class='ocr_carea' id='block_1_5' title="bbox 402 825 2050 902">
    <p class='ocr_par' dir='ltr' id='par_1_5' title="bbox 402 825 2050 902">
     <span class='ocr_line' id='line_1_5' title="bbox 402 825 2050 902; baseline -0.004 -17"><span class='ocrx_word' id='word_1_26' title='bbox 402 845 584 902; x_wconf 84' lang='lat' dir='ltr'>saqne</span> <span class='ocrx_word' id='word_1_27' title='bbox 614 836 1002 901; x_wconf 86' lang='lat' dir='ltr'>undequaque</span> <span class='ocrx_word' id='word_1_28' title='bbox 1033 827 1404 895; x_wconf 83' lang='lat' dir='ltr'>ambulacra;</span> <span class='ocrx_word' id='word_1_29' title='bbox 1447 842 1553 882; x_wconf 87' lang='lat' dir='ltr'>ceu</span> <span class='ocrx_word' id='word_1_30' title='bbox 1614 825 1805 881; x_wconf 87' lang='lat' dir='ltr'>stadia</span> <span class='ocrx_word' id='word_1_31' title='bbox 1849 839 2050 894; x_wconf 86' lang='lat' dir='ltr'>opaca,</span> 
     </span>
    </p>
   </div>
   <div class='ocr_carea' id='block_1_6' title="bbox 402 913 2047 991">
    <p class='ocr_par' dir='ltr' id='par_1_6' title="bbox 402 913 2047 991">
     <span class='ocr_line' id='line_1_6' title="bbox 402 913 2047 991; baseline -0.005 -16"><span class='ocrx_word' id='word_1_32' title='bbox 402 920 513 975; x_wconf 88' lang='lat' dir='ltr'>snb</span> <span class='ocrx_word' id='word_1_33' title='bbox 543 919 760 991; x_wconf 88' lang='lat' dir='ltr'>quibus</span> <span class='ocrx_word' id='word_1_34' title='bbox 789 919 1012 991; x_wconf 87' lang='lat' dir='ltr'>degunt</span> <span class='ocrx_word' id='word_1_35' title='bbox 1042 922 1316 991; x_wconf 77' lang='lat' dir='ltr'>natantve</span> <span class='ocrx_word' id='word_1_36' title='bbox 1349 916 1560 988; x_wconf 87' lang='lat' dir='ltr'>pisces.</span> <span class='ocrx_word' id='word_1_37' title='bbox 1583 913 2047 985; x_wconf 86' lang='lat' dir='ltr'>Pliniusjunior,</span> 
     </span>
    </p>
   </div>
   <div class='ocr_carea' id='block_1_7' title="bbox 404 987 2047 1079">
    <p class='ocr_par' dir='ltr' id='par_1_7' title="bbox 404 987 2047 1079">
     <span class='ocr_line' id='line_1_7' title="bbox 404 987 2047 1079; baseline -0.005 -16"><span class='ocrx_word' id='word_1_38' title='bbox 404 1008 503 1064; x_wconf 88' lang='lat' dir='ltr'>lib.</span> <span class='ocrx_word' id='word_1_39' title='bbox 527 987 584 1077; x_wconf 30' lang='lat' dir='ltr'>vv,</span> <span class='ocrx_word' id='word_1_40' title='bbox 613 1008 785 1079; x_wconf 84' lang='lat' dir='ltr'>epist.</span> <span class='ocrx_word' id='word_1_41' title='bbox 813 987 1250 1079; x_wconf 42' lang='lat' dir='ltr'>6,&#39;hypodro&#39;mi</span> <span class='ocrx_word' id='word_1_42' title='bbox 1282 987 1483 1061; x_wconf 86' lang='lat' dir='ltr'>vocem</span> <span class='ocrx_word' id='word_1_43' title='bbox 1516 1002 1750 1076; x_wconf 89' lang='lat' dir='ltr'>proprie</span> <span class='ocrx_word' id='word_1_44' title='bbox 1776 1005 2047 1073; x_wconf 84' lang='lat' dir='ltr'>usurpat,</span> 
     </span>
    </p>
   </div>
   <div class='ocr_carea' id='block_1_8' title="bbox 399 1090 2049 1166">
    <p class='ocr_par' dir='ltr' id='par_1_8' title="bbox 399 1090 2049 1166">
     <span class='ocr_line' id='line_1_8' title="bbox 399 1090 2049 1166; baseline -0.002 -15"><span class='ocrx_word' id='word_1_45' title='bbox 399 1100 470 1153; x_wconf 71' lang='lat' dir='ltr'>«le</span> <span class='ocrx_word' id='word_1_46' title='bbox 501 1096 692 1153; x_wconf 88' lang='lat' dir='ltr'>nativa</span> <span class='ocrx_word' id='word_1_47' title='bbox 726 1095 952 1166; x_wconf 89' lang='lat' dir='ltr'>porticu</span> <span class='ocrx_word' id='word_1_48' title='bbox 984 1095 1043 1150; x_wconf 90' lang='lat' dir='ltr'>in</span> <span class='ocrx_word' id='word_1_49' title='bbox 1075 1095 1242 1151; x_wconf 87' lang='lat' dir='ltr'>horto</span> <span class='ocrx_word' id='word_1_50' title='bbox 1273 1093 1614 1151; x_wconf 64' lang='lat' dir='ltr'>Tuscanicae</span> <span class='ocrx_word' id='word_1_51' title='bbox 1642 1092 1815 1162; x_wconf 67' lang='lat' dir='ltr'>villas,</span> <span class='ocrx_word' id='word_1_52' title='bbox 1849 1090 2049 1161; x_wconf 82' lang='lat' dir='ltr'>cujus-</span> 
     </span>
    </p>
   </div>
   <div class='ocr_carea' id='block_1_9' title="bbox 403 1180 2049 1253">
    <p class='ocr_par' dir='ltr' id='par_1_9' title="bbox 403 1180 2049 1253">
     <span class='ocr_line' id='line_1_9' title="bbox 403 1180 2049 1253; baseline -0.004 -12"><span class='ocrx_word' id='word_1_53' title='bbox 403 1185 557 1242; x_wconf 88' lang='lat' dir='ltr'>modi</span> <span class='ocrx_word' id='word_1_54' title='bbox 592 1190 802 1241; x_wconf 89' lang='lat' dir='ltr'>natura</span> <span class='ocrx_word' id='word_1_55' title='bbox 831 1183 914 1241; x_wconf 92' lang='lat' dir='ltr'>vel</span> <span class='ocrx_word' id='word_1_56' title='bbox 950 1189 1074 1240; x_wconf 86' lang='lat' dir='ltr'>arte</span> <span class='ocrx_word' id='word_1_57' title='bbox 1106 1183 1230 1240; x_wconf 81' lang='lat' dir='ltr'>ﬁeri</span> <span class='ocrx_word' id='word_1_58' title='bbox 1262 1182 1430 1253; x_wconf 82' lang='lat' dir='ltr'>solet,</span> <span class='ocrx_word' id='word_1_59' title='bbox 1481 1182 1768 1238; x_wconf 75' lang='lat' dir='ltr'>consertis</span> <span class='ocrx_word' id='word_1_60' title='bbox 1801 1180 1953 1236; x_wconf 87' lang='lat' dir='ltr'>inter</span> <span class='ocrx_word' id='word_1_61' title='bbox 1985 1195 2049 1236; x_wconf 86' lang='lat' dir='ltr'>se</span> 
     </span>
    </p>
   </div>
   <div class='ocr_carea' id='block_1_10' title="bbox 400 1268 2045 1347">
    <p class='ocr_par' dir='ltr' id='par_1_10' title="bbox 400 1268 2045 1347">
     <span class='ocr_line' id='line_1_10' title="bbox 400 1268 2045 1347; baseline -0.006 -15"><span class='ocrx_word' id='word_1_62' title='bbox 400 1275 746 1347; x_wconf 84' lang='lat' dir='ltr'>reﬂexisque</span> <span class='ocrx_word' id='word_1_63' title='bbox 775 1274 1054 1330; x_wconf 84' lang='lat' dir='ltr'>arborum</span> <span class='ocrx_word' id='word_1_64' title='bbox 1086 1272 1266 1329; x_wconf 87' lang='lat' dir='ltr'>ramis</span> <span class='ocrx_word' id='word_1_65' title='bbox 1299 1287 1314 1329; x_wconf 91' lang='lat'><strong>:</strong></span> <span class='ocrx_word' id='word_1_66' title='bbox 1345 1277 1524 1340; x_wconf 80' lang='lat' dir='ltr'>atque</span> <span class='ocrx_word' id='word_1_67' title='bbox 1555 1270 1665 1327; x_wconf 88' lang='lat' dir='ltr'>hoc</span> <span class='ocrx_word' id='word_1_68' title='bbox 1696 1268 2045 1326; x_wconf 85' lang='lat' dir='ltr'>vocabulum</span> 
     </span>
    </p>
   </div>
   <div class='ocr_carea' id='block_1_11' title="bbox 399 1359 2048 1434">
    <p class='ocr_par' dir='ltr' id='par_1_11' title="bbox 399 1359 2048 1434">
     <span class='ocr_line' id='line_1_11' title="bbox 399 1359 2048 1434; baseline -0.006 -12"><span class='ocrx_word' id='word_1_69' title='bbox 399 1364 707 1422; x_wconf 90' lang='lat' dir='ltr'>Sidonium</span> <span class='ocrx_word' id='word_1_70' title='bbox 739 1380 809 1421; x_wconf 79' lang='lat' dir='ltr'>ex</span> <span class='ocrx_word' id='word_1_71' title='bbox 837 1364 944 1420; x_wconf 92' lang='lat' dir='ltr'>boc</span> <span class='ocrx_word' id='word_1_72' title='bbox 975 1379 1006 1419; x_wconf 90' lang='lat' dir='ltr'>e</span> <span class='ocrx_word' id='word_1_73' title='bbox 1029 1361 1199 1418; x_wconf 82' lang='lat' dir='ltr'>Plinii</span> <span class='ocrx_word' id='word_1_74' title='bbox 1222 1360 1491 1434; x_wconf 88' lang='lat' dir='ltr'>castigati</span> <span class='ocrx_word' id='word_1_75' title='bbox 1523 1359 1741 1416; x_wconf 86' lang='lat' dir='ltr'>scrinio</span> <span class='ocrx_word' id='word_1_76' title='bbox 1773 1360 2048 1431; x_wconf 88' lang='lat' dir='ltr'>deprom-</span> 
     </span>
    </p>
   </div>
   <div class='ocr_carea' id='block_1_12' title="bbox 401 1448 2049 1527">
    <p class='ocr_par' dir='ltr' id='par_1_12' title="bbox 401 1448 2049 1527">
     <span class='ocr_line' id='line_1_12' title="bbox 401 1448 2049 1527; baseline -0.003 -17"><span class='ocrx_word' id='word_1_77' title='bbox 401 1456 610 1527; x_wconf 78' lang='lat' dir='ltr'>psisse,</span> <span class='ocrx_word' id='word_1_78' title='bbox 633 1459 691 1509; x_wconf 89' lang='lat' dir='ltr'>et</span> <span class='ocrx_word' id='word_1_79' title='bbox 717 1453 775 1509; x_wconf 91' lang='lat' dir='ltr'>in</span> <span class='ocrx_word' id='word_1_80' title='bbox 808 1451 979 1524; x_wconf 87' lang='lat' dir='ltr'>epist.</span> <span class='ocrx_word' id='word_1_81' title='bbox 1015 1453 1100 1520; x_wconf 90' lang='grc'><strong>11,</strong></span> <span class='ocrx_word' id='word_1_82' title='bbox 1154 1451 1256 1506; x_wconf 88' lang='lat' dir='ltr'>lib.</span> <span class='ocrx_word' id='word_1_83' title='bbox 1314 1469 1393 1521; x_wconf 72' lang='grc' dir='ltr'>χι,</span> <span class='ocrx_word' id='word_1_84' title='bbox 1452 1448 1829 1506; x_wconf 83' lang='lat' dir='ltr'>transtulisse</span> <span class='ocrx_word' id='word_1_85' title='bbox 1876 1452 2049 1505; x_wconf 83' lang='lat' dir='ltr'>acute</span> 
     </span>
    </p>
   </div>
   <div class='ocr_carea' id='block_1_13' title="bbox 399 1537 2049 1600">
    <p class='ocr_par' dir='ltr' id='par_1_13' title="bbox 399 1537 2049 1600">
     <span class='ocr_line' id='line_1_13' title="bbox 399 1537 2049 1600; baseline -0.005 0"><span class='ocrx_word' id='word_1_86' title='bbox 399 1542 812 1600; x_wconf 84' lang='lat' dir='ltr'>animadvertit</span> <span class='ocrx_word' id='word_1_87' title='bbox 839 1543 925 1597; x_wconf 91' lang='lat' dir='ltr'>vir</span> <span class='ocrx_word' id='word_1_88' title='bbox 954 1541 1180 1596; x_wconf 85' lang='lat' dir='ltr'>clariss.</span> <span class='ocrx_word' id='word_1_89' title='bbox 1229 1545 1286 1597; x_wconf 89' lang='lat' dir='ltr'>et</span> <span class='ocrx_word' id='word_1_90' title='bbox 1314 1539 1613 1596; x_wconf 87' lang='lat' dir='ltr'>eruditiss.</span> <span class='ocrx_word' id='word_1_91' title='bbox 1645 1538 1903 1594; x_wconf 84' lang='lat' dir='ltr'>Jacobus</span> <span class='ocrx_word' id='word_1_92' title='bbox 1933 1537 2049 1592; x_wconf 85' lang='lat' dir='ltr'>Sir-</span> 
     </span>
    </p>
   </div>
   <div class='ocr_carea' id='block_1_14' title="bbox 399 1626 2045 1701">
    <p class='ocr_par' dir='ltr' id='par_1_14' title="bbox 399 1626 2045 1701">
     <span class='ocr_line' id='line_1_14' title="bbox 399 1626 2045 1701; baseline -0.005 -12"><span class='ocrx_word' id='word_1_93' title='bbox 399 1633 654 1690; x_wconf 87' lang='lat' dir='ltr'>mondus</span> <span class='ocrx_word' id='word_1_94' title='bbox 681 1630 977 1689; x_wconf 85' lang='lat' dir='ltr'>societatis</span> <span class='ocrx_word' id='word_1_95' title='bbox 1006 1630 1147 1686; x_wconf 86' lang='lat' dir='ltr'>Jesu</span> <span class='ocrx_word' id='word_1_96' title='bbox 1186 1628 1497 1699; x_wconf 76' lang='lat' dir='ltr'>theologus</span> <span class='ocrx_word' id='word_1_97' title='bbox 1540 1628 1600 1683; x_wconf 90' lang='lat' dir='ltr'>in</span> <span class='ocrx_word' id='word_1_98' title='bbox 1635 1626 1930 1701; x_wconf 87' lang='lat' dir='ltr'>perdoctis</span> <span class='ocrx_word' id='word_1_99' title='bbox 1973 1627 2045 1681; x_wconf 82' lang='lat' dir='ltr'>ad</span> 
     </span>
    </p>
   </div>
   <div class='ocr_carea' id='block_1_15' title="bbox 392 1704 2045 1793">
    <p class='ocr_par' dir='ltr' id='par_1_15' title="bbox 392 1704 2045 1793">
     <span class='ocr_line' id='line_1_15' title="bbox 392 1704 2045 1793; baseline -0.006 -14"><span class='ocrx_word' id='word_1_100' title='bbox 392 1724 561 1779; x_wconf 88' lang='lat' dir='ltr'>illum</span> <span class='ocrx_word' id='word_1_101' title='bbox 593 1722 938 1793; x_wconf 87' lang='lat' dir='ltr'>scriptorem</span> <span class='ocrx_word' id='word_1_102' title='bbox 964 1719 1435 1777; x_wconf 69' lang='lat' dir='ltr'>notis.C£eterum</span> <span class='ocrx_word' id='word_1_103' title='bbox 1471 1704 1795 1789; x_wconf 57' lang='lat' dir='ltr'>paulo’post</span> <span class='ocrx_word' id='word_1_104' title='bbox 1815 1732 1881 1771; x_wconf 85' lang='lat' dir='ltr'>ex</span> <span class='ocrx_word' id='word_1_105' title='bbox 1904 1732 2045 1787; x_wconf 75' lang='lat' dir='ltr'>pras-</span> 
     </span>
    </p>
   </div>
   <div class='ocr_carea' id='block_1_16' title="bbox 396 1803 2043 1885">
    <p class='ocr_par' dir='ltr' id='par_1_16' title="bbox 396 1803 2043 1885">
     <span class='ocr_line' id='line_1_16' title="bbox 396 1803 2043 1885; baseline -0.007 -17"><span class='ocrx_word' id='word_1_106' title='bbox 396 1813 614 1885; x_wconf 89' lang='lat' dir='ltr'>scripto</span> <span class='ocrx_word' id='word_1_107' title='bbox 647 1811 789 1883; x_wconf 86' lang='lat' dir='ltr'>legis</span> <span class='ocrx_word' id='word_1_108' title='bbox 822 1808 1236 1881; x_wconf 67' lang='lat' dir='ltr'>prosopopoeiae</span> <span class='ocrx_word' id='word_1_109' title='bbox 1266 1807 1605 1880; x_wconf 87' lang='lat' dir='ltr'>legendum,</span> <span class='ocrx_word' id='word_1_110' title='bbox 1637 1803 1725 1860; x_wconf 81' lang='grc' dir='ltr'>ἐπὶ</span> <span class='ocrx_word' id='word_1_111' title='bbox 1772 1804 1840 1859; x_wconf 73' lang='grc' dir='ltr'>τὰ</span> <span class='ocrx_word' id='word_1_112' title='bbox 1869 1823 2043 1879; x_wconf 86' lang='grc' dir='ltr'>προσ-</span> 
     </span>
    </p>
   </div>
   <div class='ocr_carea' id='block_1_17' title="bbox 394 1891 2045 1975">
    <p class='ocr_par' dir='ltr' id='par_1_17' title="bbox 394 1891 2045 1975">
     <span class='ocr_line' id='line_1_17' title="bbox 394 1891 2045 1975; baseline -0.005 -19"><span class='ocrx_word' id='word_1_113' title='bbox 394 1900 533 1971; x_wconf 74' lang='grc' dir='ltr'>ἡλια</span> <span class='ocrx_word' id='word_1_114' title='bbox 558 1904 669 1955; x_wconf 78' lang='grc' dir='ltr'>τῶν</span> <span class='ocrx_word' id='word_1_115' title='bbox 699 1899 924 1975; x_wconf 77' lang='grc' dir='ltr'>χωρίων</span> <span class='ocrx_word' id='word_1_116' title='bbox 956 1896 1300 1975; x_wconf 74' lang='grc' dir='ltr'>ἐπειγόμεθα,</span> <span class='ocrx_word' id='word_1_117' title='bbox 1322 1901 1380 1954; x_wconf 88' lang='lat' dir='ltr'>et</span> <span class='ocrx_word' id='word_1_118' title='bbox 1410 1913 1565 1965; x_wconf 82' lang='lat' dir='ltr'>mox,</span> <span class='ocrx_word' id='word_1_119' title='bbox 1586 1891 1822 1958; x_wconf 81' lang='grc' dir='ltr'>κόλποις</span> <span class='ocrx_word' id='word_1_120' title='bbox 1851 1891 2045 1968; x_wconf 81' lang='grc' dir='ltr'>ἐγκαθ-</span> 
     </span>
    </p>
   </div>
   <div class='ocr_carea' id='block_1_18' title="bbox 399 1990 761 2065">
    <p class='ocr_par' dir='ltr' id='par_1_18' title="bbox 399 1990 761 2065">
     <span class='ocr_line' id='line_1_18' title="bbox 399 1990 761 2065; baseline 0 -20"><span class='ocrx_word' id='word_1_121' title='bbox 399 2011 461 2064; x_wconf 70' lang='grc' dir='ltr'>ορ</span> <span class='ocrx_word' id='word_1_122' title='bbox 472 1990 761 2065; x_wconf 76' lang='grc' dir='ltr'>μιζόμεθα.</span> 
     </span>
    </p>
   </div>
   <div class='ocr_carea' id='block_1_19' title="bbox 468 2073 1890 2153">
    <p class='ocr_par' dir='ltr' id='par_1_19' title="bbox 468 2073 1890 2153">
     <span class='ocr_line' id='line_1_19' title="bbox 468 2073 1890 2153; baseline -0.006 -16"><span class='ocrx_word' id='word_1_123' title='bbox 468 2081 620 2138; x_wconf 88' lang='lat' dir='ltr'>Ibid.</span> <span class='ocrx_word' id='word_1_124' title='bbox 660 2080 706 2136; x_wconf 95' lang='lat' dir='ltr'><strong>D</strong></span> <span class='ocrx_word' id='word_1_125' title='bbox 736 2081 789 2134; x_wconf 91' lang='lat'>8.</span> <span class='ocrx_word' id='word_1_126' title='bbox 820 2077 1013 2153; x_wconf 83' lang='grc' dir='ltr'>Ἀργία</span> <span class='ocrx_word' id='word_1_127' title='bbox 1041 2075 1370 2151; x_wconf 73' lang='grc' dir='ltr'>κακουργίας</span> <span class='ocrx_word' id='word_1_128' title='bbox 1399 2074 1545 2150; x_wconf 76' lang='grc' dir='ltr'>ἀρχή</span> <span class='ocrx_word' id='word_1_129' title='bbox 1579 2073 1890 2131; x_wconf 84' lang='lat' dir='ltr'>Hesiodus.</span> 
     </span>
    </p>
   </div>
   <div class='ocr_carea' id='block_1_20' title="bbox 462 2168 1755 2252">
    <p class='ocr_par' dir='ltr' id='par_1_20' title="bbox 462 2168 1755 2252">
     <span class='ocr_line' id='line_1_20' title="bbox 462 2168 1755 2252; baseline -0.005 -19"><span class='ocrx_word' id='word_1_130' title='bbox 462 2176 628 2235; x_wconf 74' lang='grc' dir='ltr'>Οὔτοι</span> <span class='ocrx_word' id='word_1_131' title='bbox 660 2173 818 2252; x_wconf 77' lang='grc' dir='ltr'>ἔργον</span> <span class='ocrx_word' id='word_1_132' title='bbox 851 2170 1078 2244; x_wconf 74' lang='grc' dir='ltr'>ὄνειδος,</span> <span class='ocrx_word' id='word_1_133' title='bbox 1107 2172 1322 2249; x_wconf 82' lang='grc' dir='ltr'>ἀεργείη</span> <span class='ocrx_word' id='word_1_134' title='bbox 1358 2169 1416 2227; x_wconf 80' lang='grc' dir='ltr'>δὲ</span> <span class='ocrx_word' id='word_1_135' title='bbox 1446 2173 1499 2247; x_wconf 88' lang='grc' dir='ltr'>γ’</span> <span class='ocrx_word' id='word_1_136' title='bbox 1532 2168 1755 2230; x_wconf 82' lang='grc' dir='ltr'>ὄνειδος.</span> 
     </span>
    </p>
   </div>
   <div class='ocr_carea' id='block_1_21' title="bbox 393 2270 2041 2350">
    <p class='ocr_par' dir='ltr' id='par_1_21' title="bbox 393 2270 2041 2350">
     <span class='ocr_line' id='line_1_21' title="bbox 393 2270 2041 2350; baseline -0.006 -15"><span class='ocrx_word' id='word_1_137' title='bbox 393 2280 508 2336; x_wconf 84' lang='lat' dir='ltr'>Non</span> <span class='ocrx_word' id='word_1_138' title='bbox 538 2293 673 2350; x_wconf 84' lang='lat' dir='ltr'>opus</span> <span class='ocrx_word' id='word_1_139' title='bbox 692 2285 770 2332; x_wconf 85' lang='lat' dir='ltr'>est</span> <span class='ocrx_word' id='word_1_140' title='bbox 793 2275 1083 2350; x_wconf 79' lang='lat' dir='ltr'>probrum,</span> <span class='ocrx_word' id='word_1_141' title='bbox 1113 2273 1207 2328; x_wconf 81' lang='lat' dir='ltr'>sed</span> <span class='ocrx_word' id='word_1_142' title='bbox 1233 2272 1387 2329; x_wconf 84' lang='lat' dir='ltr'>deses</span> <span class='ocrx_word' id='word_1_143' title='bbox 1419 2274 1629 2328; x_wconf 78' lang='lat' dir='ltr'>inertia</span> <span class='ocrx_word' id='word_1_144' title='bbox 1652 2270 1919 2344; x_wconf 78' lang='lat' dir='ltr'>probrum</span> <span class='ocrx_word' id='word_1_145' title='bbox 1942 2273 2041 2326; x_wconf 82' lang='lat' dir='ltr'>est.</span> 
     </span>
    </p>
   </div>
   <div class='ocr_carea' id='block_1_22' title="bbox 393 2361 1435 2438">
    <p class='ocr_par' dir='ltr' id='par_1_22' title="bbox 393 2361 1435 2438">
     <span class='ocr_line' id='line_1_22' title="bbox 393 2361 1435 2438; baseline -0.005 -15"><span class='ocrx_word' id='word_1_146' title='bbox 393 2366 699 2438; x_wconf 68' lang='lat' dir='ltr'>lEtiologia</span> <span class='ocrx_word' id='word_1_147' title='bbox 728 2370 817 2420; x_wconf 90' lang='lat' dir='ltr'>est</span> <span class='ocrx_word' id='word_1_148' title='bbox 847 2363 1000 2436; x_wconf 91' lang='lat' dir='ltr'>apud</span> <span class='ocrx_word' id='word_1_149' title='bbox 1035 2361 1435 2434; x_wconf 81' lang='lat' dir='ltr'>Pbocylidcm,</span> 
     </span>
    </p>
   </div>
   <div class='ocr_carea' id='block_1_23' title="bbox 394 2447 2042 2529">
    <p class='ocr_par' dir='ltr' id='par_1_23' title="bbox 394 2447 2042 2529">
     <span class='ocr_line' id='line_1_23' title="bbox 394 2447 2042 2529; baseline -0.004 -19"><span class='ocrx_word' id='word_1_150' title='bbox 394 2460 504 2519; x_wconf 78' lang='grc' dir='ltr'>Πᾶς</span> <span class='ocrx_word' id='word_1_151' title='bbox 548 2454 650 2529; x_wconf 73' lang='grc' dir='ltr'>γάρ</span> <span class='ocrx_word' id='word_1_152' title='bbox 713 2451 902 2527; x_wconf 77' lang='grc' dir='ltr'>ἀεργὸς</span> <span class='ocrx_word' id='word_1_153' title='bbox 951 2449 1086 2525; x_wconf 81' lang='grc' dir='ltr'>ἀνὴρ</span> <span class='ocrx_word' id='word_1_154' title='bbox 1131 2451 1255 2520; x_wconf 87' lang='grc' dir='ltr'>ζώει</span> <span class='ocrx_word' id='word_1_155' title='bbox 1302 2448 1595 2523; x_wconf 88' lang='grc' dir='ltr'>κλοπίμων</span> <span class='ocrx_word' id='word_1_156' title='bbox 1662 2447 1769 2503; x_wconf 84' lang='grc' dir='ltr'>ἀπὸ</span> <span class='ocrx_word' id='word_1_157' title='bbox 1812 2450 2042 2525; x_wconf 80' lang='grc' dir='ltr'>χειρῶν.</span> 
     </span>
    </p>
   </div>
   <div class='ocr_carea' id='block_1_24' title="bbox 465 2553 1745 2628">
    <p class='ocr_par' dir='ltr' id='par_1_24' title="bbox 465 2553 1745 2628">
     <span class='ocr_line' id='line_1_24' title="bbox 465 2553 1745 2628; baseline -0.005 -15"><span class='ocrx_word' id='word_1_158' title='bbox 465 2557 659 2628; x_wconf 82' lang='lat' dir='ltr'>Segnis</span> <span class='ocrx_word' id='word_1_159' title='bbox 688 2555 896 2628; x_wconf 80' lang='lat' dir='ltr'>furtivo</span> <span class='ocrx_word' id='word_1_160' title='bbox 925 2555 1131 2609; x_wconf 85' lang='lat' dir='ltr'>victum</span> <span class='ocrx_word' id='word_1_161' title='bbox 1152 2553 1263 2608; x_wconf 83' lang='lat' dir='ltr'>sibi</span> <span class='ocrx_word' id='word_1_162' title='bbox 1289 2559 1574 2624; x_wconf 77' lang='lat' dir='ltr'>comparat</span> <span class='ocrx_word' id='word_1_163' title='bbox 1599 2555 1745 2606; x_wconf 85' lang='lat' dir='ltr'>astu.</span> 
     </span>
    </p>
   </div>
   <div class='ocr_carea' id='block_1_25' title="bbox 464 2647 2042 2725">
    <p class='ocr_par' dir='ltr' id='par_1_25' title="bbox 464 2647 2042 2725">
     <span class='ocr_line' id='line_1_25' title="bbox 464 2647 2042 2725; baseline -0.005 -13"><span class='ocrx_word' id='word_1_164' title='bbox 464 2658 581 2712; x_wconf 86' lang='lat' dir='ltr'>Col.</span> <span class='ocrx_word' id='word_1_165' title='bbox 616 2655 720 2711; x_wconf 81' lang='grc'><strong>160</strong></span> <span class='ocrx_word' id='word_1_166' title='bbox 747 2657 793 2710; x_wconf 90' lang='grc' dir='ltr'>Α</span> <span class='ocrx_word' id='word_1_167' title='bbox 831 2655 886 2711; x_wconf 89' lang='grc'>5.</span> <span class='ocrx_word' id='word_1_168' title='bbox 918 2652 979 2709; x_wconf 91' lang='grc' dir='ltr'>Ὁ</span> <span class='ocrx_word' id='word_1_169' title='bbox 1011 2647 1307 2705; x_wconf 81' lang='grc' dir='ltr'>θαλάσσιοσ</span> <span class='ocrx_word' id='word_1_170' title='bbox 1336 2648 1541 2725; x_wconf 84' lang='grc' dir='ltr'>ἐχῖνος,</span> <span class='ocrx_word' id='word_1_171' title='bbox 1574 2670 1625 2705; x_wconf 90' lang='grc' dir='ltr'>τ.</span> <span class='ocrx_word' id='word_1_172' title='bbox 1674 2655 1758 2706; x_wconf 84' lang='lat' dir='ltr'>De</span> <span class='ocrx_word' id='word_1_173' title='bbox 1786 2648 1896 2705; x_wconf 88' lang='lat' dir='ltr'>hoc</span> <span class='ocrx_word' id='word_1_174' title='bbox 1929 2647 2042 2721; x_wconf 88' lang='lat' dir='ltr'>0p-</span> 
     </span>
    </p>
   </div>
   <div class='ocr_carea' id='block_1_26' title="bbox 396 2741 999 2819">
    <p class='ocr_par' dir='ltr' id='par_1_26' title="bbox 396 2741 999 2819">
     <span class='ocr_line' id='line_1_26' title="bbox 396 2741 999 2819; baseline -0.007 -18"><span class='ocrx_word' id='word_1_175' title='bbox 396 2747 627 2819; x_wconf 84' lang='lat' dir='ltr'>pianus,</span> <span class='ocrx_word' id='word_1_176' title='bbox 663 2763 724 2813; x_wconf 82' lang='lat'>1|,</span> <span class='ocrx_word' id='word_1_177' title='bbox 755 2741 999 2798; x_wconf 74' lang='grc' dir='ltr'>Ἁλιευτ.</span> 
     </span>
    </p>
   </div>
   <div class='ocr_carea' id='block_1_27' title="bbox 504 2825 1579 2905">
    <p class='ocr_par' dir='ltr' id='par_1_27' title="bbox 504 2825 1579 2905">
     <span class='ocr_line' id='line_1_27' title="bbox 504 2825 1579 2905; baseline -0.007 -17"><span class='ocrx_word' id='word_1_178' title='bbox 592 2831 809 2905; x_wconf 62' lang='grc' dir='ltr'>νώτοισι</span> <span class='ocrx_word' id='word_1_179' title='bbox 842 2827 897 2905; x_wconf 53' lang='grc' dir='ltr'>δξ</span> <span class='ocrx_word' id='word_1_180' title='bbox 921 2826 1304 2905; x_wconf 78' lang='grc' dir='ltr'>ἀνοχλίζουσιν</span> <span class='ocrx_word' id='word_1_181' title='bbox 1325 2825 1579 2905; x_wconf 69' lang='grc' dir='ltr'>ἕκαστος,</span> 
     </span>
    </p>
   </div>
   <div class='ocr_carea' id='block_1_28' title="bbox 397 2896 2047 2978">
    <p class='ocr_par' dir='ltr' id='par_1_28' title="bbox 397 2896 2047 2978">
     <span class='ocr_line' id='line_1_28' title="bbox 397 2896 2047 2978; baseline -0.007 -17"><span class='ocrx_word' id='word_1_182' title='bbox 397 2910 560 2973; x_wconf 69' lang='grc' dir='ltr'>Λάαν,</span> <span class='ocrx_word' id='word_1_183' title='bbox 656 2901 779 2959; x_wconf 78' lang='grc' dir='ltr'>ὅσον</span> <span class='ocrx_word' id='word_1_184' title='bbox 875 2896 1179 2978; x_wconf 61' lang='grc' dir='ltr'>βαρύθοντά</span> <span class='ocrx_word' id='word_1_185' title='bbox 1269 2899 1395 2975; x_wconf 81' lang='grc' dir='ltr'>περὶ</span> <span class='ocrx_word' id='word_1_186' title='bbox 1481 2897 1800 2976; x_wconf 66' lang='grc' dir='ltr'>σφετὲρῂσιν</span> <span class='ocrx_word' id='word_1_187' title='bbox 1889 2896 2047 2978; x_wconf 66' lang='grc' dir='ltr'>ᾀκάν-</span> 
     </span>
    </p>
   </div>
   <div class='ocr_carea' id='block_1_29' title="bbox 1905 2970 2045 3042">
    <p class='ocr_par' dir='ltr' id='par_1_29' title="bbox 1905 2970 2045 3042">
     <span class='ocr_line' id='line_1_29' title="bbox 1905 2970 2045 3042; baseline -0.007 -19"><span class='ocrx_word' id='word_1_188' title='bbox 1905 2970 2045 3042; x_wconf 82' lang='grc' dir='ltr'>[θαις</span> 
     </span>
    </p>
   </div>
   <div class='ocr_carea' id='block_1_30' title="bbox 392 3046 1024 3125">
    <p class='ocr_par' dir='ltr' id='par_1_30' title="bbox 392 3046 1024 3125">
     <span class='ocr_line' id='line_1_30' title="bbox 392 3046 1024 3125; baseline -0.003 -21"><span class='ocrx_word' id='word_1_189' title='bbox 392 3046 651 3119; x_wconf 82' lang='grc' dir='ltr'>Ῥηϊδίως</span> <span class='ocrx_word' id='word_1_190' title='bbox 682 3046 1024 3125; x_wconf 46' lang='lat' dir='ltr'>captatam...</span> 
     </span>
    </p>
   </div>
   <div class='ocr_carea' id='block_1_31' title="bbox 390 3141 2045 3221">
    <p class='ocr_par' dir='ltr' id='par_1_31' title="bbox 390 3141 2045 3221">
     <span class='ocr_line' id='line_1_31' title="bbox 390 3141 2045 3221; baseline -0.007 -14"><span class='ocrx_word' id='word_1_191' title='bbox 390 3150 595 3221; x_wconf 85' lang='lat' dir='ltr'>Georg.</span> <span class='ocrx_word' id='word_1_192' title='bbox 631 3147 872 3214; x_wconf 80' lang='lat' dir='ltr'>Pisidas,</span> <span class='ocrx_word' id='word_1_193' title='bbox 903 3161 1055 3202; x_wconf 87' lang='lat' dir='ltr'>vers.</span> <span class='ocrx_word' id='word_1_194' title='bbox 1088 3142 1230 3200; x_wconf 82' lang='grc'><strong>1133</strong></span> <span class='ocrx_word' id='word_1_195' title='bbox 1261 3142 1625 3215; x_wconf 67' lang='lat' dir='ltr'>Cosmurgiae,</span> <span class='ocrx_word' id='word_1_196' title='bbox 1657 3157 1727 3197; x_wconf 83' lang='lat' dir='ltr'>ex</span> <span class='ocrx_word' id='word_1_197' title='bbox 1758 3141 1875 3198; x_wconf 83' lang='lat' dir='ltr'>Lat.</span> <span class='ocrx_word' id='word_1_198' title='bbox 1908 3156 2045 3196; x_wconf 87' lang='lat' dir='ltr'>nos-</span> 
     </span>
    </p>
   </div>
   <div class='ocr_carea' id='block_1_32' title="bbox 390 3237 796 3304">
    <p class='ocr_par' dir='ltr' id='par_1_32' title="bbox 390 3237 796 3304">
     <span class='ocr_line' id='line_1_32' title="bbox 390 3237 796 3304; baseline -0.007 -9"><span class='ocrx_word' id='word_1_199' title='bbox 390 3245 481 3295; x_wconf 85' lang='lat' dir='ltr'>tra</span> <span class='ocrx_word' id='word_1_200' title='bbox 513 3237 796 3304; x_wconf 79' lang='lat' dir='ltr'>versione,</span> 
     </span>
    </p>
   </div>
   <div class='ocr_carea' id='block_1_33' title="bbox 459 3319 1759 3399">
    <p class='ocr_par' dir='ltr' id='par_1_33' title="bbox 459 3319 1759 3399">
     <span class='ocr_line' id='line_1_33' title="bbox 459 3319 1759 3399; baseline -0.005 -16"><span class='ocrx_word' id='word_1_201' title='bbox 459 3327 799 3399; x_wconf 82' lang='lat' dir='ltr'>Ecquisnam</span> <span class='ocrx_word' id='word_1_202' title='bbox 827 3323 1044 3399; x_wconf 77' lang='lat' dir='ltr'>echinis</span> <span class='ocrx_word' id='word_1_203' title='bbox 1073 3321 1581 3399; x_wconf 74' lang='lat' dir='ltr'>pelagicisNereus</span> <span class='ocrx_word' id='word_1_204' title='bbox 1613 3319 1759 3377; x_wconf 86' lang='lat' dir='ltr'>dedit</span> 
     </span>
    </p>
   </div>
   <div class='ocr_carea' id='block_1_34' title="bbox 456 3395 1432 3470">
    <p class='ocr_par' dir='ltr' id='par_1_34' title="bbox 456 3395 1432 3470">
     <span class='ocr_line' id='line_1_34' title="bbox 456 3395 1432 3470; baseline -0.008 -13"><span class='ocrx_word' id='word_1_205' title='bbox 456 3405 526 3457; x_wconf 84' lang='lat' dir='ltr'>In</span> <span class='ocrx_word' id='word_1_206' title='bbox 540 3395 666 3469; x_wconf 71' lang='lat' dir='ltr'>Tace</span> <span class='ocrx_word' id='word_1_207' title='bbox 685 3397 950 3470; x_wconf 68' lang='lat' dir='ltr'>praescius</span> <span class='ocrx_word' id='word_1_208' title='bbox 978 3396 1162 3467; x_wconf 75' lang='lat' dir='ltr'>laturi</span> <span class='ocrx_word' id='word_1_209' title='bbox 1189 3395 1432 3470; x_wconf 68' lang='lat' dir='ltr'>pupulas</span> 
     </span>
    </p>
   </div>
   <div class='ocr_carea' id='block_1_35' title="bbox 462 3434 1638 3538">
    <p class='ocr_par' dir='ltr' id='par_1_35' title="bbox 462 3434 1638 3538">
     <span class='ocr_line' id='line_1_35' title="bbox 462 3434 1638 3538; baseline -0.008 -9"><span class='ocrx_word' id='word_1_210' title='bbox 462 3434 1475 3538; x_wconf 56' lang='grc' dir='ltr'>ϋῖίἷιΐιὲὶὲῖιῗῑὲἦὲἤι”ἱῆεὸὲἂῒῖἇὲῗὶί</span> <span class='ocrx_word' id='word_1_211' title='bbox 1501 3467 1638 3537; x_wconf 79' lang='lat' dir='ltr'>fuga</span> 
     </span>
    </p>
   </div>
   <div class='ocr_carea' id='block_1_36' title="bbox 458 3535 1795 3615">
    <p class='ocr_par' dir='ltr' id='par_1_36' title="bbox 458 3535 1795 3615">
     <span class='ocr_line' id='line_1_36' title="bbox 458 3535 1795 3615; baseline -0.005 -16"><span class='ocrx_word' id='word_1_212' title='bbox 458 3544 698 3615; x_wconf 80' lang='lat' dir='ltr'>Rapiant</span> <span class='ocrx_word' id='word_1_213' title='bbox 734 3541 974 3614; x_wconf 88' lang='lat' dir='ltr'>lapillos,</span> <span class='ocrx_word' id='word_1_214' title='bbox 1007 3535 1246 3604; x_wconf 77' lang='lat' dir='ltr'>pondere</span> <span class='ocrx_word' id='word_1_215' title='bbox 1274 3543 1332 3594; x_wconf 86' lang='lat' dir='ltr'>ut</span> <span class='ocrx_word' id='word_1_216' title='bbox 1364 3535 1510 3594; x_wconf 78' lang='lat' dir='ltr'>stent</span> <span class='ocrx_word' id='word_1_217' title='bbox 1527 3537 1746 3608; x_wconf 77' lang='lat' dir='ltr'>ﬁrmius</span> <span class='ocrx_word' id='word_1_218' title='bbox 1766 3535 1795 3592; x_wconf 73' lang='lat' dir='ltr'>‘I</span> 
     </span>
    </p>
   </div>
   <div class='ocr_carea' id='block_1_37' title="bbox 457 3630 2040 3709">
    <p class='ocr_par' dir='ltr' id='par_1_37' title="bbox 457 3630 2040 3709">
     <span class='ocr_line' id='line_1_37' title="bbox 457 3630 2040 3709; baseline -0.005 -12"><span class='ocrx_word' id='word_1_219' title='bbox 457 3640 606 3697; x_wconf 91' lang='lat' dir='ltr'>lbid.</span> <span class='ocrx_word' id='word_1_220' title='bbox 666 3645 715 3694; x_wconf 81' lang='grc' dir='ltr'><strong>Α</strong></span> <span class='ocrx_word' id='word_1_221' title='bbox 768 3640 823 3695; x_wconf 86' lang='lat'>9.</span> <span class='ocrx_word' id='word_1_222' title='bbox 868 3638 960 3694; x_wconf 85' lang='lat' dir='ltr'>Sic</span> <span class='ocrx_word' id='word_1_223' title='bbox 1016 3637 1596 3709; x_wconf 86' lang='lat' dir='ltr'>interpungendum:</span> <span class='ocrx_word' id='word_1_224' title='bbox 1659 3632 1741 3687; x_wconf 79' lang='grc' dir='ltr'>ἐπ’</span> <span class='ocrx_word' id='word_1_225' title='bbox 1799 3630 2040 3706; x_wconf 80' lang='grc' dir='ltr'>ἀγκύρας</span> 
     </span>
    </p>
   </div>
   <div class='ocr_carea' id='block_1_38' title="bbox 387 3719 2041 3805">
    <p class='ocr_par' dir='ltr' id='par_1_38' title="bbox 387 3719 2041 3805">
     <span class='ocr_line' id='line_1_38' title="bbox 387 3719 2041 3805; baseline -0.007 -21"><span class='ocrx_word' id='word_1_226' title='bbox 387 3724 631 3805; x_wconf 76' lang='grc' dir='ltr'>βεϐαίας,</span> <span class='ocrx_word' id='word_1_227' title='bbox 659 3748 743 3784; x_wconf 89' lang='grc' dir='ltr'>σα.</span> <span class='ocrx_word' id='word_1_228' title='bbox 794 3727 925 3784; x_wconf 83' lang='lat' dir='ltr'>Haec</span> <span class='ocrx_word' id='word_1_229' title='bbox 970 3731 1026 3783; x_wconf 90' lang='lat' dir='ltr'>et</span> <span class='ocrx_word' id='word_1_230' title='bbox 1074 3726 1382 3799; x_wconf 88' lang='lat' dir='ltr'>sequentia</span> <span class='ocrx_word' id='word_1_231' title='bbox 1422 3724 1840 3779; x_wconf 85' lang='lat' dir='ltr'>Lucretianum</span> <span class='ocrx_word' id='word_1_232' title='bbox 1893 3719 2041 3774; x_wconf 90' lang='lat' dir='ltr'>illud</span> 
     </span>
    </p>
   </div>
   <div class='ocr_carea' id='block_1_39' title="bbox 387 3822 649 3890">
    <p class='ocr_par' dir='ltr' id='par_1_39' title="bbox 387 3822 649 3890">
     <span class='ocr_line' id='line_1_39' title="bbox 387 3822 649 3890; baseline -0.004 -14"><span class='ocrx_word' id='word_1_233' title='bbox 387 3822 649 3890; x_wconf 82' lang='lat' dir='ltr'>firmant,</span> 
     </span>
    </p>
   </div>
   <div class='ocr_carea' id='block_1_40' title="bbox 453 3904 1829 3975">
    <p class='ocr_par' dir='ltr' id='par_1_40' title="bbox 453 3904 1829 3975">
     <span class='ocr_line' id='line_1_40' title="bbox 453 3904 1829 3975; baseline -0.008 -8"><span class='ocrx_word' id='word_1_234' title='bbox 453 3912 740 3967; x_wconf 78' lang='lat' dir='ltr'>Duntamt</span> <span class='ocrx_word' id='word_1_235' title='bbox 768 3923 957 3963; x_wconf 83' lang='lat' dir='ltr'>rerum</span> <span class='ocrx_word' id='word_1_236' title='bbox 985 3920 1324 3974; x_wconf 83' lang='lat' dir='ltr'>magnarum</span> <span class='ocrx_word' id='word_1_237' title='bbox 1349 3919 1520 3975; x_wconf 78' lang='lat' dir='ltr'>parva</span> <span class='ocrx_word' id='word_1_238' title='bbox 1545 3904 1724 3974; x_wconf 72' lang='lat' dir='ltr'>potest</span> <span class='ocrx_word' id='word_1_239' title='bbox 1744 3915 1829 3957; x_wconf 88' lang='lat' dir='ltr'>res</span> 
     </span>
    </p>
   </div>
   <div class='ocr_carea' id='block_1_41' title="bbox 457 3975 1584 4052">
    <p class='ocr_par' dir='ltr' id='par_1_41' title="bbox 457 3975 1584 4052">
     <span class='ocr_line' id='line_1_41' title="bbox 457 3975 1584 4052; baseline -0.006 -15"><span class='ocrx_word' id='word_1_240' title='bbox 457 3981 786 4052; x_wconf 78' lang='lat' dir='ltr'>Exemplare</span> <span class='ocrx_word' id='word_1_241' title='bbox 811 3979 965 4047; x_wconf 85' lang='lat' dir='ltr'>dare,</span> <span class='ocrx_word' id='word_1_242' title='bbox 999 3988 1049 4032; x_wconf 85' lang='lat' dir='ltr'>et</span> <span class='ocrx_word' id='word_1_243' title='bbox 1081 3976 1309 4046; x_wconf 83' lang='lat' dir='ltr'>vestigia</span> <span class='ocrx_word' id='word_1_244' title='bbox 1338 3975 1584 4030; x_wconf 82' lang='lat' dir='ltr'>notitiai.</span> 
     </span>
    </p>
   </div>
   <div class='ocr_carea' id='block_1_42' title="bbox 452 4067 2041 4149">
    <p class='ocr_par' dir='ltr' id='par_1_42' title="bbox 452 4067 2041 4149">
     <span class='ocr_line' id='line_1_42' title="bbox 452 4067 2041 4149; baseline -0.009 -12"><span class='ocrx_word' id='word_1_245' title='bbox 452 4080 600 4138; x_wconf 89' lang='lat' dir='ltr'>Ibid.</span> <span class='ocrx_word' id='word_1_246' title='bbox 664 4084 706 4133; x_wconf 90' lang='lat' dir='ltr'>B</span> <span class='ocrx_word' id='word_1_247' title='bbox 761 4078 815 4133; x_wconf 90' lang='lat'>3.</span> <span class='ocrx_word' id='word_1_248' title='bbox 868 4072 1021 4149; x_wconf 81' lang='grc' dir='ltr'>Παρὰ</span> <span class='ocrx_word' id='word_1_249' title='bbox 1076 4077 1137 4128; x_wconf 88' lang='grc' dir='ltr'>Θ.</span> <span class='ocrx_word' id='word_1_250' title='bbox 1200 4070 1379 4127; x_wconf 81' lang='grc' dir='ltr'>Πάντα</span> <span class='ocrx_word' id='word_1_251' title='bbox 1429 4071 1682 4126; x_wconf 81' lang='grc' dir='ltr'>σκοπεύει</span> <span class='ocrx_word' id='word_1_252' title='bbox 1741 4067 2041 4143; x_wconf 85' lang='grc' dir='ltr'>ὁᾶκοίμη-</span> 
     </span>
    </p>
   </div>
   <div class='ocr_carea' id='block_1_43' title="bbox 376 4161 2040 4247">
    <p class='ocr_par' dir='ltr' id='par_1_43' title="bbox 376 4161 2040 4247">
     <span class='ocr_line' id='line_1_43' title="bbox 376 4161 2040 4247; baseline -0.005 -22"><span class='ocrx_word' id='word_1_253' title='bbox 376 4190 472 4232; x_wconf 86' lang='grc' dir='ltr'>τος</span> <span class='ocrx_word' id='word_1_254' title='bbox 507 4161 813 4247; x_wconf 77' lang='grc' dir='ltr'>ὀφθαλμός.</span> <span class='ocrx_word' id='word_1_255' title='bbox 846 4166 966 4223; x_wconf 86' lang='lat' dir='ltr'>Hoc</span> <span class='ocrx_word' id='word_1_256' title='bbox 992 4163 1340 4238; x_wconf 60' lang='lat' dir='ltr'>praecineret</span> <span class='ocrx_word' id='word_1_257' title='bbox 1368 4162 1658 4219; x_wconf 82' lang='lat' dir='ltr'>Hesiodus</span> <span class='ocrx_word' id='word_1_258' title='bbox 1708 4161 1817 4218; x_wconf 88' lang='lat' dir='ltr'>hoc</span> <span class='ocrx_word' id='word_1_259' title='bbox 1865 4177 2040 4217; x_wconf 89' lang='lat' dir='ltr'>aureo</span> 
     </span>
    </p>
   </div>
   <div class='ocr_carea' id='block_1_44' title="bbox 380 4277 551 4317">
    <p class='ocr_par' dir='ltr' id='par_1_44' title="bbox 380 4277 551 4317">
     <span class='ocr_line' id='line_1_44' title="bbox 380 4277 551 4317; baseline -0.006 0"><span class='ocrx_word' id='word_1_260' title='bbox 380 4277 551 4317; x_wconf 88' lang='lat' dir='ltr'>versu</span> 
     </span>
    </p>
   </div>
   <div class='ocr_carea' id='block_1_45' title="bbox 380 4302 2040 4419">
    <p class='ocr_par' dir='ltr' id='par_1_45' title="bbox 380 4302 2040 4419">
     <span class='ocr_line' id='line_1_45' title="bbox 380 4302 2040 4419; baseline -0.007 -15"><span class='ocrx_word' id='word_1_261' title='bbox 380 4302 577 4404; x_wconf 60' lang='grc' dir='ltr'>Πάντα,</span> <span class='ocrx_word' id='word_1_262' title='bbox 624 4344 757 4402; x_wconf 77' lang='grc' dir='ltr'>ῗδὼν</span> <span class='ocrx_word' id='word_1_263' title='bbox 829 4342 955 4405; x_wconf 81' lang='grc' dir='ltr'>Διὸς</span> <span class='ocrx_word' id='word_1_264' title='bbox 1026 4340 1334 4419; x_wconf 75' lang='grc' dir='ltr'>ὀφθαλμὸς,</span> <span class='ocrx_word' id='word_1_265' title='bbox 1407 4339 1498 4395; x_wconf 82' lang='grc' dir='ltr'>καὶ</span> <span class='ocrx_word' id='word_1_266' title='bbox 1574 4339 1749 4394; x_wconf 87' lang='grc' dir='ltr'>πάντα</span> <span class='ocrx_word' id='word_1_267' title='bbox 1816 4338 2040 4409; x_wconf 76' lang='grc' dir='ltr'>νοήσας,</span> 
     </span>
    </p>
   </div>
   <div class='ocr_carea' id='block_1_46' title="bbox 1828 330 2403 397">
    <p class='ocr_par' dir='ltr' id='par_1_46' title="bbox 1828 330 2403 397">
     <span class='ocr_line' id='line_1_46' title="bbox 1828 330 2403 397; baseline 0.005 -3"><span class='ocrx_word' id='word_1_268' title='bbox 1828 335 2003 396; x_wconf 84' lang='lat' dir='ltr'>FED.</span> <span class='ocrx_word' id='word_1_269' title='bbox 2055 330 2403 397; x_wconf 80' lang='lat' dir='ltr'>MORELLI</span> 
     </span>
    </p>
   </div>
   <div class='ocr_carea' id='block_1_47' title="bbox 404 466 2136 548">
    <p class='ocr_par' dir='ltr' id='par_1_47' title="bbox 404 466 2136 548">
     <span class='ocr_line' id='line_1_47' title="bbox 404 466 2136 548; baseline -0.003 -23"><span class='ocrx_word' id='word_1_270' title='bbox 404 466 629 546; x_wconf 79' lang='grc' dir='ltr'>ἔχουσα.</span> <span class='ocrx_word' id='word_1_271' title='bbox 664 474 960 544; x_wconf 88' lang='lat' dir='ltr'>Interpres</span> <span class='ocrx_word' id='word_1_272' title='bbox 996 466 1306 543; x_wconf 78' lang='grc' dir='ltr'>ὑπόδρομοι</span> <span class='ocrx_word' id='word_1_273' title='bbox 1334 469 1428 525; x_wconf 86' lang='lat' dir='ltr'>hic</span> <span class='ocrx_word' id='word_1_274' title='bbox 1473 469 1616 526; x_wconf 88' lang='lat' dir='ltr'>scito</span> <span class='ocrx_word' id='word_1_275' title='bbox 1651 490 1673 518; x_wconf 73' lang='grc' dir='ltr'>α</span> <span class='ocrx_word' id='word_1_276' title='bbox 1726 468 1950 523; x_wconf 82' lang='lat' dir='ltr'>tractus</span> <span class='ocrx_word' id='word_1_277' title='bbox 1993 468 2052 521; x_wconf 91' lang='lat' dir='ltr'>et</span> <span class='ocrx_word' id='word_1_278' title='bbox 2079 480 2136 548; x_wconf 69' lang='grc' dir='ltr'>Α</span> 
     </span>
    </p>
   </div>
   <div class='ocr_carea' id='block_1_48' title="bbox 3671 343 3825 404">
    <p class='ocr_par' dir='ltr' id='par_1_48' title="bbox 3671 343 3825 404">
     <span class='ocr_line' id='line_1_48' title="bbox 3671 343 3825 404; baseline 0.006 -2"><span class='ocrx_word' id='word_1_279' title='bbox 3671 343 3825 404; x_wconf 60' lang='lat' dir='ltr'>“Si</span> 
     </span>
    </p>
   </div>
   <div class='ocr_carea' id='block_1_49' title="bbox 2164 459 3825 551">
    <p class='ocr_par' dir='ltr' id='par_1_49' title="bbox 2164 459 3825 551">
     <span class='ocr_line' id='line_1_49' title="bbox 2164 459 3825 551; baseline 0.007 -33"><span class='ocrx_word' id='word_1_280' title='bbox 2164 459 2253 519; x_wconf 67' lang='lat' dir='ltr'>liti</span> <span class='ocrx_word' id='word_1_281' title='bbox 2311 460 2568 551; x_wconf 75' lang='grc' dir='ltr'>πλεῖστον</span> <span class='ocrx_word' id='word_1_282' title='bbox 2636 465 2926 545; x_wconf 79' lang='grc' dir='ltr'>φυλάσσειν</span> <span class='ocrx_word' id='word_1_283' title='bbox 2975 468 3075 538; x_wconf 69' lang='grc' dir='ltr'>τὴν</span> <span class='ocrx_word' id='word_1_284' title='bbox 3131 472 3275 544; x_wconf 81' lang='grc' dir='ltr'>ναῦν,</span> <span class='ocrx_word' id='word_1_285' title='bbox 3336 469 3518 548; x_wconf 83' lang='grc' dir='ltr'>ὥσπερ</span> <span class='ocrx_word' id='word_1_286' title='bbox 3566 470 3825 551; x_wconf 73' lang='grc' dir='ltr'>καταῤῥιο</span> 
     </span>
    </p>
   </div>
   <div class='ocr_carea' id='block_1_50' title="bbox 2167 549 3068 632">
    <p class='ocr_par' dir='ltr' id='par_1_50' title="bbox 2167 549 3068 632">
     <span class='ocr_line' id='line_1_50' title="bbox 2167 549 3068 632; baseline 0.009 -27"><span class='ocrx_word' id='word_1_287' title='bbox 2167 551 2425 620; x_wconf 84' lang='grc' dir='ltr'>ζωθεῖσαν</span> <span class='ocrx_word' id='word_1_288' title='bbox 2459 549 2512 607; x_wconf 72' lang='grc' dir='ltr'>ἐν</span> <span class='ocrx_word' id='word_1_289' title='bbox 2539 551 2688 626; x_wconf 81' lang='grc' dir='ltr'>αὐτῷ</span> <span class='ocrx_word' id='word_1_290' title='bbox 2721 558 2800 626; x_wconf 82' lang='grc' dir='ltr'>τῷ</span> <span class='ocrx_word' id='word_1_291' title='bbox 2820 553 3068 632; x_wconf 86' lang='grc' dir='ltr'>πελάγει.</span> 
     </span>
    </p>
   </div>
   <div class='ocr_carea' id='block_1_51' title="bbox 2234 641 3825 722">
    <p class='ocr_par' dir='ltr' id='par_1_51' title="bbox 2234 641 3825 722">
     <span class='ocr_line' id='line_1_51' title="bbox 2234 641 3825 722; baseline 0.006 -25"><span class='ocrx_word' id='word_1_292' title='bbox 2234 641 2355 698; x_wconf 90' lang='lat' dir='ltr'>Col.</span> <span class='ocrx_word' id='word_1_293' title='bbox 2386 642 2488 698; x_wconf 82' lang='grc'>164</span> <span class='ocrx_word' id='word_1_294' title='bbox 2518 645 2563 698; x_wconf 89' lang='grc' dir='ltr'><strong>Α</strong></span> <span class='ocrx_word' id='word_1_295' title='bbox 2592 644 2646 699; x_wconf 88' lang='lat'>2.</span> <span class='ocrx_word' id='word_1_296' title='bbox 2675 641 2938 717; x_wconf 80' lang='grc' dir='ltr'>Κυμάνων</span> <span class='ocrx_word' id='word_1_297' title='bbox 2963 650 3214 722; x_wconf 75' lang='grc' dir='ltr'>συνεχεῖς</span> <span class='ocrx_word' id='word_1_298' title='bbox 3242 644 3330 701; x_wconf 78' lang='grc' dir='ltr'>καί</span> <span class='ocrx_word' id='word_1_299' title='bbox 3355 645 3677 720; x_wconf 75' lang='grc' dir='ltr'>ἐπάλληλοι</span> <span class='ocrx_word' id='word_1_300' title='bbox 3710 649 3825 707; x_wconf 76' lang='grc' dir='ltr'>ἑπι-</span> 
     </span>
    </p>
   </div>
   <div class='ocr_carea' id='block_1_52' title="bbox 2163 726 3820 816">
    <p class='ocr_par' dir='ltr' id='par_1_52' title="bbox 2163 726 3820 816">
     <span class='ocr_line' id='line_1_52' title="bbox 2163 726 3820 816; baseline 0.009 -34"><span class='ocrx_word' id='word_1_301' title='bbox 2163 726 2364 804; x_wconf 84' lang='grc' dir='ltr'>δρομαί</span> <span class='ocrx_word' id='word_1_302' title='bbox 2395 732 2675 789; x_wconf 89' lang='lat' dir='ltr'>dicuntur</span> <span class='ocrx_word' id='word_1_303' title='bbox 2703 734 2905 791; x_wconf 86' lang='lat' dir='ltr'>Ovidio</span> <span class='ocrx_word' id='word_1_304' title='bbox 2937 736 3079 807; x_wconf 90' lang='lat' dir='ltr'>[imo</span> <span class='ocrx_word' id='word_1_305' title='bbox 3110 735 3372 811; x_wconf 82' lang='lat' dir='ltr'>Horatio,</span> <span class='ocrx_word' id='word_1_306' title='bbox 3398 739 3500 812; x_wconf 86' lang='lat' dir='ltr'>Ep.</span> <span class='ocrx_word' id='word_1_307' title='bbox 3535 757 3596 813; x_wconf 80' lang='grc' dir='ltr'>ιι,</span> <span class='ocrx_word' id='word_1_308' title='bbox 3628 742 3820 816; x_wconf 82' lang='grc'>2,476]</span> 
     </span>
    </p>
   </div>
   <div class='ocr_carea' id='block_1_53' title="bbox 2161 820 3075 897">
    <p class='ocr_par' dir='ltr' id='par_1_53' title="bbox 2161 820 3075 897">
     <span class='ocr_line' id='line_1_53' title="bbox 2161 820 3075 897; baseline 0.008 -23"><span class='ocrx_word' id='word_1_309' title='bbox 2161 835 2292 875; x_wconf 88' lang='lat' dir='ltr'>cum</span> <span class='ocrx_word' id='word_1_310' title='bbox 2324 820 2473 878; x_wconf 84' lang='lat' dir='ltr'>unda</span> <span class='ocrx_word' id='word_1_311' title='bbox 2495 826 2817 897; x_wconf 78' lang='lat' dir='ltr'>supervenit</span> <span class='ocrx_word' id='word_1_312' title='bbox 2845 825 3075 882; x_wconf 82' lang='lat' dir='ltr'>undam.</span> 
     </span>
    </p>
   </div>
   <div class='ocr_carea' id='block_1_54' title="bbox 2232 908 3819 992">
    <p class='ocr_par' dir='ltr' id='par_1_54' title="bbox 2232 908 3819 992">
     <span class='ocr_line' id='line_1_54' title="bbox 2232 908 3819 992; baseline 0.009 -27"><span class='ocrx_word' id='word_1_313' title='bbox 2232 910 2382 966; x_wconf 87' lang='lat' dir='ltr'>Ibid.</span> <span class='ocrx_word' id='word_1_314' title='bbox 2410 916 2453 966; x_wconf 88' lang='grc' dir='ltr'>Β</span> <span class='ocrx_word' id='word_1_315' title='bbox 2485 913 2572 967; x_wconf 88' lang='grc'><strong>10.</strong></span> <span class='ocrx_word' id='word_1_316' title='bbox 2604 908 2900 968; x_wconf 83' lang='grc' dir='ltr'>Μελετῶσα</span> <span class='ocrx_word' id='word_1_317' title='bbox 2929 912 3120 977; x_wconf 83' lang='grc' dir='ltr'>νυκτὸς</span> <span class='ocrx_word' id='word_1_318' title='bbox 3148 914 3237 971; x_wconf 83' lang='grc' dir='ltr'>καὶ</span> <span class='ocrx_word' id='word_1_319' title='bbox 3270 915 3501 992; x_wconf 68' lang='grc' dir='ltr'>ἡμέρας,</span> <span class='ocrx_word' id='word_1_320' title='bbox 3536 924 3819 979; x_wconf 81' lang='lat' dir='ltr'>attextum</span> 
     </span>
    </p>
   </div>
   <div class='ocr_carea' id='block_1_55' title="bbox 2158 1000 3814 1082">
    <p class='ocr_par' dir='ltr' id='par_1_55' title="bbox 2158 1000 3814 1082">
     <span class='ocr_line' id='line_1_55' title="bbox 2158 1000 3814 1082; baseline 0.007 -27"><span class='ocrx_word' id='word_1_321' title='bbox 2158 1003 2250 1055; x_wconf 92' lang='lat' dir='ltr'>est</span> <span class='ocrx_word' id='word_1_322' title='bbox 2276 1016 2306 1055; x_wconf 91' lang='lat' dir='ltr'>e</span> <span class='ocrx_word' id='word_1_323' title='bbox 2336 1000 2550 1072; x_wconf 84' lang='lat' dir='ltr'>psalm.</span> <span class='ocrx_word' id='word_1_324' title='bbox 2575 1020 2594 1058; x_wconf 84' lang='grc' dir='ltr'>ι</span> <span class='ocrx_word' id='word_1_325' title='bbox 2620 1019 2771 1059; x_wconf 83' lang='lat' dir='ltr'>vers.</span> <span class='ocrx_word' id='word_1_326' title='bbox 2802 1004 2838 1058; x_wconf 87' lang='lat'>2</span> <span class='ocrx_word' id='word_1_327' title='bbox 2863 1019 2877 1061; x_wconf 88' lang='lat'><strong>:</strong></span> <span class='ocrx_word' id='word_1_328' title='bbox 2906 1003 3009 1060; x_wconf 80' lang='grc' dir='ltr'>Καὶ</span> <span class='ocrx_word' id='word_1_329' title='bbox 3039 1003 3089 1060; x_wconf 73' lang='grc' dir='ltr'>ἐν</span> <span class='ocrx_word' id='word_1_330' title='bbox 3122 1003 3201 1078; x_wconf 77' lang='grc' dir='ltr'>τῷ</span> <span class='ocrx_word' id='word_1_331' title='bbox 3230 1005 3388 1080; x_wconf 86' lang='grc' dir='ltr'>νόμῳ</span> <span class='ocrx_word' id='word_1_332' title='bbox 3436 1005 3601 1063; x_wconf 77' lang='grc' dir='ltr'>αὐτοῦ</span> <span class='ocrx_word' id='word_1_333' title='bbox 3649 1008 3814 1082; x_wconf 77' lang='grc' dir='ltr'>μελε-</span> 
     </span>
    </p>
   </div>
   <div class='ocr_carea' id='block_1_56' title="bbox 2155 1089 2921 1165">
    <p class='ocr_par' dir='ltr' id='par_1_56' title="bbox 2155 1089 2921 1165">
     <span class='ocr_line' id='line_1_56' title="bbox 2155 1089 2921 1165; baseline 0.01 -23"><span class='ocrx_word' id='word_1_334' title='bbox 2155 1089 2310 1158; x_wconf 82' lang='grc' dir='ltr'>τήσει</span> <span class='ocrx_word' id='word_1_335' title='bbox 2342 1090 2554 1165; x_wconf 69' lang='grc' dir='ltr'>ἡμέρας</span> <span class='ocrx_word' id='word_1_336' title='bbox 2585 1091 2675 1146; x_wconf 82' lang='grc' dir='ltr'>καὶ</span> <span class='ocrx_word' id='word_1_337' title='bbox 2705 1092 2921 1156; x_wconf 88' lang='grc' dir='ltr'>νυκτός.</span> 
     </span>
    </p>
   </div>
   <div class='ocr_carea' id='block_1_57' title="bbox 2704 1217 3256 1262">
    <p class='ocr_par' dir='ltr' id='par_1_57' title="bbox 2704 1217 3256 1262">
     <span class='ocr_line' id='line_1_57' title="bbox 2704 1217 3256 1262; baseline 0.007 -5"><span class='ocrx_word' id='word_1_338' title='bbox 2704 1218 2776 1257; x_wconf 81' lang='grc' dir='ltr'>ΑΙ)</span> <span class='ocrx_word' id='word_1_339' title='bbox 2809 1217 3100 1259; x_wconf 79' lang='lat' dir='ltr'>HOMILIAM</span> <span class='ocrx_word' id='word_1_340' title='bbox 3130 1220 3256 1262; x_wconf 85' lang='lat' dir='ltr'>VIII.</span> 
     </span>
    </p>
   </div>
   <div class='ocr_carea' id='block_1_58' title="bbox 2225 1286 3815 1369">
    <p class='ocr_par' dir='ltr' id='par_1_58' title="bbox 2225 1286 3815 1369">
     <span class='ocr_line' id='line_1_58' title="bbox 2225 1286 3815 1369; baseline 0.006 -27"><span class='ocrx_word' id='word_1_341' title='bbox 2225 1286 2346 1343; x_wconf 86' lang='lat' dir='ltr'>C01.</span> <span class='ocrx_word' id='word_1_342' title='bbox 2380 1287 2485 1343; x_wconf 78' lang='grc'><strong>165</strong></span> <span class='ocrx_word' id='word_1_343' title='bbox 2511 1289 2558 1344; x_wconf 87' lang='grc' dir='ltr'><strong>Α</strong></span> <span class='ocrx_word' id='word_1_344' title='bbox 2589 1290 2647 1347; x_wconf 89' lang='grc'>7.</span> <span class='ocrx_word' id='word_1_345' title='bbox 2701 1286 3047 1365; x_wconf 80' lang='grc' dir='ltr'>Λογιζόμεθα</span> <span class='ocrx_word' id='word_1_346' title='bbox 3071 1290 3252 1346; x_wconf 78' lang='grc' dir='ltr'>τοίνυν</span> <span class='ocrx_word' id='word_1_347' title='bbox 3298 1291 3380 1348; x_wconf 80' lang='grc' dir='ltr'>ὅτι</span> <span class='ocrx_word' id='word_1_348' title='bbox 3409 1295 3519 1350; x_wconf 82' lang='grc' dir='ltr'>τῶν</span> <span class='ocrx_word' id='word_1_349' title='bbox 3557 1296 3653 1369; x_wconf 71' lang='grc' dir='ltr'>μὲν</span> <span class='ocrx_word' id='word_1_350' title='bbox 3683 1318 3815 1367; x_wconf 78' lang='grc' dir='ltr'>νηκ-</span> 
     </span>
    </p>
   </div>
   <div class='ocr_carea' id='block_1_59' title="bbox 2152 1376 3814 1454">
    <p class='ocr_par' dir='ltr' id='par_1_59' title="bbox 2152 1376 3814 1454">
     <span class='ocr_line' id='line_1_59' title="bbox 2152 1376 3814 1454; baseline 0.008 -24"><span class='ocrx_word' id='word_1_351' title='bbox 2152 1378 2259 1430; x_wconf 79' lang='grc' dir='ltr'>τῶν</span> <span class='ocrx_word' id='word_1_352' title='bbox 2292 1376 2327 1445; x_wconf 83' lang='grc' dir='ltr'>ἡ</span> <span class='ocrx_word' id='word_1_353' title='bbox 2360 1376 2536 1454; x_wconf 78' lang='grc' dir='ltr'>φύσις,</span> <span class='ocrx_word' id='word_1_354' title='bbox 2569 1382 2678 1436; x_wconf 91' lang='lat' dir='ltr'>etc.</span> <span class='ocrx_word' id='word_1_355' title='bbox 2717 1380 2847 1436; x_wconf 63' lang='lat' dir='ltr'>Hac</span> <span class='ocrx_word' id='word_1_356' title='bbox 2877 1381 2950 1436; x_wconf 88' lang='lat' dir='ltr'>ad</span> <span class='ocrx_word' id='word_1_357' title='bbox 2983 1381 3384 1440; x_wconf 89' lang='lat' dir='ltr'>roborandam</span> <span class='ocrx_word' id='word_1_358' title='bbox 3426 1386 3814 1445; x_wconf 87' lang='lat' dir='ltr'>assertionem</span> 
     </span>
    </p>
   </div>
   <div class='ocr_carea' id='block_1_60' title="bbox 2155 1464 3812 1546">
    <p class='ocr_par' dir='ltr' id='par_1_60' title="bbox 2155 1464 3812 1546">
     <span class='ocr_line' id='line_1_60' title="bbox 2155 1464 3812 1546; baseline 0.009 -27"><span class='ocrx_word' id='word_1_359' title='bbox 2155 1464 2317 1522; x_wconf 89' lang='lat' dir='ltr'>illam</span> <span class='ocrx_word' id='word_1_360' title='bbox 2346 1471 2616 1539; x_wconf 87' lang='lat' dir='ltr'>spectant</span> <span class='ocrx_word' id='word_1_361' title='bbox 2645 1470 2714 1525; x_wconf 91' lang='lat' dir='ltr'>de</span> <span class='ocrx_word' id='word_1_362' title='bbox 2748 1469 2977 1526; x_wconf 77' lang='lat' dir='ltr'>feritate</span> <span class='ocrx_word' id='word_1_363' title='bbox 3004 1474 3316 1544; x_wconf 88' lang='lat' dir='ltr'>stuporeve</span> <span class='ocrx_word' id='word_1_364' title='bbox 3349 1473 3602 1546; x_wconf 87' lang='lat' dir='ltr'>piscium</span> <span class='ocrx_word' id='word_1_365' title='bbox 3626 1481 3683 1533; x_wconf 88' lang='lat' dir='ltr'>et</span> <span class='ocrx_word' id='word_1_366' title='bbox 3710 1495 3812 1533; x_wconf 88' lang='lat' dir='ltr'>na-</span> 
     </span>
    </p>
   </div>
   <div class='ocr_carea' id='block_1_61' title="bbox 2155 1556 3813 1633">
    <p class='ocr_par' dir='ltr' id='par_1_61' title="bbox 2155 1556 3813 1633">
     <span class='ocr_line' id='line_1_61' title="bbox 2155 1556 3813 1633; baseline 0.009 -25"><span class='ocrx_word' id='word_1_367' title='bbox 2155 1559 2289 1609; x_wconf 84' lang='lat' dir='ltr'>tura</span> <span class='ocrx_word' id='word_1_368' title='bbox 2344 1556 2780 1627; x_wconf 89' lang='lat' dir='ltr'>immansueta;</span> <span class='ocrx_word' id='word_1_369' title='bbox 2828 1558 2899 1616; x_wconf 90' lang='lat' dir='ltr'>de</span> <span class='ocrx_word' id='word_1_370' title='bbox 2948 1575 3065 1632; x_wconf 87' lang='lat' dir='ltr'>qua</span> <span class='ocrx_word' id='word_1_371' title='bbox 3114 1561 3407 1633; x_wconf 86' lang='lat' dir='ltr'>superiori</span> <span class='ocrx_word' id='word_1_372' title='bbox 3457 1581 3636 1621; x_wconf 88' lang='lat' dir='ltr'>serm.</span> <span class='ocrx_word' id='word_1_373' title='bbox 3689 1567 3813 1622; x_wconf 86' lang='lat' dir='ltr'>ani-</span> 
     </span>
    </p>
   </div>
   <div class='ocr_carea' id='block_1_62' title="bbox 2156 1644 2762 1724">
    <p class='ocr_par' dir='ltr' id='par_1_62' title="bbox 2156 1644 2762 1724">
     <span class='ocr_line' id='line_1_62' title="bbox 2156 1644 2762 1724; baseline 0.007 -26"><span class='ocrx_word' id='word_1_374' title='bbox 2156 1644 2529 1701; x_wconf 87' lang='lat' dir='ltr'>madversum</span> <span class='ocrx_word' id='word_1_375' title='bbox 2564 1649 2672 1702; x_wconf 87' lang='lat' dir='ltr'>est.</span> <span class='ocrx_word' id='word_1_376' title='bbox 2758 1720 2762 1724; x_wconf 22' lang='lat'><strong><em>.</em></strong></span> 
     </span>
    </p>
   </div>
   <div class='ocr_carea' id='block_1_63' title="bbox 2227 1733 3811 1818">
    <p class='ocr_par' dir='ltr' id='par_1_63' title="bbox 2227 1733 3811 1818">
     <span class='ocr_line' id='line_1_63' title="bbox 2227 1733 3811 1818; baseline 0.008 -29"><span class='ocrx_word' id='word_1_377' title='bbox 2227 1733 2375 1789; x_wconf 88' lang='lat' dir='ltr'>Ibid.</span> <span class='ocrx_word' id='word_1_378' title='bbox 2405 1735 2465 1789; x_wconf 87' lang='grc' dir='ltr'>Β.</span> <span class='ocrx_word' id='word_1_379' title='bbox 2493 1734 2557 1790; x_wconf 91' lang='grc' dir='ltr'>Ἡ</span> <span class='ocrx_word' id='word_1_380' title='bbox 2587 1735 2740 1810; x_wconf 76' lang='grc' dir='ltr'>ψυχὴ</span> <span class='ocrx_word' id='word_1_381' title='bbox 2770 1735 2871 1804; x_wconf 75' lang='grc' dir='ltr'>τήν</span> <span class='ocrx_word' id='word_1_382' title='bbox 2900 1735 3196 1812; x_wconf 80' lang='grc' dir='ltr'>ἡγεμονίαν</span> <span class='ocrx_word' id='word_1_383' title='bbox 3258 1739 3668 1818; x_wconf 68' lang='grc' dir='ltr'>ἐπιτέτραπται.</span> <span class='ocrx_word' id='word_1_384' title='bbox 3701 1746 3811 1803; x_wconf 90' lang='lat' dir='ltr'>P0-</span> 
     </span>
    </p>
   </div>
   <div class='ocr_carea' id='block_1_64' title="bbox 2153 1823 3811 1907">
    <p class='ocr_par' dir='ltr' id='par_1_64' title="bbox 2153 1823 3811 1907">
     <span class='ocr_line' id='line_1_64' title="bbox 2153 1823 3811 1907; baseline 0.008 -30"><span class='ocrx_word' id='word_1_385' title='bbox 2153 1823 2268 1877; x_wconf 84' lang='lat' dir='ltr'>tuit</span> <span class='ocrx_word' id='word_1_386' title='bbox 2296 1823 2570 1893; x_wconf 86' lang='lat' dir='ltr'>scribere,</span> <span class='ocrx_word' id='word_1_387' title='bbox 2601 1826 2670 1897; x_wconf 77' lang='grc' dir='ltr'>τῇ</span> <span class='ocrx_word' id='word_1_388' title='bbox 2703 1826 2855 1900; x_wconf 77' lang='grc' dir='ltr'>ψυχῇ</span> <span class='ocrx_word' id='word_1_389' title='bbox 2887 1827 2922 1895; x_wconf 84' lang='grc' dir='ltr'>ἡ</span> <span class='ocrx_word' id='word_1_390' title='bbox 2957 1826 3219 1903; x_wconf 77' lang='grc' dir='ltr'>ἡγεμονία</span> <span class='ocrx_word' id='word_1_391' title='bbox 3249 1827 3654 1907; x_wconf 69' lang='grc' dir='ltr'>ἐπιτέτραπται,</span> <span class='ocrx_word' id='word_1_392' title='bbox 3682 1851 3811 1891; x_wconf 89' lang='lat' dir='ltr'>mo-</span> 
     </span>
    </p>
   </div>
   <div class='ocr_carea' id='block_1_65' title="bbox 2155 1912 2567 1981">
    <p class='ocr_par' dir='ltr' id='par_1_65' title="bbox 2155 1912 2567 1981">
     <span class='ocr_line' id='line_1_65' title="bbox 2155 1912 2567 1981; baseline 0.007 -14"><span class='ocrx_word' id='word_1_393' title='bbox 2155 1928 2217 1967; x_wconf 91' lang='lat' dir='ltr'>re</span> <span class='ocrx_word' id='word_1_394' title='bbox 2245 1912 2567 1981; x_wconf 86' lang='lat' dir='ltr'>Homerico,</span> 
     </span>
    </p>
   </div>
   <div class='ocr_carea' id='block_1_66' title="bbox 2330 2015 3020 2099">
    <p class='ocr_par' dir='ltr' id='par_1_66' title="bbox 2330 2015 3020 2099">
     <span class='ocr_line' id='line_1_66' title="bbox 2330 2015 3020 2099; baseline 0 -25"><span class='ocrx_word' id='word_1_395' title='bbox 2430 2015 2570 2099; x_wconf 45' lang='grc' dir='ltr'>λαοὶ.</span> <span class='ocrx_word' id='word_1_396' title='bbox 2584 2017 3020 2099; x_wconf 70' lang='grc' dir='ltr'>ἐπιτετράφαται,</span> 
     </span>
    </p>
   </div>
   <div class='ocr_carea' id='block_1_67' title="bbox 2331 2088 3421 2171">
    <p class='ocr_par' dir='ltr' id='par_1_67' title="bbox 2331 2088 3421 2171">
     <span class='ocr_line' id='line_1_67' title="bbox 2331 2088 3421 2171; baseline 0.011 -29"><span class='ocrx_word' id='word_1_397' title='bbox 2331 2088 2521 2165; x_wconf 79' lang='grc' dir='ltr'>Ὥραις</span> <span class='ocrx_word' id='word_1_398' title='bbox 2552 2088 2933 2165; x_wconf 66' lang='grc' dir='ltr'>ἐπιτέτραπται</span> <span class='ocrx_word' id='word_1_399' title='bbox 2971 2088 3136 2171; x_wconf 73' lang='grc' dir='ltr'>μέγας</span> <span class='ocrx_word' id='word_1_400' title='bbox 3168 2093 3421 2170; x_wconf 74' lang='grc' dir='ltr'>οὐρανός.</span> 
     </span>
    </p>
   </div>
   <div class='ocr_carea' id='block_1_68' title="bbox 2153 2193 2556 2263">
    <p class='ocr_par' dir='ltr' id='par_1_68' title="bbox 2153 2193 2556 2263">
     <span class='ocr_line' id='line_1_68' title="bbox 2153 2193 2556 2263; baseline 0.005 -14"><span class='ocrx_word' id='word_1_401' title='bbox 2153 2193 2316 2249; x_wconf 85' lang='lat' dir='ltr'>Iliad.</span> <span class='ocrx_word' id='word_1_402' title='bbox 2355 2195 2414 2263; x_wconf 79' lang='grc' dir='ltr'>Β,</span> <span class='ocrx_word' id='word_1_403' title='bbox 2446 2200 2556 2251; x_wconf 88' lang='lat' dir='ltr'>etc.</span> 
     </span>
    </p>
   </div>
   <div class='ocr_carea' id='block_1_69' title="bbox 2224 2283 3806 2367">
    <p class='ocr_par' dir='ltr' id='par_1_69' title="bbox 2224 2283 3806 2367">
     <span class='ocr_line' id='line_1_69' title="bbox 2224 2283 3806 2367; baseline 0.008 -28"><span class='ocrx_word' id='word_1_404' title='bbox 2224 2283 2343 2339; x_wconf 88' lang='lat' dir='ltr'>Col.</span> <span class='ocrx_word' id='word_1_405' title='bbox 2378 2285 2501 2356; x_wconf 75' lang='lat'>166,</span> <span class='ocrx_word' id='word_1_406' title='bbox 2534 2290 2570 2338; x_wconf 87' lang='grc' dir='ltr'><strong>Β</strong></span> <span class='ocrx_word' id='word_1_407' title='bbox 2600 2286 2651 2341; x_wconf 67' lang='grc' dir='ltr'>αἱ.</span> <span class='ocrx_word' id='word_1_408' title='bbox 2688 2284 2986 2342; x_wconf 81' lang='grc' dir='ltr'>Ἀκούσατε</span> <span class='ocrx_word' id='word_1_409' title='bbox 3013 2287 3064 2343; x_wconf 76' lang='grc' dir='ltr'>οἱ</span> <span class='ocrx_word' id='word_1_410' title='bbox 3100 2288 3426 2364; x_wconf 82' lang='grc' dir='ltr'>βαρύθυμοι.</span> <span class='ocrx_word' id='word_1_411' title='bbox 3460 2293 3545 2349; x_wconf 87' lang='lat' dir='ltr'>Ad</span> <span class='ocrx_word' id='word_1_412' title='bbox 3596 2294 3806 2367; x_wconf 81' lang='lat' dir='ltr'>princi-</span> 
     </span>
    </p>
   </div>
   <div class='ocr_carea' id='block_1_70' title="bbox 2154 2373 3551 2453">
    <p class='ocr_par' dir='ltr' id='par_1_70' title="bbox 2154 2373 3551 2453">
     <span class='ocr_line' id='line_1_70' title="bbox 2154 2373 3551 2453; baseline 0.007 -25"><span class='ocrx_word' id='word_1_413' title='bbox 2154 2388 2287 2444; x_wconf 89' lang='lat' dir='ltr'>pem</span> <span class='ocrx_word' id='word_1_414' title='bbox 2320 2373 2716 2447; x_wconf 88' lang='lat' dir='ltr'>Homericum,</span> <span class='ocrx_word' id='word_1_415' title='bbox 2749 2377 2820 2432; x_wconf 90' lang='lat' dir='ltr'>de</span> <span class='ocrx_word' id='word_1_416' title='bbox 2851 2394 2969 2449; x_wconf 91' lang='lat' dir='ltr'>quo</span> <span class='ocrx_word' id='word_1_417' title='bbox 2999 2378 3264 2451; x_wconf 85' lang='lat' dir='ltr'>Calchas,</span> <span class='ocrx_word' id='word_1_418' title='bbox 3294 2381 3456 2437; x_wconf 75' lang='lat' dir='ltr'>Iliad.</span> <span class='ocrx_word' id='word_1_419' title='bbox 3484 2384 3551 2453; x_wconf 88' lang='lat' dir='ltr'>A,</span> 
     </span>
    </p>
   </div>
   <div class='ocr_carea' id='block_1_71' title="bbox 2153 2479 3804 2634">
    <p class='ocr_par' dir='ltr' id='par_1_71' title="bbox 2153 2479 3804 2634">
     <span class='ocr_line' id='line_1_71' title="bbox 2153 2479 3804 2634; baseline 0.008 -102"><span class='ocrx_word' id='word_1_420' title='bbox 2153 2479 2424 2553; x_wconf 83' lang='grc' dir='ltr'>Κρείσσων</span> <span class='ocrx_word' id='word_1_421' title='bbox 2480 2481 2582 2556; x_wconf 79' lang='grc' dir='ltr'>γὰρ</span> <span class='ocrx_word' id='word_1_422' title='bbox 2640 2481 2894 2557; x_wconf 83' lang='grc' dir='ltr'>βασιλεὺς</span> <span class='ocrx_word' id='word_1_423' title='bbox 2973 2482 3063 2540; x_wconf 76' lang='grc' dir='ltr'>ὅτε</span> <span class='ocrx_word' id='word_1_424' title='bbox 3147 2485 3386 2560; x_wconf 84' lang='grc' dir='ltr'>χώσεται</span> <span class='ocrx_word' id='word_1_425' title='bbox 3443 2486 3804 2634; x_wconf 55' lang='grc' dir='ltr'>[ἀνδρὶῐχέ-</span> 
     </span>
     <span class='ocr_line' id='line_1_72' title="bbox 3466 2572 3728 2634; baseline 0.027 -20"><span class='ocrx_word' id='word_1_426' title='bbox 3466 2572 3583 2634; x_wconf 84' lang='grc' dir='ltr'>ρηϊ,</span> <span class='ocrx_word' id='word_1_427' title='bbox 3616 2580 3648 2620; x_wconf 90' lang='lat' dir='ltr'>e</span> <span class='ocrx_word' id='word_1_428' title='bbox 3677 2579 3728 2621; x_wconf 79' lang='grc' dir='ltr'>ο.</span> 
     </span>
    </p>
   </div>
   <div class='ocr_carea' id='block_1_72' title="bbox 3466 2568 3728 2637">
    <p class='ocr_par' dir='ltr' id='par_1_72' title="bbox 3466 2568 3728 2637">
     <span class='ocr_line' id='line_1_73' title="bbox 3466 2568 3728 2637; baseline 0.019 -22"><span class='ocrx_word' id='word_1_429' title='bbox 3466 2572 3583 2637; x_wconf 83' lang='grc' dir='ltr'>ρηϊ,</span> <span class='ocrx_word' id='word_1_430' title='bbox 3616 2568 3728 2621; x_wconf 89' lang='lat' dir='ltr'>etc.</span> 
     </span>
    </p>
   </div>
   <div class='ocr_carea' id='block_1_73' title="bbox 2226 2656 3797 2739">
    <p class='ocr_par' dir='ltr' id='par_1_73' title="bbox 2226 2656 3797 2739">
     <span class='ocr_line' id='line_1_74' title="bbox 2226 2656 3797 2739; baseline 0.007 -27"><span class='ocrx_word' id='word_1_431' title='bbox 2226 2657 2372 2714; x_wconf 88' lang='lat' dir='ltr'>Ibid.</span> <span class='ocrx_word' id='word_1_432' title='bbox 2461 2660 2530 2716; x_wconf 92' lang='lat' dir='ltr'>D.</span> <span class='ocrx_word' id='word_1_433' title='bbox 2616 2656 2774 2730; x_wconf 79' lang='grc' dir='ltr'>Πλήν</span> <span class='ocrx_word' id='word_1_434' title='bbox 2858 2682 2924 2736; x_wconf 90' lang='grc' dir='ltr'>γε</span> <span class='ocrx_word' id='word_1_435' title='bbox 3005 2661 3090 2718; x_wconf 80' lang='grc' dir='ltr'>ὅτι</span> <span class='ocrx_word' id='word_1_436' title='bbox 3176 2662 3330 2721; x_wconf 70' lang='grc' dir='ltr'>οὐδὲν</span> <span class='ocrx_word' id='word_1_437' title='bbox 3396 2672 3504 2723; x_wconf 80' lang='grc' dir='ltr'>τῶν</span> <span class='ocrx_word' id='word_1_438' title='bbox 3572 2674 3797 2739; x_wconf 81' lang='grc' dir='ltr'>πτηνῶν</span> 
     </span>
    </p>
   </div>
   <div class='ocr_carea' id='block_1_74' title="bbox 2153 2742 3807 2829">
    <p class='ocr_par' dir='ltr' id='par_1_74' title="bbox 2153 2742 3807 2829">
     <span class='ocr_line' id='line_1_75' title="bbox 2153 2742 3807 2829; baseline 0.009 -29"><span class='ocrx_word' id='word_1_439' title='bbox 2153 2742 2346 2803; x_wconf 78' lang='grc' dir='ltr'>ἄπουν.</span> <span class='ocrx_word' id='word_1_440' title='bbox 2380 2748 2607 2807; x_wconf 90' lang='lat' dir='ltr'>Plinius</span> <span class='ocrx_word' id='word_1_441' title='bbox 2636 2756 2837 2808; x_wconf 87' lang='lat' dir='ltr'>tamen</span> <span class='ocrx_word' id='word_1_442' title='bbox 2869 2752 3161 2822; x_wconf 77' lang='lat' dir='ltr'>integrum</span> <span class='ocrx_word' id='word_1_443' title='bbox 3205 2762 3385 2829; x_wconf 86' lang='lat' dir='ltr'>caput</span> <span class='ocrx_word' id='word_1_444' title='bbox 3430 2760 3470 2813; x_wconf 92' lang='lat' dir='ltr'>l.</span> <span class='ocrx_word' id='word_1_445' title='bbox 3520 2777 3557 2814; x_wconf 85' lang='lat' dir='ltr'><strong>x</strong></span> <span class='ocrx_word' id='word_1_446' title='bbox 3599 2760 3807 2817; x_wconf 81' lang='lat' dir='ltr'>inseri-</span> 
     </span>
    </p>
   </div>
   <div class='ocr_carea' id='block_1_75' title="bbox 2155 2836 3808 2912">
    <p class='ocr_par' dir='ltr' id='par_1_75' title="bbox 2155 2836 3808 2912">
     <span class='ocr_line' id='line_1_76' title="bbox 2155 2836 3808 2912; baseline 0.007 -19"><span class='ocrx_word' id='word_1_447' title='bbox 2155 2836 2293 2910; x_wconf 86' lang='lat' dir='ltr'>psit,</span> <span class='ocrx_word' id='word_1_448' title='bbox 2351 2839 2426 2895; x_wconf 84' lang='lat' dir='ltr'>De</span> <span class='ocrx_word' id='word_1_449' title='bbox 2471 2839 2738 2911; x_wconf 83' lang='lat' dir='ltr'>apodibus</span> <span class='ocrx_word' id='word_1_450' title='bbox 2795 2842 2951 2912; x_wconf 91' lang='lat' dir='ltr'>quod</span> <span class='ocrx_word' id='word_1_451' title='bbox 3008 2842 3091 2899; x_wconf 85' lang='lat' dir='ltr'>ita</span> <span class='ocrx_word' id='word_1_452' title='bbox 3146 2845 3420 2902; x_wconf 88' lang='lat' dir='ltr'>orditur:</span> <span class='ocrx_word' id='word_1_453' title='bbox 3482 2848 3808 2905; x_wconf 78' lang='lat' dir='ltr'>Plurimum</span> 
     </span>
    </p>
   </div>
   <div class='ocr_carea' id='block_1_76' title="bbox 2152 2925 3804 3005">
    <p class='ocr_par' dir='ltr' id='par_1_76' title="bbox 2152 2925 3804 3005">
     <span class='ocr_line' id='line_1_77' title="bbox 2152 2925 3804 3005; baseline 0.007 -25"><span class='ocrx_word' id='word_1_454' title='bbox 2152 2925 2343 2982; x_wconf 81' lang='lat' dir='ltr'>volant</span> <span class='ocrx_word' id='word_1_455' title='bbox 2386 2941 2513 2998; x_wconf 74' lang='lat' dir='ltr'>quae</span> <span class='ocrx_word' id='word_1_456' title='bbox 2566 2928 2762 2999; x_wconf 84' lang='lat' dir='ltr'>apodes</span> <span class='ocrx_word' id='word_1_457' title='bbox 2804 2938 3091 3002; x_wconf 79' lang='lat' dir='ltr'>vocantur,</span> <span class='ocrx_word' id='word_1_458' title='bbox 3143 2934 3276 3003; x_wconf 86' lang='lat' dir='ltr'>quia</span> <span class='ocrx_word' id='word_1_459' title='bbox 3319 2944 3520 2990; x_wconf 81' lang='lat' dir='ltr'>carent</span> <span class='ocrx_word' id='word_1_460' title='bbox 3559 2952 3666 2993; x_wconf 77' lang='lat' dir='ltr'>usu</span> <span class='ocrx_word' id='word_1_461' title='bbox 3708 2953 3804 3005; x_wconf 81' lang='lat' dir='ltr'>pe-</span> 
     </span>
    </p>
   </div>
   <div class='ocr_carea' id='block_1_77' title="bbox 2155 3015 3805 3093">
    <p class='ocr_par' dir='ltr' id='par_1_77' title="bbox 2155 3015 3805 3093">
     <span class='ocr_line' id='line_1_78' title="bbox 2155 3015 3805 3093; baseline 0.004 -23"><span class='ocrx_word' id='word_1_462' title='bbox 2155 3015 2310 3085; x_wconf 88' lang='lat' dir='ltr'>dum,</span> <span class='ocrx_word' id='word_1_463' title='bbox 2344 3021 2411 3072; x_wconf 90' lang='lat' dir='ltr'>ut</span> <span class='ocrx_word' id='word_1_464' title='bbox 2437 3015 2594 3073; x_wconf 82' lang='lat' dir='ltr'>infra</span> <span class='ocrx_word' id='word_1_465' title='bbox 2622 3018 2694 3073; x_wconf 90' lang='lat' dir='ltr'>de</span> <span class='ocrx_word' id='word_1_466' title='bbox 2724 3035 2902 3091; x_wconf 88' lang='lat' dir='ltr'>apum</span> <span class='ocrx_word' id='word_1_467' title='bbox 2935 3035 3071 3093; x_wconf 85' lang='lat' dir='ltr'>rege</span> <span class='ocrx_word' id='word_1_468' title='bbox 3110 3021 3319 3078; x_wconf 81' lang='lat' dir='ltr'>scribit</span> <span class='ocrx_word' id='word_1_469' title='bbox 3377 3022 3593 3079; x_wconf 88' lang='lat' dir='ltr'>Basil.:</span> <span class='ocrx_word' id='word_1_470' title='bbox 3653 3020 3805 3078; x_wconf 81' lang='grc' dir='ltr'>Ἔστι</span> 
     </span>
    </p>
   </div>
   <div class='ocr_carea' id='block_1_78' title="bbox 2155 3102 3805 3188">
    <p class='ocr_par' dir='ltr' id='par_1_78' title="bbox 2155 3102 3805 3188">
     <span class='ocr_line' id='line_1_79' title="bbox 2155 3102 3805 3188; baseline 0.008 -31"><span class='ocrx_word' id='word_1_471' title='bbox 2155 3102 2377 3176; x_wconf 70' lang='grc' dir='ltr'>κέντρον</span> <span class='ocrx_word' id='word_1_472' title='bbox 2406 3107 2487 3177; x_wconf 79' lang='grc' dir='ltr'>τῷ</span> <span class='ocrx_word' id='word_1_473' title='bbox 2521 3104 2758 3180; x_wconf 86' lang='grc' dir='ltr'>βασιλεῖ,</span> <span class='ocrx_word' id='word_1_474' title='bbox 2792 3105 2919 3164; x_wconf 85' lang='grc' dir='ltr'>ἀλλ’</span> <span class='ocrx_word' id='word_1_475' title='bbox 2949 3106 3011 3164; x_wconf 79' lang='grc' dir='ltr'>οὐ</span> <span class='ocrx_word' id='word_1_476' title='bbox 3056 3115 3261 3184; x_wconf 86' lang='grc' dir='ltr'>χρῆται</span> <span class='ocrx_word' id='word_1_477' title='bbox 3290 3108 3472 3185; x_wconf 65' lang='grc' dir='ltr'>τούτῳ</span> <span class='ocrx_word' id='word_1_478' title='bbox 3500 3112 3638 3188; x_wconf 82' lang='grc' dir='ltr'>πρὸς</span> <span class='ocrx_word' id='word_1_479' title='bbox 3670 3110 3805 3188; x_wconf 76' lang='grc' dir='ltr'>ἄμυ-</span> 
     </span>
    </p>
   </div>
   <div class='ocr_carea' id='block_1_79' title="bbox 2073 3188 3806 3302">
    <p class='ocr_par' dir='ltr' id='par_1_79' title="bbox 2073 3188 3806 3302">
     <span class='ocr_line' id='line_1_80' title="bbox 2073 3188 3806 3302; baseline 0.007 -54"><span class='ocrx_word' id='word_1_480' title='bbox 2073 3234 2117 3302; x_wconf 70' lang='lat' dir='ltr'><strong>G</strong></span> <span class='ocrx_word' id='word_1_481' title='bbox 2155 3196 2440 3262; x_wconf 85' lang='grc' dir='ltr'>ναν.ουοά</span> <span class='ocrx_word' id='word_1_482' title='bbox 2471 3195 2521 3251; x_wconf 89' lang='lat' dir='ltr'>si</span> <span class='ocrx_word' id='word_1_483' title='bbox 2550 3196 2872 3302; x_wconf 80' lang='lat' dir='ltr'>legendum</span> <span class='ocrx_word' id='word_1_484' title='bbox 2896 3199 2977 3255; x_wconf 88' lang='lat' dir='ltr'>sit</span> <span class='ocrx_word' id='word_1_485' title='bbox 2996 3200 3149 3302; x_wconf 74' lang='lat' dir='ltr'>apud</span> <span class='ocrx_word' id='word_1_486' title='bbox 3173 3188 3428 3258; x_wconf 89' lang='lat' dir='ltr'>Plinium</span> <span class='ocrx_word' id='word_1_487' title='bbox 3453 3205 3806 3277; x_wconf 54' lang='grc' dir='ltr'>ϐαθυρρόου</span> 
     </span>
    </p>
   </div>
   <div class='ocr_carea' id='block_1_80' title="bbox 2157 3288 3806 3368">
    <p class='ocr_par' dir='ltr' id='par_1_80' title="bbox 2157 3288 3806 3368">
     <span class='ocr_line' id='line_1_81' title="bbox 2157 3288 3806 3368; baseline 0.008 -29"><span class='ocrx_word' id='word_1_488' title='bbox 2157 3300 2276 3358; x_wconf 86' lang='lat' dir='ltr'>qua</span> <span class='ocrx_word' id='word_1_489' title='bbox 2304 3301 2442 3342; x_wconf 84' lang='lat' dir='ltr'>voce</span> <span class='ocrx_word' id='word_1_490' title='bbox 2489 3292 2696 3343; x_wconf 84' lang='lat' dir='ltr'>auctor</span> <span class='ocrx_word' id='word_1_491' title='bbox 2746 3292 2947 3368; x_wconf 86' lang='lat' dir='ltr'>noster</span> <span class='ocrx_word' id='word_1_492' title='bbox 3012 3288 3185 3361; x_wconf 86' lang='lat' dir='ltr'>paulo</span> <span class='ocrx_word' id='word_1_493' title='bbox 3243 3295 3376 3363; x_wconf 88' lang='lat' dir='ltr'>post</span> <span class='ocrx_word' id='word_1_494' title='bbox 3412 3293 3622 3366; x_wconf 87' lang='lat' dir='ltr'>utitur,</span> <span class='ocrx_word' id='word_1_495' title='bbox 3672 3311 3806 3352; x_wconf 86' lang='lat' dir='ltr'>cum</span> 
     </span>
    </p>
   </div>
   <div class='ocr_carea' id='block_1_81' title="bbox 2152 3370 3590 3450">
    <p class='ocr_par' dir='ltr' id='par_1_81' title="bbox 2152 3370 3590 3450">
     <span class='ocr_line' id='line_1_82' title="bbox 2152 3370 3590 3450; baseline 0.005 -19"><span class='ocrx_word' id='word_1_496' title='bbox 2152 3374 2378 3443; x_wconf 78' lang='lat' dir='ltr'>scribit,</span> <span class='ocrx_word' id='word_1_497' title='bbox 2414 3370 2596 3442; x_wconf 79' lang='grc' dir='ltr'>ὀλίγοι</span> <span class='ocrx_word' id='word_1_498' title='bbox 2628 3371 2687 3430; x_wconf 79' lang='grc' dir='ltr'>δὶ</span> <span class='ocrx_word' id='word_1_499' title='bbox 2713 3379 2822 3430; x_wconf 80' lang='grc' dir='ltr'>τῶν</span> <span class='ocrx_word' id='word_1_500' title='bbox 2862 3374 3098 3450; x_wconf 81' lang='grc' dir='ltr'>ὀρνίθων</span> <span class='ocrx_word' id='word_1_501' title='bbox 3127 3376 3431 3442; x_wconf 59' lang='grc' dir='ltr'>κπόποδὲς</span> <span class='ocrx_word' id='word_1_502' title='bbox 3461 3379 3590 3438; x_wconf 70' lang='lat' dir='ltr'>sict.</span> 
     </span>
    </p>
   </div>
   <div class='ocr_carea' id='block_1_82' title="bbox 2223 3462 3806 3545">
    <p class='ocr_par' dir='ltr' id='par_1_82' title="bbox 2223 3462 3806 3545">
     <span class='ocr_line' id='line_1_83' title="bbox 2223 3462 3806 3545; baseline 0.007 -26"><span class='ocrx_word' id='word_1_503' title='bbox 2223 3462 2345 3519; x_wconf 89' lang='lat' dir='ltr'>Col.</span> <span class='ocrx_word' id='word_1_504' title='bbox 2405 3464 2508 3518; x_wconf 88' lang='grc'>169</span> <span class='ocrx_word' id='word_1_505' title='bbox 2563 3467 2603 3518; x_wconf 87' lang='lat' dir='ltr'>C</span> <span class='ocrx_word' id='word_1_506' title='bbox 2657 3466 2714 3519; x_wconf 90' lang='lat'>6.</span> <span class='ocrx_word' id='word_1_507' title='bbox 2766 3466 2971 3540; x_wconf 72' lang='grc' dir='ltr'>’Ὠσπερ</span> <span class='ocrx_word' id='word_1_508' title='bbox 3030 3463 3120 3522; x_wconf 79' lang='grc' dir='ltr'>διὰ</span> <span class='ocrx_word' id='word_1_509' title='bbox 3174 3470 3462 3545; x_wconf 79' lang='grc' dir='ltr'>καυτήριον</span> <span class='ocrx_word' id='word_1_510' title='bbox 3520 3474 3706 3529; x_wconf 81' lang='grc' dir='ltr'>τινῶν.</span> <span class='ocrx_word' id='word_1_511' title='bbox 3740 3476 3806 3530; x_wconf 84' lang='lat' dir='ltr'>In</span> 
     </span>
    </p>
   </div>
   <div class='ocr_carea' id='block_1_83' title="bbox 2151 3553 3806 3630">
    <p class='ocr_par' dir='ltr' id='par_1_83' title="bbox 2151 3553 3806 3630">
     <span class='ocr_line' id='line_1_84' title="bbox 2151 3553 3806 3630; baseline 0.005 -21"><span class='ocrx_word' id='word_1_512' title='bbox 2151 3553 2419 3609; x_wconf 86' lang='lat' dir='ltr'>versione</span> <span class='ocrx_word' id='word_1_513' title='bbox 2449 3553 2729 3609; x_wconf 90' lang='lat' dir='ltr'>mendum</span> <span class='ocrx_word' id='word_1_514' title='bbox 2761 3558 2852 3609; x_wconf 91' lang='lat' dir='ltr'>est</span> <span class='ocrx_word' id='word_1_515' title='bbox 2882 3571 2997 3611; x_wconf 87' lang='lat' dir='ltr'>non</span> <span class='ocrx_word' id='word_1_516' title='bbox 3027 3554 3386 3630; x_wconf 82' lang='lat' dir='ltr'>interpretis,</span> <span class='ocrx_word' id='word_1_517' title='bbox 3430 3561 3534 3616; x_wconf 88' lang='lat' dir='ltr'>sed</span> <span class='ocrx_word' id='word_1_518' title='bbox 3585 3562 3806 3618; x_wconf 86' lang='lat' dir='ltr'>descri-</span> 
     </span>
    </p>
   </div>
   <div class='ocr_carea' id='block_1_84' title="bbox 2155 3645 3809 3723">
    <p class='ocr_par' dir='ltr' id='par_1_84' title="bbox 2155 3645 3809 3723">
     <span class='ocr_line' id='line_1_85' title="bbox 2155 3645 3809 3723; baseline 0.008 -27"><span class='ocrx_word' id='word_1_519' title='bbox 2155 3646 2388 3715; x_wconf 85' lang='lat' dir='ltr'>ptorum</span> <span class='ocrx_word' id='word_1_520' title='bbox 2430 3645 2488 3698; x_wconf 90' lang='lat' dir='ltr'>et</span> <span class='ocrx_word' id='word_1_521' title='bbox 2543 3657 2880 3713; x_wconf 87' lang='lat' dir='ltr'>operarum,</span> <span class='ocrx_word' id='word_1_522' title='bbox 2933 3652 3202 3718; x_wconf 84' lang='lat' dir='ltr'>tanquam</span> <span class='ocrx_word' id='word_1_523' title='bbox 3256 3651 3592 3720; x_wconf 71' lang='lat' dir='ltr'>quibusdam</span> <span class='ocrx_word' id='word_1_524' title='bbox 3638 3653 3809 3723; x_wconf 73' lang='lat' dir='ltr'>justi:</span> 
     </span>
    </p>
   </div>
   <div class='ocr_carea' id='block_1_85' title="bbox 2151 3733 3809 3817">
    <p class='ocr_par' dir='ltr' id='par_1_85' title="bbox 2151 3733 3809 3817">
     <span class='ocr_line' id='line_1_86' title="bbox 2151 3733 3809 3817; baseline 0.006 -31"><span class='ocrx_word' id='word_1_525' title='bbox 2151 3733 2610 3802; x_wconf 80' lang='lat' dir='ltr'>notis;repone,</span> <span class='ocrx_word' id='word_1_526' title='bbox 2644 3733 2849 3790; x_wconf 71' lang='lat' dir='ltr'>inustis</span> <span class='ocrx_word' id='word_1_527' title='bbox 2894 3736 3073 3804; x_wconf 82' lang='lat' dir='ltr'>notis;</span> <span class='ocrx_word' id='word_1_528' title='bbox 3130 3744 3272 3793; x_wconf 90' lang='lat' dir='ltr'>sunt</span> <span class='ocrx_word' id='word_1_529' title='bbox 3328 3739 3487 3795; x_wconf 88' lang='lat' dir='ltr'>enim</span> <span class='ocrx_word' id='word_1_530' title='bbox 3544 3747 3809 3817; x_wconf 81' lang='grc' dir='ltr'>καυτῆρες</span> 
     </span>
    </p>
   </div>
   <div class='ocr_carea' id='block_1_86' title="bbox 2152 3819 3805 3900">
    <p class='ocr_par' dir='ltr' id='par_1_86' title="bbox 2152 3819 3805 3900">
     <span class='ocr_line' id='line_1_87' title="bbox 2152 3819 3805 3900; baseline 0.008 -25"><span class='ocrx_word' id='word_1_531' title='bbox 2152 3837 2281 3893; x_wconf 83' lang='lat' dir='ltr'>quae</span> <span class='ocrx_word' id='word_1_532' title='bbox 2312 3819 2636 3876; x_wconf 89' lang='lat' dir='ltr'>inuruntur</span> <span class='ocrx_word' id='word_1_533' title='bbox 2684 3824 3011 3893; x_wconf 87' lang='lat' dir='ltr'>pecudibus</span> <span class='ocrx_word' id='word_1_534' title='bbox 3052 3829 3111 3882; x_wconf 90' lang='lat' dir='ltr'>et</span> <span class='ocrx_word' id='word_1_535' title='bbox 3138 3828 3454 3900; x_wconf 86' lang='lat' dir='ltr'>mancipiis</span> <span class='ocrx_word' id='word_1_536' title='bbox 3483 3836 3542 3886; x_wconf 83' lang='lat' dir='ltr'>et</span> <span class='ocrx_word' id='word_1_537' title='bbox 3570 3847 3805 3888; x_wconf 84' lang='lat' dir='ltr'>crume-</span> 
     </span>
    </p>
   </div>
   <div class='ocr_carea' id='block_1_87' title="bbox 2152 3907 3810 3989">
    <p class='ocr_par' dir='ltr' id='par_1_87' title="bbox 2152 3907 3810 3989">
     <span class='ocr_line' id='line_1_88' title="bbox 2152 3907 3810 3989; baseline 0.008 -24"><span class='ocrx_word' id='word_1_538' title='bbox 2152 3909 2369 3966; x_wconf 88' lang='lat' dir='ltr'>nisecis</span> <span class='ocrx_word' id='word_1_539' title='bbox 2399 3909 2471 3965; x_wconf 77' lang='lat' dir='ltr'>ad</span> <span class='ocrx_word' id='word_1_540' title='bbox 2502 3907 2793 3985; x_wconf 74' lang='grc' dir='ltr'>ἐπίγνωσιν</span> <span class='ocrx_word' id='word_1_541' title='bbox 2841 3911 2933 3966; x_wconf 83' lang='grc' dir='ltr'>καὶ</span> <span class='ocrx_word' id='word_1_542' title='bbox 2992 3909 3321 3989; x_wconf 77' lang='grc' dir='ltr'>δυσφημίαν,</span> <span class='ocrx_word' id='word_1_543' title='bbox 3379 3917 3470 3974; x_wconf 83' lang='lat' dir='ltr'>vel</span> <span class='ocrx_word' id='word_1_544' title='bbox 3521 3920 3810 3977; x_wconf 82' lang='lat' dir='ltr'>valetudi-</span> 
     </span>
    </p>
   </div>
   <div class='ocr_carea' id='block_1_88' title="bbox 2152 3999 3811 4084">
    <p class='ocr_par' dir='ltr' id='par_1_88' title="bbox 2152 3999 3811 4084">
     <span class='ocr_line' id='line_1_89' title="bbox 2152 3999 3811 4084; baseline 0.007 -29"><span class='ocrx_word' id='word_1_545' title='bbox 2152 3999 2336 4056; x_wconf 88' lang='lat' dir='ltr'>nariis</span> <span class='ocrx_word' id='word_1_546' title='bbox 2365 3999 2655 4073; x_wconf 61' lang='lat' dir='ltr'>agrisque</span> <span class='ocrx_word' id='word_1_547' title='bbox 2705 4001 2779 4057; x_wconf 82' lang='lat' dir='ltr'>ad</span> <span class='ocrx_word' id='word_1_548' title='bbox 2837 4001 3114 4077; x_wconf 84' lang='grc' dir='ltr'>κάθαρσιν.</span> <span class='ocrx_word' id='word_1_549' title='bbox 3169 4009 3299 4063; x_wconf 81' lang='lat' dir='ltr'>Mox</span> <span class='ocrx_word' id='word_1_550' title='bbox 3346 4006 3685 4084; x_wconf 80' lang='grc' dir='ltr'>σχιζόπτερα</span> <span class='ocrx_word' id='word_1_551' title='bbox 3713 4027 3811 4066; x_wconf 81' lang='lat' dir='ltr'>ex-</span> 
     </span>
    </p>
   </div>
   <div class='ocr_carea' id='block_1_89' title="bbox 2151 4082 3893 4171">
    <p class='ocr_par' dir='ltr' id='par_1_89' title="bbox 2151 4082 3893 4171">
     <span class='ocr_line' id='line_1_90' title="bbox 2151 4082 3893 4171; baseline 0.006 -26"><span class='ocrx_word' id='word_1_552' title='bbox 2151 4093 2454 4163; x_wconf 86' lang='lat' dir='ltr'>ponuntur</span> <span class='ocrx_word' id='word_1_553' title='bbox 2480 4088 2836 4161; x_wconf 83' lang='lat' dir='ltr'>ﬁssipennes</span> <span class='ocrx_word' id='word_1_554' title='bbox 2867 4090 2954 4148; x_wconf 84' lang='lat' dir='ltr'>vel</span> <span class='ocrx_word' id='word_1_555' title='bbox 2985 4093 3342 4166; x_wconf 65' lang='lat' dir='ltr'>ﬁssipennae,</span> <span class='ocrx_word' id='word_1_556' title='bbox 3376 4103 3442 4153; x_wconf 88' lang='lat' dir='ltr'>ut</span> <span class='ocrx_word' id='word_1_557' title='bbox 3481 4082 3640 4171; x_wconf 85' lang='lat' dir='ltr'>apud</span> <span class='ocrx_word' id='word_1_558' title='bbox 3675 4103 3815 4155; x_wconf 85' lang='lat' dir='ltr'>Var-</span> <span class='ocrx_word' id='word_1_559' title='bbox 3886 4082 3893 4091; x_wconf 64' lang='grc'><em>’</em></span> 
     </span>
    </p>
   </div>
   <div class='ocr_carea' id='block_1_90' title="bbox 2150 4175 3811 4325">
    <p class='ocr_par' dir='ltr' id='par_1_90' title="bbox 2150 4175 3811 4325">
     <span class='ocr_line' id='line_1_91' title="bbox 2150 4175 3811 4325; baseline 0.007 -90"><span class='ocrx_word' id='word_1_560' title='bbox 2150 4193 2353 4282; x_wconf 77' lang='lat' dir='ltr'>ronem</span> <span class='ocrx_word' id='word_1_561' title='bbox 2383 4175 2738 4325; x_wconf 59' lang='lat' dir='ltr'>cdtllnEd-mspa</span> <span class='ocrx_word' id='word_1_562' title='bbox 2776 4184 3234 4256; x_wconf 76' lang='lat' dir='ltr'>quassagipenme</span> <span class='ocrx_word' id='word_1_563' title='bbox 3290 4195 3508 4244; x_wconf 76' lang='lat' dir='ltr'>anates.</span> <span class='ocrx_word' id='word_1_564' title='bbox 3562 4189 3811 4257; x_wconf 87' lang='lat' dir='ltr'>Nonius,</span> 
     </span>
     <span class='ocr_line' id='line_1_92' title="bbox 2153 4284 2499 4325; baseline -0.006 0"><span class='ocrx_word' id='word_1_565' title='bbox 2153 4286 2211 4325; x_wconf 85' lang='grc' dir='ltr'>ιη</span> <span class='ocrx_word' id='word_1_566' title='bbox 2242 4284 2382 4325; x_wconf 82' lang='lat' dir='ltr'>necu</span> <span class='ocrx_word' id='word_1_567' title='bbox 2424 4285 2499 4324; x_wconf 81' lang='lat' dir='ltr'>es.</span> 
     </span>
    </p>
   </div>
   <div class='ocr_carea' id='block_1_91' title="bbox 2153 4284 2499 4340">
    <p class='ocr_par' dir='ltr' id='par_1_91' title="bbox 2153 4284 2499 4340">
     <span class='ocr_line' id='line_1_93' title="bbox 2153 4284 2499 4340; baseline -0.006 -15"><span class='ocrx_word' id='word_1_568' title='bbox 2153 4286 2211 4325; x_wconf 85' lang='grc' dir='ltr'>ιη</span> <span class='ocrx_word' id='word_1_569' title='bbox 2242 4284 2499 4340; x_wconf 80' lang='lat' dir='ltr'>pecudes.</span> 
     </span>
    </p>
   </div>
   <div class='ocr_carea' id='block_1_92' title="bbox 2221 4356 3813 4435">
    <p class='ocr_par' dir='ltr' id='par_1_92' title="bbox 2221 4356 3813 4435">
     <span class='ocr_line' id='line_1_94' title="bbox 2221 4356 3813 4435; baseline 0.005 -21"><span class='ocrx_word' id='word_1_570' title='bbox 2221 4356 2546 4414; x_wconf 74' lang='grc'>001.1723</span> <span class='ocrx_word' id='word_1_571' title='bbox 2606 4359 2660 4414; x_wconf 88' lang='grc'>4.</span> <span class='ocrx_word' id='word_1_572' title='bbox 2720 4358 2904 4434; x_wconf 83' lang='grc' dir='ltr'>Ψάρες</span> <span class='ocrx_word' id='word_1_573' title='bbox 2959 4359 3050 4416; x_wconf 79' lang='grc' dir='ltr'>καὶ</span> <span class='ocrx_word' id='word_1_574' title='bbox 3100 4358 3345 4420; x_wconf 90' lang='grc' dir='ltr'>κολοιοί.</span> <span class='ocrx_word' id='word_1_575' title='bbox 3393 4365 3662 4435; x_wconf 85' lang='lat' dir='ltr'>Aritot.,</span> <span class='ocrx_word' id='word_1_576' title='bbox 3704 4367 3813 4424; x_wconf 87' lang='lat' dir='ltr'>lib.</span> 
     </span>
    </p>
   </div>
   <div class='ocr_carea' id='block_1_93' title="bbox 451 4426 2049 4532">
    <p class='ocr_par' dir='ltr' id='par_1_93' title="bbox 451 4426 2042 4509">
     <span class='ocr_line' id='line_1_95' title="bbox 451 4426 2042 4509; baseline -0.007 -15"><span class='ocrx_word' id='word_1_577' title='bbox 451 4438 573 4495; x_wconf 85' lang='lat' dir='ltr'>Col.</span> <span class='ocrx_word' id='word_1_578' title='bbox 609 4438 704 4492; x_wconf 80' lang='grc'>161</span> <span class='ocrx_word' id='word_1_579' title='bbox 739 4441 780 4492; x_wconf 88' lang='lat' dir='ltr'>C.</span> <span class='ocrx_word' id='word_1_580' title='bbox 808 4437 861 4492; x_wconf 89' lang='lat'>3.</span> <span class='ocrx_word' id='word_1_581' title='bbox 919 4429 1192 4509; x_wconf 71' lang='grc' dir='ltr'>Ἰχθῦδιον</span> <span class='ocrx_word' id='word_1_582' title='bbox 1225 4432 1261 4501; x_wconf 74' lang='grc' dir='ltr'>ἡ</span> <span class='ocrx_word' id='word_1_583' title='bbox 1289 4426 1510 4506; x_wconf 76' lang='grc' dir='ltr'>ἐχενηίς</span> <span class='ocrx_word' id='word_1_584' title='bbox 1545 4426 1627 4485; x_wconf 81' lang='grc' dir='ltr'>οὗ.</span> <span class='ocrx_word' id='word_1_585' title='bbox 1674 4429 1756 4486; x_wconf 91' lang='lat' dir='ltr'>De</span> <span class='ocrx_word' id='word_1_586' title='bbox 1813 4445 2042 4485; x_wconf 84' lang='lat' dir='ltr'>remora</span> 
     </span>
    </p>
   </div>
   <div class='ocr_carea' id='block_1_94' title="bbox 2172 4426 3813 4532">
    <p class='ocr_par' dir='ltr' id='par_1_94' title="bbox 2172 4448 3813 4529">
     <span class='ocr_line' id='line_1_96' title="bbox 2172 4448 3813 4529; baseline 0.006 -26"><span class='ocrx_word' id='word_1_587' title='bbox 2172 4465 2251 4505; x_wconf 76' lang='lat' dir='ltr'>rm</span> <span class='ocrx_word' id='word_1_588' title='bbox 2280 4449 2356 4504; x_wconf 82' lang='lat' dir='ltr'>De</span> <span class='ocrx_word' id='word_1_589' title='bbox 2381 4448 2734 4519; x_wconf 79' lang='lat' dir='ltr'>moribus,ad</span> <span class='ocrx_word' id='word_1_590' title='bbox 2765 4450 3197 4518; x_wconf 85' lang='lat' dir='ltr'>Nic.,Dorieam</span> <span class='ocrx_word' id='word_1_591' title='bbox 3220 4453 3423 4511; x_wconf 88' lang='lat' dir='ltr'>laudat</span> <span class='ocrx_word' id='word_1_592' title='bbox 3441 4456 3813 4529; x_wconf 70' lang='lat' dir='ltr'>parmmiam,</span> 
     </span>
    </p>
   </div>
   <div class='ocr_carea' id='block_1_95' title="bbox 379 4520 2049 4612">
    <p class='ocr_par' dir='ltr' id='par_1_95' title="bbox 379 4520 2038 4598">
     <span class='ocr_line' id='line_1_97' title="bbox 379 4520 2038 4598; baseline -0.006 -15"><span class='ocrx_word' id='word_1_593' title='bbox 379 4528 467 4585; x_wconf 89' lang='lat' dir='ltr'>vel</span> <span class='ocrx_word' id='word_1_594' title='bbox 499 4526 863 4598; x_wconf 88' lang='lat' dir='ltr'>remeligine,</span> <span class='ocrx_word' id='word_1_595' title='bbox 895 4528 959 4579; x_wconf 91' lang='lat' dir='ltr'>ut</span> <span class='ocrx_word' id='word_1_596' title='bbox 988 4525 1059 4579; x_wconf 89' lang='lat' dir='ltr'>ab</span> <span class='ocrx_word' id='word_1_597' title='bbox 1088 4521 1330 4577; x_wconf 84' lang='lat' dir='ltr'>Afrania</span> <span class='ocrx_word' id='word_1_598' title='bbox 1358 4525 1417 4577; x_wconf 89' lang='lat' dir='ltr'>et</span> <span class='ocrx_word' id='word_1_599' title='bbox 1436 4520 1643 4576; x_wconf 89' lang='lat' dir='ltr'>Plauto</span> <span class='ocrx_word' id='word_1_600' title='bbox 1675 4520 2038 4589; x_wconf 86' lang='lat' dir='ltr'>nominatur,</span> 
     </span>
    </p>
   </div>
   <div class='ocr_carea' id='block_1_96' title="bbox 2172 4520 3634 4612">
    <p class='ocr_par' dir='ltr' id='par_1_96' title="bbox 2172 4520 3634 4612">
     <span class='ocr_line' id='line_1_98' title="bbox 2172 4520 3634 4612; baseline 0.007 -22"><span class='ocrx_word' id='word_1_601' title='bbox 2172 4536 2378 4598; x_wconf 86' lang='grc' dir='ltr'>ιολοιὸς</span> <span class='ocrx_word' id='word_1_602' title='bbox 2404 4534 2535 4591; x_wconf 86' lang='grc' dir='ltr'>ποτὶ</span> <span class='ocrx_word' id='word_1_603' title='bbox 2566 4534 2812 4608; x_wconf 89' lang='grc' dir='ltr'>κολοιόν,</span> <span class='ocrx_word' id='word_1_604' title='bbox 2848 4540 3116 4598; x_wconf 73' lang='lat' dir='ltr'>Graculus</span> <span class='ocrx_word' id='word_1_605' title='bbox 3147 4544 3360 4601; x_wconf 83' lang='lat' dir='ltr'>assidet</span> <span class='ocrx_word' id='word_1_606' title='bbox 3388 4520 3634 4612; x_wconf 42' lang='lat' dir='ltr'>graculo.</span> 
     </span>
    </p>
   </div>
   <div class='ocr_carea' id='block_1_97' title="bbox 383 4610 1673 4687">
    <p class='ocr_par' dir='ltr' id='par_1_97' title="bbox 383 4610 1673 4687">
     <span class='ocr_line' id='line_1_99' title="bbox 383 4610 1673 4687; baseline -0.007 -12"><span class='ocrx_word' id='word_1_607' title='bbox 383 4619 542 4675; x_wconf 90' lang='lat' dir='ltr'>idem</span> <span class='ocrx_word' id='word_1_608' title='bbox 574 4618 786 4687; x_wconf 75' lang='lat' dir='ltr'>(loorg.</span> <span class='ocrx_word' id='word_1_609' title='bbox 822 4613 963 4679; x_wconf 89' lang='lat' dir='ltr'>Pis.,</span> <span class='ocrx_word' id='word_1_610' title='bbox 989 4611 1319 4681; x_wconf 76' lang='lat' dir='ltr'>Cosmurgise</span> <span class='ocrx_word' id='word_1_611' title='bbox 1347 4626 1498 4667; x_wconf 84' lang='lat' dir='ltr'>vers.</span> <span class='ocrx_word' id='word_1_612' title='bbox 1530 4610 1673 4666; x_wconf 87' lang='lat'>983:</span> 
     </span>
    </p>
   </div>
   <div class='ocr_carea' id='block_1_98' title="bbox 457 4704 1807 4784">
    <p class='ocr_par' dir='ltr' id='par_1_98' title="bbox 457 4704 1807 4784">
     <span class='ocr_line' id='line_1_100' title="bbox 457 4704 1807 4784; baseline -0.004 -16"><span class='ocrx_word' id='word_1_613' title='bbox 457 4712 555 4769; x_wconf 80' lang='grc' dir='ltr'>Καὶ</span> <span class='ocrx_word' id='word_1_614' title='bbox 581 4711 665 4776; x_wconf 86' lang='grc' dir='ltr'>τίς</span> <span class='ocrx_word' id='word_1_615' title='bbox 692 4712 785 4766; x_wconf 86' lang='grc' dir='ltr'>τὸν</span> <span class='ocrx_word' id='word_1_616' title='bbox 811 4707 971 4784; x_wconf 72' lang='grc' dir='ltr'>ἰχθὺν</span> <span class='ocrx_word' id='word_1_617' title='bbox 1002 4707 1096 4784; x_wconf 66' lang='grc' dir='ltr'>τὸν</span> <span class='ocrx_word' id='word_1_618' title='bbox 1118 4704 1343 4784; x_wconf 36' lang='grc' dir='ltr'>-βραχυν</span> <span class='ocrx_word' id='word_1_619' title='bbox 1382 4705 1807 4784; x_wconf 19' lang='grc' dir='ltr'>τὸνήναυκράτην</span> 
     </span>
    </p>
   </div>
   <div class='ocr_carea' id='block_1_99' title="bbox 460 4778 1638 4860">
    <p class='ocr_par' dir='ltr' id='par_1_99' title="bbox 460 4778 1638 4860">
     <span class='ocr_line' id='line_1_101' title="bbox 460 4778 1638 4860; baseline -0.008 -19"><span class='ocrx_word' id='word_1_620' title='bbox 460 4790 615 4860; x_wconf 61' lang='lat' dir='ltr'>uois?</span> <span class='ocrx_word' id='word_1_621' title='bbox 630 4778 959 4860; x_wconf 28' lang='lat' dir='ltr'>‘Tpsxousj’mv</span> <span class='ocrx_word' id='word_1_622' title='bbox 994 4778 1252 4860; x_wconf 62' lang='grc' dir='ltr'>ὁλκάδων</span> <span class='ocrx_word' id='word_1_623' title='bbox 1266 4778 1366 4860; x_wconf 63' lang='grc' dir='ltr'>ἆγτ</span> <span class='ocrx_word' id='word_1_624' title='bbox 1377 4778 1593 4860; x_wconf 66' lang='grc' dir='ltr'>ιστάτῃν</span> <span class='ocrx_word' id='word_1_625' title='bbox 1623 4797 1638 4847; x_wconf 87' lang='grc'>;</span> 
     </span>
    </p>
   </div>
   <div class='ocr_carea' id='block_1_100' title="bbox 454 4847 1630 4927">
    <p class='ocr_par' dir='ltr' id='par_1_100' title="bbox 454 4847 1630 4927">
     <span class='ocr_line' id='line_1_102' title="bbox 454 4847 1630 4927; baseline -0.009 -13"><span class='ocrx_word' id='word_1_626' title='bbox 454 4859 553 4913; x_wconf 86' lang='grc' dir='ltr'>Καὶ</span> <span class='ocrx_word' id='word_1_627' title='bbox 586 4847 809 4912; x_wconf 71' lang='grc' dir='ltr'>πλωτδν</span> <span class='ocrx_word' id='word_1_628' title='bbox 844 4850 1127 4927; x_wconf 34' lang='grc' dir='ltr'>εὐόλισθ-ον</span> <span class='ocrx_word' id='word_1_629' title='bbox 1162 4849 1399 4927; x_wconf 24' lang='grc' dir='ltr'>ἀνᾼταίρει</span> <span class='ocrx_word' id='word_1_630' title='bbox 1434 4847 1630 4927; x_wconf 60' lang='grc' dir='ltr'>στᾴλον</span> 
     </span>
    </p>
   </div>
   <div class='ocr_carea' id='block_1_101' title="bbox 455 4921 1620 4997">
    <p class='ocr_par' dir='ltr' id='par_1_101' title="bbox 455 4921 1620 4997">
     <span class='ocr_line' id='line_1_103' title="bbox 455 4921 1620 4997; baseline -0.008 -10"><span class='ocrx_word' id='word_1_631' title='bbox 455 4931 555 4987; x_wconf 86' lang='grc' dir='ltr'>Καὶ</span> <span class='ocrx_word' id='word_1_632' title='bbox 587 4934 705 4990; x_wconf 86' lang='grc' dir='ltr'>ταῖς</span> <span class='ocrx_word' id='word_1_633' title='bbox 735 4925 1021 4986; x_wconf 81' lang='grc' dir='ltr'>πνεούσαις</span> <span class='ocrx_word' id='word_1_634' title='bbox 1050 4921 1419 4980; x_wconf 79' lang='grc' dir='ltr'>ἀντιτάττεται</span> <span class='ocrx_word' id='word_1_635' title='bbox 1456 4921 1620 4997; x_wconf 85' lang='grc' dir='ltr'>βίαις.</span> 
     </span>
    </p>
   </div>
   <div class='ocr_carea' id='block_1_102' title="bbox 456 5012 1794 5090">
    <p class='ocr_par' dir='ltr' id='par_1_102' title="bbox 456 5012 1794 5090">
     <span class='ocr_line' id='line_1_104' title="bbox 456 5012 1794 5090; baseline -0.007 -12"><span class='ocrx_word' id='word_1_636' title='bbox 456 5022 654 5090; x_wconf 84' lang='lat' dir='ltr'>Quisve</span> <span class='ocrx_word' id='word_1_637' title='bbox 682 5012 1465 5090; x_wconf 76' lang='lat' dir='ltr'>remoram_piscempusiltum</span> <span class='ocrx_word' id='word_1_638' title='bbox 1490 5013 1549 5067; x_wconf 87' lang='lat' dir='ltr'>in</span> <span class='ocrx_word' id='word_1_639' title='bbox 1564 5026 1747 5090; x_wconf 53' lang='lat' dir='ltr'>sequo</span> <span class='ocrx_word' id='word_1_640' title='bbox 1759 5030 1794 5069; x_wconf 71' lang='grc' dir='ltr'><em>ν</em></span> 
     </span>
    </p>
   </div>
   <div class='ocr_carea' id='block_1_103' title="bbox 455 5084 1583 5149">
    <p class='ocr_par' dir='ltr' id='par_1_103' title="bbox 455 5084 1583 5149">
     <span class='ocr_line' id='line_1_105' title="bbox 455 5084 1583 5149; baseline -0.012 0"><span class='ocrx_word' id='word_1_641' title='bbox 455 5084 659 5149; x_wconf 76' lang='lat' dir='ltr'>Statuit</span> <span class='ocrx_word' id='word_1_642' title='bbox 688 5090 900 5145; x_wconf 85' lang='lat' dir='ltr'>carinis</span> <span class='ocrx_word' id='word_1_643' title='bbox 928 5087 1153 5143; x_wconf 82' lang='lat' dir='ltr'>obvium</span> <span class='ocrx_word' id='word_1_644' title='bbox 1181 5084 1538 5141; x_wconf 73' lang='lat' dir='ltr'>our-rentibus</span> <span class='ocrx_word' id='word_1_645' title='bbox 1557 5087 1583 5136; x_wconf 75' lang='lat'>.9</span> 
     </span>
    </p>
   </div>
   <div class='ocr_carea' id='block_1_104' title="bbox 457 5157 1717 5227">
    <p class='ocr_par' dir='ltr' id='par_1_104' title="bbox 457 5157 1717 5227">
     <span class='ocr_line' id='line_1_106' title="bbox 457 5157 1717 5227; baseline -0.01 -6"><span class='ocrx_word' id='word_1_646' title='bbox 457 5165 556 5220; x_wconf 80' lang='lat' dir='ltr'>llic</span> <span class='ocrx_word' id='word_1_647' title='bbox 583 5163 750 5220; x_wconf 86' lang='lat' dir='ltr'>classi</span> <span class='ocrx_word' id='word_1_648' title='bbox 778 5162 840 5216; x_wconf 84' lang='lat' dir='ltr'>in</span> <span class='ocrx_word' id='word_1_649' title='bbox 865 5160 1038 5215; x_wconf 85' lang='lat' dir='ltr'>altum</span> <span class='ocrx_word' id='word_1_650' title='bbox 1071 5159 1195 5213; x_wconf 80' lang='lat' dir='ltr'>vela</span> <span class='ocrx_word' id='word_1_651' title='bbox 1220 5157 1383 5213; x_wconf 84' lang='lat' dir='ltr'>danti</span> <span class='ocrx_word' id='word_1_652' title='bbox 1409 5157 1717 5227; x_wconf 85' lang='lat' dir='ltr'>opponitur,</span> 
     </span>
    </p>
   </div>
   <div class='ocr_carea' id='block_1_105' title="bbox 459 5230 1770 5309">
    <p class='ocr_par' dir='ltr' id='par_1_105' title="bbox 459 5230 1770 5309">
     <span class='ocr_line' id='line_1_107' title="bbox 459 5230 1770 5309; baseline -0.007 -18"><span class='ocrx_word' id='word_1_653' title='bbox 459 5234 915 5309; x_wconf 82' lang='lat' dir='ltr'>Spirantibusgue</span> <span class='ocrx_word' id='word_1_654' title='bbox 951 5232 1109 5288; x_wconf 86' lang='lat' dir='ltr'>auris</span> <span class='ocrx_word' id='word_1_655' title='bbox 1138 5230 1347 5285; x_wconf 80' lang='lat' dir='ltr'>resistit</span> <span class='ocrx_word' id='word_1_656' title='bbox 1372 5230 1650 5300; x_wconf 83' lang='lat' dir='ltr'>gnaviter,</span> <span class='ocrx_word' id='word_1_657' title='bbox 1680 5230 1770 5283; x_wconf 90' lang='lat' dir='ltr'>etc</span> 
     </span>
    </p>
   </div>
   <div class='ocr_carea' id='block_1_106' title="bbox 394 5323 2050 5399">
    <p class='ocr_par' dir='ltr' id='par_1_106' title="bbox 394 5323 2050 5399">
     <span class='ocr_line' id='line_1_108' title="bbox 394 5323 2050 5399; baseline -0.001 -12"><span class='ocrx_word' id='word_1_658' title='bbox 394 5331 795 5399; x_wconf 80' lang='lat' dir='ltr'>Aristot.,1ib.1</span> <span class='ocrx_word' id='word_1_659' title='bbox 824 5331 1032 5386; x_wconf 81' lang='lat' dir='ltr'>Hister.</span> <span class='ocrx_word' id='word_1_660' title='bbox 1073 5326 1477 5398; x_wconf 79' lang='lat' dir='ltr'>animal.,cap.</span> <span class='ocrx_word' id='word_1_661' title='bbox 1511 5325 1618 5382; x_wconf 74' lang='lat' dir='ltr'>M:</span> <span class='ocrx_word' id='word_1_662' title='bbox 1655 5323 1941 5396; x_wconf 84' lang='lat' dir='ltr'>Plin.,lib.</span> <span class='ocrx_word' id='word_1_663' title='bbox 1971 5346 2050 5396; x_wconf 84' lang='lat' dir='ltr'>1x,</span> 
     </span>
    </p>
   </div>
   <div class='ocr_carea' id='block_1_107' title="bbox 390 5413 2051 5490">
    <p class='ocr_par' dir='ltr' id='par_1_107' title="bbox 390 5413 2051 5490">
     <span class='ocr_line' id='line_1_109' title="bbox 390 5413 2051 5490; baseline -0.003 -13"><span class='ocrx_word' id='word_1_664' title='bbox 390 5438 440 5477; x_wconf 93' lang='lat' dir='ltr'>c.</span> <span class='ocrx_word' id='word_1_665' title='bbox 477 5421 586 5489; x_wconf 83' lang='lat'>25;</span> <span class='ocrx_word' id='word_1_666' title='bbox 620 5418 942 5485; x_wconf 56' lang='lat' dir='ltr'>Plutarch,</span> <span class='ocrx_word' id='word_1_667' title='bbox 969 5418 1221 5488; x_wconf 85' lang='lat' dir='ltr'>Sympos.</span> <span class='ocrx_word' id='word_1_668' title='bbox 1254 5418 1311 5470; x_wconf 90' lang='lat'>2.</span> <span class='ocrx_word' id='word_1_669' title='bbox 1347 5413 1636 5487; x_wconf 88' lang='lat' dir='ltr'>problem.</span> <span class='ocrx_word' id='word_1_670' title='bbox 1667 5414 1736 5481; x_wconf 91' lang='lat'><strong>7;</strong></span> <span class='ocrx_word' id='word_1_671' title='bbox 1775 5416 2051 5490; x_wconf 66' lang='lat' dir='ltr'>Oppiam,</span> 
     </span>
    </p>
   </div>
   <div class='ocr_carea' id='block_1_108' title="bbox 394 5501 2052 5577">
    <p class='ocr_par' dir='ltr' id='par_1_108' title="bbox 394 5501 2052 5577">
     <span class='ocr_line' id='line_1_110' title="bbox 394 5501 2052 5577; baseline -0.007 -12"><span class='ocrx_word' id='word_1_672' title='bbox 394 5510 498 5567; x_wconf 92' lang='lat' dir='ltr'>lib.</span> <span class='ocrx_word' id='word_1_673' title='bbox 534 5510 819 5570; x_wconf 83' lang='lat' dir='ltr'>Halieut.;</span> <span class='ocrx_word' id='word_1_674' title='bbox 877 5505 1068 5561; x_wconf 90' lang='lat' dir='ltr'>Pbiles</span> <span class='ocrx_word' id='word_1_675' title='bbox 1124 5504 1438 5576; x_wconf 83' lang='lat' dir='ltr'>lambogr.,</span> <span class='ocrx_word' id='word_1_676' title='bbox 1500 5501 1632 5577; x_wconf 84' lang='grc' dir='ltr'>Περὶ</span> <span class='ocrx_word' id='word_1_677' title='bbox 1691 5503 1848 5571; x_wconf 87' lang='grc' dir='ltr'>ζώων</span> <span class='ocrx_word' id='word_1_678' title='bbox 1909 5505 2052 5563; x_wconf 76' lang='grc' dir='ltr'>ῗδιό-</span> 
     </span>
    </p>
   </div>
   <div class='ocr_carea' id='block_1_109' title="bbox 390 5595 2054 5674">
    <p class='ocr_par' dir='ltr' id='par_1_109' title="bbox 390 5595 2054 5674">
     <span class='ocr_line' id='line_1_111' title="bbox 390 5595 2054 5674; baseline 0 -16"><span class='ocrx_word' id='word_1_679' title='bbox 390 5621 585 5674; x_wconf 78' lang='grc' dir='ltr'>τητος.</span> <span class='ocrx_word' id='word_1_680' title='bbox 619 5597 1066 5671; x_wconf 84' lang='lat' dir='ltr'>Quodsequitur</span> <span class='ocrx_word' id='word_1_681' title='bbox 1099 5597 1257 5667; x_wconf 85' lang='lat' dir='ltr'>apud</span> <span class='ocrx_word' id='word_1_682' title='bbox 1291 5595 1578 5652; x_wconf 81' lang='lat' dir='ltr'>Basiliam</span> <span class='ocrx_word' id='word_1_683' title='bbox 1611 5595 1696 5653; x_wconf 90' lang='lat' dir='ltr'>sic</span> <span class='ocrx_word' id='word_1_684' title='bbox 1739 5596 2054 5673; x_wconf 89' lang='lat' dir='ltr'>interpun-</span> 
     </span>
    </p>
   </div>
   <div class='ocr_carea' id='block_1_110' title="bbox 390 5682 2059 5766">
    <p class='ocr_par' dir='ltr' id='par_1_110' title="bbox 390 5682 2059 5766">
     <span class='ocr_line' id='line_1_112' title="bbox 390 5682 2059 5766; baseline -0.002 -14"><span class='ocrx_word' id='word_1_685' title='bbox 390 5695 652 5766; x_wconf 83' lang='lat' dir='ltr'>gendum</span> <span class='ocrx_word' id='word_1_686' title='bbox 684 5695 742 5747; x_wconf 89' lang='lat' dir='ltr'>et</span> <span class='ocrx_word' id='word_1_687' title='bbox 796 5688 1237 5745; x_wconf 84' lang='lat' dir='ltr'>emendandum</span> <span class='ocrx_word' id='word_1_688' title='bbox 1290 5687 1546 5757; x_wconf 89' lang='lat' dir='ltr'>videtur,</span> <span class='ocrx_word' id='word_1_689' title='bbox 1601 5682 1745 5741; x_wconf 82' lang='grc' dir='ltr'>ὥστε</span> <span class='ocrx_word' id='word_1_690' title='bbox 1799 5688 2059 5762; x_wconf 84' lang='grc' dir='ltr'>ἀκίνητον</span> 
     </span>
    </p>
   </div>
   <div class='ocr_carea' id='block_1_111' title="bbox 2075 4607 3818 4703">
    <p class='ocr_par' dir='ltr' id='par_1_111' title="bbox 2075 4607 3818 4703">
     <span class='ocr_line' id='line_1_113' title="bbox 2075 4607 3818 4703; baseline 0.004 -21"><span class='ocrx_word' id='word_1_691' title='bbox 2075 4607 2123 4674; x_wconf 92' lang='lat' dir='ltr'><strong>D</strong></span> <span class='ocrx_word' id='word_1_692' title='bbox 2229 4626 2379 4683; x_wconf 90' lang='lat' dir='ltr'>Ibid.</span> <span class='ocrx_word' id='word_1_693' title='bbox 2412 4627 2454 4681; x_wconf 81' lang='grc' dir='ltr'>Β</span> <span class='ocrx_word' id='word_1_694' title='bbox 2493 4626 2581 4683; x_wconf 73' lang='grc' dir='ltr'>ιο.</span> <span class='ocrx_word' id='word_1_695' title='bbox 2642 4628 2919 4703; x_wconf 76' lang='grc' dir='ltr'>Χειροήθη</span> <span class='ocrx_word' id='word_1_696' title='bbox 2980 4627 3039 4684; x_wconf 74' lang='grc' dir='ltr'><strong>δὲ</strong></span> <span class='ocrx_word' id='word_1_697' title='bbox 3085 4630 3177 4684; x_wconf 75' lang='grc' dir='ltr'>καί</span> <span class='ocrx_word' id='word_1_698' title='bbox 3233 4607 3463 4695; x_wconf 69' lang='grc' dir='ltr'>τιθασσά</span> <span class='ocrx_word' id='word_1_699' title='bbox 3515 4631 3584 4687; x_wconf 82' lang='grc' dir='ltr'>τὰ</span> <span class='ocrx_word' id='word_1_700' title='bbox 3629 4630 3818 4690; x_wconf 80' lang='grc' dir='ltr'>πολλά</span> 
     </span>
    </p>
   </div>
   <div class='ocr_carea' id='block_1_112' title="bbox 2153 4715 3817 4796">
    <p class='ocr_par' dir='ltr' id='par_1_112' title="bbox 2153 4715 3817 4796">
     <span class='ocr_line' id='line_1_114' title="bbox 2153 4715 3817 4796; baseline 0.007 -27"><span class='ocrx_word' id='word_1_701' title='bbox 2153 4718 2259 4769; x_wconf 82' lang='grc' dir='ltr'>τῶν</span> <span class='ocrx_word' id='word_1_702' title='bbox 2294 4715 2341 4771; x_wconf 86' lang='grc' dir='ltr'>ὁ.</span> <span class='ocrx_word' id='word_1_703' title='bbox 2377 4716 2617 4787; x_wconf 80' lang='lat' dir='ltr'>Gregor.</span> <span class='ocrx_word' id='word_1_704' title='bbox 2651 4720 2953 4791; x_wconf 82' lang='lat' dir='ltr'>Nyssenus</span> <span class='ocrx_word' id='word_1_705' title='bbox 2983 4719 3042 4775; x_wconf 91' lang='lat' dir='ltr'>id</span> <span class='ocrx_word' id='word_1_706' title='bbox 3073 4721 3271 4777; x_wconf 82' lang='lat' dir='ltr'>ﬁrmat</span> <span class='ocrx_word' id='word_1_707' title='bbox 3299 4722 3460 4779; x_wconf 86' lang='lat' dir='ltr'>Orat.</span> <span class='ocrx_word' id='word_1_708' title='bbox 3511 4740 3692 4796; x_wconf 89' lang='lat' dir='ltr'>super</span> <span class='ocrx_word' id='word_1_709' title='bbox 3742 4742 3817 4781; x_wconf 79' lang='grc' dir='ltr'>ιι.</span> 
     </span>
    </p>
   </div>
   <div class='ocr_carea' id='block_1_113' title="bbox 2156 4807 3814 4884">
    <p class='ocr_par' dir='ltr' id='par_1_113' title="bbox 2156 4807 3814 4884">
     <span class='ocr_line' id='line_1_115' title="bbox 2156 4807 3814 4884; baseline 0.005 -24"><span class='ocrx_word' id='word_1_710' title='bbox 2156 4808 2421 4878; x_wconf 81' lang='lat' dir='ltr'>martyr.,</span> <span class='ocrx_word' id='word_1_711' title='bbox 2454 4821 2512 4876; x_wconf 90' lang='lat' dir='ltr'>p.</span> <span class='ocrx_word' id='word_1_712' title='bbox 2546 4807 2673 4878; x_wconf 87' lang='lat'>208,</span> <span class='ocrx_word' id='word_1_713' title='bbox 2704 4811 2849 4864; x_wconf 88' lang='lat' dir='ltr'>tom.</span> <span class='ocrx_word' id='word_1_714' title='bbox 2898 4809 2948 4865; x_wconf 94' lang='lat' dir='ltr'>II</span> <span class='ocrx_word' id='word_1_715' title='bbox 2997 4809 3140 4868; x_wconf 86' lang='lat' dir='ltr'>edit.</span> <span class='ocrx_word' id='word_1_716' title='bbox 3193 4816 3446 4869; x_wconf 71' lang='lat' dir='ltr'>nostris:</span> <span class='ocrx_word' id='word_1_717' title='bbox 3497 4812 3576 4869; x_wconf 89' lang='grc' dir='ltr'>Τὸ</span> <span class='ocrx_word' id='word_1_718' title='bbox 3627 4818 3814 4884; x_wconf 83' lang='grc' dir='ltr'>μεῖζον</span> 
     </span>
    </p>
   </div>
   <div class='ocr_carea' id='block_1_114' title="bbox 2158 4889 3809 4977">
    <p class='ocr_par' dir='ltr' id='par_1_114' title="bbox 2158 4889 3809 4977">
     <span class='ocr_line' id='line_1_116' title="bbox 2158 4889 3809 4977; baseline 0.005 -29"><span class='ocrx_word' id='word_1_719' title='bbox 2158 4892 2249 4977; x_wconf 16' lang='grc' dir='ltr'>ἀεὶ,</span> <span class='ocrx_word' id='word_1_720' title='bbox 2300 4889 2474 4948; x_wconf 82' lang='grc' dir='ltr'>δεινὸν</span> <span class='ocrx_word' id='word_1_721' title='bbox 2538 4897 2647 4947; x_wconf 81' lang='grc' dir='ltr'>τῶν</span> <span class='ocrx_word' id='word_1_722' title='bbox 2709 4892 3112 4973; x_wconf 79' lang='grc' dir='ltr'>ὑποδεεστέρων</span> <span class='ocrx_word' id='word_1_723' title='bbox 3189 4893 3373 4977; x_wconf 73' lang='grc' dir='ltr'>φόϐων</span> <span class='ocrx_word' id='word_1_724' title='bbox 3441 4900 3541 4970; x_wconf 83' lang='grc' dir='ltr'>τὴν</span> <span class='ocrx_word' id='word_1_725' title='bbox 3601 4898 3630 4955; x_wconf 84' lang='grc' dir='ltr'>δ</span> <span class='ocrx_word' id='word_1_726' title='bbox 3665 4901 3809 4958; x_wconf 84' lang='grc' dir='ltr'>ιλίαν</span> 
     </span>
    </p>
   </div>
   <div class='ocr_carea' id='block_1_115' title="bbox 2160 4974 3812 5066">
    <p class='ocr_par' dir='ltr' id='par_1_115' title="bbox 2160 4974 3812 5066">
     <span class='ocr_line' id='line_1_117' title="bbox 2160 4974 3812 5066; baseline 0.007 -30"><span class='ocrx_word' id='word_1_727' title='bbox 2160 4974 2440 5036; x_wconf 79' lang='grc' dir='ltr'>ἐκϐάλλει’</span> <span class='ocrx_word' id='word_1_728' title='bbox 2503 4979 2622 5038; x_wconf 74' lang='grc' dir='ltr'>ὅθεν</span> <span class='ocrx_word' id='word_1_729' title='bbox 2681 4978 2893 5058; x_wconf 75' lang='grc' dir='ltr'>ὄρνιθες</span> <span class='ocrx_word' id='word_1_730' title='bbox 2952 4987 3083 5062; x_wconf 88' lang='grc' dir='ltr'>παρ’</span> <span class='ocrx_word' id='word_1_731' title='bbox 3139 4974 3445 5066; x_wconf 66' lang='grc' dir='ltr'>ἀνθρώποις</span> <span class='ocrx_word' id='word_1_732' title='bbox 3493 4987 3812 5062; x_wconf 76' lang='grc' dir='ltr'>εἷσοικίζον-</span> 
     </span>
    </p>
   </div>
   <div class='ocr_carea' id='block_1_116' title="bbox 2156 5070 3041 5153">
    <p class='ocr_par' dir='ltr' id='par_1_116' title="bbox 2156 5070 3041 5153">
     <span class='ocr_line' id='line_1_118' title="bbox 2156 5070 3041 5153; baseline 0.009 -28"><span class='ocrx_word' id='word_1_733' title='bbox 2156 5090 2266 5126; x_wconf 90' lang='grc' dir='ltr'>ται·</span> <span class='ocrx_word' id='word_1_734' title='bbox 2293 5070 2383 5126; x_wconf 88' lang='grc' dir='ltr'>καὶ</span> <span class='ocrx_word' id='word_1_735' title='bbox 2421 5071 2671 5145; x_wconf 69' lang='grc' dir='ltr'>μένουσιν</span> <span class='ocrx_word' id='word_1_736' title='bbox 2711 5074 3041 5153; x_wconf 78' lang='grc' dir='ltr'>ὑπωρόφιοι.</span> 
     </span>
    </p>
   </div>
   <div class='ocr_carea' id='block_1_117' title="bbox 2232 5162 3810 5241">
    <p class='ocr_par' dir='ltr' id='par_1_117' title="bbox 2232 5162 3810 5241">
     <span class='ocr_line' id='line_1_119' title="bbox 2232 5162 3810 5241; baseline 0.008 -24"><span class='ocrx_word' id='word_1_737' title='bbox 2232 5162 2383 5218; x_wconf 91' lang='lat' dir='ltr'>Ibid.</span> <span class='ocrx_word' id='word_1_738' title='bbox 2416 5162 2540 5219; x_wconf 87' lang='lat' dir='ltr'>C3.</span> <span class='ocrx_word' id='word_1_739' title='bbox 2600 5163 2668 5219; x_wconf 82' lang='grc' dir='ltr'>Οἱ</span> <span class='ocrx_word' id='word_1_740' title='bbox 2730 5163 2825 5237; x_wconf 74' lang='grc' dir='ltr'>μὲν</span> <span class='ocrx_word' id='word_1_741' title='bbox 2881 5166 2985 5241; x_wconf 82' lang='grc' dir='ltr'>γὰρ</span> <span class='ocrx_word' id='word_1_742' title='bbox 3043 5166 3274 5224; x_wconf 89' lang='grc' dir='ltr'>κωτίλοι</span> <span class='ocrx_word' id='word_1_743' title='bbox 3331 5169 3422 5226; x_wconf 88' lang='grc' dir='ltr'>καί</span> <span class='ocrx_word' id='word_1_744' title='bbox 3478 5168 3649 5227; x_wconf 84' lang='grc' dir='ltr'>λάλοι</span> <span class='ocrx_word' id='word_1_745' title='bbox 3703 5177 3810 5229; x_wconf 80' lang='grc' dir='ltr'>τῶν</span> 
     </span>
    </p>
   </div>
   <div class='ocr_carea' id='block_1_118' title="bbox 2165 5249 3815 5334">
    <p class='ocr_par' dir='ltr' id='par_1_118' title="bbox 2165 5249 3815 5334">
     <span class='ocr_line' id='line_1_120' title="bbox 2165 5249 3815 5334; baseline 0.009 -31"><span class='ocrx_word' id='word_1_746' title='bbox 2165 5249 2395 5324; x_wconf 78' lang='grc' dir='ltr'>ὀρνίθων</span> <span class='ocrx_word' id='word_1_747' title='bbox 2453 5249 2612 5306; x_wconf 59' lang='grc' dir='ltr'>εἰσίν</span> <span class='ocrx_word' id='word_1_748' title='bbox 2667 5254 2721 5308; x_wconf 75' lang='grc' dir='ltr'>οἱ</span> <span class='ocrx_word' id='word_1_749' title='bbox 2777 5251 2836 5310; x_wconf 77' lang='grc' dir='ltr'>δὲ</span> <span class='ocrx_word' id='word_1_750' title='bbox 2884 5256 3127 5331; x_wconf 72' lang='grc' dir='ltr'>σιγηλοίο</span> <span class='ocrx_word' id='word_1_751' title='bbox 3160 5258 3248 5315; x_wconf 87' lang='grc' dir='ltr'>καὶ</span> <span class='ocrx_word' id='word_1_752' title='bbox 3296 5259 3365 5315; x_wconf 79' lang='grc' dir='ltr'>τὰ</span> <span class='ocrx_word' id='word_1_753' title='bbox 3397 5262 3490 5334; x_wconf 71' lang='grc' dir='ltr'>μὲν</span> <span class='ocrx_word' id='word_1_754' title='bbox 3521 5259 3699 5334; x_wconf 75' lang='grc' dir='ltr'>ᾠδικὰ</span> <span class='ocrx_word' id='word_1_755' title='bbox 3725 5264 3815 5318; x_wconf 88' lang='grc' dir='ltr'>καὶ</span> 
     </span>
    </p>
   </div>
   <div class='ocr_carea' id='block_1_119' title="bbox 2163 5337 3820 5424">
    <p class='ocr_par' dir='ltr' id='par_1_119' title="bbox 2163 5337 3820 5424">
     <span class='ocr_line' id='line_1_121' title="bbox 2163 5337 3820 5424; baseline 0.011 -31"><span class='ocrx_word' id='word_1_756' title='bbox 2163 5337 2486 5417; x_wconf 78' lang='grc' dir='ltr'>πολύφωνα.</span> <span class='ocrx_word' id='word_1_757' title='bbox 2518 5342 2838 5401; x_wconf 88' lang='lat' dir='ltr'>Volucrum</span> <span class='ocrx_word' id='word_1_758' title='bbox 2871 5347 3205 5405; x_wconf 87' lang='lat' dir='ltr'>disctinctio</span> <span class='ocrx_word' id='word_1_759' title='bbox 3237 5349 3294 5405; x_wconf 91' lang='lat' dir='ltr'>in</span> <span class='ocrx_word' id='word_1_760' title='bbox 3326 5352 3616 5424; x_wconf 89' lang='lat' dir='ltr'>garrulas,</span> <span class='ocrx_word' id='word_1_761' title='bbox 3648 5370 3820 5420; x_wconf 86' lang='lat' dir='ltr'>cano-</span> 
     </span>
    </p>
   </div>
   <div class='ocr_carea' id='block_1_120' title="bbox 2164 5430 3819 5514">
    <p class='ocr_par' dir='ltr' id='par_1_120' title="bbox 2164 5430 3819 5514">
     <span class='ocr_line' id='line_1_122' title="bbox 2164 5430 3819 5514; baseline 0.008 -30"><span class='ocrx_word' id='word_1_762' title='bbox 2164 5445 2286 5498; x_wconf 89' lang='lat' dir='ltr'>ras,</span> <span class='ocrx_word' id='word_1_763' title='bbox 2318 5430 2573 5500; x_wconf 89' lang='lat' dir='ltr'>oscines,</span> <span class='ocrx_word' id='word_1_764' title='bbox 2607 5439 2913 5506; x_wconf 63' lang='lat' dir='ltr'>praepetes,</span> <span class='ocrx_word' id='word_1_765' title='bbox 2947 5439 3003 5491; x_wconf 89' lang='lat' dir='ltr'>et</span> <span class='ocrx_word' id='word_1_766' title='bbox 3032 5435 3413 5508; x_wconf 56' lang='lat' dir='ltr'>inauspicata</span> <span class='ocrx_word' id='word_1_767' title='bbox 3452 5439 3819 5514; x_wconf 85' lang='lat' dir='ltr'>garrulitatis</span> 
     </span>
    </p>
   </div>
   <div class='ocr_carea' id='block_1_121' title="bbox 2166 5520 3815 5604">
    <p class='ocr_par' dir='ltr' id='par_1_121' title="bbox 2166 5520 3815 5604">
     <span class='ocr_line' id='line_1_123' title="bbox 2166 5520 3815 5604; baseline 0.005 -29"><span class='ocrx_word' id='word_1_768' title='bbox 2166 5535 2326 5588; x_wconf 88' lang='lat' dir='ltr'>aves,</span> <span class='ocrx_word' id='word_1_769' title='bbox 2352 5520 2423 5575; x_wconf 91' lang='lat' dir='ltr'>de</span> <span class='ocrx_word' id='word_1_770' title='bbox 2451 5521 2667 5592; x_wconf 89' lang='lat' dir='ltr'>quibus</span> <span class='ocrx_word' id='word_1_771' title='bbox 2709 5522 3043 5582; x_wconf 87' lang='lat' dir='ltr'>luculenter</span> <span class='ocrx_word' id='word_1_772' title='bbox 3087 5532 3223 5599; x_wconf 89' lang='lat' dir='ltr'>post</span> <span class='ocrx_word' id='word_1_773' title='bbox 3263 5529 3528 5602; x_wconf 78' lang='lat' dir='ltr'>Aristot.,</span> <span class='ocrx_word' id='word_1_774' title='bbox 3578 5548 3638 5587; x_wconf 83' lang='lat' dir='ltr'>1x</span> <span class='ocrx_word' id='word_1_775' title='bbox 3688 5530 3815 5604; x_wconf 79' lang='grc' dir='ltr'>Περὶ</span> 
     </span>
    </p>
   </div>
   <div class='ocr_carea' id='block_1_122' title="bbox 2170 5607 3824 5690">
    <p class='ocr_par' dir='ltr' id='par_1_122' title="bbox 2170 5607 3824 5690">
     <span class='ocr_line' id='line_1_124' title="bbox 2170 5607 3824 5690; baseline 0.008 -29"><span class='ocrx_word' id='word_1_776' title='bbox 2170 5608 2323 5677; x_wconf 86' lang='grc' dir='ltr'>ζώων</span> <span class='ocrx_word' id='word_1_777' title='bbox 2356 5607 2643 5677; x_wconf 74' lang='grc' dir='ltr'>ἱστ.,Ρ1ἱῐι.</span> <span class='ocrx_word' id='word_1_778' title='bbox 2665 5611 2768 5669; x_wconf 85' lang='lat' dir='ltr'>lib.</span> <span class='ocrx_word' id='word_1_779' title='bbox 2800 5631 2855 5670; x_wconf 86' lang='lat' dir='ltr'>x.</span> <span class='ocrx_word' id='word_1_780' title='bbox 2888 5614 2998 5671; x_wconf 86' lang='lat' dir='ltr'>Per</span> <span class='ocrx_word' id='word_1_781' title='bbox 3028 5611 3290 5690; x_wconf 83' lang='grc' dir='ltr'>σιγηλούς</span> <span class='ocrx_word' id='word_1_782' title='bbox 3322 5623 3517 5675; x_wconf 84' lang='lat' dir='ltr'>autem</span> <span class='ocrx_word' id='word_1_783' title='bbox 3547 5637 3663 5676; x_wconf 88' lang='lat' dir='ltr'>non</span> <span class='ocrx_word' id='word_1_784' title='bbox 3684 5619 3824 5675; x_wconf 85' lang='lat' dir='ltr'>taci-</span> 
     </span>
    </p>
   </div>
   <div class='ocr_carea' id='block_1_123' title="bbox 2168 5701 3818 5782">
    <p class='ocr_par' dir='ltr' id='par_1_123' title="bbox 2168 5701 3818 5782">
     <span class='ocr_line' id='line_1_125' title="bbox 2168 5701 3818 5782; baseline 0.007 -28"><span class='ocrx_word' id='word_1_785' title='bbox 2168 5702 2380 5756; x_wconf 87' lang='lat' dir='ltr'>turnos</span> <span class='ocrx_word' id='word_1_786' title='bbox 2399 5701 2661 5772; x_wconf 87' lang='lat' dir='ltr'>omnino,</span> <span class='ocrx_word' id='word_1_787' title='bbox 2694 5705 2797 5760; x_wconf 91' lang='lat' dir='ltr'>sed</span> <span class='ocrx_word' id='word_1_788' title='bbox 2814 5705 3130 5764; x_wconf 87' lang='lat' dir='ltr'>stridentes</span> <span class='ocrx_word' id='word_1_789' title='bbox 3150 5713 3208 5766; x_wconf 87' lang='lat' dir='ltr'>et</span> <span class='ocrx_word' id='word_1_790' title='bbox 3227 5718 3527 5782; x_wconf 85' lang='lat' dir='ltr'>gementes</span> <span class='ocrx_word' id='word_1_791' title='bbox 3555 5713 3818 5766; x_wconf 88' lang='lat' dir='ltr'>tantum-</span> 
     </span>
    </p>
   </div>
  </div>
