4176 6376
439 306 599 366 1127

1850 308 2028 369 FED.
2077 307 2426 373 MORELLI

3718 317 3880 378 1138

514 440 634 498 Col.
667 440 772 496 185
813 444 859 494 A
896 440 981 497 ll.
1016 441 1310 513 lnterpres
1356 442 1572 515 legisse
1618 449 1956 499 censeretur
1989 459 2002 499 :
2034 443 2089 496 Tt

2226 445 2330 501 Adi
2363 446 2660 520 Hippolyti
2692 447 2793 505 lib.
2825 447 3192 521 singularem
3249 447 3383 525 Περὶ
3421 444 3730 512 συντελείας
3778 450 3875 505 κό-

440 529 539 604 γςὶρ
575 528 633 583 ἄν
665 549 748 592 τις
778 527 918 584 ἄλλο
950 534 1123 586 ποιοῖ.
1155 531 1301 588 Ibid.
1331 529 1847 606 11,κατατρύφησον
1876 535 2094 586 τοῦΚυ-

442 618 582 693 ρίου,
616 640 690 685 κ.,
716 637 745 674 e
777 621 1004 692 psalmo
1035 639 1224 686 xxxvr,
1259 638 1405 677 vers.
1436 622 1490 676 5.
1537 622 1697 677 Idem
1741 626 1873 678 Bas.
1921 622 2096 690 infra,

441 709 600 764 hom.
653 711 744 778 30,
778 707 854 770 εἷς
892 709 985 762 τὸν
1047 706 1396 784 παράδεισον.
1435 709 1826 782 Apollinarius
1865 711 1946 768 ita
1975 728 2096 768 me-

439 798 584 862 triae
615 800 808 870 vertit,

514 886 726 963 Χαίρων
817 887 1067 960 ἀθανάτῳ
1154 886 1458 961 καταθύμια
1545 891 1719 944 πάντα
1803 890 2096 951 κοπίσεις.

444 977 694 1033 Basilius
771 977 1044 1033 Seleuciae
1125 979 1318 1050 epise.
1382 983 1510 1036 orat
1597 977 1674 1041 εἷς
1755 978 1821 1033 τὰ
1893 978 2101 1052 Ὀλύμ-

437 1087 553 1130 πια,
613 1067 814 1123 eadem
877 1068 1114 1124 notione
1172 1074 1418 1140 usurpat
1480 1069 1540 1122 τὸ
1603 1068 1956 1146 ἐντρυφῆσαι,
2002 1057 2105 1125 ubi

437 1157 660 1228 scribit,
695 1154 740 1209 εἷ
787 1160 908 1218 ταῖς
967 1162 1067 1225 τῆς
1124 1157 1363 1231 κρίσεως
1423 1155 1653 1232 δωρεαῖς
1708 1157 2041 1234 ὲντρυφήσας
2074 1157 2101 1211 ὁ

436 1243 744 1320 ἅνθρωπος,
767 1245 924 1302 homo
957 1263 1150 1304 rerum
1179 1256 1490 1304 creatarum
1531 1250 1854 1305 muneribus
1903 1265 2103 1305 cumu-

441 1335 608 1402 latus,
640 1340 750 1392 etc.

508 1425 656 1480 lbid.
696 1429 738 1482 C
784 1427 839 1480 7.
877 1422 1072 1500 Σχολὴ
1133 1426 1258 1500 γὰρ,
1320 1420 1443 1479 ἄνευ
1503 1421 1676 1501 φόϐου
1739 1430 1898 1496 Θεοῦ,
1958 1447 2102 1497 πονη

434 1512 554 1587 ρίας
582 1511 910 1576 διδάσκαλος
942 1536 991 1569 τ.
1104 1516 1338 1572 usmodi
1367 1515 1721 1572 Ovidianum
1758 1517 1928 1586 illud,

649 1624 779 1679 Otia
809 1624 860 1678 si
890 1623 1074 1692 tollas,
1105 1625 1321 1693 periere
1371 1622 1667 1694 Cupidinis
1712 1626 1890 1679 artes.

508 1727 767 1782 Col.188
821 1731 867 1784 Α
929 1730 1015 1783 11.
1053 1730 1174 1787 Πῶς
1215 1727 1345 1798 ὑμῖν
1404 1729 1437 1796 ἡ
1495 1727 1691 1795 ἑωθινὴ
1751 1733 1860 1782 τῶν
1925 1727 2107 1800 λόγων

438 1815 681 1889 τράπεζα
710 1817 981 1893 κατεφάνη
1012 1843 1026 1884 ;
1057 1818 1238 1872 Mirus
1277 1823 1368 1872 est
1418 1833 1744 1874 consensus
1791 1822 1848 1873 et
1906 1837 2104 1890 συγκα-
2139 1826 2185 1891 Β

433 1907 656 1967 τάθεσις
689 1907 747 1960 in
778 1904 1108 1981 τεχνολογίᾳ
1140 1906 1320 1976 hujus
1370 1907 1593 1962 exordii
1644 1907 1922 1964 Basiliani
1969 1924 2104 1963 eum

434 1996 764 2052 Horatiana:
796 2000 907 2052 sat.
940 1995 1044 2052 ult.
1072 1995 1370 2068 periocha.
1404 2013 1522 2068 qua
1550 1996 1816 2054 lautitias
1843 1997 2104 2055 insulsas

433 2084 737 2140 Nasidieni
771 2086 1018 2154 deridet,

758 2193 821 2248 Ut
847 2192 1142 2248 Nasidieni
1162 2193 1312 2264 juvit
1343 2200 1392 2249 te
1421 2209 1582 2248 aena
1616 2193 1806 2249 beati?

436 2298 543 2353 Hic
575 2301 701 2353 erat
733 2315 908 2353 omnes
947 2304 1132 2369 pater,
1182 2298 1446 2372 ἑστιάτωρ
1496 2297 1688 2368 πένης,
1739 2295 1888 2353 ἀλλά
1949 2297 2103 2376 φιλύ-

434 2406 609 2462 φρων,
643 2385 700 2447 ὃς
756 2390 864 2440 τῶν
915 2385 1257 2461 εὐτραπέζων
1288 2379 1391 2448 “τις
1441 2387 1572 2441 εἶναι
1604 2385 2099 2462 φιλοτιμούμενος,

432 2474 636 2549 ἀπορίᾳ
661 2478 770 2529 τῶν
801 2473 1282 2550 πολυτελεστέρων
1335 2476 1617 2530 ἀποκναίει
1663 2475 1794 2539 τοὺς
1839 2474 2099 2550 δαιτυμό-

433 2585 549 2632 νας,
591 2567 743 2620 unde
779 2565 1004 2620 ironica
1051 2565 1152 2620 illa
1200 2567 1453 2622 convivae
1495 2567 1802 2638 responsio
1837 2584 1848 2621 :
1884 2570 1977 2623 Sic
1998 2569 2095 2639 ju-

431 2657 508 2710 vit
540 2670 627 2710 me
655 2673 836 2723 arena,
873 2661 936 2709 ut
969 2655 1114 2710 mihi
1147 2672 1450 2727 nunquam
1483 2657 1542 2711 in
1587 2656 1704 2712 vita
1751 2657 1939 2712 fuerit
1984 2673 2102 2713 me-

432 2743 551 2799 lius
585 2759 598 2799 :
628 2743 842 2799 etenim
874 2742 1110 2816 πενιχρὰ
1158 2744 1473 2817 παρασκευή
1537 2740 1784 2818 δαψιλῶς
1841 2743 2100 2822 ἐπιφερο-

440 2831 576 2904 μένη
605 2833 717 2889 fuit
748 2849 761 2888 :

572 2939 852 3013 Imprimis
885 2944 1140 2996 Lucanus
1168 2956 1325 3010 aper,
1368 2943 1484 2998 leni
1511 2943 1625 3013 fuit
1654 2945 1847 2998 austro

576 3011 799 3083 Captus,
833 3015 970 3082 etc.,
1003 3015 1162 3068 acria
1191 3015 1404 3068 circum

574 3085 813 3154 Rapula,
850 3085 1100 3155 lactucae,
1133 3085 1373 3153 radices,
1409 3085 1602 3157 qualia
1636 3085 1851 3141 lassum

566 3157 897 3211 Peroellunt
925 3157 1290 3212 stomachum.

427 3261 507 3316 Τὸ
536 3259 832 3339 φιλότιμον
863 3262 1202 3334 exprimunt
1232 3263 1353 3331 illa,

888 3369 1148 3427 habemus
1179 3370 1405 3426 divitias
1435 3372 1633 3428 miras.

425 3475 576 3530 Hinc
641 3479 904 3533 continuo
959 3477 1144 3547 patuit
1211 3473 1576 3552 ἀπειροκαλία
1633 3477 2083 3552 συμποσιάρχου,

420 3571 471 3621 et
500 3581 624 3620 cum
647 3566 901 3637 passeris
930 3568 1046 3622 assi
1568 3587 1578 3594 ·

561 3675 842 3744 Ingustata
877 3672 1017 3728 mihi
1045 3675 1357 3745 porrexerit
1405 3673 1516 3729 ilia
1548 3673 1793 3745 rhombi,
1827 3677 1938 3730 etc.

495 3778 643 3835 Ibid.
675 3779 716 3835 C
747 3781 780 3834 2
802 3779 870 3836 Oi
902 3777 1285 3855 ὀνειροκρίται.
1314 3781 1622 3852 Ejusmodi
1654 3781 2081 3852 conjectorum,

424 3886 493 3926 ex
520 3868 820 3924 levissimo
852 3873 907 3924 et
935 3868 1346 3926 indoctissimo
1405 3885 1614 3940 genere
1657 3871 2079 3939 constantium,

427 3975 617 4031 nugas
673 3957 872 4014 Cicero
926 3977 968 4014 11
1022 3964 1103 4016 De
1157 3959 1334 4014 divin.
1368 3958 1654 4031 coarguit,
1687 3959 1967 4032 Synesius
2025 3964 2083 4017 et

419 4047 587 4104 Philo
619 4048 695 4103 De
720 4050 971 4116 somniis,
1007 4051 1063 4103 et
1111 4046 1516 4104 Artemidorus
1573 4048 1632 4104 in
1684 4047 2080 4122 Ὀνειροκριτι-

417 4141 558 4199 κοῖς.

490 4227 638 4282 lbid.
700 4230 742 4282 C
790 4226 846 4280 9.
905 4222 1032 4282 Ei’n
1086 4222 1288 4302 σφαῖρά
1354 4223 1516 4296 ἐστιν,
1579 4223 1686 4280 ait:
1759 4223 2075 4301 κύλινδρος,

417 4313 522 4370 ε’ίτε
550 4315 637 4370 καὶ
674 4312 846 4387 δίσκῳ
877 4313 919 4369 ὲ.
957 4315 1392 4372 Anaximander
1421 4320 1640 4372 terram
1688 4317 1918 4374 volebat
1948 4337 2078 4376 esse

413 4399 794 4480 τραπεζοειδῆ,
856 4420 1062 4462 mensae
1117 4405 1341 4471 instar;
1377 4404 1474 4460 alii
1530 4410 1754 4462 veteres
1812 4407 2074 4479 philoso-

418 4494 517 4568 phi
551 4490 722 4546 αἴτιον
753 4494 850 4561 τῆς
887 4494 1057 4565 μονῆς
1077 4499 1177 4561 τῆς
1200 4498 1301 4567 γῆς
1330 4493 1393 4546 τὸ
1429 4489 1633 4554 πλάτος
1665 4498 2072 4563 autumabant,

416 4583 790 4640 latitudinem
826 4582 1055 4638 telluris
1088 4582 1426 4639 stabilitatis
1459 4599 1589 4638 esse
1638 4601 1901 4643 causam.
1936 4585 2075 4642 Illos
2104 4568 2151 4635 Ῑ)

417 4673 628 4746 nugari
661 4670 936 4729 Manilius
970 4672 1179 4744 probat
1213 4689 1230 4726 Ι
1261 4671 1571 4728 Astronom.
1610 4689 1622 4727 :

485 4800 577 4854 Est
606 4799 779 4869 igitur
807 4797 970 4853 tellus
1018 4795 1124 4867 (sic
1151 4795 1308 4850 enim
1341 4794 1491 4868 lego)
1522 4797 1760 4853 mediam
1805 4800 2002 4856 sortita

1675 4870 2003 4996 (goarernam

487 4942 667 5002 Aeris,
700 4948 754 4995 et
782 4949 889 4996 toto
921 4939 1141 5006 pariter
1169 4953 1433 5009 suspensa
1460 4943 1670 5010 pro/un
1711 4957 1740 4994 ο
1771 4961 1784 5010 ς

486 5014 591 5068 Nec
619 5013 844 5083 patulas
891 5012 1123 5067 distenta
1149 5012 1362 5082 plagas,
1396 5012 1486 5066 sed
1532 5012 1754 5068 condita
1796 5015 1858 5069 in
1891 5015 2076 5072 orbem

493 5085 740 5156 Undique
778 5092 1094 5152 surgentem
1131 5086 1361 5154 pariter,
1406 5085 1724 5156 pariterque
1770 5085 2073 5143 cadentem.

491 5207 635 5263 Ibid.
685 5209 728 5264 C
786 5208 871 5262 13.
923 5203 1222 5267 Ὑπονοίας.
1285 5209 1420 5271 Quae
1479 5214 1834 5282 sequuntur,
1893 5209 2075 5286 γλώσ-

418 5317 571 5368 σημα
615 5297 793 5363 olent,
827 5297 878 5348 οἱ
937 5293 1061 5367 περί
1117 5299 1213 5350 τοῦ
1269 5293 1388 5349 κόσ.
1421 5295 1586 5370 γράψ.
1623 5297 1791 5355 initio
1853 5300 2076 5372 periodi

419 5387 751 5459 praeposita,
769 5386 879 5443 nisi
913 5385 1327 5442 inculcationis
1354 5385 1747 5458 patrocinium
1772 5390 1849 5445 sit
1873 5406 2079 5462 paren-

417 5476 815 5622 ὠὲῗῗίιδοθ
847 5563 901 5617 8.
932 5563 1078 5622 Ἕως
1107 5557 1166 5614 ἂν
1202 5560 1229 5614 ὁ
1283 5560 1493 5634 κόσμος
1543 5562 1752 5634 συμπλο
1809 5571 1866 5623 εί
1926 5583 2065 5640 9⁸8·

420 5654 685 5727 proxime
717 5669 838 5725 seq.
875 5645 1041 5723 μέχρι
1076 5656 1174 5720 τῆς
1217 5648 1526 5713 συντελείας
1571 5656 1668 5706 τοῦ
1721 5654 1918 5716 παντὸς
1978 5676 2072 5714 πα.

2208 555 2371 607 σμου,
2407 536 2600 593 Graece
2629 538 2858 594 editum
2890 538 3131 595 Parisiis
3162 556 3195 595 a
3224 539 3354 595 Gul.
3389 537 3647 595 Morelio.

2278 626 2424 681 Ibid.
2459 631 2502 681 B
2530 628 2585 681 9.
2619 627 2706 688 Ὦς
2739 629 2771 695 ἡ
2832 631 3055 703 σφαῖρα,
3105 626 3190 683 ἐπ.
3223 628 3492 686 Catullus
3543 629 3615 684 ad
3654 629 3870 687 Horta-

2205 715 2333 772 lum
2361 717 2782 773 venustissime
2813 717 2970 773 idem
3001 717 3296 791 expressit
3323 735 3337 774 :

2356 833 2417 890 Ut
2444 834 2678 887 missum
2707 835 2898 905 sponsi
2921 835 3130 905 furtivo
3159 850 3387 890 munere
3414 834 3628 890 malum

2497 906 2781 978 Procurrit
2809 910 2958 978 casto
2986 908 3224 978 virginis
3252 923 3281 962 e
3307 909 3543 978 gremio,

2354 976 2509 1045 Quod
2539 979 2760 1033 miserae
2791 977 2980 1034 oblitae
3009 976 3168 1034 molli
3194 980 3294 1033 sub
3312 976 3472 1034 'veste
3501 978 3762 1047 locatum,

2500 1049 2635 1103 Dum
2666 1050 2918 1122 adventu
2945 1053 3150 1105 matris
3165 1051 3422 1122 prosilit,
3455 1051 3759 1122 excutitur,

2354 1121 2527 1190 Atque
2559 1121 2702 1176 illud
2729 1137 2902 1192 prono
2927 1121 3179 1195 praeceps
3217 1124 3408 1192 agitur
3435 1121 3691 1178 decursu.

2286 1242 2431 1298 Ibid.
2465 1245 2506 1300 C
2537 1245 2588 1300 5.
2622 1245 2816 1300 Ἵππον
2884 1243 2978 1317 μὲν
3038 1244 3141 1320 γὰρ
3197 1241 3375 1300 ’ίππου
3432 1265 3550 1331 ποι.
3584 1246 3783 1303 Horat.
3819 1247 3873 1312 4,

2213 1337 2342 1390 Car.
2379 1333 2442 1388 Ο.
2477 1334 2530 1389 4.

2357 1441 2542 1496 Fortes
2573 1448 2838 1496 creantur
2863 1442 3122 1512 fortibus,
3154 1445 3204 1499 et
3236 1443 3392 1499 bonis

2357 1512 2534 1586 Estiin
2569 1512 2832 1581 iuvencis,
2863 1523 2946 1568 est
2975 1515 3032 1569 in
3063 1515 3214 1586 equis
3240 1524 3467 1586 patrum

2437 1585 2615 1658 [’irtus
2645 1602 2666 1638 .·
2695 1601 2797 1640 nec
2827 1585 3117 1642 imbellem
3127 1585 3330 1658 feroces

2430 1656 2814 1726 Progenerant
2843 1659 3042 1730 aquila
3066 1656 3394 1714 columbam.

2287 1768 2435 1824 Ibid.
2495 1775 2538 1826 C
2583 1771 2636 1826 8.
2692 1768 3012 1834 Συντελιίας
3068 1776 3170 1826 τοῦ
3226 1773 3428 1835 παντὸς
3483 1774 3862 1847 παραπέμπει.

2213 1855 2372 1913 Alter
2403 1859 2655 1916 Basilius
2697 1861 2976 1918 Seleuciae
3024 1862 3229 1935 episc.,
3264 1863 3324 1918 in
3356 1863 3637 1920 Procemio
3666 1867 3762 1921 Or.
3796 1862 3874 1926 εἰς

2213 1946 2280 1999 τὰ
2309 1943 2576 2019 Ὀλύμπ.,
2607 1953 2688 2020 τῷ
2719 1951 3100 2023 παραπέμπειν
3133 1953 3383 2024 ﬁgurate
3431 1970 3578 2010 usus
3628 1959 3738 2025 est,
3771 1953 3874 2010 ubi

2215 2036 2442 2118 scribit,
2477 2031 2710 2111 φοϐερὸς
2745 2034 2802 2092 δὲ
2832 2039 3034 2115 χρόνος
3065 2044 3144 2111 τῷ
3176 2038 3496 2112 λεληθότως
3526 2041 3623 2104 τὰς
3647 2046 3755 2097 τῶν
3795 2043 3878 2118 βε-

2216 2117 2506 2196 ϐιωμένων
2538 2129 2922 2201 παραπέμπειν
2955 2129 3198 2194 εὐθύνας.

2286 2213 2408 2270 Col.
2471 2217 2573 2271 193
2630 2225 2674 2272 A
2735 2219 2789 2271 8.
2840 2221 2958 2272 Τῶν
3018 2216 3232 2294 ἀλόγων
3292 2216 3748 2293 ἀπολειπόμενοι.
3808 2228 3872 2278 Β.

2213 2307 2462 2375 August.
2500 2308 2564 2362 in
2618 2310 2760 2378 psal.
2812 2325 2986 2364 XCVIII
3020 2326 3032 2364 :
3075 2311 3300 2365 ldoneus
3347 2319 3425 2366 est
3465 2311 3626 2367 homo
3654 2311 3725 2366 ad
3753 2314 3874 2368 vut-

2211 2397 2526 2450 nerandam
2579 2412 2671 2457 se;
2700 2398 2956 2469 nunquid
3014 2398 3244 2455 idoneus
3302 2408 3379 2456 est
3423 2402 3502 2456 ad
3555 2401 3872 2458 sanandum

2211 2498 2268 2538 se
2288 2483 2316 2537 ‘I
2347 2488 2459 2538 etc.

2285 2572 2626 2629 Ibid.Bll.
2666 2579 2926 2650 Χερσαῖον
2988 2574 3168 2650 ἐχῖνον
3229 2573 3380 2652 ἐτήρ.
3441 2579 3600 2635 Idem
3661 2581 3866 2652 Georg.

2210 2661 2416 2729 Pisid.,
2450 2663 2508 2717 in
2543 2665 2833 2734 Cosmurg.
2866 2666 2937 2720 de
2971 2681 3139 2721 mure
3172 2683 3344 2737 caeco,
3379 2668 3861 2737 omnivoto,vers.

2211 2751 2349 2806 1129
2377 2757 2431 2806 et
2459 2768 2607 2824 seq.,
2635 2770 2782 2823 quos
2808 2754 2996 2810 obiter
3027 2757 3500 2826 emendabimus,

2280 2861 2780 2945 yoioiasﬁ‘omou
2817 2871 3228 2945 μαντικωτάτου
3245 2868 3482 2945 Δτρίπους

2277 2939 2376 3019 [ὸν
2411 2941 2513 3019 μῖξν
2549 2936 2789 3019 bibam-ei
2818 2936 2910 2994 τὸν
2936 2939 3172 3019 τυφλὸν,
3205 2936 3302 3019 τον·
3331 2944 3643 3019 παμφάγον,

2279 3005 2508 3090 ’βνὶτοῖς
2551 3005 2898 3090 λαϐυρίνθοις
2932 3005 3059 3068 ὅντά
3084 3005 3191 3068 τῶν
3224 3005 3572 3090 ὀρυγμάτων,

2276 3081 2547 3163 (βράττειν.
2570 3084 2675 3163 πρὸ
2697 3081 3027 3163 καιροῦ-τῇς
3062 3081 3372 3163 pepigit:qu
3401 3081 3720 3163 πνευμάτων

2274 3153 2722 3231 Τὰς-ἀντιλόξους
2754 3153 2861 3231 τῶν
2893 3153 3046 3212 ὀπῶν
3074 3153 3377 3231 διεξόδους,

2274 3225 2488 3300 ’Άλλοις
2518 3224 2574 3282 δὲ
2605 3224 2782 3282 ποιεῖν
2815 3224 3238 3300 ἁντισυνθὲτούς,
3272 3224 3410 3300 ὅπου

2271 3299 2348 3355 Τὸ
2380 3304 2551 3374 χῶμα
2577 3307 2677 3370 τῆς
2701 3306 2802 3373 γῆς
2832 3301 2927 3364 τὰς
2952 3303 3122 3364 πνοὰς
3150 3297 3454 3378 ἀποκρύόοι
3479 3318 3492 3370 ;

2197 3416 2321 3472 Lat.
2355 3416 2747 3489 Metaphrasis
2778 3435 2812 3474 ε.
2842 3419 3013 3476 nobis
3043 3419 3343 3492 recognita
3372 3418 3458 3474 sic
3487 3418 3686 3490 habet,

2337 3532 2504 3586 ϐιανί
2531 3532 2698 3601 tripes
2726 3533 2848 3603 quis
2864 3531 3130 3602 fatidicus
3158 3531 3451 3603 Apollinis,

2337 3603 2543 3658 Murem
2573 3603 2906 3670 helluonem,
2937 3604 3242 3659 luminibus
3273 3605 3468 3660 orbum
3496 3604 3700 3674 edocet,

2338 3676 2472 3730 Cum
2505 3675 2664 3730 latuit
2691 3676 2750 3729 in
2782 3675 3145 3746 labyrinthiis
3172 3677 3466 3743 meatibus,

2336 3747 2648 3812 Occludere,
2682 3749 2982 3818 antequam
3010 3749 3196 3803 irruat
3225 3751 3376 3804 venti
3405 3750 3666 3819 impetus,

2332 3819 2689 3874 Foraminum
2716 3820 2913 3874 cubitis
2942 3823 3196 3890 opposita
3224 3823 3361 3886 vias,

2331 3892 2601 3961 Atiasque
2629 3904 2950 3948 construere
2978 3893 3188 3950 scrobes
3218 3891 3544 3961 contrarias,

2337 3959 2580 4020 Telluris
2607 3979 2780 4035 agger
2807 3965 3053 4020 stamina
3086 3973 3145 4018 ut
3174 3959 3456 4018 coerceat?

2258 4079 2582 4146 Aristotel.,
2615 4078 2719 4134 lib.
2753 4097 2810 4134 ιχ
2857 4081 3007 4134 Hist.
3054 4095 3172 4142 an...
3211 4075 3676 4150 Theophrastus,
3710 4075 3842 4150 Περὶ

2189 4167 2453 4242 σημείων,
2488 4167 2806 4236 Plutarch.,
2858 4168 2932 4221 De
2987 4167 3222 4222 solertia
3258 4168 3436 4222 anim.
3492 4169 3552 4224 in
3605 4167 3845 4224 nomine

2187 4257 2376 4332 ἐχίνου
2424 4252 2683 4330 χερσαίου
2741 4252 3015 4322 ἆκανθίου,
3050 4256 3470 4326 consentiunt;
3506 4257 3693 4314 Latini
3724 4256 3840 4312 eri-

2185 4363 2430 4404 naceum
2465 4342 2764 4417 appellant
2794 4360 2806 4398 :
2841 4343 2990 4400 Gall.
3033 4345 3304 4401 herisson.

2257 4435 2403 4490 Ibid.
2439 4437 2500 4490 C.
2564 4433 2617 4488 8.
2681 4431 2826 4507 Πρὸς
2882 4432 2945 4487 τὸ
3006 4428 3316 4508 ὑπόδειγμα
3370 4437 3467 4488 τοῦ
3527 4435 3840 4511 μύρμηκος.

2186 4526 2248 4580 Β.
2274 4528 2442 4579 Joan.
2475 4521 2803 4594 Cbrysost.,
2834 4538 2854 4577 1
2882 4524 2942 4579 in
2982 4523 3112 4580 Gen.
3155 4523 3220 4577 οὗ
3276 4529 3508 4594 συνῆκας
3564 4528 3682 4586 πῶς
3740 4525 3840 4594 τήν

2179 4616 2276 4667 τοῦ
2355 4610 2646 4687 μύρμηκος
2706 4608 3031 4688 φιλοπονίαν
3095 4611 3448 4685 ὑποθέμενος,
3509 4611 3586 4676 είς
3642 4610 3835 4669 ἄοκνον

2181 4704 2216 4772 ἡ
2228 4706 2343 4776 μῶν
2375 4699 2681 4777 προθυμίαν
2715 4698 3164 4776 ἐπαιδαγώγησεν
3176 4745 3189 4758 .

2257 4793 2519 4851 001.196
2573 4793 2620 4846 Α
2666 4792 2717 4846 1.
2748 4795 2875 4853 Ταῖς
2936 4791 3128 4844 ἑαυτοῦ
3187 4787 3397 4865 χηλαῖς
3457 4795 3564 4845 τῶν
3618 4795 3841 4867 καρπῶν

2183 4883 2245 4938 τὸ
2281 4903 2397 4955 μεσ.
2431 4880 2579 4946 Quid
2613 4881 2663 4936 si
2694 4880 2856 4953 legas
2883 4883 2992 4934 τῶν
3024 4878 3283 4936 κόκκωνῖ
3316 4881 3520 4937 Nonne
3564 4877 3841 4936 εἷδικώτε-

2187 4994 2279 5047 ρον
2311 4971 2403 5027 καὶ
2463 4966 2917 5045 ἰδιοτροπώτερον
2977 4970 3091 5026 erit
3142 4970 3448 5027 formicis?
3474 4975 3627 5028 Sane
3682 4972 3841 5028 idem

2186 5064 2394 5134 Georg.
2428 5061 2570 5129 Pis.,
2602 5076 2770 5116 versu
2807 5059 2967 5128 1187,
2999 5057 3090 5112 τὸν
3135 5057 3332 5114 κόκκον
3385 5076 3670 5132 usurpare
3710 5077 3844 5118 ma-

2187 5153 2319 5222 luit,
2353 5150 2452 5206 ubi
2488 5151 2558 5205 de
2588 5149 2790 5204 eadem
2827 5148 3073 5204 formica
3099 5147 3184 5203 ait
3215 5164 3228 5204 :

2333 5253 2571 5328 Πρόελθε
2606 5251 2827 5328 μύρμηξ
2858 5250 3221 5328 σιτοκλέπτης
3263 5251 3520 5328 ἐργάτης,

2330 5323 2428 5384 Τόν
2461 5323 2656 5382 κόκκον
2684 5323 3005 5401 ἡμίτμῃτον
3037 5323 3302 5401 ᾅγκλείων
3328 5323 3502 5401 κάτω,

2331 5403 2514 5473 Μήπω
2544 5396 2768 5473 νοτισθῇ
2800 5396 2887 5473 καὶ
2921 5396 3218 5473 σαπῇ-’ταῖς
3254 5396 3468 5473 ἴκμάσι,

2331 5467 2430 5529 Καὶ
2462 5467 2759 5550 φθαρτικὴν
2789 5469 3026 5534 κάτωθεν
3043 5467 3262 5544 ’ἀνθήσῃ
3297 5467 3479 5544 χλόην

2332 5581 2578 5640 Accedito
2610 5580 2716 5635 huc
2742 5580 2987 5651 formica
3019 5579 3294 5648 frumenti
3322 5594 3520 5650 rapax,

2335 5655 2638 5727 Uperaria,
2675 5651 3005 5708 abscondens
3033 5651 3188 5707 humi
3215 5667 3400 5724 grana
3423 5653 3484 5706 in
