4176 6370
355 326 510 385 1129

1942 321 2198 382 ΝΟΤιΕ.

3614 325 3773 387 1130

490 457 725 527 Partito,
756 473 828 512 ne
853 473 1016 528 quam
1048 458 1318 528 uliginem
1346 460 1445 513 aut
1480 465 1686 514 cortem
1733 455 1990 521 trahant,
2025 457 2076 520 Α
2109 452 2258 520 titia,
2289 455 2624 528 accipiunt;
2660 459 2726 511 ut
2755 459 2813 512 et
2841 455 3203 528 Apollinaris
3231 455 3290 512 in
3321 456 3562 515 heroica
3590 459 3775 515 Meta-

495 548 602 601 Aut
630 547 864 602 noxium
894 564 927 600 a
961 545 1146 601 radice
1175 563 1404 616 gramen
1431 545 1690 616 pullulet,
1723 550 1835 599 etc.

353 634 651 706 Quidquid
686 635 784 706 sit,
829 633 1070 691 Flaccus
1100 633 1451 709 γενικώτερον
1482 634 1628 689 dixit
1675 635 1746 690 de
1792 633 1996 689 eadem

351 724 617 788 formica,

349 811 449 868 ΟΥ(
499 811 674 866 trahit
712 811 1070 883 quodcunque
1127 817 1316 883 potest,
1368 817 1532 884 atque
1587 811 1738 866 addit
1784 826 1995 866 acervo.

419 902 550 956 Mox
573 917 749 972 quam
775 901 1028 956 Basilius
1049 906 1213 956 vocat
1234 898 1450 969 εύδινήν
1478 901 1632 974 ἀέρος
1655 900 1995 968 κατάστασιν,

349 991 443 1045 hic
471 990 940 1061 Iambographus
982 987 1188 1064 αἰθρίαν
1238 988 1593 1062 πεπηγμένην
1640 990 1782 1045 scite
1831 989 1994 1044 dixit.

349 1081 630 1134 Caeterum
673 1085 886 1134 Aratus
919 1079 1072 1134 inter
1099 1083 1321 1150 σημεῖα,
1355 1079 1546 1151 signa,
1579 1084 1637 1134 et.
1665 1097 1999 1152 προγνωστι-

347 1164 436 1233 mi,
473 1167 622 1221 hanc
655 1168 1032 1221 formicarum
1066 1173 1296 1222 cautam
1319 1165 1672 1241 προαίσθησιν
1708 1167 1871 1238 prius
1902 1167 1999 1220 ob-

347 1262 605 1310 servarat
637 1255 694 1308 in
729 1255 1113 1326 Φαινομένοις.

495 1344 563 1399 ’11
593 1341 790 1412 κοίλης
828 1342 1112 1418 μύρμηκες
1141 1342 1278 1408 ὀπῆς
1393 1338 1502 1397 ὤεα
1530 1343 1704 1396 πάντα

489 1437 695 1487 Θᾶσσον
727 1432 1112 1506 ἀνηνέγκαντο.

343 1532 499 1589 Quos
530 1541 734 1580 versus
767 1523 1020 1579 laudans
1046 1522 1440 1588 Plutarch.,in
1473 1520 1708 1592 Dialogo
1739 1521 1812 1575 De
1837 1522 2002 1576 δοξαν-

341 1617 432 1670 tia
461 1615 666 1679 anim.,
705 1616 871 1667 notat
901 1610 1218 1667 nonnullos
1262 1628 1376 1665 non
1410 1605 1518 1662 ὤεα
1566 1609 1840 1679 scribere,
1873 1626 1999 1680 quas

345 1721 453 1760 ova
501 1703 836 1774 designant,
868 1701 971 1756 sed
1020 1695 1137 1770 ἤϊα,
1173 1715 1381 1769 nempe
1431 1696 1821 1768 ἀποκειμένους
1868 1717 1999 1770 καρ-

2108 543 2330 613 phrasi,

2107 631 2298 702 θαῦμά
2332 653 2370 702 μ
2395 629 2508 706 ἔχει
2541 631 2622 686 ὅτι
2656 636 2767 686 σεῖο
2794 635 3200 708 περιφρασομαι
3233 633 3388 708 φρεσὶ
3423 641 3615 708 μῆτιν,

2108 716 2252 776 Ούδὲ
2281 719 2392 792 νόῳ
2424 717 2653 794 δύναμαι
2676 722 3062 796 κρατερώτατα
3093 720 3304 776 πολλὸν
3341 722 3586 798 ὁρᾶσθαι.

2181 809 2305 864 Ibid
2358 809 2400 865 C
2455 812 2508 864 6.
2571 813 2681 864 Ποῦ
2737 831 2829 881 μοι
2890 811 2918 864 ὁ
2967 807 3252 880 Ἰουδαῖος,
3313 809 3371 872 ὅς
3427 811 3479 865 ἐν
3531 833 3584 867 τ.
3635 833 3761 868 κατ.

2108 899 2254 961 Quid
2289 898 2338 953 si
2367 898 2529 970 legas
2566 896 2738 967 ὅπου;
2770 900 2984 971 Ecquis
3041 900 3136 955 hic
3192 901 3429 956 ,Ιυόωυε
3465 901 3476 955 !
3528 904 3615 958 An
3649 921 3764 956 κατ

2107 983 2327 1060 ἐξοχήν,
2361 985 2526 1042 Philo
2561 987 2854 1054 Hebraeus,
2891 987 2918 1040 ὁ
2949 986 3089 1040 πάνυ
3119 991 3226 1040 τῶν
3259 985 3600 1063 ἐλλογίμων,
3645 989 3764 1044 ele-

2106 1074 2740 1146 guntiBS.Koay.01t0tiac;
2772 1076 3068 1148 scriptor?
3100 1077 3589 1148 Neutiquam,seu
3621 1095 3763 1149 gen-

2109 1165 2183 1218 tis
2213 1164 2600 1238 γριστομάχου
2638 1181 2882 1220 nomen:
2921 1167 3074 1221 unde
3101 1166 3274 1236 paulo
3303 1171 3436 1238 post
3461 1168 3755 1239 sequitur,

2106 1260 2341 1329 ἀκούεις,
2375 1259 2418 1314 ὦ
2447 1262 2836 1336 χριστομάχε;
2872 1279 2985 1318 non
3027 1264 3190 1320 video
3221 1282 3326 1319 cur
3374 1268 3664 1336 interpres
3693 1262 3758 1318 τὸ

2107 1349 2158 1404 ἐν
2191 1355 2307 1412 τοῖς
2340 1350 2565 1404 κατόπιν
2600 1353 2673 1407 ad
2705 1353 3002 1408 antedicta
3033 1352 3652 1425 referat,potiusquam
3684 1354 3758 1408 ad

2110 1440 2378 1496 debentia
2417 1441 2552 1511 dici,
2588 1446 2652 1495 ut
2709 1441 2973 1511 loquitur
3004 1441 3276 1496 Flaccus:
3327 1443 3528 1512 utique
3551 1443 3758 1497 eadem

2109 1528 2310 1601 pbrasi
2343 1529 2496 1585 intra
2523 1529 2749 1596 scribit,
2791 1529 2964 1582 πάντα
3003 1527 3226 1582 κατόπιν
3262 1549 3357 1582 σου
3388 1528 3611 1603 γίνεται.

2181 1615 2300 1672 Col.
2333 1617 2441 1672 205
2495 1617 2536 1672 C
2583 1617 2637 1670 9.
2690 1616 2832 1679 Νέας
2878 1637 2930 1672 κ.
2985 1616 3012 1670 ὁ
3060 1617 3150 1670 τὸν
3190 1613 3529 1689 Ἰουδαϊσμὸν
3561 1611 3756 1692 πρεσῦ.

2110 1701 2162 1758 ἐν
2197 1722 2290 1778 χρ.
2324 1705 2708 1777 προσποιήσει.
2765 1705 2860 1761 Sic
2916 1705 3170 1762 Basilius
3224 1707 3446 1770 Selene.
3481 1707 3661 1778 episc.
3697 1707 3758 1762 in

346 1789 505 1862 πούς,
535 1790 782 1846 conditas
813 1795 1023 1861 fruges,
1051 1805 1168 1860 quo
1200 1788 1376 1844 etiam
1423 1787 1546 1842 loco
1578 1787 1776 1841 Basilii
1833 1788 1999 1842 lectio

2131 1795 2346 1848 audata
2375 1810 2537 1848 conc.
2573 1791 2648 1853 εἷς
2678 1791 2744 1846 τὰ
2798 1790 2998 1866 Ὀλύμ.
3061 1793 3283 1865 Olymp.
3323 1794 3623 1868 πανήγυριν
3655 1811 3757 1851 νο·-

349 1885 640 1937 ﬁrmatur.

418 1969 518 2026 Col
570 1968 675 2024 197
727 1969 768 2025 C
815 1969 869 2022 5.
905 1968 1056 2038 Lego
1106 1962 1259 2018 οὔπω
1297 1963 1363 2018 τὰ
1418 1961 1616 2037 κέρατα
1661 1967 1739 2034 τῷ
1775 1965 1990 2038 μόσχῳ,

352 2077 421 2115 ex
470 2059 714 2113 Philone
769 2057 938 2111 llehr.
973 2072 1088 2110 non
1139 2053 1342 2126 procul
1400 2054 1471 2108 ab
1529 2052 1698 2108 initio
1727 2053 1829 2108 lib.
1864 2052 1993 2126 Περὶ

345 2151 449 2202 τῶν
488 2143 1036 2218 μετονομαζομένων.
1070 2144 1232 2198 Ovid.
1263 2143 1323 2196 in
1357 2141 1696 2196 Halieuticis
1730 2159 1743 2197 :
1838 2132 1848 2142 ’

490 2237 708 2306 Accepit
737 2236 982 2288 mundus
1014 2234 1205 2300 legem,
1229 2231 1377 2286 dedit
1405 2247 1563 2285 arma
1589 2247 1692 2298 per
1718 2245 1921 2299 omnes,

490 2325 892 2395 Admonuitque
909 2323 1001 2376 sui
1029 2341 1049 2376 :
1079 2321 1285 2376 vitulus
1311 2321 1395 2376 sic
1423 2335 1658 2392 namque
1679 2321 1890 2374 minari

489 2414 598 2482 Qui
627 2414 875 2469 nondum
903 2412 1045 2480 gerit
1094 2413 1149 2465 in
1199 2419 1383 2465 tenera
1407 2410 1529 2480 jam
1559 2425 1766 2465 cornua
1791 2411 1990 2480 fronte.

416 2503 562 2559 Ibid.
615 2504 656 2558 C
707 2503 759 2556 1.
813 2499 1006 2576 Σοφοὶ,
1046 2499 1140 2559 τὰς
1202 2501 1308 2551 τῶν
1355 2494 1584 2570 συλλογ.
1644 2497 1994 2552 Plutarchus

345 2595 402 2648 in
435 2591 668 2663 Dialogo
696 2591 933 2646 laudato
955 2587 1248 2644 ccncisius
1277 2587 1429 2642 hanc
1457 2588 1620 2642 canis
1648 2584 1994 2661 συλλογιστι-

343 2681 444 2750 κήν
480 2677 705 2750 δύναμιν
739 2683 951 2734 tractat
976 2677 1069 2732 his
1099 2675 1313 2742 verbis,
1346 2693 1473 2746 quis
1506 2675 1816 2731 Basilianis
1873 2676 1995 2730 col-

342 2771 461 2826 lata
484 2769 779 2839 juvabunt
811 2784 823 2822 :
859 2765 925 2822 Οἱ
953 2761 1287 2819 διαλεκτικοί
1319 2783 1445 2838 φασι
1478 2763 1568 2816 τὸν
1600 2761 1735 2817 κύνα
1778 2767 1858 2835 τῷ
1907 2759 1995 2816 διὰ

343 2855 617 2912 πλειόνων
651 2853 1014 2928 διεζευγμένῳ
1069 2853 1356 2928 χρώμενον
1409 2851 1460 2906 έν
1501 2856 1619 2912 ταῖς
1665 2849 1996 2926 πολυσχιδέ-

350 2969 430 3000 σιν
461 2946 722 3020 ἀτραποις
757 2942 1175 3016 συλλογίζεσθαι
1223 2941 1357 3014 πρὸς
1391 2940 1600 2995 έαυτόν⁶
1629 2942 1785 2996 “’11τοι
1833 2937 1996 3010 τήνδε

346 3037 408 3090 τὸ
461 3033 652 3108 θηρίον
713 3033 993 3107 ὥρμηκεν,
1053 3029 1088 3098 ἢ
1143 3026 1327 3100 τήνδε,
1362 3029 1397 3097 ἢ
1444 3026 1629 3098 τήνδε·
1689 3026 1834 3084 ἀλλὰ
1885 3029 1993 3101 μὴν

354 3122 476 3179 οὔτε
506 3119 690 3193 τήνδε,
723 3118 847 3175 οὕτε
875 3115 1052 3189 τήνδε·
1075 3113 1240 3188 τήνδε
1268 3115 1464 3172 λοιπόν
1497 3115 1617 3190 ἄρα.

419 3213 542 3270 Col.
573 3214 680 3266 200
735 3217 776 3266 C
832 3211 883 3265 1.
916 3210 1204 3281 ’¹Ενυστρα.
1237 3207 1368 3262 Haec
1425 3223 1532 3263 vox
1574 3207 1798 3276 majora
1845 3207 1992 3262 inte-

356 3305 514 3360 stina
543 3301 813 3372 designat
840 3299 996 3370 apud
1029 3296 1230 3352 Galen.
1265 3294 1396 3350 Alia
1426 3301 1584 3361 sunt,
1617 3292 1836 3370 ἔλυτρα,
1869 3313 2000 3368 quas

359 3392 532 3448 dictio
563 3389 736 3461 llipp.
768 3383 1133 3459 κεκρυφάλοις
1193 3385 1524 3456 respondet,
1559 3390 1615 3440 et
1665 3386 2000 3440 communis

358 3479 688 3536 oratoribus
717 3483 807 3532 est
840 3492 974 3530 cum
1033 3473 1239 3545 poetis.
1271 3473 1357 3528 Jo.
1390 3473 1623 3528 Tzelzes
1661 3473 1825 3529 initio
1865 3492 2000 3546 poe-

359 3570 534 3624 matis
565 3573 642 3624 De
672 3566 956 3633 alteyoriis
1011 3580 1214 3619 recens
1261 3564 1452 3617 Graece
1501 3569 1558 3618 et
1606 3563 1726 3618 Lat.
1760 3580 1794 3617 ιι
1834 3563 2001 3619 nobis

354 3657 515 3719 mliti,

494 3739 734 3816 ’Έλυτρα
763 3743 928 3793 ταῦτα
955 3742 1061 3791 τῶν
1091 3741 1314 3814 γραφῶν
1346 3738 1666 3800 τεθεικότες.

501 3837 638 3889 llaec
670 3832 963 3886 involucra
992 3829 1315 3898 scriptionis
1345 3829 1443 3897 qui
1470 3833 1681 3884 notant.

425 3923 547 3979 Col.
593 3921 700 3975 204
742 3923 788 3974 Α
833 3921 887 3973 8.
937 3918 1099 3991 Ὁρᾷς
1150 3914 1235 3969 ὅτι
1283 3916 1742 3991 φρυγανιζομένῳ
1792 3920 1872 3986 τῷ
1925 3921 1995 3973 Π,

361 4017 435 4066 Ex
485 4017 669 4064 Actor.
721 4005 971 4079 apostol.
1022 4023 1149 4077 cap.
1200 4006 1314 4060 28:
1353 4004 1757 4077 Συστρέψαντος
1817 4001 1875 4058 δὲ
1910 4008 2007 4058 τοῦ

357 4097 578 4154 Παύλου
639 4095 921 4172 φρυγάνων
979 4092 1214 4163 πλῆθος,
1271 4091 1364 4146 καὶ
1422 4090 1700 4154 ἐπιθέντος
1771 4092 1855 4147 ἐπὶ
1906 4095 2004 4162 τήν

354 4187 554 4261 πυράν.
587 4185 765 4240 Vides
799 4187 1084 4256 quantam
1116 4183 1233 4237 vim
1278 4189 1335 4237 et
1378 4176 1606 4256 ἔμφασιν
1653 4181 1748 4236 hic
1797 4183 2010 4239 habeat

355 4277 418 4331 τὸ
453 4273 892 4351 φρυγανίζεσθαι,
927 4275 1083 4344 quod
1113 4277 1197 4328 tot
1227 4271 1418 4326 verbis
1449 4275 1512 4324 Β.
1549 4275 1732 4326 Lucas
1778 4288 2012 4343 expres-

364 4366 480 4421 sli?

437 4454 582 4509 lbid.
619 4456 659 4506 B
713 4452 768 4504 7.
831 4449 1176 4522 Ἐπιγνῶναι.
1210 4445 1286 4503 Οὗ
1344 4448 1444 4522 γὰρ
1505 4447 1670 4519 μόνον
1731 4445 2014 4524 ὀφθαλμὸς

358 4543 427 4597 τὰ
476 4539 577 4614 ἔξω
627 4538 870 4615 βλέπων,
899 4537 1139 4594 ὲ.1ἀε[η
1188 4537 1369 4592 tradit
1415 4537 1577 4593 Philo
1628 4538 1774 4594 libro
1806 4538 2008 4595 lauda-
2045 4534 2090 4595 υ

360 4640 440 4689 to.
475 4631 631 4702 quod
664 4646 800 4684 mox
831 4627 1168 4698 subjicitur,
1197 4624 1225 4678 ὁ
1258 4627 1383 4685 νοῦς
1433 4624 1615 4697 ὀξέως,
1645 4627 1706 4680 τὸ
1756 4624 2007 4699 ἀλλότρ..

361 4723 433 4777 ab
470 4718 706 4776 Horatio
739 4721 1220 4787 reprenseutatum
1255 4721 1344 4770 est
1374 4715 1466 4769 his
1497 4732 1649 4769 vers.
1687 4731 1701 4770 :

502 4829 640 4882 Cum
672 4831 774 4879 tua
803 4822 1096 4894 pervideas
1128 4821 1301 4878 oculis
1349 4821 1494 4877 male
1534 4822 1714 4894 lippus
1744 4825 2016 4891 ini-netis,

511 4917 620 4971 Cur
650 4915 712 4968 in
742 4914 1049 4967 amicorum
1078 4911 1230 4965 vitiis
1271 4919 1383 4965 tam
1419 4911 1598 4965 comis
1628 4915 1876 4982 acutum,

507 5008 690 5075 Quam
722 5005 820 5055 aut
852 5000 1041 5073 aquila
1071 5005 1169 5053 aut
1197 5015 1416 5068 serpens
1445 4999 1825 5069 Epidaurius?

369 5115 432 5170 In
462 5112 591 5166 Lat.
619 5107 884 5165 versione
919 5105 1036 5160 hanc
1067 5105 1334 5171 emenda,
1354 5105 1513 5160 tarda
1537 5117 1612 5160 est
1640 5114 1689 5160 et
1715 5110 2025 5164 cunctatior

372 5201 441 5256 ad
469 5216 577 5256 om.

446 5289 592 5344 Ibid.
641 5291 685 5343 C
733 5287 786 5340 3.
840 5283 1034 5355 Ἐμοῦ,
1089 5275 1387 5346 τουτέστιν,
1447 5278 1677 5352 ἐμαυτὸν
1718 5288 1854 5339 κατ’.
1916 5285 2025 5340 Ea.

375 5379 508 5433 dem
540 5373 876 5446 explanatio
907 5373 1086 5443 hujus
1116 5369 1322 5425 versic.
1356 5370 1407 5426 6.
1442 5387 1472 5424 e
1509 5371 1721 5441 psalm.
1753 5389 2022 5439 cxxxvui,

377 5465 665 5538 repetitur
717 5463 790 5518 ab
849 5466 1083 5517 auctore
1121 5464 1342 5525 nostro,
1377 5475 1540 5514 romo
1595 5462 1664 5525 II,
1694 5460 1864 5532 epist.
1897 5463 2022 5520 393.

377 5533 638 5610 B.—Joan.
657 5551 1112 5622 Chrysostomus
1142 5553 1199 5603 et
1230 5547 1503 5614 Rabbini,
1537 5549 1608 5604 de
1638 5548 1918 5617 mirabili,
1940 5569 2028 5607 ar-

377 5644 496 5698 dua
533 5658 600 5698 ac
648 5638 978 5712 perdilﬁcili
1029 5639 1127 5692 τοῦ
1181 5635 1376 5710 βάθους
1407 5638 1505 5704 τῆς
1551 5638 1872 5710 θεογνωσίας
1922 5659 2023 5698 no-

687 5767 946 5826 PA'l'llUL.
995 5767 1104 5825 Gs.
1155 5763 1341 5824 XXX.

2027 3167 2069 3231 C

2105 1890 2199 1937 cat
2240 1878 2616 1954 Ἑλληνισμὸν
2666 1880 3091 1955 Χριστιανισμοῦ
3140 1881 3471 1955 προσωπείῳ
3517 1880 3754 1936 κουπτό-

2108 1989 2200 2041 μεν
2209 1989 2264 2023 ον
2275 2011 2289 2026 .

2392 2075 2465 2114 AD
2501 2075 2766 2116 EJUSDEM
2804 2075 3089 2114 HOMILIAM
3129 2074 3189 2114 ΙΝ
3235 2075 3392 2114 ΡΒΛΙ..
3435 2075 3453 2112 ι

2172 2147 2294 2203 Col.
2327 2149 2433 2202 212
2462 2151 2508 2202 A
2542 2151 2591 2202 1.
2621 2153 2786 2219 ’Ἰαμα
2831 2146 2960 2221 γὰρ,
3004 2146 3159 2223 φησὶ,
3206 2167 3402 2202 καταπ.
3436 2147 3598 2203 Vers.
3629 2151 3755 2203 tor-

2104 2236 2222 2292 tius
2279 2236 2613 2292 Ecclesiast.
2673 2236 2893 2291 Salom.
2955 2253 3082 2308 cap.
3141 2253 3198 2302 x,
3245 2236 3328 2291 sic
3361 2236 3571 2291 habet:
3630 2234 3755 2290 Ἐὰν

2103 2328 2315 2396 πνεῦμα
2366 2324 2767 2396 έξουσιᾱζοντος
2827 2319 3002 2398 ἀναϐῇ
3063 2323 3150 2378 ἐπὶ
3203 2324 3282 2394 σὶ,
3333 2323 3502 2378 τόπον
3549 2344 3645 2378 σου
3676 2323 3753 2397 μὴ

2105 2413 2268 2490 ἀφῇς,
2303 2411 2386 2468 ὅτι
2412 2410 2554 2486 ’ἰαμα
2582 2412 2912 2468 καταπαύσει
2943 2414 3211 2486 ἁμαρτίας
3245 2410 3502 2488 μεγάλας.

2179 2504 2324 2574 Ibip.
2360 2508 2404 2557 B
2447 2505 2502 2558 5.
2552 2507 2659 2570 Τῆς
2712 2499 3011 2574 μελῳδίας.
3063 2502 3428 2558 Themistius
3462 2503 3522 2556 in
3555 2501 3754 2557 exord.

2105 2598 2252 2648 orat.
2277 2610 2353 2648 v11
2377 2593 2534 2648 hunc
2557 2591 2898 2664 psalmodiis
2926 2597 3416 2647 Dav.concentum
3439 2597 3603 2646 vocat
3622 2591 3755 2645 Ἀσ-

2108 2680 2290 2754 σύριον
2330 2678 2521 2752 μέλος,
2554 2679 2642 2734 καὶ
2704 2677 2764 2732 ix
2819 2673 3074 2750 Λιϐάνου,
3131 2686 3190 2734 et
3227 2679 3556 2751 subjungit,
3615 2678 3758 2741 τινὶς

2106 2766 2372 2838 κηλοῦσιν
2431 2768 2570 2842 ὑμᾶς
2618 2771 2687 2841 τῇ
2740 2787 2798 2822 τι
2855 2766 3066 2822 οἴκοθεν
3096 2766 3349 2841 ἁρμονίᾳ.
3407 2767 3496 2821 καὶ
3541 2765 3612 2840 τῇ
3663 2764 3758 2821 θύ-

2103 2859 2281 2928 ραθεν.
2315 2859 2430 2913 Alii
2488 2857 2725 2928 (inquit)
2781 2858 3150 2912 vernaculum
3182 2857 3345 2912 melos
3404 2857 3755 2927 (Pegaseium

2107 2947 2340 3002 Persius
2378 2949 2436 3000 in
2468 2946 2694 3017 Prolog.
2726 2949 2846 3000 Sat.
2880 2945 3181 3013 dixit),alii
3215 2947 3508 3016 Assyrium
3533 2959 3760 3000 cantem

2105 3043 2152 3091 et
2185 3052 2258 3091 ex
2289 3036 2495 3090 Libano
2522 3037 2831 3106 profectum
2867 3038 3153 3101 xanentes,
3184 3049 3312 3088 cum
3339 3034 3638 3090 domestico
3668 3049 3760 3089 vos

2111 3130 2226 3180 tum
2249 3126 2544 3197 peregrino
2575 3131 2840 3179 concentu
2870 3123 3202 3178 demulcent.

2179 3214 2326 3268 lbid.
2361 3218 2404 3267 Β
2432 3215 2485 3268 8.
2540 3209 2689 3267 Κατά
2731 3209 2862 3272 τοὺς
2902 3207 3101 3286 σοφοὺς
3127 3212 3236 3263 τῶν
3269 3206 3492 3283 ῗατρῶν.
3527 3211 3754 3267 Lucret.

2109 3303 2148 3359 1.
2185 3321 2276 3360 iv:

2459 3393 2649 3463 pueris
2679 3391 2965 3446 absint/lia
2994 3393 3140 3446 tetra
3167 3389 3440 3446 medentes

2323 3481 2460 3536 Cum
2486 3481 2619 3536 dare
2646 3489 2939 3546 conantur,
2980 3481 3137 3550 prius
3167 3494 3295 3535 ora:
3323 3479 3528 3546 poeula
3546 3479 3759 3535 circum

2325 3571 2665 3640 Contingunt
2692 3569 2880 3624 melli:
2911 3568 3062 3624 dulei
3089 3571 3339 3638 ﬂavoque
3366 3570 3598 3640 liquore.

2114 3679 2216 3733 Hic
2252 3675 2431 3750 μέλιτι
2461 3675 2559 3743 τήν
2592 3673 2791 3729 κύλικα
2822 3672 3217 3749 περιχρίουσιν.
3275 3675 3437 3731 Idem
3476 3673 3762 3729 Themist.

2114 3772 2259 3822 urat.
2295 3767 2498 3822 eodem
2531 3783 2544 3820 :
2575 3764 2716 3824 Τοὺς
2740 3761 3082 3840 σοφωτέρους
3112 3761 3378 3834 μιμητέον
3406 3765 3512 3815 τῶν
3540 3759 3763 3834 ἰατρῶν,

2116 3852 2167 3909 οἵ
2194 3855 2261 3908 τὰ
2315 3852 2609 3929 πικρότεροι
2665 3855 2770 3906 τῶν
2824 3850 3150 3928 φαρμάκων,
3204 3851 3388 3924 μέλιτι
3438 3852 3536 3920 τήν
3563 3847 3766 3905 κύλικα

2115 3941 2548 4017 περιχρίσαντες,
2580 3940 2754 3994 πίνειν
2787 3937 3021 3997 διδόασι.

2187 4031 2304 4086 Col.
2337 4033 2442 4086 213
2474 4035 2517 4084 Α
2573 4031 2659 4086 11.
2719 4029 2962 4101 Μπὶθημα
3020 4025 3082 4081 ού
3135 4047 3196 4084 π.
3246 4047 3376 4102 παρ.
3427 4027 3488 4083 τὸ
3540 4023 3598 4081 δὶ
3633 4026 3770 4100 μετᾶ

2113 4120 2352 4192 τέρψεως
2380 4117 2469 4173 καὶ
2501 4121 2728 4193 χάριτος
2763 4116 2864 4174 sic.
2901 4118 3059 4174 Idem
3113 4117 3406 4190 Theognis
3451 4117 3591 4174 olim
3624 4134 3771 4190 pra:-

2121 4213 2365 4266 cinerat.

2382 4301 2659 4377 Τερπωλὴ
2693 4306 2816 4372 νικᾷ
2843 4303 3017 4356 πάντα
3046 4299 3138 4355 σὺν
3173 4299 3503 4376 εὐφροσύνη.

2126 4405 2210 4460 vel
2245 4403 2536 4476 parodice,
2571 4398 2663 4454 σὺν
2697 4397 2929 4476 ὠφελίῃ.

2198 4493 2345 4548 Ibid.
2382 4498 2424 4545 1)
2454 4492 2507 4546 9.
2542 4490 2712 4563 Ὂπερ
2745 4489 2773 4542 ὁ
2806 4486 3060 4559 θεμέλιος
3092 4487 3142 4543 έν
3177 4488 3250 4544 οἱ.
3288 4488 3585 4544 Demosth.
3639 4489 3698 4544 in
3731 4506 3774 4545 ιι

2123 4580 2347 4652 Olynth.
2383 4584 2538 4650 (pag.
2570 4578 2701 4646 21):
2733 4575 2821 4636 Ὧς
2855 4573 3030 4638 οἰκίας
3055 4573 3145 4629 καὶ
3172 4572 3379 4630 πλοίου
3411 4573 3500 4628 καὶ
3528 4577 3636 4628 τῶν
3669 4571 3776 4627 ἄλ·-

2126 4667 2236 4722 λων
2269 4671 2376 4720 τῶν
2406 4663 2670 4720 τοιούτων
2721 4665 2787 4717 τὰ
2824 4665 3060 4717 κάτωθεν
3096 4661 3429 4738 ἰσχυρότατα
3477 4663 3609 4717 εἶναι
3670 4659 3772 4718 δεῖ.

2127 4757 2269 4810 οὕτω
2294 4753 2384 4809 καὶ
2437 4757 2545 4807 τῶν
2592 4751 2833 4826 πράξεων
2880 4751 2974 4813 τὰς
3037 4752 3209 4827 ἀρχὰς
3253 4749 3468 4812 καὶτὰς
3498 4750 3772 4814 ὑποθέσεις

2129 4845 2354 4914 ἀληθεῖς
2392 4843 2480 4897 καὶ
2514 4840 2722 4902 δικαίας
2754 4842 2882 4895 εἶναι
2913 4843 3200 4913 προσήκει.

2199 4935 2318 4990 Col.
2350 4935 2459 4987 217
2491 4936 2533 4984 Δ
2563 4933 2618 4987 2.
2679 4927 2830 4995 Θῆλυ
2887 4928 3002 4983 έπο.
3055 4927 3141 4982 αύο
3193 4929 3267 4981 ὦν
3308 4925 3366 4981 δὲ
3395 4929 3430 4996 ἡ
3463 4925 3620 5005 φύσις
3655 4925 3776 5000 μία,

2128 5021 2278 5077 τούτ.
2312 5021 2475 5077 Plato
2523 5019 2562 5073 1.
2613 5037 2648 5075 v
2697 5021 2770 5075 De
2817 5035 2957 5091 rep.,
2997 5019 3097 5074 ubi
3129 5017 3335 5073 siatuit
3363 5017 3688 5090 generatim
3722 5021 3781 5072 et

2133 5108 2728 5186 d8iopl<rtwceamdem
2757 5125 2888 5164 esse
2916 5107 3173 5162 virorum
3209 5111 3268 5162 et
3297 5104 3629 5177 mulierum,
3661 5122 3780 5161 non

2133 5201 2428 5256 diversam
2463 5202 2734 5253 naturam
2783 5193 2834 5248 ἐν
2867 5192 3129 5267 πολιτικῇ
3161 5191 3447 5265 διοικήσει,
3481 5210 3548 5250 ac
3578 5193 3780 5265 proin-

2132 5292 2203 5344 de
2229 5287 2504 5344 mulieres
2528 5287 2598 5341 ad
2633 5285 2820 5340 civilis
2849 5282 3380 5340 administrationis
3411 5298 3656 5337 munera
3686 5281 3785 5336 ad-

2135 5376 2288 5431 mitti
2319 5391 2452 5430 cum
2493 5373 2636 5428 viris
2683 5373 2930 5440 debere;
2982 5377 3204 5442 quanta
3245 5386 3382 5425 vero
3421 5369 3481 5424 id
3512 5369 3784 5425 cautione

2135 5463 2569 5521 admittendum
2617 5462 2714 5530 sit,
2745 5462 2912 5516 docet
2943 5458 3175 5516 Proclus
3195 5459 3254 5514 in
3285 5459 3679 5515 Commentar.
3708 5457 3781 5514 ad

2135 5553 2292 5608 hunc
2323 5551 2470 5607 Plat.
2501 5550 2606 5606 lib.

2206 5641 2328 5696 Col.
2359 5640 2464 5694 220
2497 5645 2537 5692 A
2593 5641 2648 5694 7.
2710 5633 2978 5704 Ιιώλησον
3029 5653 3077 5691 σ.
3141 5635 3348 5692 Matth.
3395 5652 3529 5692 xxx:
3578 5635 3781 5705 Ὕπαγε

3424 5763 3503 5822 36
