4176 6414
355 311 505 370 1131

1706 307 1972 368 νΑιιιιΕ
2011 305 2446 368 LEC'I‘IONES

3616 307 3771 367 H32

348 439 498 498 πώλ.
533 440 869 516 ὑπάρχοντα,
903 443 989 496 καὶ
1026 438 1076 499 δ.
1136 443 1266 498 Mox
1292 439 1384 495 καὶ
1424 439 1510 496 ἰάν
1562 459 1645 502 τις
1693 460 1741 495 σ.
1796 439 1999 495 Matth.

2190 438 2335 493 Ibid.
2370 437 2411 492 Ο
2444 436 2526 492 13.
2562 433 2878 490 Δυναστείαν
2900 430 3402 510 περιϐεϐλημένον,
3425 433 3460 505 ἢ
3494 434 3572 501 t0.
3607 439 3770 495 Idem

348 548 409 602 V,
442 531 678 603 legitur,
709 528 865 592 εἷ’τις
899 551 956 584 σε
986 529 1281 606 ἀγγαρεύσῃ
1342 551 1399 602 μ..
1455 535 1517 584 Β.
1570 532 1764 602 Cypr.,
1819 529 2004 584 Simus

350 622 470 676 sine
497 622 731 691 angaria
776 621 956 690 bajuli
1008 622 1206 676 crucis.
1266 619 1443 675 Paulo
1504 621 1655 691 post,
1719 617 1746 671 ὁ
1808 614 2005 691 Κύριος

350 705 558 772 ἔνδοθέν
621 729 783 782 φησιν
849 707 980 762 εἶναι
1036 709 1103 762 τὰ
1153 711 1443 762 κοινοῦντα
1495 727 1545 760 τ.
1619 709 1823 765 Matth.
1888 723 2002 763 xv:

349 795 411 850 τὸ
476 794 905 872 ἐκποριυόμενον
953 795 1013 850 ἐκ
1065 800 1163 850 τοῦ
1222 797 1536 867 στόματος,
1612 799 1774 850 τοῦτο
1831 798 2009 849 κοινοῖ

349 886 442 939 τὸν
474 882 756 955 ἄνθρωπον
787 890 1085 957 Interpres
1115 887 1199 942 ita
1239 885 1434 957 vertit,
1494 902 1560 941 ac
1610 885 1659 941 si
1720 885 1864 940 illud
1924 877 2007 936 ἔν-

355 970 506 1037 δοθεν
560 974 689 1028 εἶναι
738 994 788 1028 τ.
821 991 989 1030 verna
1021 973 1256 1030 Domini
1287 978 1505 1045 essent,
1567 991 1703 1029 cum
1751 973 2007 1029 Basilius

349 1065 613 1119 oratione
634 1062 874 1134 obliqua
903 1080 1049 1119 usus
1080 1063 1400 1132 fuerit,non
1432 1069 1590 1120 recta
1615 1081 1628 1120 :
1660 1063 1876 1118 rectius
1906 1062 2010 1117 ila-

349 1169 463 1223 que
485 1156 828 1207 verteretur:
854 1152 1021 1206 Dom.
1042 1153 1124 1207 ait
1142 1153 1305 1208 intus
1327 1169 1456 1209 esse
1477 1169 1608 1223 quas
1625 1151 2011 1222 coinquinant

347 1240 669 1296 hominem.
718 1241 800 1295 Ab
856 1240 966 1296 hoc
1014 1241 1190 1297 verbo
1221 1243 1458 1311 κοινοῦν,
1517 1240 1605 1296 vel
1662 1239 2005 1306 ἀνακοινοῢν,

349 1329 585 1385 Latinos
617 1345 792 1385 suum
823 1331 1124 1401 inquinare
1153 1331 1392 1385 ﬁnxisse
1423 1329 1560 1384 olim
1594 1328 1896 1384 admonui.

421 1417 570 1472 Ibid.
602 1418 642 1472 Ο
675 1418 760 1473 13.
793 1413 951 1478 Ὁδὸς
989 1417 1082 1490 μὲν
1135 1417 1226 1471 οὖν
1269 1418 1296 1471 ὁ
1351 1415 1466 1492 βίος
1511 1413 1610 1489 ε’ίρ.
1671 1419 1830 1473 Idem
1879 1416 2010 1472 Tul-

351 1506 469 1562 lius
499 1523 556 1562 v1
587 1512 665 1562 De
697 1522 814 1577 rep.
850 1506 1031 1561 Basil.
1062 1505 1338 1562 Seleuciae
1367 1506 1491 1562 loco
1528 1506 1789 1574 laudato,
1823 1504 1899 1566 sic
1941 1505 2007 1558 τὰ

353 1591 498 1667 Ὀλ.,
539 1601 596 1651 et
645 1595 991 1651 Gennadius
1029 1595 1178 1651 libro
1232 1595 1517 1666 singulari
1573 1594 1699 1669 περί
1728 1591 2008 1669 προδιορι-

351 1686 493 1755 σμοῢ
524 1685 717 1755 (cujus
773 1684 1102 1741 versionem
1164 1685 1282 1740 Lat.
1344 1683 2007 1755 AppendiciBasiliante

350 1773 830 1845 adjecimus,tum
868 1774 1021 1846 quod
1057 1773 1511 1845 sapientissimis
1535 1773 1847 1828 sententiis
1878 1789 2007 1846 gra-

349 1862 644 1934 vibusque
674 1862 868 1918 verbis
900 1863 1144 1918 ordatus
1177 1863 1274 1929 sit,
1309 1867 1436 1917 tum
1495 1862 1646 1932 quod
1694 1861 1895 1917 Basilii
1929 1863 2006 1929 Μ,

354 1967 596 2007 causam
629 1954 783 2023 agat,
809 1955 868 2006 et
899 1950 1402 2022 Basiliomastigas
1434 1951 1749 2023 concidat),
1779 1951 2011 2023 pag.29,

354 2045 418 2108 B,
480 2039 757 2096 editionis
819 2044 1055 2110 nostrae,
1115 2040 1211 2094 hic
1264 2041 1298 2108 ἡ
1359 2039 1453 2112 μὲν
1506 2039 1608 2114 γὰρ
1641 2037 1863 2092 ἐντκῦθα
1895 2039 2007 2107 ζωὴ

366 2123 655 2203 ὁδοιπορία
682 2126 764 2189 τίς
796 2127 904 2182 ἐστι
933 2127 1070 2200 πρὸς
1095 2127 1157 2182 τὸ
1187 2127 1547 2202 προκείμενον
1574 2126 1756 2199 τέλος,
1791 2133 1899 2184 etc.

435 2219 585 2274 Ibid.
647 2223 688 2272 D
752 2219 806 2272 7.
853 2213 1160 2284 Καθεύδεις,
1213 2219 1302 2271 καὶ
1354 2217 1381 2270 ὁ
1431 2216 1628 2292 χρόνος
1659 2236 1716 2270 σε
1744 2217 2010 2292 παρατρέ-

363 2324 475 2380 χιι.
510 2307 668 2361 Idem
701 2305 950 2360 Basilius
1001 2306 1272 2362 Seleucia:
1329 2323 1420 2377 ep.
1471 2307 1637 2361 initio
1666 2309 1762 2359 τοῦ
1815 2305 1890 2365 εἰς
1945 2306 2011 2358 τὰ

363 2391 602 2466 Ὀλυμ.ὶ
635 2394 732 2448 Καὶ
761 2393 989 2469 τερπνὸς
1018 2393 1375 2469 παρατρέχων
1424 2394 1451 2448 ὁ
1499 2393 1720 2469 χρόνος,
1761 2394 1850 2448 καὶ
1907 2414 2008 2470 φο-

360 2481 539 2557 ϐερός.
570 2488 634 2540 Β.
682 2485 931 2555 August.
980 2485 1034 2538 in
1080 2485 1222 2556 psat.
1275 2501 1349 2554 οι,
1392 2485 1462 2539 de
1493 2483 1919 2554 temporalibus
1953 2487 2010 2541 et

358 2573 592 2629 aeternis
623 2573 852 2628 diebus.
880 2577 1010 2628 Mox
1038 2576 1230 2634 πάντες
1263 2571 1420 2643 ἐσμὲν
1447 2569 1499 2626 ἐν
1533 2569 1662 2642 ὁδῷ.
1703 2573 1863 2628 Idem
1897 2579 2012 2628 Au-

359 2665 517 2732 gust.
551 2660 610 2714 in
642 2660 883 2716 Meditat.
907 2679 928 2714 :

428 2753 565 2807 Haec
591 2751 685 2805 via
712 2766 821 2822 qua
839 2749 1022 2817 vadis,
1056 2751 1147 2805 via
1172 2751 1412 2821 pessima
1441 2751 1711 2822 plenaque
1738 2750 1933 2807 cladis.

427 2838 667 2896 (301.221
705 2839 770 2894 D.
806 2836 918 2892 Λῦο
947 2838 1048 2913 γάρ
1082 2837 1213 2892 εἰσιν
1248 2836 1386 2895 ὁδοί.
1440 2840 1730 2896 Hesiodus
1787 2841 1814 2894 1
1875 2843 2004 2912 Ἔρ-

354 2947 489 3000 γων,
550 2933 607 2984 et
665 2928 943 2984 Prodicus
993 2923 1232 2997 Διαλὲξει
1291 2925 1416 3002 περῖ
1488 2926 1818 3004 Ἡρακλέους
1874 2948 2006 2982 παι-

356 3012 608 3084 δεύσεως,
643 3018 794 3087 apud
844 3016 1312 3087 Xenophontem,
1373 3018 1413 3072 iI
1472 3014 2004 3089 Ἀπομνημονευμά-

352 3107 482 3160 τῶν.
518 3104 819 3160 Emblema
852 3105 1300 3177 Pythagoricum
1334 3107 1463 3176 fuit,
1489 3108 1701 3163 Littera
1728 3107 2004 3180 Pythago-

353 3210 450 3248 raz.
485 3194 596 3250 Sed
630 3195 845 3266 Evang.
880 3194 1056 3249 etiam
1086 3194 1345 3251 uraculis
1376 3196 1724 3267 proponitur
1748 3191 2004 3268 ἔκφρασις
2037 3183 2079 3249 C

353 3282 461 3337 xire
491 3282 785 3354 ancipitis,
846 3287 1015 3337 arctis
1063 3288 1120 3338 et
1175 3283 1340 3340 late:
1400 3289 1462 3341 B.
1523 3285 1726 3340 Matth.
1785 3301 1886 3353 vn,
1948 3289 2004 3340 et

353 3371 522 3426 Lucas
551 3388 674 3426 xm.
710 3373 845 3436 Quas
874 3372 1169 3428 Juvencus
1201 3373 1443 3446 Hispan.
1506 3375 1814 3446 presbyter
1861 3373 2000 3429 olim

353 3460 498 3516 scite
532 3460 741 3532 pieque
769 3461 1058 3533 expressit
1088 3463 1198 3518 sub
1225 3463 1401 3519 finem
1433 3463 1534 3518 lib.
1571 3480 1749 3519 carm.
1785 3464 2000 3535 Evang.

358 3548 453 3605 his
483 3565 632 3605 vers.
658 3567 670 3606 :

503 3640 694 3695 Vitatis
722 3641 896 3695 vastis
925 3641 1168 3712 stipatur
1195 3642 1394 3697 semita
1422 3643 1580 3696 saxis

499 3728 760 3800 Celsaque
788 3732 884 3784 vix
907 3746 1112 3800 paucos
1140 3729 1298 3786 ducet
1325 3747 1423 3801 per
1451 3745 1684 3799 scrupea
1713 3733 1892 3785 virtus
1914 3749 1933 3785 .·

497 3818 565 3872 At
591 3819 644 3873 si
672 3833 804 3888 quos
831 3818 1071 3873 nimium
1097 3820 1286 3890 fallax
1315 3820 1561 3890 itlexque
1589 3821 1861 3875 malorum

499 3907 781 3963 Planities
809 3909 988 3964 suasit
1022 3908 1264 3977 deformi
1295 3908 1510 3964 lubrica
1540 3909 1722 3979 lapsu,

499 3997 715 4064 Arripit
745 3998 859 4052 hos.

427 4082 550 4153 Col,
581 4086 688 4140 225
717 4086 758 4140 Β
789 4085 876 4141 11.
918 4081 1067 4138 Εἰσὶν
1121 4085 1173 4138 οἱ
1218 4082 1410 4157 λοιμοὶ
1455 4085 1506 4139 οἱ
1551 4085 1614 4140 τὸ
1654 4082 1798 4142 ’ἴδιον
1841 4087 2004 4142 κακὸν

357 4169 446 4224 ἐπὶ
475 4172 600 4228 πάν.
634 4173 782 4230 Huic
812 4185 1243 4231 consentaneus
1275 4175 1439 4233 locus
1479 4181 1568 4233 est
1589 4177 1744 4248 apud
1769 4179 2005 4251 Gregor.

356 4259 493 4317 Naz.
525 4263 678 4319 Orat.
716 4263 839 4318 fun.
873 4263 932 4318 in
958 4262 1244 4320 Basilium
1270 4264 1346 4320 M.

2040 1817 2088 1882 B

2117 527 2320 582 scribit
2351 527 2423 581 ad
2473 525 2777 582 Julianum
2816 529 3158 598 Apostatam
3193 527 3365 598 epist,
3399 543 3516 583 ccc.
3551 529 3768 585 Eodem

2118 615 2308 672 tendit
2336 615 2478 671 illud
2513 616 2995 686 Homeri,omnes
3035 615 3230 672 clades
3270 615 3411 671 oriri
3444 618 3733 685 canentis,

2187 703 2497 778 Ἡγεμόνων
2530 704 2814 775 κακότητι,
2843 701 3219 780 ἐφημοσύνῃσι
3246 723 3305 757 τε
3337 703 3506 772 λαῶν,
3601 771 3604 774 .

2117 795 2293 850 Mente
2322 794 2523 849 ducum
2546 811 2744 866 prava,
2781 797 2831 848 et
2857 797 3188 866 populorum
3215 803 3427 866 pectore
3455 811 3625 864 tegnz.

2747 900 2806 937 IN
2846 899 3003 937 PSAL.
3037 899 3138 937 VII.

2189 971 2309 1027 Col.
2341 972 2448 1026 229
2479 977 2522 1026 Β
2549 971 2603 1025 5.
2641 967 2870 1040 Συλλίξ.
2906 972 3260 1042 Interpunge
3304 975 3362 1026 et
3400 975 3567 1026 muta
3598 988 3767 1044 pros-

2119 1061 2338 1129 odiam,
2386 1058 2481 1121 τὰς
2537 1056 2822 1132 δυνάμεις·
2873 1057 2992 1123 ὅθεν
3044 1057 3135 1113 καὶ
3181 1056 3476 1121 ἀπόδεκτος
3531 1059 3597 1129 ἧν
3647 1080 3768 1131 πα.,

2120 1150 2273 1222 quod
2315 1154 2566 1205 Homero
2597 1154 2707 1219 est,
2739 1145 2938 1217 ἥνδανε
2968 1153 3148 1220 θυμῷ.

2189 1238 2310 1295 Col.
2341 1240 2448 1293 248
2476 1243 2518 1296 C
2550 1239 2604 1293 8.
2657 1237 2756 1291 Διὰ
2809 1240 2917 1291 τῶν
2964 1240 3224 1313 πονηρῶν
3271 1236 3513 1314 πράξεων
3572 1236 3768 1312 tyme-

2119 1347 2232 1388 σας.
2265 1331 2525 1384 Manusc.
2557 1330 2620 1386 C.
2647 1327 2959 1383 lectionem
3009 1327 3196 1384 secuti
3237 1344 3468 1395 sumus,
3501 1328 3596 1383 cui
3630 1344 3766 1384 con-

2118 1417 2276 1489 gruit
2332 1417 2519 1472 versio
2569 1417 2632 1471 L.
2665 1415 2736 1469 Τὸ
2777 1413 3034 1489 ἐγκαῖειν,
3082 1418 3331 1487 inurere,
3366 1432 3469 1488 per
3513 1416 3767 1472 transla-

2117 1508 2338 1562 tionem
2369 1523 2404 1560 a
2437 1505 2593 1560 notis
2625 1521 2750 1576 quas
2784 1505 3227 1573 inuruntur,vel
3248 1522 3504 1578 agenere
3527 1505 3768 1576 picturas

2117 1594 2491 1670 ἐγκαυπικῆς,
2526 1595 2595 1649 ad
2630 1611 2809 1665 quam
2843 1594 3195 1650 firmandam
3245 1595 3400 1666 ignis
3431 1594 3766 1662 adhibetur,

2119 1685 2278 1739 unde
2307 1683 2461 1754 apud
2494 1686 2662 1738 Mart.
2697 1685 2746 1739 Ι..
2774 1699 2850 1755 ιν,
2885 1700 2975 1755 ep.
3008 1684 3077 1736 47
3112 1701 3125 1740 :

2191 1774 2495 1828 Encaustus
2515 1772 2803 1828 Phaethon
2834 1773 3028 1828 tabula
3056 1772 3298 1843 depictus
3327 1774 3387 1827 in
3415 1777 3517 1828 hac
3541 1776 3622 1827 est

2196 1861 2338 1930 Quid
2368 1862 2472 1916 tibi
2497 1863 2597 1930 vis,
2629 1861 2865 1932 dipyron
2897 1865 2994 1932 qui
3023 1862 3366 1916 Phaethonta
3392 1861 3571 1932 facis?

2195 1950 2360 2006 Prior
2387 1955 2584 2006 tamen
2617 1951 2787 2005 lectio
2809 1947 3072 2023 ἐκχεῦσας
3089 1950 3178 2006 vel
3203 1947 3398 2024 ἐκχὲας
3429 1951 3500 2006 ad
3531 1951 3646 2006 late
3662 1953 3770 2007 dif-

2124 2040 2321 2096 fusum
2355 2039 2753 2112 improbitatis
2782 2040 2946 2095 virus
2977 2039 3180 2095 referri
3227 2044 3430 2112 posset
3462 2055 3476 2095 :
3505 2056 3620 2112 quo
3652 2041 3768 2098 fere

2123 2146 2301 2185 sensu
2335 2133 2398 2184 B.
2421 2129 2714 2185 Eusebius
2745 2129 2956 2184 Emiss.
2976 2129 3135 2184 hom.
3153 2146 3172 2184 1
3192 2129 3265 2184 de
3288 2128 3453 2185 initio
3475 2130 3766 2201 Quadrag.

2122 2219 2328 2274 scribit
2358 2219 2480 2274 haec
2513 2236 2526 2274 :
2563 2220 2719 2274 Sicut
2769 2219 2990 2289 quando
3030 2219 3236 2288 aliquis
3261 2226 3446 2289 peccat
3482 2219 3586 2273 sub
3635 2235 3767 2275 con-

2119 2309 2356 2362 scientia
2385 2323 2450 2362 ac
2478 2307 2840 2362 destructione
2864 2307 3263 2378 plurimorum,
3297 2308 3369 2362 de
3396 2307 3648 2378 pluribus
3677 2309 3766 2362 in-

2119 2399 2301 2452 currit
2327 2400 2586 2453 reatum:
2617 2401 2667 2452 et
2695 2405 2959 2468 quantum
2984 2412 3084 2467 per
3111 2397 3279 2451 unius
3308 2396 3540 2452 membri
3567 2398 3770 2451 vitium

2118 2487 2288 2557 serpit
2337 2487 2446 2541 late
2491 2486 2752 2557 diffusum
2783 2487 3004 2556 reliqua
3029 2502 3127 2556 per
3153 2485 3397 2540 membra
3425 2488 3765 2557 contagium,

2119 2579 2336 2630 tantum
2384 2578 2441 2630 in
2489 2584 2766 2630 auctorem
2803 2590 2969 2629 suum
2997 2572 3341 2645 multiplicis
3365 2575 3502 2630 mali
3529 2576 3767 2630 recurrit

2117 2672 2474 2734 augmentum
2487 2705 2498 2718 .

2190 2753 2337 2809 Ibid.
2357 2756 2396 2807 C
2427 2753 2512 2808 11.
2537 2752 2767 2825 Legitur
2798 2752 2857 2807 in
2889 2752 3016 2808 cod.
3050 2767 3349 2808 manuscr.
3385 2749 3500 2815 υἱὸς
3530 2747 3759 2820 ἒκιῖνος,

2118 2840 2163 2911 ᾦ
2191 2838 2300 2899 διά.

2687 2947 2743 2985 IN
2782 2945 2880 2985 PSA
2889 2946 2937 2984 L.
2979 2945 3178 2984 XXVIII.

2188 3018 2309 3075 Col.
2359 3019 2462 3073 284
2521 3022 2570 3072 Α
2622 3020 2708 3074 15.
2769 3019 2854 3090 Τῇ
2912 3015 3252 3091 ἐπιχορηγίᾳ
3305 3020 3401 3071 τοῦ
3449 3016 3761 3090 Πνεύματος

2115 3105 2236 3182 ἀρδ.
2271 3109 2483 3165 Eodem
2519 3111 2785 3180 spectant
2814 3107 2915 3162 illa
2944 3108 3099 3178 apud
3130 3107 3494 3165 Clementem
3525 3107 3762 3164 Alcx.in

2119 3199 2343 3270 Hymno
2377 3197 2445 3253 ad
2480 3199 2805 3264 CHRISTUM,

2575 3283 2751 3354 θηλῆς
2785 3281 3017 3359 λογικῆς

2433 3371 2705 3444 ΙΙνεύματι
2740 3369 2983 3448 δροσερῷ

2436 3460 2899 3534 Ἐμπιπλάμενοι.

2433 3552 2678 3607 Mammas
2710 3552 2921 3607 ratione
2948 3551 3232 3622 pradicas

2433 3642 2684 3696 Flumine
2712 3640 2925 3696 roscido

2441 3731 2612 3801 Usque
2642 3731 2853 3800 referti.

2685 3835 2744 3874 IN
2785 3835 2942 3874 PSAL.
2972 3836 3189 3874 XXXVII.

2188 3914 2352 3966 Tom.
2383 3911 2454 3980 ΙΙ,
2488 3907 2596 3964 col.
2628 3909 2700 3963 92
2750 3909 2795 3964 D
2838 3910 2891 3964 3.
2927 3912 3035 3962 Πᾶν
3088 3906 3390 3981 ἁμάρτημα
3446 3904 3557 3958 κατ’
3591 3900 3760 3979 ἀφρο-

2116 3996 2278 4067 σύνην
2310 4018 2362 4072 γ.
2395 3997 2642 4054 Axioma
2685 3998 2906 4054 morale
2959 4002 3048 4054 est
3095 4015 3128 4052 a
3174 3996 3372 4052 Flacco
3415 3993 3499 4049 sic
3529 4009 3768 4064 expres-

2117 4105 2250 4144 sum

2195 4179 2376 4232 Virtus
2403 4185 2485 4233 est
2515 4177 2709 4233 vitium
2734 4179 2947 4249 fugere,
2977 4178 3026 4231 et
3054 4173 3327 4245 sapientia
3365 4173 3552 4244 prima

2188 4267 2442 4323 Stultitia
2471 4268 2738 4323 caruisse.

3343 4448 3768 4460 ‘—————-

1262 4633 1858 4756 VARUE
1957 4632 2868 4758 LECTIONES

1543 4869 1657 4954 IN
1725 4867 2570 4957 HEXAEMERON.

356 5050 518 5118 (Cod.
551 5051 690 5123 Reg.
724 5050 864 5109 olim
897 5053 1054 5122 1824,
1089 5053 1265 5110 hodie
1293 5055 1418 5110 476.
1454 5085 1521 5096 -
1550 5055 1675 5111 Non
1710 5056 1908 5129 magni
1943 5057 2223 5114 momenti
2254 5056 2507 5113 varietas
2532 5054 2890 5122 lectionum;
2927 5052 3026 5108 sed
3078 5051 3268 5107 multa
3317 5051 3386 5106 ed
3437 5049 3768 5121 marginem

1353 5148 1585 5199 exstant
1615 5143 1838 5201 scholia
1868 5162 1998 5217 quae
2029 5146 2347 5203 Garnerius
2374 5145 2751 5217 neglexerat.)

427 5493 548 5548 Col.
663 5494 850 5596 Toiivév
900 5495 1083 5596 civilmc
1111 5499 1352 5596 "Harpe;
1399 5501 1563 5596 ἡμῶν
1593 5501 1882 5596 Βαςιλεςου
1914 5504 2007 5596 ἆρ-

2183 5507 2303 5596 (ξοξὶ.
2336 5504 2370 5558 5
2400 5505 2444 5558 A
2558 5501 2628 5596 ξῇ
2655 5504 2744 5574 (γε
2775 5499 3126 5571 interlitum)
3155 5497 3486 5568 ἀξιοπιστίᾳ.

405 5562 720 5646 ιξπισκὸπου
754 5562 1066 5646 Καισαρξίας
1097 5562 1494 5646 ’Καππαδοκίας
1543 5573 1738 5646 ὁμιλία
1781 5575 1855 5637 εἷς
1901 5562 1998 5644 τῆν

395 5635 689 5710 Εξαήμερον
722 5635 936 5712 πρώτη.
967 5641 1053 5697 Ἐν
1085 5641 1232 5717 ἀρχῇ
1267 5643 1540 5715 ἐποίησεν.

2183 5582 2230 5629 Α
2261 5578 2315 5631 8.
2347 5568 2625 5628 καταϐαλό
2636 5568 2817 5645 μένος.

2181 5656 2227 5703 Α
2255 5649 2306 5703 7.
2342 5648 2575 5714 Μωσῆς,
2624 5640 2653 5698 ΰ
2715 5644 3232 5716 suprascriptum;
3283 5642 3423 5697 item
3462 5640 3618 5695 linea
3675 5654 3775 5695 se-
