4054 6206
298 430 997 448 κωμμήμ-μη
1016 430 1109 433 ν-ήςν
1126 418 1935 433 μο-...ηοςι--η
1978 430 1979 433 η
2288 414 2373 420 -μ
2398 414 2453 431 TV
2532 413 2543 416 -
2602 412 2729 417 κν
2750 410 2789 415 μμ
2810 408 2931 417 κγ,
2948 404 3391 419 -..Ἀηῆ
3412 404 3459 408 κέ.

442 430 2554 474 ΜΜ-ῌ
2592 432 3483 447 »ΜΨ--

1481 661 2281 779 PRZEFATIO.

1851 907 1926 927 h—

348 1107 984 1188 Hieronymianorum
1041 1096 1304 1160 editioni
1353 1109 1618 1173 Operum
1657 1105 1887 1151 novem
1937 1086 2070 1148 fere
2127 1090 2273 1147 ante
2323 1100 2526 1144 annos
2586 1083 2880 1143 adornari
2939 1088 3186 1160 emptae,
3247 1083 3499 1160 tempo-

275 1229 408 1273 rum
451 1177 686 1269 deinde
721 1197 1228 1264 difﬁcultatibus,
1291 1189 1677 1270 privatisque
1713 1187 2045 1247 oculorum
2095 1180 2559 1252 incommodis,
2597 1179 2926 1240 retardataa
2982 1177 3222 1238 diutius
3276 1182 3504 1256 paulo,

276 1323 460 1386 quam
495 1303 806 1384 facturum
851 1312 951 1356 me
989 1305 1380 1370 receperam,
1419 1293 1760 1346 extremam
1794 1282 2076 1358 denique
2133 1294 2384 1339 manum
2425 1277 2686 1353 impono
2740 1289 2754 1335 :
2795 1282 2858 1336 et
2908 1275 2960 1338 si
2996 1276 3144 1355 quis
3186 1287 3280 1337 est
3325 1278 3510 1340 locus

276 1372 666 1464 excusationi
718 1392 884 1472 apud
936 1404 1154 1464 (equos
1188 1401 1397 1446 rerum
1455 1396 1737 1442 mearum
1774 1377 2217 1440 aestimatores.
2275 1372 2408 1433 dari
2473 1373 2766 1444 obsecro,
2829 1377 2889 1432 et
2933 1373 3179 1433 veniam
3215 1391 3326 1451 pro
3361 1392 3502 1451 gra-

276 1500 357 1559 tia
391 1494 614 1557 studiis
651 1467 802 1550 meis
832 1504 904 1546 ac
941 1481 1260 1545 laboribus
1310 1494 1562 1557 precor.
1595 1474 1867 1553 Quippe,
1899 1471 2074 1551 quod
2107 1471 2244 1548 ipse
2287 1467 2441 1529 olim
2479 1468 2541 1528 S.
2585 1467 2762 1528 Pater
2817 1475 3114 1529 causatus
3145 1485 3258 1546 pro
3289 1485 3356 1529 se
3390 1476 3505 1542 est,

279 1593 472 1672 probe
522 1588 710 1657 novi,
771 1583 1080 1646 Naturam
1123 1574 1546 1656 hujuscemodi
1598 1573 1920 1672 hominum
1970 1585 2138 1638 esse,
2193 1572 2261 1623 ut
2294 1581 2419 1623 non
2469 1569 2706 1622 tantam
2747 1563 3020 1640 gratiam
3063 1562 3333 1624 habeant
3385 1585 3506 1644 pro

277 1660 399 1762 his,
441 1704 572 1766 qua,»
601 1682 925 1753 ινεὺιιεγίε,
975 1683 1273 1757 quantum
1309 1669 1584 1730 dolorem
1631 1685 1822 1746 super
1866 1660 1962 1724 his
2005 1680 2138 1741 quae
2184 1661 2530 1735 negaveris.
2574 1701 2592 1718 .
2632 1699 2646 1716 .
2685 1703 2699 1718 .
2741 1701 2758 1722 .
2809 1660 3056 1720 Minore
3092 1663 3256 1721 enim
3297 1663 3509 1725 studio

277 1755 537 1848 virtutes
579 1780 926 1850 laudamus,
982 1755 1164 1853 quam
1211 1771 1366 1832 vitia
1414 1765 1924 1846 reprehendimus
1959 1759 2174 1853 (Pref.
2230 1755 2340 1816 lib.
2394 1774 2481 1853 xu
2526 1756 2593 1853 in
2639 1756 2921 1835 Ezech.).
2961 1757 3080 1820 Sed
3129 1759 3259 1822 [NBG
3314 1762 3508 1824 missa

279 1881 600 1944 faciamus.
621 1877 853 1937 Eccum
886 1850 1118 1941 ipsum,
1146 1881 1273 1947 quo
1304 1861 1593 1926 collectio
1620 1866 1830 1921 nostra
1858 1853 2064 1917 omnis
2091 1851 2254 1912 libro
2282 1850 2705 1922 concluditur,
2730 1860 2791 1913 et
2813 1853 3017 1914 datam
3047 1854 3298 1932 publico
3325 1858 3510 1918 ﬁdem

281 1975 690 2039 exsolvimus.

365 2067 826 2148 Comp'ectitur
856 2069 1064 2123 tomus
1111 2059 1228 2119 iste
1259 2055 1516 2119 ultimus
1549 2062 2001 2118 suerosrrrru,
2034 2043 2160 2104 sive
2193 2060 2334 2122 qua)
2363 2044 2514 2105 olim
2543 2041 2770 2123 scripta
2807 2054 3026 2107 sancto
3068 2045 3324 2125 quidem
3357 2050 3510 2112 Ilie-

281 2141 550 2242 ronymo
579 2162 870 2224 attributa
903 2162 1084 2231 sunt,
1111 2155 1480 2234 junctaque,
1529 2156 1635 2209 aut
1673 2147 1860 2207 etiam
1913 2142 2208 2204 immiSIa
2254 2142 2416 2202 veris
2445 2141 2683 2218 ingenii
2720 2142 2854 2220 ejus
2881 2142 3114 2204 fetibus
3149 2161 3165 2217 ;
3205 2164 3268 2206 re
3300 2159 3511 2209 autem

281 2236 429 2320 vera
459 2256 538 2316 ab
588 2254 730 2314 aliis
775 2256 944 2322 sunt,
978 2265 1107 2308 non
1155 2245 1235 2307 ab
1272 2243 1412 2322 ipso
1453 2241 1774 2302 adornata.
1827 2237 1970 2308 Quae
2007 2255 2148 2299 cum
2183 2253 2438 2316 prorsus
2477 2236 2828 2308 eliminare,
2880 2237 3086 2312 deque
3119 2247 3329 2302 vetere
3363 2261 3511 2320 pos-

283 2355 567 2418 sessione
589 2350 881 2427 dejicere,
917 2341 1478 2422 impraesentiarum
1514 2352 1641 2396 non
1687 2333 1868 2394 liceat
1913 2330 2212 2412 (quodam
2263 2334 2435 2393 enim
2469 2332 2646 2409 quasi
2696 2331 2951 2393 vernilis
2990 2333 3229 2395 sobolis
3256 2339 3400 2414 jure
3432 2340 3514 2401 ad

287 2467 431 2512 eum
463 2446 792 2526 spectant),
834 2439 1144 2517 reliquum
1181 2451 1375 2497 unum
1411 2439 1504 2493 est
1541 2430 1743 2502 nobis,
1799 2427 2101 2490 familiam
2136 2428 2295 2489 hanc
2328 2427 2534 2490 facere
2565 2427 2796 2489 alicubi
2833 2445 2909 2488 ex
2962 2432 3122 2492 mala
3154 2433 3504 2496 meliuscu-

288 2547 437 2618 lam,
473 2524 551 2604 ex
581 2540 796 2618 ignota
825 2535 974 2598 alibi
1016 2544 1249 2603 notam,
1302 2548 1381 2592 ex
1412 2525 1830 2604 incomposita
1864 2525 2337 2586 ordinatiorem.
2372 2526 2528 2585 Cum
2563 2524 2786 2602 primis
2817 2541 2969 2586 vero
3005 2526 3289 2590 delectus
3323 2532 3500 2610 capi-

286 2647 423 2703 tum
453 2635 780 2699 habendus
809 2651 823 2693 :
863 2641 993 2692 tum
1023 2631 1102 2690 de
1140 2626 1408 2703 singulis
1444 2622 1720 2686 ferenda
1748 2621 2086 2682 sententia.
2121 2620 2364 2697 Scripta
2398 2621 2609 2696 itaque
2650 2619 2777 2692 illa,
2809 2637 2950 2698 qua;
2987 2639 3115 2684 non
3147 2629 3337 2688 modo
3369 2646 3509 2689 cer-

287 2743 418 2798 tum
456 2745 950 2814 germanamque
978 2733 1299 2788 auctorem
1339 2737 1523 2783 suum
1555 2725 1836 2789 nossent,
1871 2715 2382 2796 inscriptumque
2438 2717 2618 2778 titulo
2660 2735 2891 2779 nomen
2943 2722 3311 2795 przeferrent
3348 2749 3362 2786 :
3400 2729 3509 2788 sed

287 2833 356 2894 in
389 2834 650 2912 ejusmet
681 2829 864 2889 etiam
901 2824 1179 2887 editione
1209 2835 1477 2900 Operum
1507 2817 1692 2892 vulgo
1729 2820 2108 2893 proslarent,
2146 2813 2341 2889 gradu
2377 2813 2838 2874 submovimus.
2879 2817 3304 2898 Praeterquam
3343 2824 3509 2884 enim

288 2909 460 3008 quod
499 2927 767 2987 otiosum
799 2923 986 3002 plane
1013 2925 1199 2996 atque
1237 2917 1529 2994 ineptum
1561 2918 1679 2980 est.
1715 2909 1951 2972 centies
1983 2913 2282 2970 recudere
2318 2926 2444 2969 non
2480 2926 2596 2970 suo
2630 2911 2767 2972 loco
2797 2957 2811 2982 ,
2843 2930 2985 2990 quae.
3015 2933 3131 2976 suo
3164 2917 3417 2993 habeas,
3456 2933 3516 2982 et

289 3003 730 3085 collectionem
771 3034 1034 3081 onerare
1069 3013 1274 3076 inutili
1315 3010 1736 3088 scriptionum
1769 3013 1939 3067 strue
1972 3023 1990 3064 :
2024 3020 2212 3066 nemo
2244 3003 2351 3066 illa
2381 3022 2659 3085 unquam
2685 3009 2850 3085 apud
2885 3009 3366 3089 Hieronymum,
3402 3020 3514 3078 sed

276 3122 457 3198 apud
485 3124 805 3180 auctorem
837 3129 1021 3176 suum
1058 3109 1338 3190 requirat
1369 3125 1383 3167 :
1423 3123 1622 3183 eaque
1659 3102 1909 3164 laudem
1946 3101 2505 3198 quidemaliquam
2532 3149 2546 3176 ,
2579 3120 2708 3165 non
2742 3121 2818 3165 ex
2857 3107 3127 3184 quadam
3164 3111 3256 3170 sui
3292 3122 3465 3187 parte
3495 3163 3512 3189 ,

288 3196 398 3280 sed
429 3233 505 3277 ex
533 3216 777 3290 integro
809 3213 1113 3274 contextu
1143 3221 1410 3284 Operum
1443 3203 1736 3264 habeant.
1784 3199 1856 3258 Et
1887 3213 2037 3257 sane
2070 3198 2175 3276 qui
2211 3196 2344 3258 hmc
2377 3198 2582 3260 editor
2623 3201 2918 3278 negligat,
2953 3211 3062 3264 aut
3096 3205 3160 3267 in
3200 3206 3314 3269 hac
3366 3228 3514 3271 cru-

291 3309 553 3374 ditionis
588 3319 756 3388 parte
787 3307 1096 3376 laborare,
1128 3311 1233 3362 aut
1265 3301 1396 3360 suis
1424 3305 1596 3360 certe
1645 3295 1866 3358 studiis
1929 3296 2366 3371 tectorumque.
2399 3295 2646 3356 utilitati
2682 3314 2898 3375 parum
2931 3302 3264 3364 consulere
3299 3304 3514 3366 videa-

291 3417 409 3469 tur.
457 3407 642 3465 Bedai
699 3411 868 3482 puta,
917 3410 978 3462 et
1021 3397 1333 3468 Rhabani,
1390 3411 1658 3474 quorum
1713 3396 1891 3454 erant
1936 3389 2208 3452 maxima
2256 3405 2334 3450 ex
2385 3404 2584 3470 parte,
2634 3409 2774 3469 qum
2827 3393 2972 3457 hinc
3009 3401 3518 3477 amandavimus,

289 3527 488 3591 Opera
543 3509 608 3567 in
674 3522 866 3566 unum
925 3503 1189 3564 collecta
1263 3501 1421 3559 nulli
1486 3517 1611 3560 non
1682 3501 1829 3558 sunt
1889 3496 1956 3554 in
2017 3500 2354 3571 promptu,
2419 3502 2480 3554 ut
2543 3497 2828 3573 quaedam
2895 3516 2974 3560 ex
3041 3518 3258 3565 eorum
3332 3512 3518 3572 Com-

291 3587 612 3661 mentariis
670 3595 990 3676 particula
1024 3595 1182 3652 inter
1233 3591 1600 3668 Hieronymi
1641 3587 1960 3650 subdititia
1993 3590 2226 3668 scripta
2266 3590 2389 3652 sint
2424 3593 2822 3654 recudendaz.
2897 3596 3115 3658 Contra
3176 3599 3346 3664 hunc
3374 3605 3520 3684 jure

291 3697 410 3757 sibi
470 3695 783 3756 vindicant
830 3693 1035 3750 locum
1063 3736 1095 3770 ,_
1137 3705 1276 3767 qua)
1327 3688 1574 3748 tametsi
1627 3693 1868 3746 certum
1927 3694 2248 3747 auctorem
2300 3686 2615 3762 habeant,
2663 3699 2768 3751 aut
2832 3691 2979 3752 alibi
3025 3699 3256 3767 tamen,
3329 3719 3519 3780 quam

297 3791 460 3870 apud
523 3793 857 3855 Nostrum,
927 3784 1204 3864 reperire
1270 3799 1396 3843 non
1458 3790 1587 3853 est,
1647 3791 1756 3842 aut
1819 3784 2173 3860 peregrinis
2235 3785 2300 3843 in
2356 3783 2509 3845 locis
2560 3789 2725 3863 apud
2779 3787 2984 3861 alios,
3047 3798 3106 3850 et
3162 3810 3307 3869 quae
3367 3797 3516 3859 hinc

295 3887 582 3949 exsulare
639 3886 686 3945 si
739 3885 1000 3961 jubeas,
1057 3881 1241 3942 facile
1314 3896 1459 3940 cum
1525 3878 1617 3939 rei
1680 3878 1990 3938 litterariae
2065 3879 2398 3956 dispendio
2457 3880 2856 3942 intercidant.
2923 3884 3296 3962 Ilujusmodi
3372 3902 3521 3953 sunt

293 3984 585 4061 ingentes
621 3983 685 4041 in
723 3978 896 4040 Pauli
947 3976 1259 4055 Epistolas
1309 3975 1550 4052 Pelagii
1588 3973 2066 4046 Commentarii,
2115 3974 2388 4036 hominis
2427 3974 2700 4038 haeretici
2753 3987 2814 4038 et
2851 3979 3243 4058 Hieronymo
3303 3986 3515 4048 infen-

291 4081 551 4151 sissimi,
589 4085 655 4138 ut
690 4076 889 4153 magis
920 4074 1190 4146 mireris,
1241 4072 1454 4133 haberi
1504 4087 1778 4150 unquam
1824 4086 1936 4149 pro
1969 4071 2480 4149 Hicrouymianis
2532 4073 2828 4151 potuisse.
2871 4075 3003 4136 Alia
3051 4077 3111 4137 id
3148 4096 3344 4156 genus
3378 4096 3522 4144 sum

289 4177 626 4256 pleraque.

372 4273 491 4332 Sed
534 4278 589 4331 et
625 4271 814 4331 multa
847 4276 1047 4337 erant,
1075 4285 1215 4328 cum
1250 4285 1283 4328 e
1313 4283 1492 4338 mss.,
1527 4277 1660 4328 tum
1693 4283 1770 4327 ex
1801 4265 1985 4326 editis
2027 4265 2203 4327 libris
2235 4267 2401 4338 ali's,
2439 4266 2560 4328 huc
2596 4265 3057 4343 transferenda,
3091 4288 3232 4350 qua;
3281 4273 3344 4333 in
3380 4274 3524 4336 aliis

291 4369 680 4428 editionibus
703 4367 984 4437 deerant,
1018 4373 1077 4425 et
1108 4365 1185 4424 ad
1210 4362 1772 4441 Ilieronymianam
1813 4361 2074 4434 hancce,
2111 4379 2298 4438 quam
2333 4363 2628 4436 diximus,
2662 4363 2960 4425 familiam
2989 4366 3134 4444 jure
3171 4371 3524 4450 meritoque

290 4464 738 4542 pertinebant;
787 4478 904 4522 nec
952 4459 1280 4520 ferendum
1327 4467 1481 4531 erat,
1533 4465 1602 4519 ut
1652 4459 1792 4519 aliis
1823 4465 2015 4535 atque
2063 4460 2202 4517 aliis
2242 4476 2318 4518 ex
2372 4458 2546 4518 libris
2590 4467 3046 4537 repeterentur.
3103 4465 3186 4524 Ex
3232 4466 3330 4526 his
3379 4484 3520 4528 cum

286 4560 589 4638 Epistolae
630 4557 950 4618 nonnullae
977 4601 993 4630 ,
1039 4573 1154 4617 nec
1197 4556 1430 4617 infimas
1473 4561 1577 4616 aut
1615 4555 1814 4617 astatis
1841 4600 1856 4627 ,
1911 4562 2017 4616 aut
2049 4563 2236 4624 notae,
2289 4565 2417 4616 tum
2459 4555 2952 4617 vetustissimum
2994 4560 3520 4640 Martyrologium

221 4705 228 4710 .
286 4657 878 4735 Hieronymianum,
933 4661 992 4714 et
1019 4652 1224 4724 boum,
1280 4653 1330 4712 si
1378 4653 1520 4730 quis
1568 4671 1852 4732 unquam
1900 4653 2063 4713 alius
2115 4651 2336 4728 frugis,
2381 4651 2537 4712 liber
2567 4660 2682 4722 est,
2735 4653 2841 4732 qui
2877 4655 3090 4716 Comes
3141 4658 3525 4720 inscribitur.

286 4760 665 4830 Quanquam
701 4769 826 4813 non
862 4751 958 4811 bic
987 4749 1210 4826 agitur,
1254 4767 1441 4826 quam
1471 4749 1622 4810 boni
1655 4750 1790 4810 libri
1829 4751 1982 4819 sint,
2017 4764 2178 4822 quos
2210 4746 2616 4818 sutfecimus,
2650 4747 2760 4808 sed
2791 4764 2869 4808 an
2904 4749 3122 4812 referri
3161 4753 3284 4815 huc
3337 4765 3529 4836 atque

287 4845 520 4904 eodem
544 4860 684 4903 cum
718 4840 976 4918 reliquis
1005 4839 1423 4917 supposititiis
1455 4840 1584 4900 lare
1615 4841 1704 4901 uti
1726 4841 2025 4904 debeant.

387 4940 643 5001 Delectu
672 4938 748 4998 ad
783 4937 951 4997 hunc
987 4938 1240 4996 modum
1277 4934 1490 4998 habito
1519 4983 1534 5010 ,
1569 4947 1644 5000 et.
1666 4945 1875 5016 parata
1908 4941 2248 5002 voluminis
2280 4942 2536 5002 materia
2559 4984 2574 5010 ,
2606 4941 2667 5000 in
2707 4947 2909 5019 partes
2940 4958 3018 5004 ex
3048 4944 3191 5022 ipso
3240 4949 3532 5027 scriptio-

287 5055 447 5100 num
482 5035 734 5111 ingenio
765 5032 1092 5092 tribuenda
1122 5030 1263 5092 fuit.
1322 5033 1616 5094 Erasmus
1657 5035 1808 5094 olim
1847 5037 2054 5097 omnia
2097 5037 2159 5096 in
2199 5037 2487 5114 quinque
2531 5036 2718 5097 veluti
2768 5039 3000 5099 classes
3048 5039 3330 5118 digessit,
3371 5061 3533 5118 qua-

286 5149 433 5196 rum
468 5132 670 5210 prima
699 5129 1182 5190 continerentur
1218 5135 1286 5187 τὰ
1319 5136 1642 5206 ἀμφιϐοὶῶς
1676 5138 1828 5201 vdeat,
1862 5133 1990 5192 sive
2026 5132 2154 5201 illa,
2211 5134 2289 5193 de
2338 5132 2571 5210 quibus
2601 5133 2827 5209 ambigi
2871 5141 3099 5208 posset,
3155 5137 3528 5216 Hieronymi

286 5239 528 5298 essent,
582 5243 777 5287 necne
825 5244 840 5286 :
892 5228 1081 5290 altera
1112 5233 1533 5304 ψευδεπίγραφα
1569 5227 1780 5301 docta,
1813 5229 1874 5288 id
1915 5237 2030 5300 est,
2063 5247 2204 5308 quae
2255 5230 2416 5290 falso
2471 5230 2726 5308 quidem
2769 5229 3068 5309 inscripta
3096 5233 3182 5292 illi
3212 5243 3383 5306 sunt,
3419 5239 3531 5299 sed

289 5327 728 5386 eruditionem
782 5332 988 5386 tamen
1045 5327 1319 5402 aliquam
1359 5340 1484 5400 prae
1517 5340 1582 5383 se
1617 5322 1881 5396 ferunt;
1943 5330 2126 5386 tertia
2178 5343 2319 5403 qum
2355 5343 2470 5386 nec
2528 5329 2690 5385 lectu
2731 5325 2922 5402 digna
2978 5328 3369 5404 videbantur,
3417 5335 3530 5395 sed

281 5421 545 5482 indocta
577 5439 836 5500 pr0rsus
866 5432 1056 5500 atque
1097 5421 1358 5482 infantia
1399 5441 1412 5478 :
1455 5430 1675 5497 quarta
1737 5422 2068 5484 manifesto
2105 5422 2333 5494 aliena,
2369 5437 2761 5499 suorumque
2794 5432 3122 5486 auctorum
3159 5429 3528 5492 nominibus

285 5527 662 5596 prtenutata,
699 5526 843 5594 puta
877 5519 1203 5596 epistolas,
1238 5535 1398 5592 quas
1423 5517 1500 5578 ad
1533 5519 1992 5596 Hieronymum
2035 5516 2267 5577 dedere
2301 5519 2622 5589 Damasus,
2661 5519 3078 5595 Augustinus,
3115 5523 3527 5602 Epiphanius,

281 5624 482 5693 atque
513 5616 639 5682 alii.
662 5614 1020 5690 Catalogum
1053 5614 1197 5674 item
1229 5613 1620 5691 Scriptorum
1650 5613 1984 5674 illustrium
2001 5611 2336 5680 Gennadii,
2359 5620 2419 5672 et
2442 5613 2729 5690 quaedam
2789 5615 2992 5674 Ruﬁni
3022 5623 3363 5696 cpuecula;
3405 5639 3522 5701 ρο-

284 5718 548 5784 strema,
591 5728 730 5787 quae
761 5727 888 5769 non
924 5709 1106 5768 unius
1139 5711 1415 5774 auctoris
1450 5708 1678 5786 stylum
1718 5708 2100 5785 redolereut,
2148 5709 2416 5771 maxime
2457 5727 2603 5772 vero
2656 5724 3034 5790 apparerent
3071 5733 3144 5776 ex
3207 5717 3517 5796 Hieron].

410 5874 506 5960 Ὃ
693 5816 964 5875 Ρλτιιοι..
1025 5815 1214 5874 XXX.

1942 5903 1948 5908 .
3143 5824 3165 5882 1

209 5975 344 6075 ’ἒς
