4054 6206
2328 178 2355 198 Ι

480 343 537 409 li
1882 338 2309 399 PRIEFATIO.
3644 333 3713 398 12

480 459 705 521 mianis
735 458 987 539 scriptis
1025 456 1314 520 collecta.
1348 458 1546 528 Quam
1572 461 1780 516 tamen
1818 456 2115 523 Classem,
2149 467 2291 512 cum
2334 450 2396 511 in
2430 448 2592 512 hanc
2626 448 2945 512 maluisset
2988 448 3054 512 in
3084 447 3526 529 superioribus
3559 464 3711 526 pec-

480 573 619 618 care
656 564 916 632 partem,
946 564 1011 617 ut
1044 572 1190 634 quas
1225 554 1426 632 magis
1453 553 1529 613 ad
1564 552 1931 612 inferiorem
1990 548 2286 610 ordinem
2328 545 2755 626 pertinebant,
2796 546 2858 605 in
2916 545 3200 624 proxime
3253 542 3712 624 prmcedentrm

481 650 767 726 referret,
801 667 929 710 uno
979 650 1111 711 fere
1157 647 1625 711 Commentario
1655 648 1724 708 in
1758 647 2041 707 Psalmos
2076 642 2374 707 absolvit.
2424 641 2638 718 Neque
2688 657 2837 702 vero
2892 641 3029 702 haec
3079 640 3344 719 preprio
3392 638 3718 701 volumine
3761 719 3764 723 ἢ

479 749 688 810 omnia
726 747 1236 828 comprehendit,
1285 747 1395 809 sed
1430 747 1831 807 materiarum
1852 742 2144 804 ordinem
2176 746 2453 811 secutus,
2483 753 2768 797 seorsum
2804 735 3062 815 quidem
3094 752 3128 798 a
3161 736 3463 813 genuinis
3494 743 3718 813 quarto

480 856 653 908 torno
696 845 1006 924 Epistolas
1038 852 1099 906 et
1140 844 1423 906 breviora
1450 841 1759 920 opuscula
1793 840 2013 909 edidit,
2044 833 2548 901 Commentarios
2584 839 2795 893 autem
2835 832 3137 911 septimo,
3169 838 3416 902 octavo,
3458 838 3518 892 et
3553 848 3720 890 nono

483 942 693 1015 tomis,
730 944 963 1003 lectore
992 947 1234 1002 tantum
1266 938 1611 1011 admonito,
1645 935 2168 1016 Hieronymianis
2218 929 2580 994 immiscuit.
2636 930 2813 990 Hanc
2851 929 3169 1020 Victorius
3207 929 3601 990 sortitionem
3642 946 3718 987 ex

480 1043 727 1119 integro
763 1046 1019 1101 secutus
1054 1048 1146 1098 est
1179 1053 1194 1099 :
1225 1040 1628 1099 Martianazus
1652 1054 1729 1099 ex
1764 1039 2478 1116 parte,Commentarios
2507 1046 2822 1119 siquidem
2848 1032 3017 1096 haud
3049 1049 3308 1113 paucos,
3343 1039 3410 1092 ut
3443 1040 3502 1091 et
3536 1047 3720 1089 unam

479 1148 671 1216 atque
710 1136 965 1197 alteram
1017 1134 1403 1213 exegeticam
1454 1135 1783 1214 epistolam
1825 1136 1887 1195 in
1924 1135 2280 1214 appendice
2330 1138 2595 1198 secundi
2649 1135 2803 1198 tomi
2878 1130 3158 1211 digessit,
3192 1128 3268 1191 ad
3307 1144 3500 1189 sacrae
3553 1126 3680 1185 Scri

477 1242 679 1313 pturze
709 1230 1199 1312 explicationem
1255 1228 1389 1292 fere
1439 1231 1900 1305 continentem,
1957 1232 2190 1311 quibus
2221 1231 2378 1293 locis
2410 1233 2539 1293 veri
2572 1228 3053 1309 Hieronymiani
3091 1231 3385 1288 tractatus
3416 1224 3673 1283 deerant
3705 1264 3719 1287 ,

477 1328 895 1411 supposititiis
949 1327 1391 1407 supplendam.
1455 1328 1795 1405 Reliquam
1861 1328 2182 1406 ingentem
2242 1328 2668 1406 Epistolarum
2733 1342 2915 1405 reque
2968 1329 3158 1403 atque
3219 1319 3691 1384 Commentario

476 1446 615 1490 rum
649 1436 886 1488 struem
919 1425 983 1485 in
1016 1424 1175 1485 duas
1202 1422 1393 1484 veluti
1430 1430 1638 1502 partes
1670 1439 1748 1484 ex
1780 1423 1921 1503 ipso
1950 1423 2370 1505 scriptionum
2402 1423 2665 1502 ingenio
2699 1422 3024 1484 distinctas
3083 1419 3308 1497 quinto
3338 1417 3466 1477 sive
3499 1415 3724 1475 u‘timo

477 1522 786 1585 editionis
838 1538 966 1601 sua;
1020 1526 1193 1581 tomo
1247 1518 1756 1599 comprehendit.
1808 1520 1929 1582 Sed
1977 1520 2144 1581 enim
2203 1521 2633 1582 Erasmianum
2693 1518 3019 1599 exemplar
3067 1517 3133 1578 in
3186 1517 3285 1577 his
3315 1513 3724 1588 descripsisse

476 1621 629 1680 satis
687 1616 930 1689 habuit,
988 1632 1103 1678 nec
1138 1632 1287 1676 mss.
1351 1614 1642 1678 codicum
1695 1616 1957 1687 auxilio,
2011 1632 2129 1679 nec
2178 1614 2597 1678 litteratorum
2630 1617 2935 1696 jaminde
2968 1614 3045 1674 ab
3098 1615 3356 1674 Erasmo
3410 1608 3723 1671 feliciori-

478 1716 600 1774 bus
656 1712 933 1775 inventis
992 1727 1063 1773 ac
1112 1709 1369 1791 judiciis
1401 1710 1463 1772 in
1491 1727 1621 1773 rem
1678 1727 1854 1773 suam
1890 1727 2045 1773 usus
2093 1718 2207 1774 est.
2236 1713 2621 1791 Opusculum
2682 1711 2943 1792 quidem
2993 1726 3187 1770 unum
3238 1717 3425 1784 atque
3457 1706 3724 1766 alterum

479 1826 709 1871 novum
764 1807 1047 1882 addidit,
1109 1806 1432 1880 Canones,
1492 1807 1794 1887 inquam,
1846 1808 2303 1885 pwnitentioles
2346 1809 2547 1890 juxta
2601 1809 3075 1885 Hieronymum,
3137 1813 3191 1865 et
3247 1803 3725 1882 Expositionem

477 1905 968 1985 Evangrliorum
1024 1903 1097 1964 de
1165 1902 1338 1965 brevi
1405 1901 1805 1971 Proverbia;
1865 1905 1972 1965 sed
2033 1902 2167 1967 hac
2232 1904 2367 1983 ipsa
2430 1911 2600 1966 notae
2654 1903 2894 1966 infimae
2949 1903 3216 1983 scripta,
3276 1907 3369 1962 tot
3434 1898 3724 1959 vitiorum

478 2001 774 2064 monstris
819 1999 1047 2074 obsita,
1100 2005 1352 2078 tamque
1386 1997 1602 2060 multis
1654 1997 1813 2059 locis
1869 2007 2189 2079 corrupta,
2223 2018 2294 2063 ac
2329 2018 2522 2064 sensu
2569 2002 2876 2074 carentia,
2907 2006 2976 2061 ut
3009 2000 3099 2061 rei
3136 1996 3456 2059 litterariae
3512 1993 3715 2067 magis

480 2096 877 2160 ionsuluisse
936 2095 1134 2157 videri
1197 2102 1433 2176 posset,
1485 2094 1537 2155 si
1595 2095 1674 2155 ab
1731 2094 2100 2173 evulgandis
2138 2097 2568 2161 abstinuisset.
2604 2099 2841 2162 Cretera
2903 2097 3110 2171 caecis,
3168 2105 3239 2159 ut
3295 2098 3493 2163 aiunt.
3527 2093 3727 2156 oculis

478 2198 800 2258 Erasmum
854 2201 1132 2262 secutus,
1175 2198 1235 2252 et
1291 2191 1520 2252 seriem
1576 2189 1746 2250 illam
1786 2190 2165 2270 tripartitam
2229 2195 2531 2274 religiose
2585 2195 2965 2270 observavit,
3027 2204 3088 2257 et
3153 2192 3324 2274 quod
3385 2193 3475 2254 rei
3533 2195 3727 2269 caput

483 2300 596 2365 est,
634 2305 940 2353 censuras
968 2288 1140 2366 ipsas
1187 2284 1586 2347 Erasmianas
1613 2284 1679 2345 in
1712 2292 1880 2348 tanta
1921 2287 2266 2352 litterarum
2308 2291 2470 2367 luce,
2502 2293 2582 2355 de
2618 2308 2733 2355 suo
2766 2290 2920 2353 nihil
2961 2307 3182 2365 ausus,
3218 2288 3478 2352 totidem
3514 2284 3725 2349 verbis

483 2388 783 2450 retinuit.

562 2525 675 2587 Bis
704 2523 1015 2587 medelam
1047 2521 1370 2591 adhibere,
1397 2528 1751 2586 nostrarum
1800 2541 1916 2587 nos
1950 2526 2216 2604 partium
2247 2528 2571 2592 duximus.
2606 2530 2810 2608 Atque
2844 2527 3007 2590 adeo
3040 2526 3288 2600 omnia,
3318 2532 3425 2589 aut
3452 2543 3525 2588 ea
3558 2535 3728 2589 certe

484 2623 764 2702 scripta,
799 2637 1071 2700 quorum
1110 2626 1315 2683 vetera
1349 2636 1500 2681 mss.
1555 2621 1939 2698 exemplaria
1996 2626 2257 2702 reperiri
2301 2634 2668 2706 potuerunt,
2725 2624 3050 2704 exegimus
3100 2626 3174 2686 ad
3235 2640 3454 2686 eorum
3514 2624 3728 2695 ﬁdem,

479 2718 846 2799 improbum
883 2717 1185 2789 laborem,
1219 2716 1328 2794 qui
1358 2715 1615 2776 cederet
1646 2716 1708 2777 in
1744 2717 2003 2779 lectoris
2061 2718 2415 2793 utilitatem,
2453 2737 2637 2801 ως]υο
2695 2719 2906 2783 animo
2959 2720 3367 2782 sustinentes.
3406 2722 3561 2782 Tum
3598 2720 3728 2783 sin-

483 2816 647 2894 gulis
677 2814 753 2877 ad
788 2815 1082 2875 trutinam
1119 2810 1450 2885 revocatis,
1491 2826 1635 2890 quin
1683 2814 1757 2873 ad
1796 2810 1959 2874 hanc
2012 2813 2482 2878 inslaurandam
2516 2817 3034 2893 Hieronymiante
3090 2816 3318 2878 domus
3356 2816 3729 2897 supellecti-

483 2912 611 2974 lem
649 2910 1005 2975 necessaria
1043 2917 1147 2970 aut
1206 2913 1566 2987 Opportuna
1627 2906 2018 2980 viderentur,
2068 2916 2131 2971 et
2160 2928 2302 2991 quae
2330 2929 2542 2987 secus,
2571 2913 3010 2989 expendimus.
3074 2914 3208 2974 Prw
3235 2916 3484 2976 caeteris
3518 2931 3730 2994 operae

485 3012 757 3093 pretium
795 3019 948 3085 erat,
976 3009 1142 3071 ferre
1171 3008 1249 3070 de
1287 3007 1559 3087 singulis
1588 3000 1965 3072 s'cntentiam
1996 3034 2016 3074 :
2056 3017 2245 3092 atque
2273 3013 2437 3078 hanc
2461 3033 2766 3096 perquam
2800 3033 2953 3078 sane
2987 3015 3303 3079 difﬁcilem
3337 3018 3724 3096 provinciam

485 3109 795 3188 cepimus,
832 3108 912 3168 de
960 3108 1126 3186 stylo
1184 3113 1245 3167 et
1320 3107 1637 3181 personati
1689 3106 2023 3187 scriptoris
2061 3109 2321 3188 ingenio
2355 3112 2570 3173 tandiu
2624 3112 3096 3189 investigantes,
3134 3111 3343 3174 donec
3398 3120 3506 3174 aut
3542 3117 3730 3176 certis

482 3204 765 3279 indiciis,
798 3209 1055 3284 aul_non
1090 3202 1615 3281 improbabilibus
1651 3203 2057 3283 conjecturis,
2091 3206 2232 3284 quis
2267 3205 2370 3267 ille
2398 3206 2611 3282 fuerit,
2642 3207 2964 3269 detexisse
3000 3208 3113 3268 visi
3148 3225 3388 3269 sumus.
3422 3210 3732 3271 Censuras

486 3299 751 3378 proinde
777 3301 839 3360 in
867 3280 1115 3376 singula
1147 3300 1382 3380 scripta
1418 3314 1612 3362 novas
1641 3280 2377 3381 adornavimus,'quibus
2407 3308 2469 3363 et
2501 3280 2656 3364 ratio
2697 3300 3064 3383 scriptionis
3101 3303 3404 3377 redditur,
3432 3313 3495 3363 et
3533 3321 3721 3364 suum

484 3400 720 3477 cuique
752 3412 918 3476 opus
948 3395 1267 3467 tribuitur,
1307 3396 1587 3476 denique
1613 3395 1750 3457 sive
1776 3396 2016 3459 fraudis
2050 3397 2337 3470 librariae,
2379 3398 2510 3459 sive
2540 3416 2746 3475 casus,
2778 3401 2970 3478 atqhe
3010 3399 3493 3461 amanuensium
3520 3408 3728 3461 teme-

486 3495 689 3557 ritatis
728 3492 976 3554 occasio
1015 3491 1153 3571 ipsa
1204 3490 1598 3570 intelligitur.
1642 3494 1719 3554 Et
1761 3491 2097 3554 maximam
2140 3501 2310 3555 certe
2364 3501 2604 3574 partem
2654 3500 2979 3557 auctorum
3007 3540 3025 3570 ,
3080 3495 3191 3574 qui
3250 3499 3720 3575 propemodum

484 3592 961 3671 ignorabantur,
994 3590 1061 3651 in
1089 3598 1370 3670 apertam
1402 3591 1607 3653 lucem
1638 3591 2047 3671 protulimus,
2074 3591 2336 3671 preprio
2373 3590 2546 3653 cultu
2570 3599 2852 3667 ornatos,
2883 3592 3361 3671 eﬂ‘ecimusque,
3402 3601 3469 3653 ut
3502 3608 3732 3669 magno

486 3689 884 3767 Hieronymo
913 3687 1194 3750 ancillari
1222 3687 1411 3750 etiam
1442 3705 1591 3751 cum
1628 3689 1936 3768 dignitate
1969 3696 2250 3768 possent.
2920 3704 2932 3717 ’

565 3811 687 3874 Sed
724 3818 784 3873 et
809 3809 926 3872 alia
955 3808 1378 3889 praestitimus,
1412 3825 1554 3889 quae
1584 3809 1660 3871 ad
1692 3810 2049 3872 universam
2080 3810 2726 3888 Hleronymianorum
2771 3824 3036 3888 operum
3075 3808 3415 3892 editionem
3448 3811 3733 3871 numeris

488 3908 787 3972 omnibus
823 3907 1286 3970 absolvendam
1348 3912 1660 3986 spectant.
1709 3908 1916 3970 Vitam
1959 3908 2028 3969 S.
2053 3908 2426 3985 Hieronymi
2457 3908 2542 3987 (α)
2576 3924 2654 3966 ex
2690 3906 2826 3984 ejus
2863 3905 3175 3985 preecipue
3210 3907 3461 3986 scriptis
3518 3908 3732 3970 novis-

487 4007 644 4093 sime
685 4005 1207 4067 concinnavimus
1246 4021 1260 4064 :
1298 4021 1419 4083 qua
1450 4003 1609 4065 nihil
1642 4011 1738 4067 est
1769 4005 1845 4066 ad
1878 4004 2013 4085 ejus
2039 4004 2322 4084 Operum
2354 4003 2584 4065 seriem
2615 4008 3017 4082 mentemque
3058 4003 3351 4083 penitius
3384 4021 3731 4085 assequen-

489 4104 630 4165 dam
669 4109 1171 4166 consentaneum
1210 4102 1414 4179 magis
1446 4118 1517 4163 ac
1552 4102 2004 4163 neces<arium.
2039 4104 2238 4181 Atque
2268 4099 2385 4162 hac
2416 4106 2631 4161 tamen
2660 4097 2869 4172 laude,
2906 4116 3050 4178 quae
3076 4106 3355 4162 nostram
3386 4118 3735 4181 praecesse-

489 4206 659 4276 runt,
708 4198 1027 4262 editiones
1058 4196 1306 4273 omnes,
1358 4204 1464 4259 aut
1506 4197 1779 4261 meliore
1827 4205 1888 4261 et
1920 4198 2187 4261 maxima
2226 4214 2303 4259 ex
2339 4204 2535 4275 parte,
2591 4205 2698 4259 aut
2735 4213 2993 4276 prorsus
3032 4207 3400 4260 caruerunt.
3436 4200 3736 4263 Erasmus

495 4313 724 4376 nempe
764 4303 827 4357 et
852 4293 1173 4357 Victorius
1198 4310 1326 4355 non
1357 4300 1483 4355 tam
1514 4293 1721 4356 Vitam
1752 4296 1816 4357 S.
1847 4295 2159 4368 Doctoris,
2189 4310 2380 4375 quam
2414 4293 2862 4373 panegyricum
2896 4292 3324 4356 laudationem
3357 4296 3492 4376 ejus
3528 4295 3718 4358 ador-

492 4401 723 4455 narunt
754 4411 770 4455 :
801 4392 1205 4453 Martianaaus
1232 4389 1468 4451 nullam
1492 4390 1574 4452 de
1603 4406 1718 4452 suo
1748 4391 2038 4467 attexuit,
2070 4407 2186 4452 nec
2212 4390 2366 4452 tanti
2401 4389 2623 4451 habuit
2660 4406 2819 4470 quas
2856 4390 3089 4453 laudati
3124 4391 3403 4454 editores
3425 4395 3720 4473 prtBSt't'i—

488 4495 765 4569 pserant.
804 4487 1013 4549 Edidit
1038 4486 1307 4565 quidem
1347 4495 1565 4565 postea
1603 4486 1666 4546 ta
1688 4486 1786 4547 via
1818 4488 1891 4548 de
1922 4488 2091 4547 saint
2116 4487 2385 4562 Je’rdme,
2416 4485 2681 4559 Gallica,
2708 4493 2773 4548 ut
2816 4485 3008 4562 rides,
3034 4505 3163 4549 non
3206 4487 3421 4549 Latina
3471 4491 3682 4566 lingua
3720 4510 3737 4560 ;

487 4584 598 4647 sed
632 4601 770 4647 eam
801 4591 863 4646 et
898 4598 1190 4645 seorsum
1224 4581 1532 4661 peculiari
1570 4581 1759 4656 libro,
1784 4600 1916 4645 non
1950 4582 2213 4645 editioni
2253 4600 2382 4645 suae
2430 4582 2963 4662 subjungendam,
2999 4589 3057 4644 et
3092 4583 3345 4663 pietatis
3380 4584 3736 4646 cultoribus

486 4681 713 4759 magis,
745 4696 933 4760 quam
953 4677 1206 4760 cupidis
1231 4677 1614 4740 eruditionis
1641 4677 2011 4741 hominibus
2037 4679 2276 4740 utilem.
2304 4678 2577 4741 Nobisin
2606 4696 2678 4740 ea
2700 4679 3167 4741 conscribenda
3225 4679 3548 4740 historicas
3580 4698 3672 4742 VC!
3692 4684 3738 4741 i-

490 4780 637 4839 tatis
672 4779 832 4839 ratio
868 4776 1188 4856 precipua
1220 4772 1341 4837 fuit
1378 4792 1394 4837 :
1434 4792 1678 4856 perque
1709 4791 1911 4838 annos
1942 4775 2233 4853 singulos
2267 4790 2587 4853 gesmrum
2613 4775 3132 4855 scriptorumque
3165 4776 3230 4835 S.
3270 4776 3466 4836 Patris
3506 4781 3736 4838 seriem

488 4874 566 4936 ad
595 4871 866 4935 sanioris
898 4872 1153 4934 critices
1177 4865 1927 4949 regulas‘contexuimus.
1957 4872 2179 4951 Neque
2214 4888 2366 4935 vero
2395 4874 2615 4952 privati
2652 4870 2931 4934 hominis
2968 4870 3213 4932 erudita
3242 4872 3494 4948 negotia
3521 4891 3738 4937 τριτη-

487 4971 679 5033 senda
710 4977 911 5044 erant,
952 4969 1065 5030 sed
1112 4968 1543 5046 insigniorum
1594 4967 1660 5029 in
1708 4969 2016 5045 Ecclesia,
2067 4971 2245 5051 cujus
2289 4971 2395 5033 ille
2445 4971 2832 5050 cumprimis
2870 4971 3139 5049 gloriam
3181 4988 3291 5047 per
3323 4971 3385 5031 id
3435 4974 3741 5051 temporis

486 5066 813 5141 sustinuit,
847 5081 1058 5127 rerum
1096 5063 1740 5144 disputationumque
1777 5067 2083 5129 memoria
2112 5069 2347 5146 saepius
2376 5067 2745 5147 repetenda.
2782 5066 3106 5128 Breviores
3159 5067 3319 5128 alias
3358 5067 3552 5143 Vitas,
3585 5072 3735 5128 olnn

487 5162 571 5225 ab
609 5159 891 5240 antiquis
939 5158 1226 5236 scriptas,
1269 5175 1544 5238 quorum
1602 5168 1810 5222 tamen
1870 5162 2129 5225 nomina
2162 5165 2557 5244 ignorantur,
2588 5162 3051 5231 subnectimus,
3101 5178 3232 5223 non
3263 5163 3407 5224 sine
3444 5165 3731 5224 anima-J-

487 5259 887 5321 versionibus
916 5263 978 5319 et
1001 5255 1188 5329 notis,
1228 5255 1631 5336 aliorumque
1663 5259 2043 5321 accessione
2081 5261 2584 5341 Opusculorum,
2624 5274 2766 5337 quae
2797 5274 2874 5320 eo
2914 5256 3282 5337 pertinent,
3339 5270 3397 5320 et
3446 5260 3740 5337 proxima

486 5354 740 5434 pagella
772 5351 1101 5415 indicabit.
1140 5353 1213 5414 ln
1248 5351 1374 5415 line
1401 5352 1783 5416 instruimus
1808 5355 2233 5434 Conspectum
2264 5356 2574 5417 universa)
2612 5353 2918 5414 editionis
2954 5360 3210 5429 nostrae,
3244 5371 3386 5416 cum
3431 5353 3740 5416 distribu-

456 5460 663 5521 tione
696 5456 1142 5535 antiquarum,
1174 5459 1237 5518 et
1262 5455 1681 5519 Benedictina
1743 5465 2233 5536 comparatum:
2285 5457 2470 5537 cujus
2527 5472 2678 5536 ope,
2737 5469 2868 5517 uno
2923 5453 3184 5531 intuitu,
3241 5458 3744 5536 unumquodque

564 5688 641 5760 (ο)
679 5687 802 5745 Haec
844 5686 1111 5769 Vilahvisa
1145 5694 1244 5769 ‘est.
1277 5686 1435 5745 nobis
1476 5688 1666 5746 unctius
1702 5689 2063 5764 praeponenda
2105 5690 2165 5749 S.
2200 5663 2381 5749 Patris.
2430 5705 2656 5764 operum
2688 5699 2836 5750 tomo
2867 5692 3044 5765 primo
3082 5692 3174 5764 qui
3216 5690 3506 5749 vicesimus
3554 5705 3750 5749 secun-

489 5756 591 5817 dus
616 5756 699 5818 est
739 5769 936 5817 nostra:
964 5756 1314 5828 Patroiogiw.

3656 5962 3766 6062 ἒξ
