4056 6200
359 424 433 493 13
1780 428 1961 485 rima

1990 422 2205 486 uTto.
3523 423 3592 492 ιι

354 537 419 598 S.
450 537 647 599 Patris
678 537 1009 618 scriptum,
1056 544 1180 601 tam
1215 538 1383 618 apud
1420 555 1561 612 nos,
1601 555 1793 616 quam
1824 541 1994 619 apud
2049 539 2206 601 alios
2256 541 2550 617 reperias.
2616 538 2903 618 Denique
2963 538 3197 602 indices
3261 540 3590 619 generales

352 631 536 706 duos,
570 639 763 713 atque
790 649 903 696 eos
925 633 1187 713 quidem
1218 633 1415 699 multo
1455 634 1904 714 locupletiores
1946 634 2045 706 iis,
2098 638 2210 718 qui
2240 640 2509 717 singulis
2545 640 2728 702 tomis
2749 640 3066 717 subjuncti
3104 645 3252 701 sunt
3280 656 3294 700 :
3321 640 3595 701 alterum

354 728 638 790 omnium
660 745 893 805 rerum,
920 746 1068 810 qum
1088 730 1152 791 in
1176 729 1488 810 Operibus
1508 729 2032 808 Hieronymianis
2055 733 2350 796 omnibus
2373 743 2586 797 notatu
2604 734 2927 813 digniores
2949 734 3244 797 videntur
3275 757 3291 796 :
3317 733 3591 799 alterum

356 824 642 886 omnium
671 826 1012 905 Scriptum
1041 842 1233 889 sacrae
1291 825 1823 900 testimoniorum,
1857 841 1999 905 quae
2030 827 2097 889 in
2137 828 2365 893 iisdem
2407 831 2729 910 operibus,
2762 829 2945 906 locis,
2975 839 3043 894 ut
3066 831 3265 905 aiunt,
3300 831 3589 909 peregri-
3634 902 3643 911 ρ

359 919 460 981 nis
483 920 938 984 edisseruntur.

434 1046 637 1106 Unum
666 1054 1020 1124 supererat,
1049 1054 1121 1107 ut
1146 1061 1220 1111 ea
1257 1061 1401 1125 quae
1435 1060 1728 1124 peccasse
1766 1059 1883 1109 uos
1907 1044 1973 1105 in
2006 1044 2304 1109 universo
2366 1062 2634 1122 operum
2684 1052 2984 1121 contextu
3040 1047 3584 1126 recognoscendo,

354 1141 453 1202 vel
483 1143 625 1203 aliis
664 1150 876 1205 notata
916 1142 1039 1204 sint
1090 1147 1331 1220 postea,
1368 1139 1460 1205 vel
1496 1140 1613 1225 ipsi
1654 1156 1768 1201 nos
1806 1140 2465 1219 animadverterimus,
2515 1144 2817 1209 secnndis
2862 1144 3032 1204 curis
3100 1144 3584 1207 emendaremus

352 1242 560 1316 Atque
584 1239 638 1298 is
664 1238 925 1317 quidem
947 1236 1199 1298 animus
1230 1236 1413 1298 nobis
1441 1236 1744 1298 continuo
1776 1232 1920 1307 iuit,
1957 1252 2072 1298 nec
2107 1236 2405 1316 majorem
2437 1239 2721 1317 profecto
2778 1239 2936 1299 inire
2964 1254 3000 1299 a
3037 1237 3218 1298 nobis
3267 1238 3407 1316 quis
3431 1255 3539 1315 gra
3568 1272 3583 1281 -

351 1333 500 1393 tiam
536 1339 810 1413 poterat,
853 1349 1044 1411 quam
1087 1333 1287 1394 sicubi
1325 1333 1478 1412 lapsi
1509 1350 1747 1405 sumus,
1780 1340 2151 1409 coarguerct
2185 1351 2201 1408 ;
2241 1348 2356 1395 nos
2409 1333 2578 1395 enim
2609 1349 2930 1412 nunquam
2981 1332 3175 1410 magis
3228 1332 3587 1412 placuimus

352 1426 477 1508 ipsi
510 1430 726 1501 nobis,
764 1445 953 1509 quam
985 1445 1130 1491 cum
1165 1445 1445 1491 errorem
1479 1430 1792 1503 exuimus,
1831 1436 1893 1491 et
1920 1428 2434 1508 Hieronymianm
2462 1428 2773 1515 doctrinm
2796 1428 3095 1490 studiosis
3125 1428 3384 1491 meliora
3425 1447 3495 1490 su
3509 1448 3584 1509 p-

353 1525 805 1604 peditavimus.
844 1527 1076 1587 Verum
1114 1526 1270 1588 alios
1309 1526 1480 1609 quod
1527 1533 1791 1607 spectat,
1852 1525 1983 1588 duo
2024 1527 2420 1597 exstiterunt,
2474 1523 2661 1601 longe
2724 1523 2961 1603 dispari
3013 1541 3159 1585 cum
3198 1525 3585 1597 eruditione,

357 1630 483 1681 tum
515 1622 729 1682 animo
756 1620 1122 1700 scriptores,
1172 1622 1280 1702 qui
1316 1622 1499 1684 nobis
1537 1628 2062 1685 succensuerunt.
2116 1622 2350 1683 Unuse
2376 1620 2802 1682 Benedictinis
2853 1620 3336 1693 Parisiensibus,
3397 1624 3583 1682 homo

352 1714 623 1785 familias,
657 1716 763 1777 cui
793 1716 1101 1795 ascriptus
1131 1725 1242 1788 est,
1265 1725 1326 1778 et
1357 1717 1459 1778 cui
1494 1729 1715 1779 caetera
1746 1724 1997 1794 egomet
2026 1733 2271 1779 summa
2302 1717 2517 1778 omnia
2538 1715 2777 1787 defero,
2813 1718 2992 1777 valde
3025 1725 3587 1803 prmposterostn-

359 1812 466 1872 dio
495 1811 712 1872 favens
744 1811 829 1889 (et
870 1828 999 1874 non
1040 1818 1160 1872 tam
1194 1812 1346 1873 mihi
1378 1811 1598 1886 iratus,
1637 1830 1826 1891 quam
1879 1812 2245 1876 doctissimo
2276 1811 2438 1880 viro,
2476 1811 2582 1890 qui
2616 1819 2828 1873 nostra
2864 1813 2927 1873 in
2966 1812 3179 1875 Galliis
3206 1820 3438 1893 sponte
3472 1830 3583 1875 sua

360 1906 826 1986 promovebat),
860 1913 1026 1968 ratus
1051 1906 1444 1986 monopolio,
1477 1906 1649 1987 quod
1675 1907 1740 1968 in
1770 1907 2037 1970 edendis
2067 1909 2171 1969 SS.
2199 1909 2450 1969 Patrum
2474 1908 2726 1988 scriptis
2755 1908 2871 1969 sibi
2897 1915 3213 1985 arrogant,
3241 1908 3583 1987 dispendio

355 2002 627 2064 futuram
652 2003 995 2064 editionem
1030 2020 1259 2076 meam,
1293 2003 1624 2069 detrahere
1661 2001 1752 2069 illi
1788 2010 1852 2066 et
1901 2004 2106 2067 dicam
2158 2002 2517 2089 impingere
2548 2014 2809 2066 conatus
2838 2010 2932 2066 est
2990 2003 3292 2083 peculiari
3326 2006 3585 2082 scripto,

356 2101 522 2176 quod
551 2098 704 2160 varii
729 2100 1106 2177 argumenti,
1144 2099 1547 2178 multumque
1577 2099 1656 2161 ab
1699 2098 1970 2161 invicem
2003 2101 2233 2162 diversi
2275 2100 2434 2161 libro
2465 2100 2854 2161 interseruit.
2895 2101 3024 2177 Ego
3058 2101 3320 2179 pignore
3350 2111 3591 2162 certae

355 2197 581 2268 ausim,
622 2193 779 2257 nihil
808 2213 1051 2270 eorum,
1092 2212 1233 2275 quas
1266 2196 1343 2257 de
1377 2213 1514 2257 mea
1548 2196 1861 2258 industria
1898 2195 2239 2257 oblocutus
2277 2201 2393 2263 est,
2430 2195 2684 2256 sibimet
2712 2195 2779 2256 in
2810 2198 3086 2257 animum
3130 2197 3431 2258 inducere
3474 2214 3590 2274 po.

357 2294 551 2355 tuisse
604 2292 929 2370 tantisper,
984 2310 1199 2354 verum
1231 2300 1292 2354 ut
1329 2293 1639 2354 crederet.
1688 2292 1757 2354 Id
1794 2294 2120 2354 enimvero
2165 2290 2370 2369 egisse
2411 2290 2677 2363 videtur,
2713 2297 2781 2351 ut
2806 2308 2948 2352 cum
2983 2291 3120 2353 fore
3174 2307 3379 2368 coguo
3420 2300 3590 2353 ceret

358 2405 523 2451 curae
555 2387 792 2449 nemini
820 2434 835 2459 ,
859 2404 1111 2451 causam
1138 2386 1409 2468 penitius
1436 2394 1508 2448 ut
1559 2394 1795 2457 nosset,
1829 2388 2085 2451 interim
2119 2404 2231 2451 sua
2263 2387 2519 2449 lecturis
2543 2388 2922 2467 imponeret.
2959 2389 3090 2450 Hoc
3114 2387 3240 2463 aio,
3285 2400 3344 2449 et
3375 2398 3592 2450 sancte

361 2484 644 2564 dejerare
672 2484 840 2547 haud
860 2502 1104 2558 vereor,
1144 2498 1243 2544 me
1263 2484 1315 2543 si
1342 2482 1493 2571 quid
1527 2488 1691 2544 esset
1723 2483 1801 2544 ab
1835 2501 1911 2545 eo
1934 2486 2170 2548 rectius
2201 2491 2509 2558 notatum,
2551 2483 2675 2547 huc
2709 2484 2942 2546 referre
2974 2500 3119 2546 cum
3154 2485 3401 2561 vellem,
3439 2484 3591 2545 nihil

362 2581 534 2659 quod
570 2581 737 2642 scire
776 2580 1077 2643 lectorum
1114 2579 1475 2650 interesset,
1509 2576 1881 2641 invenisset.
1913 2580 2326 2643 Obtrectatori
2357 2597 2668 2661 reponere
2694 2627 2715 2654 ,
2748 2597 2957 2659 neque
2996 2598 3113 2643 nos
3142 2581 3347 2657 decet,
3383 2597 3597 2660 neque

362 2676 549 2758 hujus
574 2687 669 2741 est
701 2679 848 2741 loci.

438 2799 609 2859 Alter
645 2805 706 2860 et
735 2797 972 2861 amicus
1003 2808 1218 2862 noster
1240 2805 1357 2871 est,
1391 2806 1454 2863 et
1484 2799 1931 2865 ecclesiasticae
1977 2798 2366 2880 antiquitatis
2407 2798 2498 2860 vir
2532 2798 2804 2861 litterate
2847 2799 3115 2876 peritus,
3170 2798 3597 2878 Hieronymus

362 2903 443 2964 de
495 2902 678 2964 Prato
732 2908 999 2975 nostras,
1032 2900 1142 2979 qui
1175 2900 1429 2964 dissert.
1464 2919 1533 2963 vx
1568 2900 1647 2964 ad
1696 2899 1961 2977 Sulpicii
1996 2899 2214 2961 Severi
2252 2900 2605 2977 Dialogum,
2638 2907 2856 2963 contra
2905 2906 3096 2979 atque
3129 2916 3246 2961 nos
3270 2900 3487 2961 statuit
3518 2901 3598 2962 de

360 2996 701 3076 TheOphili
730 2996 992 3075 epistola
1021 2997 1151 3072 illa,
1174 3016 1367 3078 quam
1396 2998 1614 3061 Latine
1644 2997 1757 3061 abs
1783 2997 2175 3077 Hieronymo
2197 2997 2505 3061 redditam
2540 2998 2730 3078 primi
2764 2997 2824 3061 in
2858 2996 3065 3060 lucem
3098 2998 3500 3077 protulimus,
3535 3011 3598 3060 et

359 3093 734 3174 synodicam
760 3092 1056 3159 diximus.
1090 3093 1278 3167 Penc,
1306 3094 1414 3168 ait,
1449 3112 1566 3173 pro
1600 3103 1765 3157 certo
1799 3091 2018 3171 habeo,
2058 3092 2381 3172 Theophili
2408 3092 2742 3172 epistolam
2782 3110 2985 3172 nuper
3017 3092 3339 3171 vulgatam
3394 3093 3598 3153 aliam

360 3192 609 3253 omnino
632 3190 846 3253 esseab
877 3210 953 3252 ea
975 3192 1301 3269 synodica,
1332 3210 1516 3272 quam
1543 3209 1606 3253 so
1644 3192 2066 3268 Hieronymus
2098 3208 2176 3250 ea:
2206 3191 2420 3253 Greca
2450 3192 2933 3268 interpretatum
2974 3188 3195 3251 tradit.
3228 3189 3596 3252 Ratiocina-

364 3285 558 3351 tionis
597 3288 731 3365 ejus
761 3286 891 3351 haec
923 3304 1167 3350 summa
1200 3309 1217 3349 :
1259 3295 1549 3350 constare
1582 3287 1919 3366 Epistolam
1951 3303 2160 3367 neque
2199 3304 2275 3349 ex
2299 3287 2570 3366 synodo,
2604 3284 2736 3348 sive
2769 3283 2939 3365 apud
2972 3284 3439 3361 Alexandriam,
3468 3286 3599 3349 sive

360 3384 427 3447 in
452 3385 670 3447 Nitriae
723 3393 959 3460 monte,
1022 3403 1232 3465 neque
1262 3387 1515 3448 Patrum
1574 3386 1861 3460 nomine,
1892 3372 2005 3448 sed
2059 3386 2303 3464 privato
2357 3381 2700 3464 Theophili
2743 3383 3046 3463 scriptam
3088 3398 3105 3456 ;
3148 3389 3210 3443 et
3247 3383 3601 3461 generalem

362 3479 530 3543 illam
564 3480 848 3561 quidem,
881 3489 951 3544 ut
974 3483 1129 3545 alibi
1172 3483 1236 3545 Β.
1272 3484 1411 3562 ipse
1444 3484 1627 3544 Pater
1676 3488 1877 3553 vocat,
1907 3485 2042 3544 sive
2080 3481 2470 3561 encyclicam
2528 3478 2726 3541 videri
2758 3501 2779 3557 ;
2812 3479 3077 3541 minime
3118 3496 3270 3543 vero
3314 3480 3591 3559 synodi-

363 3594 524 3652 cam,
553 3595 699 3659 qua
716 3585 779 3643 et
806 3578 924 3642 alia
940 3581 1204 3642 omnino
1226 3579 1414 3641 fuerit
1441 3586 1502 3641 et
1520 3578 1765 3659 jamdiu
1789 3578 1942 3640 olim
1974 3578 2388 3642 interciderit.
2421 3578 2530 3640 Cui
2552 3594 2674 3655 ego
2702 3577 2919 3657 paucis
2950 3577 3351 3639 satisfaciam.
3392 3577 3595 3661 Dabo,

360 3674 412 3737 si
446 3676 702 3749 mavult,
752 3676 1240 3756 Hieronymum,
1289 3692 1435 3737 cum
1471 3692 1538 3737 se
1593 3674 1676 3737 ait
1713 3674 2053 3755 TheOphili
2100 3674 2482 3753 Synodicam
2528 3674 2606 3736 de
2652 3675 2873 3736 Graeco
2915 3672 3423 3752 interpretatum;
3470 3690 3598 3734 non

360 3790 563 3854 usque
600 3772 762 3835 adeo
792 3774 1068 3836 locutum
1098 3778 1415 3845 accurate,
1469 3774 1583 3833 sed
1628 3770 1754 3833 alio
1790 3779 1982 3851 atque
2012 3771 2138 3835 alio
2193 3789 2383 3835 unam
2435 3771 2851 3850 eamdemque
2903 3770 3232 3849 epistolam
3285 3771 3599 3833 vocabulo

359 3870 717 3931 denotasse.
760 3871 921 3932 Tum
953 3888 1102 3934 vero
1147 3870 1506 3952 provocabo
1556 3870 1869 3933 rationum
1910 3876 2251 3941 momenta,
2284 3885 2428 3947 quin
2460 3885 2583 3948 pro
2617 3867 2790 3928 illius
2830 3868 3243 3945 germanitate
3279 3867 3411 3928 suis
3442 3867 3599 3930 locis

358 3965 553 4027 multa
601 3966 920 4043 congessi,
971 3974 1035 4028 et
1086 3967 1340 4046 quibus,
1381 3966 1506 4027 nisi
1535 3965 1878 4027 admodum
1915 3965 2120 4039 fallor,
2186 3964 2370 4039 evici,
2433 3981 2560 4027 non
2601 3963 2787 4026 aliam
2834 3963 2997 4027 hanc
3043 3980 3187 4025 esse
3233 3963 3594 4043 epistolam,

357 4078 554 4138 quam
583 4061 822 4141 primus
847 4063 913 4124 in
946 4062 1149 4125 lucem
1192 4061 1387 4137 edidi,
1430 4063 1509 4124 ab
1544 4078 1640 4138 ea,
1684 4079 1873 4142 quam
1918 4069 2099 4127 vocat
2142 4063 2205 4124 S.
2252 4062 2574 4139 Interpres
2611 4060 3014 4137 Synodicam.
3047 4059 3410 4122 Provocabo
3440 4059 3594 4122 item

357 4159 750 4221 eruditorum
807 4166 960 4239 quot
1010 4166 1177 4234 sunt,
1243 4160 1472 4240 quibus
1520 4155 1657 4219 haec
1690 4158 2126 4230 innotuerunt,
2181 4156 2472 4236 judicia:
2542 4156 2822 4235 denique
2875 4156 3207 4235 ipsiusmet
3235 4156 3583 4219 adversarii

355 4254 760 4328 sententiam,
792 4257 847 4318 si
886 4257 964 4318 ab
996 4255 1329 4319 cavillandi
1359 4254 1573 4319 studio
1611 4253 1688 4316 ad
1717 4269 1849 4315 rem
1878 4252 2084 4333 ipsam
2105 4252 2388 4334 aequiore
2419 4252 2632 4316 animo
2665 4252 3148 4333 expendendam
3182 4269 3250 4315 se
3274 4251 3584 4325 conferat,

362 4352 745 4428 provocabo.
