4056 6200
348 397 424 464 Π
1228 407 1542 469 PELAGII
1580 408 1683 467 AD
1724 407 2291 469 nesmrmaoan
2336 410 2728 472 EPISTOLA.
3530 364 3603 462 ιε’

348 517 464 564 tate
500 509 754 575 vilescat,
815 525 1017 569 novum
1052 516 1258 586 aliquid
1284 527 1340 573 et
1370 519 1691 575 inusitatum
1728 522 1919 591 requi-
1951 532 1994 585 Α
2026 522 2293 578 referatur
2323 539 2337 577 :
2366 530 2591 591 quanto,
2612 530 2789 591 putas,
2827 521 3254 591 praelautiorem
3283 517 3461 587 ipsum
3490 515 3592 570 ho-

345 599 461 664 rit;
486 601 820 668 precipuum
848 617 912 658 ac
941 606 1219 675 singulare
1243 609 1514 679 quoddam
1545 610 1771 679 ﬂagitat.
1800 611 1923 666 Non

344 691 529 745 minus
564 697 1037 753 conversationem
1069 714 1227 754 suam
1265 716 1430 769 quam
1490 704 1921 760 conversionem

342 786 497 850 cupit
519 798 644 838 esse
666 785 995 842 mirabilem.
1026 789 1083 844 In
1110 792 1311 847 sacculo
1338 792 1557 858 nobilis,
1582 793 1723 858 apud
1751 791 1921 847 Deum

342 876 493 942 cupit
521 889 647 929 esse
670 877 929 934 nobilior.
964 878 1099 935 Tam
1128 884 1374 952 pretiosa
1409 884 1642 954 requirit
1672 884 1723 938 in
1755 884 1924 938 mori-

342 964 471 1029 bus,
505 981 666 1035 quam
695 962 1037 1040 contempsit
1068 971 1120 1025 in
1156 973 1344 1029 rebus.
1378 971 1537 1028 Hunc
1561 973 1749 1044 utique
1780 971 1802 1045 [
1830 972 1925 1029 AI.

342 1059 529 1127 itaque
554 1058 573 1130 j
602 1069 712 1114 tam
746 1061 958 1115 devotae
997 1062 1198 1117 mentis
1248 1066 1524 1130 ardorem,
1591 1064 1733 1119 hanc
1764 1072 1927 1119 tanta

341 1152 701 1221 perfectionis
728 1152 907 1217 sitim,
963 1155 1108 1223 quod
1167 1170 1408 1235 unquam
1468 1155 1691 1211 satiabit
1722 1157 1925 1211 ﬂumen

342 1243 545 1312 ingenii
578 1243 604 1297 τ
628 1242 760 1310 Quae
793 1247 875 1299 vis
927 1247 1223 1316 aliquando
1265 1249 1557 1313 orationis,
1610 1265 1731 1318 qua:
1766 1251 1925 1319 copia

343 1345 557 1389 tantum
599 1339 782 1391 verbis
805 1339 1113 1407 exprimere
1145 1341 1365 1409 poterit,
1417 1353 1682 1411 quantum
1736 1354 1925 1413 parata

339 1437 427 1481 est
464 1427 627 1499 virgo,
654 1427 821 1482 rebus
857 1429 1085 1498 implere
1111 1432 1136 1485 τ
1161 1431 1333 1487 Nobis
1366 1447 1496 1487 vero
1528 1433 1781 1487 donanda
1840 1442 1929 1487 est

346 1517 529 1580 venia,
588 1518 679 1585 qni
731 1519 799 1573 ad
851 1519 1160 1575 ornandum
1220 1521 1437 1577 Domini
1486 1523 1923 1588 tabernaculum,

344 1611 644 1664 secundum
673 1611 816 1666 vires
845 1621 1067 1666 nostras
1098 1627 1296 1669 munus
1336 1613 1643 1670 oderimus.
1677 1614 1786 1670 Nec
1828 1630 1924 1669 ve-

346 1713 534 1754 remur
566 1715 632 1754 ne
661 1711 867 1755 temere
924 1703 1240 1768 scribendo,
1275 1705 1343 1758 ad
1398 1714 1564 1759 tanta
1624 1705 1927 1761 nobilitatis

351 1791 638 1859 virginem,
691 1792 834 1847 ultro
864 1808 970 1851 nos
1004 1794 1280 1851 morsibus
1340 1796 1622 1851 tradamus
1682 1796 1923 1851 invidiae.

2025 614 2230 670 minem
2272 613 2437 669 fecit:
2470 624 2691 682 propter
2715 625 2876 682 quem
2895 612 3075 667 omnia
3093 610 3254 665 etiam
3275 596 3597 675 intelligitur

2025 705 2118 760 illa
2139 706 2478 762 condidisse!
2512 707 2681 773 Quem
2702 706 2826 760 dum
2845 705 2914 760 ad
2934 704 3227 774 imaginem
3254 709 3308 756 et
3342 697 3597 754 similitu-

2025 795 2206 852 dinem
2222 810 2377 850 suam
2393 796 2573 852 facere
2589 796 2827 865 disponit
2842 791 3273 868 [Al.disposuit],
3297 801 3597 859 antequam

2029 884 2217 954 faciat,
2254 884 2472 957 qualern
2504 887 2577 943 sit
2612 887 2634 959 [
2670 888 2759 943 Αι.
2792 886 2962 956 esset]
3021 885 3292 949 facturus,
3332 878 3599 937 ostendit.

2027 978 2234 1035 Deinde
2262 995 2385 1034 cum
2418 978 2648 1047 subjecit
2672 981 2720 1035 ei
2744 980 2997 1034 universa
3023 975 3307 1040 animalia,
3364 985 3603 1040 eumque

2024 1071 2195 1126 etiam
2233 1071 2519 1127 constituit
2570 1085 2761 1126 eorum
2813 1071 3131 1134 dominum,
3173 1081 3294 1136 quas
3345 1065 3429 1120 vel
3462 1064 3604 1118 mole

2027 1162 2297 1231 corporis,
2330 1162 2416 1218 vel
2475 1162 2672 1217 virium
2704 1161 3100 1230 magnitudine,
3136 1158 3223 1212 vel
3256 1157 3424 1211 armis
3462 1156 3597 1209 den-

2029 1254 2159 1309 tium
2197 1255 2366 1308 multo
2423 1256 2726 1310 valentiora
2798 1255 3018 1308 homine
3064 1250 3255 1308 fecerit
3284 1266 3302 1306 :
3333 1247 3473 1304 satis
3503 1247 3603 1300 de-

2027 1345 2225 1411 clarat,
2285 1354 2493 1414 quanto
2529 1346 2814 1415 pulchrius
2865 1345 2938 1399 sit
2970 1345 3138 1399 homo
3176 1342 3291 1411 ipse
3325 1338 3599 1401 conditus,

2027 1452 2190 1507 quem
2242 1437 2325 1493 vel
2353 1452 2421 1493 ex
2457 1438 2561 1492 hoc
2587 1436 2761 1492 voluit
2791 1444 3001 1490 natura:
3023 1450 3133 1489 sure
3164 1431 3472 1502 intelligere
3521 1428 3602 1482 di-

2027 1532 2313 1601 gnitatem,
2344 1529 2470 1584 dum
2498 1528 2657 1585 fortia
2681 1528 2786 1585 sibi
2805 1528 3044 1599 subjecta
3070 1526 3301 1580 miratur
3320 1521 3599 1579 animalia.

2027 1623 2219 1693 Neque
2256 1624 2403 1677 enim
2462 1621 2667 1676 nudum
2727 1620 2900 1685 illum,
2953 1634 3018 1675 ac
3047 1619 3167 1673 sine
3220 1615 3478 1687 praesidio
3514 1630 3623 1665 rc-.

2026 1714 2210 1784 liquit,
2270 1727 2373 1768 nec
2400 1711 2639 1768 diversis
2672 1710 2933 1780 periculis
2964 1709 3113 1762 velut
3154 1705 3408 1774 exposuit
3450 1703 3605 1757 inﬁr-

2031 1822 2204 1861 mum.
2272 1806 2379 1862 Sed
2437 1820 2600 1875 quem
2655 1806 2921 1860 inermem
2976 1801 3320 1857 extrinsecus
3376 1796 3601 1861 fecerat,

350 1881 657 1939 Scribimus
712 1885 858 1939 enim
912 1896 1130 1956 petente
1157 1895 1349 1941 sancta
1384 1898 1561 1942 matre
1615 1887 1759 1957 ejus,
1818 1889 1922 1944 imo

2029 1898 2229 1953 melius
2261 1898 2413 1954 intus
2463 1897 2698 1952 armavit
2732 1912 2748 1953 :
2787 1895 3003 1951 ratione
3038 1893 3246 1950 scilicet
3282 1900 3445 1961 atque
3480 1905 3607 1955 pra-

339 1974 601 2043 jnbente,
684 1977 848 2046 idque
909 1994 937 2031 a
996 1980 1154 2034 nobis
1223 1980 1611 2037 transmarinis
1685 1980 1922 2047 litteris,

346 2071 488 2122 miro
514 2086 638 2123 cum
694 2071 974 2126 desiderio
1011 2073 1186 2126 animi
1222 2072 1508 2142 ﬂagitante
1542 2089 1559 2129 :
1591 2088 1712 2142 qua:
1769 2070 1926 2127 facile

343 2163 604 2228 ostendit,
639 2178 750 2231 quo
779 2165 966 2218 studio
1025 2178 1340 2232 quantaque
1384 2178 1515 2218 cura
1550 2165 1603 2217 in
1637 2164 1745 2219 lilia
1798 2179 1924 2234 ger-

347 2272 473 2309 men
508 2255 737 2309 cteleste
794 2255 1149 2324 plantavetit,
1179 2257 1309 2310 dum
1345 2256 1477 2309 illud
1533 2264 1645 2309 tam
1693 2256 1926 2312 sollicite

347 2349 501 2417 cupit
532 2349 599 2401 ab
619 2348 741 2402 aliis
773 2347 1020 2417 irrigari.
1069 2345 1284 2402 Remoti
1328 2347 1494 2418 igitur
1528 2361 1559 2401 a
1584 2348 1919 2417 temeritate,

345 2454 403 2499 et
426 2447 496 2500 ab
529 2444 827 2498 ambitione
851 2441 1037 2508 liberi,
1060 2442 1355 2512 proposito
1387 2440 1708 2497 iusudemus
1738 2442 1919 2512 operi.

346 2535 463 2592 Nec
511 2537 580 2593 de
638 2538 1018 2592 mediocritate
1070 2532 1518 2609 dididimus[Al.
1570 2533 1922 2607 diuidamus]

348 2630 577 2699 ingenii,
618 2628 763 2696 quod
815 2630 1118 2695 credimus,
1168 2638 1225 2685 et
1254 2628 1362 2685 ﬁde
1393 2629 1616 2694 matris,
1644 2638 1699 2684 et
1727 2630 1924 2687 merito

344 2720 575 2789 virginis
595 2720 871 2786 adjuvari.

413 2811 543 2868 CAP.
570 2811 639 2867 il.
667 2840 727 2854 -—
754 2810 986 2879 Quoties
1051 2812 1186 2869 mihi
1217 2813 1288 2871 de
1319 2814 1660 2872 institutione
1708 2829 1923 2872 morum

342 2915 400 2961 et
433 2916 640 2962 sanctae
669 2907 794 2961 vita:
843 2908 1264 2963 conversatione
1314 2908 1599 2964 dicendum
1632 2917 1738 2975 est,
1775 2909 1925 2965 soleo

342 2999 498 3071 prius
527 2999 782 3054 humana:
808 3012 1019 3055 natura:
1053 3002 1161 3055 vim
1190 3003 1623 3072 qualitatemque
1649 3011 1924 3057 monstra-

342 3110 427 3161 re,
468 3104 523 3149 et
557 3092 688 3165 quid
722 3093 938 3149 ellicere
968 3094 1162 3163 possit,
1197 3095 1487 3149 ostendere
1534 3111 1598 3150 ac
1622 3094 1737 3164 jam
1793 3094 1924 3151 inde

342 3187 618 3241 audientis
657 3186 899 3239 animum
924 3185 992 3239 ad
1016 3186 1228 3255 species
1257 3187 1493 3244 incitare
1520 3187 1781 3244 virtutum
1809 3203 1827 3242 :
1856 3202 1923 3242 ne

346 3279 482 3333 nihil
516 3279 691 3348 prosit
731 3278 799 3331 ad
858 3291 925 3332 ea
963 3278 1170 3345 vocari,
1203 3293 1323 3348 qua:
1356 3279 1495 3334 forte
1529 3280 1633 3335 sibi
1669 3280 1925 3350 impossi-

344 3371 472 3424 bilia
527 3385 654 3426 esse
724 3371 1156 3439 praesumpserit.
1196 3371 1551 3440 Nequaquam
1605 3372 1751 3428 enim
1786 3370 1805 3444 [
1835 3373 1922 3429 Αι.

346 3462 714 3528 preseuserit.
749 3460 1041 3531 Nunquam
1077 3464 1221 3516 enim
1252 3461 1273 3534 ]
1304 3464 1567 3517 virtutum
1602 3464 1743 3518 viam
1774 3465 1925 3521 vale-

346 3567 465 3605 mus
491 3552 727 3620 iugredi,
756 3552 858 3607 nisi
890 3567 986 3622 spe
1012 3552 1275 3608 ducamur
1295 3555 1514 3609 comite.
1534 3555 1808 3626 Siquidem
1832 3574 1926 3627 ap-

345 3645 559 3714 petendi
594 3645 776 3699 omnis
806 3654 1034 3700 conatus
1068 3645 1211 3714 perit
1237 3649 1605 3715 consequendi
1666 3648 1925 3719 despera-

342 3737 511 3791 tione.
530 3735 701 3803 Oucm
724 3750 828 3806 ego
855 3737 1559 3809 exhortationisgordiuem,
1576 3754 1700 3795 cum
1723 3740 1777 3795 in
1803 3740 1926 3798 aliis

339 3842 557 3898 quoque
580 3827 859 3898 opusculis
894 3813 1186 3895 tenuerim,
1212 3837 1341 3885 tunc
1364 3829 1452 3884 hic
1484 3830 1718 3884 maxime
1737 3830 1926 3887 obser-

342 3920 577 3974 randum
604 3931 735 3990 puto
760 3935 778 3976 :
808 3921 901 3976 ubi
950 3935 1017 3976 co
1055 3921 1272 3990 plenius
1324 3931 1535 3976 natura:
1584 3922 1788 3978 bonum
1826 3925 1925 3979 de-

340 4011 536 4067 clarari
562 4011 750 4076 debet,
778 4027 885 4081 quo
947 4012 1279 4069 instituenda
1317 4023 1403 4070 est
1429 4015 1541 4070 vita
1590 4014 1904 4084 perfectior,

340 4119 415 4159 ne
440 4114 594 4160 tanto
645 4106 925 4162 remissior
962 4105 1037 4162 sit
1062 4104 1132 4160 ad
1164 4107 1421 4161 virtutem
1456 4107 1681 4163 animus
1709 4122 1774 4164 ac
1812 4120 1925 4164 tar-

339 4198 485 4263 dior,
519 4206 726 4267 quanto
756 4200 935 4253 minus
964 4211 1027 4253 se
1053 4212 1212 4267 posse
1241 4200 1429 4253 credat
1461 4215 1477 4253 :
1511 4208 1565 4253 et
1599 4199 1729 4254 dum
1780 4199 1923 4269 quod

340 4308 527 4347 messe
554 4290 661 4347 sibi
696 4292 933 4361 ignorat,
970 4291 1026 4346 id
1092 4306 1153 4346 se
1211 4291 1489 4346 existimat
1541 4307 1650 4347 non
1697 4292 1917 4348 habere.

341 4382 676 4438 Proiereuda
710 4397 927 4452 semper
969 4384 1022 4437 in
1065 4383 1314 4437 notitiam
1348 4398 1413 4437 ea
1471 4399 1559 4438 res
1606 4394 1712 4451 est,
1765 4385 1921 4453 cujus

340 4495 475 4535 usus
508 4478 875 4544 desideratur,
905 4488 962 4532 et
985 4478 1370 4547 explicandum
1402 4486 1506 4542 est,
1537 4477 1801 4547 quidquid
1828 4480 1924 4535 bo-

2026 1991 2235 2058 dentia,
2263 2001 2325 2047 ut
2354 2005 2451 2059 per
2482 1989 2822 2046 intellectum
2859 1988 3212 2057 vigoremque
3239 1982 3461 2043 mentis,
3494 1995 3603 2049 quo

2026 2085 2243 2140 caeteris
2276 2082 2570 2153 praestabat
2627 2080 2980 2145 animalibus,
3030 2078 3294 2133 factorem
3355 2078 3599 2128 omnium

2025 2176 2176 2232 solus
2210 2182 2532 2246 agnosceret
2559 2192 2575 2230 :
2606 2184 2663 2230 et
2694 2174 2822 2228 inde
2853 2173 3087 2228 serviret
3122 2169 3258 2233 Deo,
3296 2169 3444 2223 unde
3471 2167 3597 2221 aliis

2027 2264 2436 2322 dominabatur.
2467 2262 2639 2331 Quem
2671 2273 2851 2318 tamen
2880 2261 3113 2330 justitia‘.
3163 2266 3541 2315 exsecutorem
3584 2256 3603 2285 ι

2027 2357 2287 2413 Dominus
2331 2356 2697 2411 voluntarium
2757 2369 2881 2410 esse
2920 2353 3122 2417 voluit,
3155 2366 3264 2406 non
3322 2358 3601 2405 coactum.

2026 2450 2093 2504 Et
2120 2450 2241 2506 ideo
2300 2449 2528 2520 reliquit
2557 2463 2682 2505 eum
2727 2451 2783 2503 in
2842 2462 3007 2502 manu
3046 2444 3260 2500 consilii
3293 2442 3373 2497 sui
3407 2439 3600 2510 (Eccli.

2025 2542 2142 2612 xv),
2193 2542 2485 2613 posuitque
2529 2549 2657 2599 ante
2686 2555 2811 2597 eum
2842 2541 3008 2595 vitam
3039 2548 3096 2593 et
3127 2547 3380 2601 mortem,
3404 2536 3601 2588 basium

2025 2642 2081 2686 et
2112 2630 2315 2686 malum
2350 2646 2367 2686 :
2398 2641 2455 2686 et
2484 2629 2632 2701 quod
2661 2630 2927 2702 placuerit
2956 2628 3029 2694 ei,
3063 2628 3283 2683 dabitur
3314 2626 3416 2681 illi.
3453 2623 3605 2679 Unde

2025 2723 2189 2778 etiam
2224 2726 2279 2779 in
2314 2722 2737 2779 Deuterouomio
2764 2721 3010 2792 legimus
3042 2737 3057 2775 :
3096 2718 3273 2774 Vitam
3302 2726 3352 2771 et
3381 2729 3605 2770 mortem

2024 2816 2148 2871 dedi
2175 2825 2303 2870 ante
2329 2816 2519 2886 faciem
2572 2824 2740 2879 tuam,
2771 2813 3183 2868 benedictionem
3202 2821 3250 2865 et
3273 2809 3608 2864 maledictio-

2026 2924 2144 2963 ncm
2170 2925 2192 2974 ;
2222 2908 2353 2981 elige
2384 2908 2481 2963 tibi
2512 2910 2697 2972 vitam,
2726 2915 2782 2960 ut
2808 2903 2917 2977 [AL
2943 2902 3019 2977 et]
3044 2903 3182 2958 vivas
3208 2901 3389 2971 (Deut.
3424 2898 3601 2965 πίῃ),

2094 3002 2225 3057 Car.
2252 3001 2347 3057 ill.
2379 3031 2450 3042 -—
2477 3001 2615 3055 Hinc
2644 3001 2758 3071 jam
2783 2996 3178 3069 providendum
3222 3004 3326 3060 est,
3367 3009 3434 3047 ne
3463 2994 3605 3046 forte

2025 3094 2157 3151 illud
2198 3095 2514 3149 remordeat
2541 3103 2615 3159 te,
2648 3094 2700 3148 in
2752 3106 2865 3164 quo
2902 3101 3108 3146 temere
3152 3088 3465 3158 imperitum
3491 3084 3608 3138 vul-

1948 3218 1994 3282 ο
2027 3205 2131 3262 gus
2159 3188 2412 3243 ou‘endit.
2445 3187 2511 3242 Et
2540 3188 2662 3242 ideo
2694 3201 2801 3242 non
2841 3199 2971 3240 vere
3013 3185 3219 3238 bonum
3248 3179 3473 3267 factum
3500 3177 3601 3232 bo-

2029 3283 2228 3336 minem
2278 3288 2459 3351 putes,
2500 3279 2625 3351 quia
2665 3280 2712 3334 is
2754 3278 2938 3333 facere
2985 3276 3187 3330 malum
3234 3252 3457 3342 petest:
3504 3284 3604 3324 nec

2026 3373 2144 3444 ipsa
2170 3381 2379 3426 naturae
2417 3371 2681 3426 violentia
2725 3369 3049 3438 astringitur
3081 3364 3196 3439 [ΑΙ.
3247 3359 3606 3433 astringatur]

2027 3467 2094 3520 ad
2128 3463 2486 3520 immutabilis
2522 3464 2653 3520 boni
2681 3463 3094 3518 necessitatem.
3129 3458 3264 3513 Nam
3296 3456 3342 3511 si
3374 3456 3609 3524 diligent-

2026 3569 2110 3614 ter
2139 3566 2422 3623 retractes,
2455 3564 2511 3611 et
2552 3555 2617 3610 ad
2660 3554 3000 3610 subtiliorem
3047 3550 3386 3605 intellectum
3439 3558 3607 3615 cogas

2024 3651 2266 3703 animum
2299 3664 2314 3705 :
2344 3649 2469 3703 hinc
2521 3646 2639 3703 tibi.
2678 3646 2871 3701 melior
2905 3651 3086 3700 status
3124 3639 3366 3697 hominis
3417 3652 3480 3691 ac
3521 3652 3610 3688 su-

2025 3742 2213 3811 perior
2228 3739 2537 3812 apparebit,
2564 3738 2709 3794 unde
2733 3747 2960 3808 putatur
2977 3735 3228 3791 inferior.
3254 3733 3310 3786 lu
3333 3733 3437 3787 hoc
3459 3736 3603 3789 enim

2025 3832 2464 3905 geminigitineris
2488 3831 2830 3897 discrimine,
2850 3830 2902 3885 in
2922 3829 3027 3883 hac
3050 3828 3332 3896 utriusque
3354 3825 3607 3881 libertate

2025 3924 2217 3995 partis,
2255 3921 2595 3978 rationabilis
2618 3921 2814 3976 animae
2836 3921 3003 3974 decus
3038 3919 3278 3991 positum
3300 3929 3408 3972 est.
3443 3917 3602 3981 Hinc,

2026 4016 2271 4085 inquam,
2304 4021 2453 4068 totus
2510 4024 2724 4069 natura
2788 4019 2993 4068 nostra:
3054 4010 3234 4065 honor
3302 4010 3608 4066 consistit:

2024 4108 2155 4164 hinc
2186 4107 2450 4178 dignitas,
2483 4106 2612 4162 hinc
2651 4104 2896 4175 denique
2930 4103 3121 4175 optimi
3163 4104 3363 4174 quique
3390 4103 3607 4157 laudem

2026 4213 2328 4266 merentur,
2366 4201 2497 4257 hinc
2525 4200 2836 4272 praemium.
2863 4197 2975 4254 Nec
3007 4206 3161 4254 esset
3186 4198 3408 4253 omnino
3438 4198 3609 4251 virtus

2026 4294 2136 4349 ulla
2165 4294 2217 4349 in
2251 4297 2394 4349 bono
2419 4292 2850 4364 perseverantis,
2881 4292 2925 4347 si
2957 4292 3004 4347 is
3037 4291 3105 4346 ad
3136 4290 3338 4345 malum
3376 4290 3610 4345 trans're

2026 4401 2135 4441 non
2172 4388 2460 4456 potuisset.
2511 4385 2713 4441 Veiens
2748 4398 2987 4453 namque
3029 4381 3175 4437 Deus
3230 4380 3606 4435 rationabilem

2025 4485 2332 4530 creaturam
2374 4475 2666 4529 voluntarii
2729 4473 2857 4529 boni
2897 4488 3132 4528 munere
3182 4470 3295 4543 [AL
3341 4471 3601 4543 ltttttlil‘t'],

340 4589 472 4627 num
512 4583 707 4626 natura
748 4577 948 4640 potest,
978 4583 1101 4624 cum
1131 4568 1397 4637 quidquid
1426 4582 1586 4636 posse
1635 4568 1920 4638 probatur,
1952 4574 1998 4630 ι)
2027 4580 2083 4624 et
2104 4568 2259 4623 liberi
2290 4560 2503 4623 arbitrii
2529 4576 2799 4637 potestate
2823 4568 3027 4623 donare
3059 4583 3076 4622 :
3109 4566 3397 4637 utriusque
3435 4581 3608 4634 par-ns

340 4664 678 4732 implendum
704 4670 808 4716 est.
862 4660 990 4715 Haec
1020 4660 1188 4729 igitur
1219 4660 1394 4728 prima
1418 4668 1629 4714 sancta:
1657 4674 1721 4713 ac
1749 4660 1915 4729 spiri-

336 4758 507 4813 tualis
565 4760 687 4808 vita:
728 4754 1087 4809 fundamenta
1132 4753 1437 4824 jaciantur,
1491 4762 1552 4807 ut
1592 4754 1740 4807 vires
1789 4768 1921 4807 snas

336 4851 496 4919 virgo
523 4858 787 4918 agnoscat
816 4865 830 4901 :
861 4862 1001 4917 quas
1030 4847 1246 4900 demum
1274 4845 1415 4900 bene
1447 4860 1705 4900 exercere
1767 4856 1923 4914 pote-

336 4944 433 5005 rit,
457 4956 585 4996 cum
618 4955 711 4995 eas
743 4954 802 4994 se
823 4940 1023 4994 habere
1053 4938 1327 4994 didicerit.
1362 4935 1581 5006 Optima
1622 4938 1766 4992 enim
1800 4939 1920 4992 ani-

336 5036 412 5087 mi
463 5034 815 5087 incitamenta
863 5040 1014 5098 sunt,
1048 5046 1171 5084 cum
1231 5029 1463 5086 docetur
1524 5030 1725 5100 aliquis
1759 5045 1919 5101 posse

330 5128 485 5198 quod
515 5125 719 5195 cupiat.
782 5123 915 5180 Nam
941 5135 999 5181 et
1028 5125 1081 5179 in
1141 5125 1285 5180 bello
1309 5138 1373 5180 ea
1404 5125 1716 5179 exhortatio
1748 5122 1919 5179 maxi-

335 5235 428 5275 ma
495 5228 607 5286 est,
633 5233 808 5289 caque
848 5218 1139 5289 plurimum
1192 5216 1541 5271 auctoritatis
1575 5215 1759 5281 habet,
1804 5231 1922 5284 qua:

330 5324 696 5383 pugnatorem
711 5312 780 5366 de
803 5310 1012 5368 viribus
1032 5310 1147 5364 suis
1171 5308 1451 5365 admonet.
1468 5296 1711 5363 Primum
1740 5312 1920 5378 itaque

330 5403 507 5459 debes
524 5413 734 5458 natura:
748 5403 999 5457 humanm
1018 5401 1221 5456 bonum
1245 5402 1312 5455 de
1330 5399 1448 5470 ejus
1470 5412 1695 5456 auctore
1711 5400 1915 5465 metiri,

334 5501 451 5555 Deo
486 5498 718 5564 scilicet,
746 5498 837 5567 qui
866 5513 988 5554 cum
1023 5498 1280 5550 universa
1320 5496 1530 5562 mundi,
1557 5506 1610 5553 et
1630 5512 1752 5567 quzc
1775 5496 1918 5552 intra

328 5590 607 5650 mundum
641 5601 773 5647 sunt
796 5634 815 5661 ,
849 5606 1016 5663 opera
1056 5589 1222 5656 bona,
1251 5595 1307 5643 et
1327 5587 1487 5645 valde
1513 5591 1686 5656 bona,
1720 5590 1921 5645 iecisse

2026 4659 2442 4731 possibilitatem
2469 4659 2673 4715 homini
2698 4659 3012 4726 inserendo,
3040 4660 3317 4730 proprium
3339 4660 3460 4729 ejus
3482 4661 3610 4713 fecit

2029 4766 2151 4808 csse
2178 4753 2321 4822 quod
2354 4753 2502 4819 velit,
2530 4763 2590 4806 ut
2626 4753 2752 4808 boni
2782 4767 2847 4809 ac
2875 4754 3003 4806 mali
3057 4769 3226 4822 Capax
3280 4753 3608 4808 naturaliter

2032 4856 2328 4914 utrumque
2389 4854 2623 4915 posset:
2669 4855 2725 4899 et
2781 4844 2849 4900 ad
2898 4846 3221 4900 alterutrum
3272 4844 3606 4900 voluntatem

2032 4935 2366 4992 deﬂecteret.
2393 4936 2577 5008 Neque
2622 4938 2770 4992 enim
2817 4938 2976 4992 aliter
3013 4948 3374 5007 spontaneum
3406 4936 3608 4991 habere

2031 5038 2247 5100 poterat
2271 5029 2473 5085 bonum
2507 5045 2523 5087 :
2557 5030 2658 5085 nisi
2689 5028 2803 5103 [ΑΙ.
2847 5030 2951 5085 nisi
2977 5047 3131 5100 atque
3157 5030 3345 5102 etiam]
3367 5048 3427 5085 ea
3455 5045 3606 5085 ores.

2031 5131 2176 5189 tura,
2203 5137 2326 5192 quae
2351 5125 2517 5179 etiam
2558 5123 2762 5179 malum
2809 5125 3014 5180 habere
3049 5127 3341 5194 potuisset.
3380 5121 3605 5179 Utrum-

2028 5230 2135 5286 que
2187 5230 2289 5272 nos
2329 5230 2487 5287 posse
2530 5216 2701 5271 voluit
2737 5218 2980 5288 optimus
3026 5216 3276 5279 Greater,
3306 5216 3402 5270 sed
3437 5230 3603 5267 unum

2030 5309 2235 5375 facere,
2268 5309 2469 5366 bonum
2493 5312 2727 5377 scilicet,
2745 5314 2887 5382 quod
2919 5322 2977 5365 et
3011 5309 3293 5380 imperavit
3325 5324 3340 5363 z
3369 5305 3606 5376 malique

2029 5404 2345 5460 facultatem
2399 5404 2469 5459 ad
2530 5405 2635 5460 hoc
2684 5414 2893 5461 tantum
2956 5403 3127 5467 dedit,
3152 5413 3211 5456 ut
3270 5401 3605 5455 voluntatem

2029 5501 2149 5570 ejus
2176 5512 2242 5553 ex
2274 5496 2464 5556 nostra
2516 5502 2797 5555 voluntate
2828 5500 3153 5554 iaceremus.
3191 5494 3345 5562 Quod
3377 5510 3497 5548 cum
3532 5496 3605 5549 i'a

2029 5592 2124 5657 sit,
2180 5591 2285 5649 hoc
2346 5608 2566 5664 quoque
2612 5594 2789 5665 ipsum
2847 5591 2991 5661 quod
3030 5590 3195 5645 etiam
3244 5588 3387 5647 mala
3428 5584 3607 5642 facere

409 5800 427 5831 ⁸
457 5796 744 5864 Erasmus,
784 5810 1019 5868 eumque
1066 5805 1289 5863 secutus
1339 5794 1703 5860 Martianmus,
1734 5791 1793 5846 τδ
1831 5800 2188 5848 exsecutorem
2226 5794 2652 5863 praetermittunt
2694 5811 2708 5848 :
2778 5790 2922 5860 quod
2987 5793 3205 5849 verbum
3272 5808 3340 5846 ex
3401 5792 3525 5849 aliis
3546 5793 3610 5847 li-

331 5872 453 5927 bris
478 5868 813 5925 Sullecimus.
