4054 6206
383 391 448 454 to
1314 393 1376 449 s.
1421 391 1870 450 HlERONYMl
1914 390 2230 450 OPERUM
2278 389 2678 448 MAN'I‘lSSA.
3546 376 3617 437 20

385 515 696 568 possumus,
727 499 928 555 bonum
969 512 1074 556 est.
1118 503 1346 568 Bonum,
1386 502 1626 569 inquam,
1660 502 1784 568 quia
1818 498 1946 552 boni
1975 509 2020 562 Α
2052 514 2169 553 mus
2203 519 2217 554 :
2252 515 2316 552 ac
2343 498 2650 566 trepidante
2682 497 2885 558 animo,
2913 493 3076 546 etiam
3114 491 3166 543 in
3195 488 3433 544 minimis
3463 489 3618 544 ’ἀμιξ-

385 601 594 656 partem
631 590 906 644 meliorem
938 594 1091 647 facit.
1123 591 1273 645 Facit
1318 591 1461 646 enim
1495 593 1664 660 ipsum
1700 591 1949 644 volunta-

389 681 524 732 riam
555 681 638 733 sui
664 680 806 749 juris
833 697 848 735 :
879 697 984 736 non
1020 685 1346 738 necessitate
1375 683 1706 746 devinctam,
1741 683 1836 735 sed
1859 681 1949 747 ju-

387 771 533 823 dicio
579 771 832 828 liberam.
873 774 1024 827 Licet
1071 777 1270 844 quippe
1303 774 1456 828 nobis
1489 775 1708 841 eligere,
1746 774 1948 827 refuta-

388 876 470 921 re,
498 865 752 929 probare,
791 877 1067 932 respuere.
1103 864 1214 919 Nec
1243 872 1327 919 est
1363 879 1472 935 quo
1506 867 1679 934 magis
1710 865 1948 918 rationa-

392 951 517 1004 bilis
563 961 814 1007 creatura
861 955 1074 1008 caeteris
1117 955 1454 1022 praeferatur,
1486 957 1588 1010 nisi
1637 956 1778 1023 quod
1827 973 1948 1010 cum

387 1043 568 1093 omnia
604 1043 707 1094 alia
739 1043 1069 1097 conditionis
1137 1053 1346 1098 tantum
1380 1061 1444 1098 ac
1473 1047 1814 1100 necessitatis
1853 1051 1950 1099 bo-

390 1147 518 1183 num
541 1134 793 1199 habeant,
820 1134 935 1188 [nec
963 1136 1075 1190 sola
1105 1137 1300 1191 habeat
1321 1138 1486 1191 etiam
1515 1139 1827 1195 voluntatis.
1847 1139 1950 1192 Sed

390 1222 634 1289 plerique
686 1224 872 1292 impie,
921 1240 1028 1279 non
1077 1227 1256 1280 minus
1307 1241 1470 1295 quam
1515 1229 1802 1297 imperite,_
1829 1243 1950 1282 cum

389 1331 551 1382 super
581 1326 724 1369 statu
757 1319 990 1372 hominis
1015 1321 1277 1387 qumitur
1297 1322 1510 1389 (vereor
1539 1321 1766 1390 dicere),
1792 1325 1948 1390 quasi

389 1409 849 1475 reprehendentes
895 1425 1029 1479 opus
1082 1409 1314 1478 Domini,
1376 1413 1533 1466 talem
1597 1412 1774 1467 illunis
1799 1413 1952 1467 aiunt

387 1499 641 1556 debuisse
669 1498 809 1564 ﬁeri,
839 1503 934 1570 qui
957 1503 1180 1557 omnino
1213 1513 1392 1558 tacere
1443 1518 1551 1558 non
1607 1512 1793 1572 posset
1841 1519 1956 1558 ma-

388 1591 518 1644 lum.
591 1592 730 1646 Dicit
785 1594 969 1662 itaque
1018 1595 1331 1664 ﬁgmentum
1383 1597 1456 1659 ei,
1491 1596 1582 1664 qui
1623 1612 1683 1652 se
1749 1597 1950 1652 ﬁnxit:

392 1682 533 1745 Quid
578 1699 656 1736 me
689 1685 855 1753 fecisti
889 1687 964 1740 sic
1002 1687 1180 1758 (Rom.
1211 1703 1286 1753 Ix,
1314 1687 1434 1756 90)?
1458 1687 1524 1742 Et
1561 1688 1951 1757 improbissimi

389 1778 837 1842 lmminum,dum
869 1782 1209 1836 dissimulant
1273 1785 1505 1852 idipsnm
1539 1784 1676 1838 bene
1716 1784 1952 1838 admini-

2054 594 2157 645 ctis
2188 599 2380 645 testem
2406 591 2695 657 effugimus
2721 605 2735 654 ;
2759 583 3089 642 conscientia
3116 581 3525 636 remordemur‘l
3550 597 3616 634 ex

2053 686 2270 738 diverso
2309 692 2490 737 autem
2517 681 2569 733 in
2608 679 2755 732 «mini
2803 679 2947 732 bono
3007 674 3136 736 laeti,
3173 679 3506 735 constantes,
3539 672 3620 723 in-

2058 775 2250 843 trepidi
2278 790 2468 828 sumus
2495 790 2509 828 :
2541 772 2700 841 idque
2729 772 2772 824 si
2806 769 3082 823 occultum
3107 773 3211 829 est,
3251 765 3423 832 palam
3455 761 3617 816 etiam

2055 867 2168 920 ﬁeri
2219 867 2464 933 cupimus
2524 871 2580 918 et
2632 862 2879 916 volumus
2913 877 2928 915 :
2961 858 3062 914 nisi
3114 857 3258 926 quod
3307 853 3615 909 testimonio

2053 959 2154 1012 sibi
2186 967 2270 1011 est
2303 957 2418 1026 ipsa
2460 965 2680 1019 natura,
2712 967 2832 1020 quae
2869 953 2971 1005 hoc
2995 951 3112 1027 ipso
3150 948 3391 1002 declarat
3417 946 3614 999 boiium

2056 1063 2238 1112 suum,
2276 1063 2384 1116 quo
2413 1047 2464 1102 ei
2512 1048 2712 1101 malum
2759 1043 3012 1112 displicet
3041 1051 3131 1098 :et
3185 1041 3312 1095 dum
3371 1038 3423 1092 in
3476 1037 3615 1090 bono

2058 1147 2264 1194 tantum
2328 1153 2494 1206 opere
2541 1137 2764 1192 conﬁdit
2797 1134 2966 1204 :quid
3008 1133 3181 1187 solum
3231 1144 3354 1182 eam
3409 1129 3616 1190 deceat.

2057 1229 2338 1284 ostendit?
2367 1229 2502 1284 Hinc
2543 1238 2628 1284 est
2681 1214 2814 1281 illud
2847 1225 2990 1294 quod
3031 1224 3341 1292 frequenter
3365 1217 3616 1273 carniﬁce

2057 1321 2300 1381 occulto.
2333 1320 2386 1374 in
2409 1332 2688 1374 auctorem
2714 1317 2956 1381 sceleris,
2983 1313 3327 1371 conscientiae
3351 1321 3617 1365 tormenta

2057 1411 2360 1465 desaeviunt
2390 1427 2405 1464 :
2443 1421 2497 1464 et
2530 1411 2787 1464 latentem
2816 1423 2988 1473 reum,
3011 1417 3220 1460 secreta
3250 1403 3446 1457 mentis
3464 1416 3618 1469 paena

2057 1501 2425 1571 persequitur.
2455 1499 2564 1557 Nec
2605 1501 2748 1556 ullus
2795 1508 2918 1568 post
2948 1499 3159 1568 culpam
3197 1493 3513 1564 impunitati
3543 1493 3620 1545 lo-

2057 1611 2151 1649 cus
2180 1605 2283 1660 est,
2310 1609 2434 1650 cum
2482 1595 2550 1649 sit
2583 1593 2693 1666 [AL
2736 1591 2815 1664 ﬁt]
2862 1601 3045 1646 reatus
3106 1590 3224 1658 ipse
3275 1585 3619 1654 supplicium.

2060 1685 2198 1740 Hinc
2225 1692 2309 1739 est
2334 1685 2478 1754 quod
2507 1685 2826 1739 econtrario
2856 1684 3116 1736 innocens
3151 1681 3313 1734 etiam
3340 1679 3480 1732 inter
3506 1675 3620 1744 ipsa

2058 1785 2324 1830 tormenta
2373 1776 2577 1830 fruitur
2611 1774 2955 1830 conscientiae
3000 1774 3294 1826 securitate
3341 1785 3355 1824 :
3401 1777 3454 1822 et
3498 1781 3621 1820 cum

392 1881 418 1918 ιι
453 1883 569 1920 ιςιινε
599 1873 738 1936 quod
767 1871 889 1925 facti
926 1884 1054 1927 sunt
1086 1889 1102 1931 :
1137 1875 1292 1928 aliter
1324 1891 1384 1930 se
1425 1876 1601 1931 factos
1643 1876 1808 1932 fuisse
1839 1890 1951 1928 iua-
1982 1873 2023 1927 Β
2053 1869 2120 1922 de
2155 1883 2314 1936 paena
2349 1878 2572 1933 metuat,
2593 1869 2661 1924 de
2688 1865 2994 1922 innocentia
3025 1864 3307 1933 gloriatur.
3331 1861 3425 1915 Est
3455 1860 3620 1922 enim,

385 1961 522 2020 lunt,
561 1975 615 2014 ut
659 1966 750 2030 qui
788 1965 951 2019 vitam
981 1981 1134 2021 suam
1165 1969 1454 2022 emendare
1485 1968 1702 2032 nolunt,
1734 1970 1952 2022 videan-

389 2065 478 2106 tur
513 2055 806 2109 emendare
843 2057 980 2111 velle
1010 2067 1284 2112 naturam.
1321 2059 1486 2126 Cujus
1515 2060 1712 2113 bonum
1746 2060 1818 2113 ita
1857 2075 1950 2129 ge-

392 2145 653 2200 neraliter
699 2148 913 2202 cunctis
952 2149 1262 2204 institutum
1317 2161 1421 2216 est,
1457 2159 1513 2205 ut
1569 2151 1622 2205 in
1661 2153 1951 2222 gentilibus

387 2251 604 2306 quoque
637 2237 972 2300 hominibus,
1007 2241 1098 2308 qui
1130 2242 1246 2295 sine
1273 2242 1382 2295 ullo
1409 2244 1556 2297 cultu
1600 2243 1693 2298 Dei
1723 2252 1871 2308 sunt,
1895 2258 1954 2298 se

389 2344 780 2397 notinunquam
847 2333 1099 2386 ostendat
1131 2347 1196 2388 ac
1231 2333 1490 2401 proferat.
1532 2333 1701 2398 Quam
1755 2334 1954 2388 multos

387 2417 530 2468 enim
565 2418 1008 2487 philosophorum
1046 2431 1098 2474 et
1134 2423 1444 2476 audivimus
1473 2432 1527 2476 et
1572 2422 1802 2490 legimus
1835 2423 1873 2488 ί,
1901 2433 1952 2478 et

393 2509 492 2570 ipsi
531 2508 766 2563 vidimus
796 2521 998 2579 castos,
1024 2513 1316 2581 patientes,
1349 2516 1643 2577 modestos,
1677 2513 1948 2579 liberales,

393 2599 748 2663 abstinentes,
783 2601 1069 2672 benignos,
1101 2613 1155 2658 et
1193 2605 1430 2660 honores
1473 2606 1656 2660 inundi
1707 2606 1867 2660 simul
1899 2615 1952 2660 et

393 2691 612 2746 delicias
640 2702 974 2762 respueutcs,
1005 2704 1058 2748 et
1091 2705 1364 2752 amatores
1389 2697 1616 2766 justitia:
1642 2712 1746 2752 non
1772 2697 1953 2753 minus

392 2798 550 2847 quam
602 2785 844 2839 scientiae
872 2785 980 2856 [ΑΙ.
1024 2787 1366 2858 sapientiae]!
1404 2789 1574 2855 Unde,
1617 2804 1826 2858 quaeso,
1857 2790 1954 2842 llO-

393 2875 633 2930 minibus
681 2879 874 2932 alienis
933 2894 964 2932 a
1016 2879 1125 2934 Deo
1173 2881 1611 2950 placentTUude
1644 2892 1822 2937 autem
1847 2883 1952 2955 [AL

355 2984 360 2989 '
395 2966 528 3038 lucc]
558 2968 662 3022 illis
703 2970 842 3024 bona
891 2971 992 3024 nisi
1021 2974 1086 3026 de
1123 2983 1331 3028 natura:
1374 2974 1558 3028 bono?
1591 2974 1656 3028 Et
1697 2991 1819 3030 cum
1855 2978 1954 3031 ista

393 3074 513 3126 qua:
540 3060 777 3126 dixi,vel
813 3066 992 3118 omnia
1025 3065 1081 3118 in
1115 3081 1244 3130 uno,
1278 3067 1360 3120 vel
1390 3067 1598 3136 singula
1639 3069 1692 3122 in
1731 3068 1957 3138 singulis

393 3151 581 3205 haberi
617 3152 900 3207 videamus
935 3158 978 3217 ²,
1010 3169 1132 3208 cum
1183 3158 1426 3210 omnium
1469 3167 1659 3209 natura
1707 3173 1812 3211 una
1864 3158 1935 3210 sit

393 3244 644 3310 exemplo
676 3259 778 3296 suo
815 3245 1043 3299 invicem
1079 3248 1179 3300 sibi
1212 3251 1526 3312 ostendunt,
1551 3249 1732 3302 omnia
1757 3251 1806 3302 in
1838 3266 1954 3303 om-

395 3337 557 3388 nibus
587 3352 708 3390 esse
750 3352 931 3406 posse,
962 3355 1080 3407 (Illa!
1136 3340 1214 3393 vel
1253 3341 1436 3395 omnia
1469 3343 1521 3396 in
1566 3345 1840 3409 omnibus,
1877 3345 1961 3396 vel

401 3429 613 3497 singula
643 3429 694 3482 in
721 3431 949 3499 singulis
977 3432 1346 3487 inveniantur.
1376 3435 1530 3500 Quod
1573 3436 1616 3488 si
1655 3435 1816 3488 etiam
1846 3436 1964 3490 sine

396 3517 508 3572 Deo
551 3520 803 3575 homines
841 3526 1155 3589 ostendunt,
1195 3525 1383 3594 quales
1410 3541 1441 3579 a
1484 3527 1590 3580 Deo
1629 3525 1759 3581 iacti
1794 3538 1960 3582 sunt:

397 3613 520 3663 vide
570 3613 698 3679 quid
749 3612 1047 3669 Christiani
1111 3615 1294 3670 facere
1349 3625 1600 3685 possunt,
1628 3635 1859 3688 quorum
1911 3620 1962 3673 in

399 3706 592 3758 melius
621 3721 717 3774 per
755 3707 1031 3762 Christum
1084 3721 1272 3763 natura
1302 3721 1354 3764 et
1385 3713 1491 3764 vita
1526 3712 1789 3766 instructa
1824 3721 1908 3767 est
1950 3729 1964 3769 ς

396 3809 447 3848 ct
488 3799 577 3865 qui
606 3799 802 3852 divitum
829 3814 1044 3869 quoque
1075 3802 1262 3870 gratia:
1289 3803 1548 3868 iuvantur
1581 3805 1806 3858 auxilio.

468 3886 598 3942 CAP.
635 3886 726 3942 IV.
753 3892 956 3959 —-Age
1003 3891 1114 3960 jam
1151 3892 1216 3944 ad
1257 3893 1453 3948 anima:
1511 3903 1712 3949 nostra:
1758 3905 1967 3950 secreta

399 3981 723 4035 veniamus:
768 3982 1006 4051 seipsutn
1056 3985 1430 4054 unusquisque
1481 3987 1738 4042 attentius
1796 3989 1968 4057 respi-

401 4077 531 4128 t'ial.
571 4075 979 4144 lnterrogemus
1021 4077 1147 4144 quid
1196 4078 1263 4132 de
1311 4079 1415 4132 hoc
1455 4079 1696 4133 sentiant
1740 4079 1970 4148 propria:

403 4165 789 4234 cogitationes.
816 4165 977 4220 Ferat
1001 4169 1328 4222 sententiam
1353 4169 1416 4222 de
1449 4180 1657 4222 natura:
1684 4169 1824 4223 bono
1855 4169 1968 4237 ipsa

403 4259 740 4311 conscientia
767 4259 906 4314 bona
950 4259 1063 4330 [AL
1098 4268 1232 4313 tacet
1258 4259 1424 4333 bona]
1454 4278 1468 4314 :
1500 4261 1834 4314 instruamur
1871 4261 1970 4314 do-

405 4351 636 4404 mestico
693 4353 1008 4419 magisterio
1059 4353 1278 4407 animi:
1316 4362 1370 4408 et
1422 4354 1621 4408 mentis
1670 4354 1810 4408 bona
1865 4368 1969 4407 non

404 4441 628 4495 aliunde
663 4443 837 4509 magis
872 4459 1125 4513 quasque,
1151 4460 1312 4511 quam
1354 4445 1421 4499 ab
1449 4445 1563 4513 ipsa
1597 4454 1774 4499 mente
1798 4445 1974 4499 disca-

1940 3199 1954 3224 '
1985 3199 2027 3255 C

2055 1960 2300 2028 inquam,
2337 1961 2390 2013 in
2442 1960 2640 2015 animis
2699 1961 2902 2014 nostris
2951 1957 3214 2012 naturalis
3248 1952 3622 2023 quaadamint

2055 2050 2128 2104 ita
2156 2050 2413 2122 dixerim)
2435 2053 2696 2106 sanctitas
2719 2068 2733 2105 :
2754 2067 2872 2122 qua:
2894 2067 2990 2120 par
3023 2051 3171 2104 velut
3207 2051 3257 2101 in
3290 2061 3415 2102 arce
3449 2045 3620 2100 animi

2056 2142 2372 2207 praesidens,
2427 2152 2644 2198 exercet
2683 2144 2806 2196 mali
2850 2142 3086 2209 bonique
3130 2139 3388 2210 judicium
3421 2155 3434 2192 :
3466 2147 3520 2191 et
3566 2144 3622 2190 ut

2059 2234 2300 2290 honestis
2323 2236 2598 2304 rectisque
2621 2236 2834 2291 actibus
2869 2235 3052 2290 favet:
3092 2235 3166 2287 ita
3199 2234 3420 2288 sinistra
3454 2245 3619 2299 opera

2063 2327 2418 2390 condemnat,
2459 2337 2622 2396 atque
2652 2326 2718 2380 ad
2759 2326 3109 2381 conscientiae
3141 2326 3508 2380 testimonium
3543 2323 3624 2376 di-

2059 2435 2246 2476 versas
2302 2429 2487 2490 partes
2537 2421 2832 2475 domestica
2886 2421 3116 2488 quadam
3171 2418 3285 2487 lege
3337 2416 3618 2486 dijudicat.

2057 2512 2171 2568 Nec
2210 2513 2302 2568 illo
2338 2525 2570 2579 prorsus
2611 2513 2850 2582 ingenio,
2885 2522 2975 2564 aut
3014 2513 3194 2565 fucato
3239 2511 3421 2576 aliquo
3459 2523 3624 2578 argu-

2061 2614 2367 2659 mentorum
2398 2604 2581 2657 colore
2605 2605 2802 2671 decipit
2839 2619 2854 2658 :
2884 2602 3018 2672 ipsis
3060 2615 3161 2656 nos
3205 2601 3624 2670 cogitationibus

2062 2694 2389 2748 ﬁdelissimis
2423 2703 2477 2748 et
2520 2693 2880 2761 integerrimis
2925 2707 3056 2746 sane
3110 2692 3356 2756 testibus,
3392 2701 3486 2743 aut
3535 2705 3624 2741 ar-

2063 2789 2201 2859 guit,
2234 2798 2326 2843 aut
2351 2787 2616 2842 defendit.
2649 2785 2822 2855 Hujus
2853 2787 3006 2854 legis,
3036 2785 3282 2840 scribens
3310 2784 3372 2836 ad
3425 2784 3624 2836 Itoma-

2063 2897 2184 2946 nos,
2221 2881 2469 2936 meminit
2522 2879 2813 2948 Apostolus
2853 2895 3057 2947 :quam
3099 2878 3348 2933 onmihns
3397 2874 3628 2929 homini-

2062 2973 2168 3028 bus
2202 2973 2310 3044 [ΑΙ.
2339 2981 2476 3026 tacet
2515 2969 2853 3042 hominibus]
2877 2971 3091 3026 insitam
3128 2971 3272 3024 velut
3310 2969 3363 3022 in
3398 2969 3626 3036 quibus-

2062 3065 2184 3120 dam
2219 3065 2418 3119 tabulis
2469 3063 2652 3118 cordis
2707 3065 2962 3132 scriptam
3009 3076 3148 3126 esse,
3183 3070 3408 3116 testatur
3442 3076 3455 3115 ;
3492 3060 3624 3113 Cum

2066 3161 2224 3224 enim,
2261 3158 2458 3228 inquit,
2495 3165 2692 3226 gentes,
2724 3172 2839 3226 quo:
2875 3155 3042 3224 legem
3091 3171 3194 3208 non
3228 3153 3439 3212 habent.
3471 3162 3627 3206 natu-

2067 3253 2251 3305 raliter
2281 3265 2398 3320 quae
2437 3250 2563 3320 legis
2604 3258 2744 3312 sunt,
2781 3249 2984 3318 faciunt
3020 3247 3418 3316 :ijnscemodi
3463 3245 3624 3314 legem

2067 3361 2168 3398 non
2199 3344 2470 3405 habentes,
2499 3344 2598 3395 insi
2621 3343 2723 3396 sibi
2761 3351 2886 3395 sunt
2918 3341 3024 3394 lex.
3058 3339 3161 3406 Qui
3186 3339 3463 3393 ostendunt
3497 3353 3626 3407 opus

2067 3438 2194 3508 legis
2245 3439 2495 3506 scriptum
2550 3436 2606 3487 in
2647 3435 2893 3487 cordibus
2932 3435 3085 3487 suis:
3123 3433 3479 3487 testimonium
3515 3431 3632 3482 red-

2067 3532 2216 3584 dente
2246 3533 2317 3584 eis
2366 3530 2688 3599 conscientia
2725 3545 2928 3594 eorum,
2963 3536 3010 3582 et
3038 3528 3173 3581 inter
3209 3543 3264 3582 se
3291 3528 3507 3580 invicem
3541 3540 3634 3576 ac-

2069 3625 2368 3678 cusantium
2431 3625 2834 3694 cogitationum,
2880 3630 2974 3675 aut
3023 3622 3186 3676 etiam
3236 3619 3631 3687 defendentium

2069 3715 2244 3786 (Rom.
2273 3733 2336 3780 tt.
2376 3715 2464 3782 ιι,
2500 3716 2612 3783 iii).
2665 3716 2774 3769 llac
2815 3715 2930 3781 lege
2965 3713 3044 3768 usi
3081 3721 3205 3767 sunt
3251 3725 3457 3772 omnes,
3494 3723 3632 3778 quos

2072 3812 2211 3862 inter
2234 3808 2402 3862 Adam
2436 3818 2596 3876 atque
2621 3807 2838 3877 Moysen
2870 3814 3056 3860 sancte
3081 3802 3299 3864 vixisse,
3331 3811 3492 3870 atque
3517 3801 3633 3868 pla-

2071 3903 2250 3956 cuisse
2297 3900 2430 3964 Deo,
2463 3898 2748 3965 Scriptura
2791 3903 3204 3952 commemorat.
3235 3893 3474 3960 Quorum
3512 3890 3633 3954 tibi,

2072 3995 2303 4062 exempli
2366 4006 2553 4057 causa,
2583 3991 2744 4060 aliqui
2783 3989 3116 4061 proponendi
3166 3999 3295 4043 sunt
3325 4003 3341 4046 :
3369 3996 3430 4041 ut
3481 3985 3639 4040 facile

2072 4087 2646 4156 intelligas,quantum
2671 4083 2743 4138 sit
2767 4093 2978 4138 natura:
3000 4082 3225 4144 bonum,
3254 4097 3375 4134 cum
3407 4093 3527 4132 eam
3561 4078 3640 4131 le-

2075 4178 2157 4248 gis
2175 4179 2294 4230 vice
2320 4176 2570 4232 docuisse
2591 4177 2857 4243 justitiam
2887 4173 3226 4246 probaveris.

2145 4272 2276 4328 CAP.
2305 4272 2456 4327 V.—
2476 4272 2604 4325 Abel
2638 4271 2850 4340 primus
2879 4269 3018 4323 hanc
3044 4267 3362 4335 magistram
3397 4273 3640 4330 secutus,

2077 4366 2149 4419 ita
2194 4365 2481 4418 Dominum
2531 4364 2854 4434 promeruit,
2892 4371 2950 4415 ut
2995 4362 3119 4415 dum
3185 4362 3234 4413 ci
3287 4357 3506 4411 offerret
3551 4357 3644 4409 ho-

2085 4460 2269 4523 etiam,
2305 4468 2410 4511 tam
2450 4465 2603 4528 grate
2663 4455 2992 4510 sacriﬁcium
3045 4452 3162 4522 ejus
3209 4458 3485 4518 acceptum
3538 4448 3646 4503 Deo

411 4549 552 4588 mus.
586 4533 724 4600 Quid
765 4535 919 4600 Illud,
950 4539 1202 4604 obsecro,
1233 4548 1338 4603 est,
1364 4539 1505 4606 quod
1545 4540 1610 4592 ad
1646 4553 1806 4592 omne
1845 4553 1962 4609 pec-

2084 4551 2268 4611 iuerit.
2301 4559 2359 4604 ut
2389 4550 2609 4604 fratrem
2643 4549 2695 4601 in
2723 4547 2980 4601 invidiam
3014 4544 3316 4598 concitaret
3348 4540 3499 4601 (Gen.
3520 4554 3645 4594 xxiv

413 4637 619 4690 catum,
653 4637 746 4682 aut
775 4629 1172 4694 erubescimus,
1215 4641 1310 4684 aut
1351 4631 1602 4685 timemus
1631 4648 1644 4683 :
1673 4641 1728 4685 et
1760 4631 1976 4700 culpant

410 4718 562 4781 iacti,
595 4733 741 4772 nunc
791 4721 988 4775 rubore
1035 4721 1239 4783 vultus,
1273 4737 1420 4776 nunc
1467 4722 1671 4791 pallore
1709 4731 1982 4776 menstruo

489 4903 506 4933 ¹
528 4904 654 4966 Qum
685 4903 790 4966 bis.
813 4913 977 4973 atque
1004 4905 1127 4958 aliis
1165 4905 1301 4958 infra
1339 4906 1735 4973 responderunt
1769 4904 1826 4959 S.
1865 4908 1980 4958 Au-

412 4974 662 5036 ruslittus
708 4982 765 5045 et
803 4972 928 5036 Lco',
977 4991 1132 5028 nemo
1177 4975 1391 5045 ignorat
1419 4972 1440 5030 :7
1477 4975 1653 5045 placet
1699 4992 1826 5030 vero
1873 4991 1982 5028 uno

409 5045 654 5115 alterove
708 5042 827 5097 loco
869 5042 1402 5115 api-scintinis'gralia
1467 5042 1684 5115 laudare
1735 5045 1979 5115 Bedam:

415 5133 432 5162 ι
465 5113 788 5180 Quicunque
821 5115 1046 5182 (inquit)
1093 5113 1538 5184 philo'mphorum
1583 5114 1858 5169 Christum
1893 5114 1981 5167 Dei

411 5194 668 5236 Vll‘llllelll
715 5195 768 5236 et
812 5186 903 5238 Dei
949 5189 1273 5253 sapientiam
1325 5189 1656 5247 nescierunt,
1693 5188 1744 5238 hi
1785 5184 1982 5237 nullam

412 5269 593 5322 teram
647 5255 919 5313 virtutem,
963 5272 1060 5308 nec
1114 5257 1275 5308 ullam
1321 5272 1497 5308 veram
1533 5257 1850 5322 sapientiam
1890 5255 1985 5306 ba-

413 5321 548 5375 lwre
584 5333 897 5389 potuerunt.
932 5325 986 5378 In
1022 5338 1282 5389 quantum
1335 5341 1460 5378 vero
1501 5321 1832 5390 velgustum
1887 5324 1984 5375 ali-

413 5409 577 5444 nuem
626 5395 908 5460 sapientizc
956 5397 1262 5462 cujuslibet,
1294 5399 1374 5450 vel
1433 5394 1650 5448 virtutis
1693 5395 1983 5459 imaginem

417 5463 711 5532 habebant,
753 5477 926 5516 totum
957 5467 1054 5518 hoc
1081 5468 1314 5528 desuper
1340 5478 1664 5532 acceperunt
1699 5483 1712 5518 ε
1750 5479 1855 5517 non
1898 5480 1985 5516 so-

414 5530 522 5610 lun
562 5549 785 5610 munere
819 5537 1003 5601 prima:
1047 5536 1392 5598 conditionis,
1433 5530 1618 5587 verum
1658 5536 1821 5588 etiam
1848 5550 1984 5601 quo-

415 5601 619 5674 tidiana
662 5607 778 5671 ejus
834 5608 1030 5672 gratia,
1074 5607 1161 5674 qui
1201 5611 1532 5667 (creaturam
1573 5620 1724 5658 suam
1777 5619 1879 5657 nec
1928 5617 1986 5657 se

424 5673 756 5725 deserentem
805 5673 1257 5744 deserensjdona
1290 5691 1409 5740 sua,
1441 5686 1600 5742 prout
1630 5676 1746 5742 ipse
1774 5674 1986 5740 judica-

423 5744 575 5806 t'erit,
610 5746 918 5818 hoininibus
949 5755 1002 5800 ct
1043 5763 1233 5817 magna
1275 5749 1502 5818 magnis,
1532 5757 1582 5796 ct
1617 5761 1778 5816 parva
1820 5745 1987 5811 largi-

419 5821 506 5862 tui'
544 5830 625 5881 μί
648 5815 800 5867 talis.
829 5833 848 5867 ι

2082 4640 2437 4708 seq.).Quem
2495 4639 2701 4708 justum
2768 4637 2819 4690 in
2880 4633 3170 4704 Evangelio
3227 4631 3483 4685 Dominus
3533 4631 3646 4698 ipse

2084 4747 2516 4788 commemorans
2565 4730 2784 4799 (Matth.
2838 4741 3019 4798 mn),
3066 4725 3306 4780 breviter.
3352 4723 3646 4793 perfectio-

2156 4917 2175 4946 '
2211 4913 2449 4980 Bcponit
2504 4911 2646 4966 Beda
2705 4912 2861 4966 haec:
2904 4929 2920 4962 t
2947 4907 3283 4963 Contradicit
3322 4905 3646 4980 _Srriptu_r:o,

2087 5001 2206 5053 quae
2240 4976 2312 5036 ait
2353 4982 2498 5038 :Nec
2522 4983 2674 5053 enint_
2693 4980 2877 5053 omnia
2910 4989 3127 5053 possunt
3174 4993 3283 5030 esse
3317 4976 3650 5053 immunibus,

2086 5044 2336 5124 quoniam
2386 5061 2602 5124 nonest
2639 5049 2783 5124 ﬁlius
2832 5044 3056 5124 {minim}
3108 5046 3418 5124 immortalis
3451 5044 3646 5112 (Ecrli.

2087 5117 2223 5190 ivit,
2251 5123 2366 5191 29).
2395 5122 2496 5177 Ubi
2522 5123 2809 5191 manifeste
2839 5119 3163 5191 insinuatur,
3193 5117 3318 5184 quia
3349 5130 3472 5191 cum
3512 5128 3653 5166 mor-

2092 5187 2217 5248 tale
2256 5187 2358 5246 hoc
2426 5190 2662 5244 indui-rit
2719 5190 3181 5243 itnmortalitatem
3213 5226 3226 5246 .
3271 5197 3399 5238 tunc
3439 5187 3653 5235 dcmtnn

2091 5272 2315 5334 possunt
2345 5277 2471 5334 esse
2504 5261 2685 5334 Omnia
2733 5261 2790 5329 in
2829 5260 3082 5334 omnibus
3110 5256 3578 5334 bona_virtutum.;
3604 5261 3654 5304 et

2090 5324 2156 5386 ne
2190 5343 2315 5385 tunc
2346 5330 2560 5398 quidem
2607 5331 2669 5382 de
2721 5324 2928 5382 natura:
2967 5329 3145 5398 _bono,
3179 5324 3270 5398 sed
3307 5339 3400 5389 per
3428 5324 3655 5398 gratiam

2088 5406 2202 5469 ejus
2246 5403 2314 5454 de
2363 5393 2470 5469 quo
2497 5401 2760 5462 scriptum
2801 5407 2879 5452 est
2912 5415 2925 5451 :
2963 5394 3028 5449 Ut
3084 5397 3154 5449 sit
3196 5394 3546 5469 D_eus__omnia
3605 5393 3657 5442 in

2089 5462 2352 5528 omnibus.
2382 5462 2504 5524 'Sed
2537 5478 2590 5520 ct
2625 5469 2937 5537 quotidiana
2981 5478 3184 5520 nosme
3227 5462 3534 5537 fragilitatis
3575 5475 3657 5512 ar-

2090 5551 2342 5611 gumenta
2372 5540 2620 5611 probant,
2644 5534 2755 5611 nun
2793 5540 2971 5611 omnia
3025 5538 3076 5588 in
3109 5534 3366 5611 omnibus
3393 5547 3510 5610 esse
3538 5545 3658 5598 pos-

2089 5602 2168 5675 se,
2206 5611 2293 5664 ubi
2332 5602 2438 5664 tam
2475 5609 2624 5661 multi
2659 5609 3032 5670 inveniuntur,
3061 5605 3152 5669 qui
3183 5617 3397 5675 summa
3426 5602 3659 5675 nitentes

2092 5670 2373 5746 instantia,
2409 5694 2748 5746 nequaquam
2779 5680 2845 5732 ad
2873 5692 2988 5736 eas,
3016 5689 3153 5742 quas
3177 5673 3315 5726 alios
3352 5671 3531 5733 vitlem
3564 5670 3659 5730 bac

2092 5756 2475 5822 berc,possunt
2499 5749 2781 5817 pervenire
2811 5748 3062 5801 virtutes.
3080 5763 3097 5797 ι
