4056 6200
362 387 434 453 21
1244 390 1569 453 PELAGII
1612 392 1713 454 AD
1757 397 2320 460 DEMETBIADEM
2366 398 2763 461 EPISTOLA.
3553 394 3628 459 22

368 515 492 554 nem
537 497 660 569 ejus
702 498 976 568 exposuit.
1004 498 1192 554 Omnis
1223 500 1367 555 enim
1401 502 1659 557 virtutum
1711 505 1942 575 species,
1975 516 2019 571 Α
2051 506 2103 559 in
2136 520 2197 560 re
2228 516 2284 561 et
2314 505 2594 565 blanditur
2622 516 2678 563 et
2717 504 3007 576 snpplicat,
3039 516 3158 575 quae
3185 501 3242 557 in
3276 501 3488 558 caeteris
3523 502 3626 557 im—

367 590 727 660 uuojustitim
774 592 999 645 nomine
1036 591 1367 646 continetur.
1396 590 1622 649 Beatum
1656 596 1838 650 Enoch
1869 597 1943 651 ita

365 682 637 750 p!:tctlisse
680 681 793 737 Deo
819 681 1072 754 legimus,
1100 691 1159 737 ut
1190 698 1314 738 eum
1347 698 1379 740 e
1419 687 1603 741 medio
1632 688 1939 742 mortalium

366 785 588 844 raperet
619 792 633 828 :
663 785 719 829 et
772 775 825 829 iu
876 775 1082 829 mundo
1133 789 1593 843 consummatum,
1625 778 1692 834 de
1756 780 1941 835 mundi

368 867 704 922 habitatione
768 866 1084 923 transferret
1124 864 1277 938 (Gen.
1313 883 1368 934 ν,
1423 868 1539 938 24).
1601 868 1717 924 Noe
1759 871 1941 942 justus

366 959 423 1012 in
472 960 811 1029 generatione
860 974 983 1023 sua,
1020 967 1072 1012 et
1125 957 1408 1028 perfectus,
1448 960 1708 1015 asseritur
1737 980 1756 1017 :
1784 963 1942 1034 cujus

367 1051 634 1104 sanctitas
659 1064 725 1104 eo
745 1050 917 1118 magis
944 1059 1029 1103 est
1061 1051 1418 1115 admirabilis,
1461 1054 1625 1121 quod,
1652 1063 1764 1109 toto
1789 1071 1948 1125 pror-

366 1157 461 1195 sus
506 1158 534 1194 a
563 1141 777 1211 justitia
827 1141 1135 1196 declinante
1188 1143 1414 1209 mundo,
1444 1143 1593 1199 solus
1629 1146 1809 1215 justus
1863 1147 1948 1201 in-

366 1245 562 1290 ventus
590 1244 714 1289 est:
749 1250 848 1289 nec
875 1233 945 1288 ab
976 1234 1085 1287 alio
1127 1235 1442 1290 sanctitatis
1476 1241 1731 1303 quaesivit
1762 1255 1944 1294 exem«

372 1324 541 1392 plum,
576 1324 673 1379 sed
718 1326 832 1390 ipse
865 1322 1115 1393 praebuit.
1156 1321 1223 1378 Et
1282 1317 1630 1389 idem-totius
1656 1327 1805 1380 orbis
1845 1327 1948 1381 im-

374 1417 616 1470 minente
659 1414 968 1481 naufragio,
1002 1415 1153 1470 solus
1207 1430 1274 1471 ex
1312 1417 1569 1470 omnibus
1614 1417 1813 1472 meruit
1844 1434 1947 1471 aus

372 1504 494 1559 dire
532 1523 547 1561 :
588 1504 744 1561 Intra
782 1515 838 1560 tu
891 1515 942 1561 et
975 1505 1162 1560 domas
1197 1515 1289 1560 tua
1346 1508 1404 1561 in
1456 1523 1640 1561 arcam
1672 1523 1690 1562 :
1730 1509 1854 1579 quia
1895 1520 1944 1565 te

370 1598 477 1651 nidi
514 1596 725 1667 justum
758 1598 813 1651 in
861 1597 1201 1669 generatione
1258 1598 1363 1652 ista
1411 1615 1591 1654 coram
1644 1616 1746 1656 me.
1807 1601 1948 1657 Ante

373 1687 546 1743 D.~nm
593 1698 776 1744 autem
828 1690 920 1744 ille
944 1689 1126 1760 justus
1164 1691 1456 1761 probatur,
1486 1691 1577 1761 qui
1631 1702 1688 1747 et
1716 1708 1948 1763 corpore

371 1792 596 1836 saucius
621 1791 705 1836 est
739 1789 793 1836 et
829 1781 1015 1837 corde.
1053 1780 1399 1836 Melchisedec
1428 1783 1679 1837 sacerdos
1732 1783 1831 1838 Dei
1863 1783 1943 1838 le-

376 1877 523 1944 gitur
562 1872 718 1946 (Gen.
757 1889 870 1938 xtv,
905 1873 1038 1942 18):
1076 1874 1238 1943 cujus
1267 1874 1521 1929 meritum
1563 1874 1719 1929 facile
1745 1889 1813 1930 ex
1851 1877 1954 1929 hoc

380 1965 607 2036 intelligi
644 1973 845 2034 potest,
879 1967 1023 2034 quod
1072 1965 1242 2021 multo
1289 1976 1415 2038 post
1452 1967 1693 2022 futurum
1735 1966 1951 2021 Domini

378 2067 784 2111 sacramentum
830 2066 957 2112 ante
1000 2056 1239 2128 signavit
1288 2072 1392 2117 :ac
1419 2056 1689 2113 sacrificio
1719 2057 1872 2128 panis
1899 2068 1957 2114 et

374 2147 513 2210 viui,
546 2146 866 2217 mysterium
915 2147 1166 2217 corporis
1207 2157 1264 2202 et
1299 2146 1584 2218 sanguinis
1635 2147 1903 2215 expressit
1936 2164 1953 2204 :

376 2256 444 2293 ac
480 2238 773 2293 sacerdotii
827 2236 911 2293 sui
943 2249 1090 2309 typo,
1125 2238 1327 2295 Christi
1358 2238 1720 2294 sacerdmium
1758 2240 1955 2303 figura-

375 2333 480 2395 vit,
508 2332 591 2385 cui
621 2345 652 2386 a
684 2330 847 2385 Patre
869 2328 1068 2385 dicitur
1099 2347 1117 2387 :
1154 2328 1233 2384 Tu
1260 2348 1313 2386 es
1338 2329 1584 2385 sacerdos
1608 2331 1663 2385 in
1693 2339 1955 2385 a'ternuvn

377 2422 672 2476 secundum
701 2421 942 2476 ordinem
987 2421 1329 2477 Melchisedec
1357 2419 1531 2493 (I’sal.
1564 2435 1676 2481 etx.
1712 2421 1793 2493 4).
1819 2419 1955 2476 Nam

376 2525 429 2567 et
467 2511 610 2581 quod
641 2513 916 2567 benedicit
946 2511 1223 2566 Abraham
1260 2511 1560 2581 principem
1602 2511 1950 2581 patriarcha-

384 2622 532 2670 rum,
559 2606 653 2675 qui
689 2621 786 2675 per
832 2604 1306 2660 circumcisionem
1336 2614 1491 2673 pater
1522 2601 1836 2658 Judaaorum
1873 2613 1958 2658 est

378 2695 491 2770 [ΑΙ.
525 2706 663 2750 tacet
705 2694 839 2768 est],
873 2712 969 2767 per
1009 2696 1167 2751 fidem
1203 2696 1443 2765 gentium
1476 2713 1493 2752 :
1525 2696 1669 2750 illius
1701 2695 1958 2766 signatis-

378 2805 521 2843 sime
556 2787 794 2843 ostendit
842 2787 1094 2858 ﬁgurant,
1128 2787 1221 2856 qui
1258 2803 1353 2858 per
1381 2787 1540 2842 fidem
1577 2802 1730 2843 suam
1782 2798 1833 2841 et
1867 2785 1962 2841 Ju-

379 2880 518 2934 dacis
560 2879 785 2935 donavit
822 2880 1252 2935 benedictionem
1292 2888 1348 2933 et
1379 2881 1653 2948 gentibus.
1688 2877 1789 2932 Lat
1828 2894 1961 2948 quo-

379 2989 513 3042 que,
544 2974 717 3029 satttti
768 2972 880 3029 Noe
922 2973 1179 3027 virtutem
1232 2982 1477 3036 secutus,
1520 2972 1662 3026 inter
1706 2979 1784 3026 tot
1838 2986 1961 3040 pec-

384 3069 630 3124 euntium
661 3067 937 3136 exetnpla,
970 3066 1247 3137 justitiam
1283 3081 1390 3119 non
1431 3064 1671 3134 reliquit.
1698 3063 1761 3117 Et
1794 3073 1848 3115 ut
1896 3062 1960 3115 il-

386 3162 498 3213 lum
537 3160 703 3214 totius
738 3158 924 3213 mundi
948 3158 1256 3226 exemplum
1289 3171 1394 3210 non
1434 3156 1605 3211 vicit:
1632 3155 1704 3209 ita
1736 3155 1826 3210 hic
1851 3164 1959 3209 tuta

383 3251 501 3311 illa,
534 3251 721 3319 inqua
782 3249 993 3305 habitat
1048 3248 1158 3316 [.ll.
1199 3244 1525 3319 habitabat],
1577 3247 1796 3317 reg'oue
1836 3260 1962 3316 pec-

389 3353 571 3407 cante,
600 3352 795 3396 contra
822 3340 1190 3395 multitudinis
1227 3340 1355 3393 vitia
1387 3340 1565 3392 tenuit
1590 3339 1960 3393 sanctitatem.

394 3434 495 3501 Qui
523 3437 603 3501 (nt
644 3435 839 3488 beatus
861 3431 1061 3487 Petrus
1091 3433 1187 3501 ait)
1213 3432 1327 3485 visu
1357 3440 1404 3483 et
1437 3429 1625 3483 auditu
1645 3428 1828 3497 justus
1850 3436 1968 3482 erat

392 3524 479 3591 (II
532 3523 680 3578 Pete.
720 3538 785 3589 ιι,
823 3523 981 3593 7-9):
1013 3532 1061 3575 ct
1102 3522 1242 3575 inter
1275 3522 1526 3590 pessimos
1560 3521 1786 3591 positus,
1822 3518 1968 3574 mata

384 3638 567 3678 eorum
603 3632 649 3677 et
699 3620 868 3676 oculis
901 3620 1246 3673 aversabatur
1272 3627 1322 3672 et
1353 3617 1573 3671 auribus
1608 3631 1626 3668 :
1657 3628 1814 3687 atque
1849 3614 1969 3670 ideo

386 3716 554 3771 simili
585 3713 844 3784 exemplo,
872 3723 929 3768 ιιι
953 3713 1041 3767 ille
1066 3712 1287 3779 diluvio,
1314 3713 1391 3765 ita
1422 3712 1506 3766 hic
1533 3720 1614 3767 est
1659 3719 1864 3779 ereptus
1886 3710 1970 3764 in-

388 3810 593 3863 cendia.

467 3901 609 3967 Quid
643 3898 923 3954 Abraham
953 3899 1189 3955 amicum
1224 3896 1347 3965 Dei,
1375 3897 1506 3968 quid
1534 3896 1689 3953 lsaac
1715 3904 1773 3950 et
1801 3894 1970 3953 Iacob

390 3992 733 4048 umorem?
761 3990 936 4059 Quam
971 3991 1210 4062 perfecte
1241 3989 1593 4061 impleverim
1628 3986 1842 4042 Domini
1870 4001 1971 4042 vo-

390 4085 688 4150 luntatem,
725 4084 812 4140 vet
838 4085 968 4139 hinc
994 4099 1286 4155 possumus
1311 4082 1607 4146 astitnare,
1642 4082 1788 4150 quod
1816 4079 1972 4134 fami—

389 4178 517 4233 liari
543 4177 781 4248 quadarn
810 4188 863 4234 et
887 4179 1160 4249 praecipua
1188 4177 1475 4247 dignitate,
1496 4188 1686 4235 eorum
1710 4186 1771 4230 se
1804 4173 1969 4229 Deum

391 4269 573 4324 voluit
608 4269 904 4325 nominari.
940 4267 1055 4339 Ego
1085 4284 1228 4334 sum,
1269 4269 1472 4338 inquit,
1507 4262 1648 4322 Deus
1677 4266 1971 4331 Abraham,

390 4360 543 4415 Deus
600 4358 785 4425 Isaae,
822 4370 875 4417 et
931 4362 1043 4434 [ΑΙ.
1074 4370 1210 4417 tacet
1270 4359 1347 4432 et]
1380 4358 1519 4415 Deus
1552 4357 1724 4413 Jacob
1756 4357 1970 4430 (Matth.

396 4468 539 4518 xxtt,
583 4453 691 4522 ὗες
720 4453 855 4510 Luc.
914 4471 1005 4522 xx,
1039 4454 1154 4523 37).
1187 4453 1302 4508 lloc
1346 4467 1541 4509 nomen
1596 4465 1779 4506 meum
1824 4464 1971 4504 sem-

2047 601 2290 670 perabat.
2321 602 2486 657 Amor
2509 600 2672 674 [Aug.
2716 597 2975 671 Amator]
3006 599 3126 663 Dei,
3156 597 3402 653 mulieris
3437 610 3623 653 amore

2056 707 2167 747 non
2193 692 2453 747 vincitur.
2488 693 2712 747 Castum
2739 690 3005 754 animum,
3034 702 3135 744 nec
3154 699 3294 742 anas
3312 685 3600 741 adolescen

2057 785 2144 838 tia:
2177 795 2481 853 permovet,
2515 799 2616 839 nec
2651 782 2932 851 diligentis
2957 780 3278 837 auctoritas.
3299 779 3625 846 Contempla

2050 876 2367 947 frequenter
2409 875 2648 944 domina,
2685 874 2971 946 pr0piores
3017 870 3352 939 adolescenti
3392 868 3623 924 insidias

2051 971 2245 1026 tendit.
2280 969 2342 1024 in
2372 980 2589 1026 secreto
2623 984 2688 1024 ac
2719 970 2841 1025 sine
2867 967 3120 1031 testibus,
3153 979 3313 1021 manu
3339 966 3628 1035 impudens

2051 1062 2411 1135 apprehendit
2452 1077 2471 1119 :
2521 1077 2587 1117 ac
2616 1060 3027 1131 procacioribus
3052 1058 3235 1115 verbis
3278 1057 3529 1113 hortatur
3554 1056 3627 1112 ad

2051 1154 2285 1209 crimen.
2320 1151 2400 1209 Ne
2434 1150 2525 1209 hic
2554 1153 2772 1223 quidem
2807 1150 3067 1215 vincitur,
3095 1149 3191 1205 sed
3229 1159 3288 1204 ut
3310 1149 3476 1205 verba
3507 1162 3629 1203 ver-

2056 1246 2165 1310 bis,
2193 1245 2271 1301 ita
2310 1259 2399 1300 res
2424 1247 2591 1301 rebus
2620 1242 2811 1299 refert.
2842 1241 2980 1297 Nam
3014 1243 3106 1313 qui
3129 1241 3444 1311 frequenter
3474 1258 3629 1305 roga-

2054 1346 2144 1393 tus
2164 1347 2460 1409 negaverat
2495 1353 2510 1390 :
2541 1349 2688 1390 nunc
2718 1333 3146 1403 comprehensus
3181 1332 3337 1405 [Aag.
3375 1333 3630 1400 astringi-

2053 1427 2163 1501 tur]
2193 1426 2427 1496 aufugit,
2453 1435 2506 1482 et
2541 1436 2833 1494 antequam
2865 1424 3391 1504 illudevangelicum
3418 1424 3630 1479 dicere.

2054 1530 2144 1575 tur
2174 1539 2188 1574 :
2224 1520 2328 1586 Qui
2364 1519 2550 1574 uiderit
2582 1519 2859 1573 mulierem
2886 1518 2956 1571 ad
2983 1517 3459 1585 concupiscendum
3485 1532 3623 1580 eam,

2048 1614 2170 1684 jam
2197 1611 2487 1666 moechatus
2516 1619 2595 1665 est
2621 1626 2739 1665 eam
2774 1610 2828 1665 in
2860 1608 3018 1663 corde
3041 1624 3137 1663 suo
3161 1605 3379 1677 (Matth.
3406 1623 3458 1672 ν,
3497 1607 3627 1679 28):

2058 1705 2150 1758 ille
2183 1719 2291 1758 nou
2347 1712 2567 1773 aspectu
2619 1702 2819 1767 solum,
2854 1701 2947 1757 sed
2989 1700 3106 1770 ipso
3154 1714 3289 1771 pene
3340 1700 3627 1767 complexu

2056 1806 2379 1866 provocatus
2406 1810 2435 1849 a
2472 1795 2691 1860 femina,
2720 1794 2979 1850 feminam
3012 1808 3120 1848 non
3139 1793 3476 1863 concupivit.
3520 1792 3631 1848 Ca-

2062 1888 2264 1944 stitatis
2293 1888 2547 1943 virtutem
2567 1888 2850 1953 hucusque
2881 1887 3077 1940 mirata
3105 1899 3167 1941 es
3196 1903 3210 1941 :
3249 1900 3394 1940 nunc
3425 1885 3631 1953 respice

2055 1983 2475 2053 benignitatem.
2514 1981 2843 2050 Priusquam
2888 1979 3151 2051 propheta
3175 1979 3380 2035 diceret
3409 1994 3426 2036 :
3453 1976 3631 2031 Unus-

2053 2075 2272 2145 quisque
2305 2075 2565 2128 malitiam
2599 2073 2827 2142 proximi
2866 2073 2950 2128 αἱ
2996 2088 3102 2126 non
3145 2072 3521 2126 reminiscatur
3574 2073 3631 2124 in

2056 2167 2214 2222 corde
2258 2181 2359 2221 suo
2390 2164 2581 2237 (Leuit.
2625 2179 2740 2230 nx,
2775 2163 2863 2234 18)
2890 2180 2904 2218 :
2936 2164 3029 2218 ille
3076 2178 3177 2235 pro
3229 2165 3356 2219 odio
3399 2163 3633 2219 reddidit

2055 2259 2401 2324 charitatem,
2445 2268 2501 2311 et
2556 2271 2680 2311 cum
2759 2256 2970 2312 videret
3027 2255 3228 2313 fratres
3289 2270 3443 2320 suos,
3517 2256 3631 2310 imo

2059 2348 2317 2405 inimicos
2347 2363 2413 2404 es
2448 2346 2731 2412 fratribus,
2763 2362 2997 2418 cumque
3032 2347 3101 2402 ab
3133 2348 3214 2403 eis
3236 2348 3491 2418 cognosci
3522 2349 3632 2400 vel-

2057 2438 2155 2503 let,
2195 2437 2512 2493 dilectionis
2560 2436 2815 2492 aliectum
2862 2452 2960 2506 pro
3003 2436 3193 2493 dolore
3240 2419 3470 2492 testatus
3503 2447 3628 2490 est:

2058 2531 2488 2589 Deosculabatur
2532 2529 2770 2602 singulos
2799 2527 2955 2600 (Gen.
3001 2545 3126 2596 xcv,
3155 2530 3282 2601 t5);
3313 2539 3362 2585 et
3414 2531 3632 2600 irriguis

2058 2626 2290 2695 ﬂetibus,
2308 2625 2611 2697 paventium
2633 2623 2775 2679 colla
2799 2623 3146 2693 perfundens,
3182 2624 3365 2678 adiam
3395 2623 3633 2692 [rutrum

2059 2716 2338 2770 cltaritatis
2387 2715 2635 2786 lacrymis
2687 2713 2928 2767 abluebat
2956 2729 2979 2769 :
3023 2730 3160 2783 quos
3193 2722 3301 2769 tam
3335 2715 3455 2769 vivo
3483 2720 3636 2783 patre

2060 2823 2223 2879 quam
2252 2820 2495 2873 mortuo,
2531 2820 2797 2878 germano
2825 2818 3039 2875 semper
3069 2805 3260 2862 dilexit
3300 2820 3510 2860 amore.
3524 2803 3632 2860 Nec

2062 2899 2379 2953 recordatus
2421 2908 2506 2953 est
2539 2897 2713 2962 illum,
2745 2897 2798 2950 itt
2835 2911 2944 2965 qua
3007 2898 3079 2953 ob
3124 2912 3317 2953 necem
3352 2897 3453 2951 fuit
3486 2896 3637 2965 dejen

2062 3001 2219 3055 Ctus;
2242 2990 2442 3045 lacum.
2474 2988 2592 3044 Non
2628 2990 2884 3060 cogitavit
2908 2989 3199 3051 ,addictstn
3218 2989 3634 3059 gernianitatetn

2062 3084 2261 3155 pretio,
2300 3085 2394 3138 sed
2417 3098 2512 3152 pro
2544 3079 2699 3136 malis
2732 3081 2926 3135 bonum
2947 3081 3261 3146 rcttibuens,
3286 3081 3636 3151 apostolicum

2064 3184 2383 3245 prazceptum
2419 3173 2513 3229 sub
2555 3182 2763 3228 natura:
2801 3172 2974 3228 att/tne
3001 3171 3111 3242 lege
3159 3172 3433 3242 compleuit
3456 3169 3633 3240 (llam.

2068 3284 2166 3332 xu,
2199 3266 2313 3340 l7).

2139 3360 2273 3415 Car.
2303 3359 2388 3414 Vl.
2421 3391 2486 3399 —
2510 3361 2648 3431 Quid
2672 3364 2741 3417 de
2766 3364 2915 3416 beato
2929 3360 3026 3415 Job
3050 3358 3249 3425 dicant,
3280 3356 3637 3424 famosissima

2070 3454 2164 3507 illo
2183 3454 2381 3509 athleta
2409 3454 2506 3509 Dei
2544 3471 2563 3509 :
2591 3457 2685 3526 qtti
2720 3467 2844 3526 post
2858 3454 3103 3523 direptas
3131 3463 3285 3522 opes,
3315 3459 3370 3506 et
3399 3450 3639 3504 funditus

2070 3541 2250 3618 deleta
2282 3544 2610 3612 patrimonia
2643 3562 2657 3599 :
2696 3556 2817 3613 post
2848 3543 3086 3598 hliornm
3118 3556 3182 3596 ac
3208 3540 3437 3594 liliarnm
3473 3553 3637 3591 unmu

2070 3633 2251 3687 subito
2286 3632 2593 3698 interitum,
2625 3633 2695 3689 ad
2738 3633 2986 3687 ultimum
3018 3629 3236 3701 proprio
3284 3637 3477 3685 contra
3520 3625 3642 3679 dia-

2069 3723 2253 3779 bolum
2283 3740 2514 3795 corpore
2555 3724 2832 3780 dimicavit
2860 3721 2981 3794 (Job
3010 3736 3053 3790 ι,
3097 3721 3197 3791 tt)?
3238 3719 3635 3775 Auferebantut

2068 3815 2279 3880 omnia;
2322 3830 2447 3884 quae
2498 3817 2848 3870 extrinsecus
2896 3811 3233 3884 possidebat,
3295 3819 3348 3864 et
3383 3819 3643 3863 extranea

2070 3907 2213 3962 bona
2248 3919 2469 3977 repente
2498 3906 2840 3971 decidebant,
2874 3913 2934 3961 ut
2991 3904 3167 3973 magis
3208 3900 3424 3971 propria
3466 3897 3642 3953 clare-

2072 4007 2285 4054 scerent
2342 3996 2458 4069 [Αι.
2500 3996 2851 4071 clarescant].
2903 3997 3166 4053 Omnibus
3213 4007 3436 4064 prorsus
3499 3989 3645 4042 velut

2074 4088 2409 4147 indumentis
2439 4092 2682 4158 exuitur,
2719 4101 2778 4145 ut
2804 4089 3112 4160 expeditius
3144 4101 3208 4144 ac
3237 4086 3435 4141 fortius
3466 4085 3644 4137 nudus

2075 4184 2395 4256 triumphet,
2427 4194 2484 4240 et
2512 4186 2743 4251 hostem,
2790 4198 2951 4253 quem
2999 4181 3225 4239 ferendo
3274 4178 3467 4236 damna
3518 4184 3645 4230 ante

2073 4287 2452 4347 superaverat,
2484 4292 2680 4333 rursus
2734 4275 3017 4332 tolerando
3058 4271 3322 4345 supplicia
3372 4271 3642 4324 dcviucat.

2074 4366 2152 4422 De
2188 4382 2297 4438 quo
2335 4366 2440 4423 tale
2472 4369 2644 4439 ipsius
2674 4367 2887 4423 Domini
2919 4367 3284 4423 testimonium
3308 4371 3392 4417 est
3426 4378 3443 4417 ς
3470 4360 3646 4414 Nam.

2074 4460 2201 4530 quid
2229 4460 2579 4514 considerasti
2600 4476 2817 4527 puerum
2849 4474 3019 4513 meum
3048 4456 3150 4512 Job
3175 4456 3200 4511 ἲ
3242 4452 3365 4509 Non
3394 4466 3469 4509 est
3499 4457 3646 4509 enim

392 4549 664 4616 pitcrnum
729 4557 783 4603 et
849 4548 1169 4603 memoriale
1240 4547 1297 4601 in
1363 4545 1746 4617 generationes
1798 4558 1966 4615 gcne-
2006 4548 2051 4606 ι)
2080 4552 2266 4606 similis
2290 4553 2336 4607 ei
2352 4553 2628 4623 quisquam
2660 4554 2712 4606 in
2743 4554 2900 4607 terris
2930 4566 2948 4606 :
2974 4556 3129 4605 homo
3156 4550 3268 4604 sine
3296 4548 3532 4620 querela,
3564 4563 3649 4601 re-

394 4641 693 4695 rationum.
726 4638 927 4710 Joseph
978 4639 1158 4695 ﬁdelis
1194 4638 1408 4693 Domini
1445 4636 1684 4692 famulus
1711 4652 1741 4690 a
1776 4649 1973 4708 puero.
2077 4659 2167 4697 rus
2188 4642 2281 4698 Dei
2306 4643 2497 4712 cultor,
2522 4644 2786 4699 abstinens
2801 4662 2855 4698 se
2870 4644 2933 4697 ab
2967 4644 3109 4697 omni
3158 4641 3299 4695 malo
3331 4638 3453 4710 (Job
3488 4655 3547 4701 ιι,
3571 4639 3647 4707 5).

396 4733 846 4788 tribulationibus
877 4732 1248 4803 magisjustus
1283 4740 1338 4786 et
1367 4730 1641 4801 perfectus
1666 4728 1976 4784 ostenditur
2076 4733 2189 4791 Nec
2219 4736 2511 4791 immerito,
2556 4734 2785 4804 Semper
2812 4736 2982 4798 enim,
3013 4744 3070 4789 ul
3101 4734 3220 4803 ipse
3249 4734 3345 4798 ait,
3393 4740 3649 4799 tanquam

396 4824 515 4896 [AL
550 4825 725 4895 magis
764 4825 947 4895 justus
981 4821 1317 4895 ostenditur]
1347 4841 1362 4879 :
1395 4824 1486 4893 qui
1523 4823 1758 4894 primum
1804 4836 1834 4875 ιι
1868 4820 1977 4876 fra-

396 4916 580 4969 tribus
648 4915 930 4969 lsmaelitis
986 4914 1045 4968 in
1098 4929 1318 4969 servum
1386 4913 1638 4967 addictus
1684 4924 1766 4967 est
1821 4909 1975 4984 (Gen.

392 5020 614 5070 xum,
643 5004 737 5075 28)
774 5020 792 5061 :
830 5005 899 5059 ab
919 5006 1104 5075 eisque
1133 5003 1409 5071 venditus,
1439 5018 1469 5058 a
1510 5005 1711 5073 quibus
1747 5017 1808 5057 se
1840 5003 1983 5059 vide-

394 5108 488 5154 rat
530 5099 888 5155 adorandum.
932 5097 1137 5154 Deinde
1171 5096 1423 5168 Egyptio
1465 5095 1686 5152 domino
1726 5096 1978 5162 traditus,

398 5205 625 5260 semper
654 5199 836 5246 tamen
872 5192 1166 5261 ingenuam
1198 5193 1395 5245 anith
1424 5189 1601 5244 tenuit
1622 5188 1979 5259 dignitatem:

400 5284 541 5337 docu
569 5290 699 5353 tque
727 5284 978 5354 exetnplo
1001 5298 1122 5351 suo,
1158 5292 1213 5340 et
1242 5298 1430 5339 servos
1463 5292 1518 5337 et
1538 5281 1743 5340 liberos
1776 5282 1829 5336 in
1852 5294 1980 5352 pec-

402 5375 608 5441 cando,
639 5390 745 5431 non
808 5375 920 5451 (Al.
957 5378 1011 5439 in
1060 5392 1171 5431 non
1226 5376 1625 5449 peccaudo;et
1679 5391 1808 5442 non,
1854 5373 1981 5448 etc.]

403 5465 782 5523 conditionem
832 5466 1089 5538 cuiquam
1131 5469 1349 5532 obesse,
1384 5468 1477 5523 sed
1547 5476 1805 5524 mentem.
1863 5466 1981 5529 Hic.

402 5571 620 5625 quaeso,
658 5572 938 5613 remorare
992 5558 1311 5628 paulisper:
1374 5568 1427 5613 et
1474 5564 1683 5613 castum
1740 5557 1982 5614 animum

402 5647 667 5715 sollicite,
702 5649 883 5722 virgo,
908 5652 1224 5708 cumidem.
1251 5652 1671 5722 Concupiscitur
1700 5667 1730 5708 a
1764 5652 1984 5709 domina

403 5736 530 5812 [Αι.
556 5740 651 5795 ad.
685 5740 912 5813 femina]
940 5743 1143 5817 Joseph
1165 5744 1489 5803 adolescens
1518 5761 1534 5802 :
1568 5761 1669 5802 nec
1696 5746 1761 5801 ad
1789 5761 1988 5802 concu-

408 5832 737 5901 piscentiam
762 5847 1094 5908 provocatur
1124 5855 1138 5895 ;
1169 5851 1411 5908 rogatur,
1445 5849 1497 5896 et
1529 5840 1687 5910 fugit.
1727 5837 1843 5895 Una
1880 5840 1980 5896 hac

2083 4838 2347 4882 tumentes
2380 4843 2546 4898 super
2582 4841 2641 4881 se
2687 4825 2905 4891 fluctus,
2963 4814 3187 4880 tiu’tebat
3243 4823 3549 4887 Dotuinum,
3598 4832 3653 4875 et

2080 4918 2385 4989 praesentia:
2410 4918 2528 4988 ejus
2561 4917 2772 4989 pondus
2800 4918 2944 4972 ferre
2974 4931 3085 4970 non
3107 4925 3321 4985 poterat
3357 4932 3371 4967 :
3405 4928 3505 4969 nec
3556 4928 3655 4965 an-

2084 5013 2249 5067 debat
2277 5011 2570 5080 aliquando
2601 5018 2973 5073 contemnere,
3001 5023 3162 5079 quem
3197 5021 3411 5077 semper
3464 5008 3656 5059 adesse

2083 5102 2379 5169 credebat;
2413 5102 2734 5173 dicebatque
2765 5118 2779 5156 :
2814 5099 3041 5157 Securus
3070 5116 3210 5166 sum,
3251 5115 3353 5153 non
3385 5096 3523 5152 enim
3574 5111 3659 5148 re-

2083 5192 2357 5265 prehendit
2382 5208 2460 5248 me
2489 5208 2580 5247 cor
2610 5208 2781 5247 meum
2804 5193 2860 5247 in
2883 5190 3029 5247 omni
3061 5190 3168 5246 vita
3196 5204 3309 5242 mea
3338 5183 3459 5256 (Job
3485 5199 3654 5247 xxvii,

2086 5286 2165 5357 6).
2210 5285 2313 5353 Qui
2374 5294 2668 5355 antequam
2728 5284 2988 5340 Dominus
3032 5282 3282 5337 inimicos
3334 5275 3658 5346 praeciperet

2085 5392 2208 5435 esse
2242 5375 2571 5447 diligendos,
2600 5375 2781 5431 dicere
2812 5383 3023 5446 poterat
3059 5386 3078 5429 :
3104 5368 3163 5425 Si
3192 5369 3247 5423 in
3279 5366 3436 5422 atatis
3459 5364 3658 5420 inimici

2088 5472 2190 5525 mei
2248 5470 2456 5540 gavisus
2488 5484 2606 5523 sum
2638 5482 2660 5521 :
2689 5469 2735 5523 si
2773 5466 2886 5522 dixi
2924 5466 2980 5520 in
3015 5462 3168 5518 corde
3207 5476 3344 5526 meo,
3384 5459 3524 5514 Bene
3577 5459 3662 5530 fac

2092 5572 2235 5619 etum
2266 5572 2341 5617 est
2383 5561 2506 5635 (Job
2533 5577 2684 5629 xxxi,
2718 5561 2833 5633 52).
2855 5560 3092 5615 Necdum
3122 5554 3495 5626 evangelicum
3531 5552 3662 5607 illud

2090 5664 2344 5711 sonuerat
2370 5670 2385 5712 :
2410 5653 2773 5723 Omnipetenti
2799 5663 2847 5706 te
2874 5650 3044 5706 tribue
3063 5648 3218 5723 (Lac.
3242 5663 3316 5711 vt.
3334 5646 3454 5717 50),
3477 5655 3525 5699 et
3548 5644 3661 5713 jam

2091 5747 2184 5803 ille
2211 5747 2420 5803 diccbat
2452 5765 2466 5803 :
2499 5746 2556 5804 Si
2589 5749 2736 5802 exire
2779 5760 2965 5815 passus
3018 5761 3133 5799 sum
3187 5746 3393 5812 inopem
3432 5739 3664 5809 januam

2091 5855 2261 5894 meam
2293 5842 2410 5895 sinu
2445 5858 2603 5895 t'ttrtto
2631 5840 2792 5912 μηδ.
2826 5840 2937 5891 sine
2956 5834 3186 5908 viatico].
3229 5832 3476 5890 Nondum
3519 5828 3666 5901 lego-
