4054 6206
401 323 470 384 23
1351 334 1410 392 S.
1456 334 1893 396 IliERONYMl
1941 338 2271 397 OPERUM
2329 338 2732 399 MANTlSSA.
3583 334 3650 395 21

399 447 486 492 rat
537 436 662 491 illud
707 439 952 512 Apostoli
1017 457 1031 492 :
1075 439 1311 508 Domini,
1363 448 1502 514 quod
1553 455 1765 512 Justum
1818 460 1892 499 est
1934 457 1982 500 et
2014 463 2057 512 Α
2087 447 2371 512 scribitur,
2405 463 2526 517 quae
2550 463 2650 502 nos
2703 446 2861 501 modo
2911 447 3199 501 brevitatis
3245 459 3407 500 causa
3444 445 3652 499 omitti-

346 549 360 560 κ
398 545 627 596 a'quum,
669 533 828 586 servis
860 543 1106 596 prastate
1133 532 1361 602 (Coloss.
1391 550 1465 598 tv,
1500 536 1551 608 l)
1582 553 1595 592 :
1623 546 1674 590 et
1701 538 1976 594 conlldens

400 618 669 673 clamabat
694 625 757 673 ad
795 621 1078 676 Dominum
1107 639 1122 676 :
1157 622 1218 678 Si
1253 641 1400 678 serto
1433 627 1610 688 nocui,
1637 627 1684 679 si
1721 627 1972 680 ancillam

401 708 538 773 lissi,
597 713 774 764 omnia
825 723 880 766 tu
926 714 1054 780 scis,
1129 716 1372 769 Domine.
1445 715 1766 786 Priusquam
1833 719 1974 772 idem

397 800 688 868 Apostolus
732 805 1046 875 praeciperet
1069 808 1324 863 divitibus
1366 825 1469 863 non
1490 811 1720 866 sublime
1763 826 1976 881 sapere,

401 909 565 961 neque
592 911 803 962 sperare
831 898 884 950 in
918 901 1112 954 incerto
1143 902 1454 956 divitiarum
1483 901 1531 972 (1
1557 903 1696 959 Tim.
1723 921 1798 971 vt,
1836 906 1924 976 17)
1961 923 1974 960 :

401 984 481 1038 sic
540 985 727 1039 habuit
784 987 874 1041 ille
923 990 1142 1045 divitias
1191 998 1251 1045 ut
1301 1006 1361 1047 se
1417 992 1542 1048 alibi
1590 994 1806 1049 divitem
1852 1010 1978 1049 esse

401 1083 750 1130 monstraret.
783 1076 848 1129 In
880 1079 1097 1140 divitiis,
1132 1080 1331 1148 inquit,
1364 1098 1465 1134 non
1500 1083 1848 1150 conﬁdebam,
1880 1100 1974 1137 nec

401 1167 454 1219 in
475 1165 650 1234 lapide
669 1169 893 1234 pretioso
918 1167 1040 1238 (Job
1061 1187 1207 1236 xm,
1231 1171 1346 1242 24).
1402 1174 1465 1227 Et
1503 1175 1606 1230 hoc
1641 1191 1745 1230 non
1793 1178 1972 1234 verbis

400 1267 632 1322 tantum,
667 1259 762 1315 sed
797 1261 927 1337 ipsis
956 1277 1168 1332 quoque
1201 1265 1362 1320 rebus
1387 1267 1635 1336 probavit
1667 1287 1680 1322 ε
1712 1269 1804 1337 qui
1839 1283 1964 1323 eum

404 1350 583 1402 omnia
622 1336 894 1418 perderet,
933 1367 1041 1406 nun
1084 1355 1320 1421 dolebat,
1357 1357 1676 1426 dicebatque
1712 1336 1806 1429 per
1857 1361 1972 1415 sin-

401 1443 523 1510 gula
555 1458 571 1498 :
604 1443 860 1496 Dominus
887 1446 1049 1510 dedit,
1081 1446 1336 1502 Dominus
1364 1449 1584 1504 abstulit
1611 1467 1632 1504 :
1677 1455 1810 1505 sicut
1864 1451 1974 1505 Do-

402 1537 544 1588 mino
572 1536 790 1605 placuit,
828 1539 905 1592 ita
935 1539 1129 1609 factum
1161 1548 1236 1593 est
1275 1555 1294 1593 :
1333 1541 1400 1594 sit
1431 1559 1619 1596 nomen
1651 1541 1858 1597 Domini
1889 1542 1976 1598 be-

403 1629 669 1681 nedictum
724 1629 778 1680 in
823 1630 1042 1684 sa'cula.
1093 1629 1287 1685 Nudus
1327 1633 1464 1686 exivi
1499 1634 1565 1687 de
1607 1647 1755 1688 utero
1790 1634 1975 1688 matris

405 1736 551 1787 mete,
584 1720 756 1774 nudus
791 1721 1001 1776 redeam
1061 1722 1189 1776 illuc
1240 1724 1356 1794 (Job
1403 1741 1442 1791 t,
1492 1724 1605 1794 21).
1661 1725 1778 1790 Quo
1831 1726 1972 1780 enim

2089 555 2207 594 mus
2247 555 2260 595 :
2293 539 2526 594 maxime
2548 555 2670 594 cum
2713 539 2948 594 sciamus
2980 549 3028 594 te
3050 555 3220 595 sacra:
3249 539 3464 594 lectioni
3501 540 3652 594 dedi.

2087 641 2216 695 tatu,
2249 631 2314 684 de
2340 631 2459 694 ipso
2488 630 2709 685 uberius
2736 631 2881 685 fonte
2907 641 3119 700 potare.

2155 723 2282 777 Car.
2318 720 2458 777 Vlll.
2491 751 2560 762 --
2590 721 2775 792 Neque
2806 737 2934 777 vero
2975 739 3071 778 nos
3100 723 3174 776 ita
3205 723 3537 778 defendimus
3563 737 3656 774 na-

2086 822 2219 866 turae
2252 814 2478 877 bonum,
2513 821 2574 866 ut
2598 827 2718 867 eam
2756 811 2999 868 dicamus
3029 814 3227 868 malum
3262 803 3367 869 non
3400 830 3556 884 posse
3580 813 3656 866 fa-

2085 918 2231 969 cere,
2279 918 2442 972 quam
2495 903 2680 972 utique
2725 904 2848 958 boni
2907 919 2969 959 ac
3017 905 3140 958 mali
3185 921 3437 974 capacem
3491 906 3651 957 etiam

2085 994 2424 1064 profitemur,
2481 993 2574 1049 sed
2619 993 2687 1048 ab
2734 993 2836 1048 hac
2879 1010 2998 1049 eam
3035 994 3411 1048 latitutntnodo
3459 994 3652 1060 injuria

2084 1085 2449 1151 vindicamur,
2511 1099 2578 1138 ne
2623 1084 2741 1152 ejus
2797 1083 2928 1138 vitio
2977 1088 3044 1138 ad
3107 1085 3305 1138 malum
3377 1085 3658 1137 videamur

2086 1175 2310 1246 impelli,
2347 1177 2438 1245 qui
2471 1187 2572 1230 nee
2625 1176 2827 1230 bonum
2883 1177 3004 1231 sine
3047 1176 3325 1230 voluntate
3366 1174 3654 1236 faciamus,

2088 1283 2187 1322 nec
2217 1267 2418 1322 malum
2458 1283 2472 1322 :
2499 1276 2549 1321 et
2578 1267 2774 1335 quibus
2803 1267 3030 1321 liberum
3055 1276 3139 1320 est
3161 1281 3324 1320 unum
3351 1281 3564 1334 semper
3590 1281 3656 1317 ex

2089 1358 2296 1413 duobus
2347 1373 2529 1428 agere,
2589 1373 2713 1412 cum
2776 1372 2993 1425 semper
3040 1368 3330 1426 utrumque
3368 1357 3655 1426 possimus.

2087 1447 2242 1504 Unde
2273 1448 2417 1502 enim
2451 1447 2540 1501 alii
2565 1447 2860 1517 judicaturi
2891 1457 3036 1512 sunt,
3067 1447 3158 1500 alii
3186 1445 3465 1516 judicaudi
3503 1461 3518 1499 :
3552 1443 3656 1498 nisi

2085 1540 2230 1609 quod
2263 1539 2316 1593 in
2342 1538 2528 1594 eadem
2567 1548 2759 1592 natura
2785 1539 2968 1606 dispar
3004 1538 3257 1594 voluntas
3287 1544 3372 1592 est
3409 1553 3424 1590 :
3453 1545 3504 1590 et
3533 1536 3658 1604 quia

2084 1645 2208 1685 cum
2270 1644 2464 1685 omnes
2526 1629 2666 1683 idem
2728 1629 3021 1700 possimus,
3079 1631 3294 1684 diversa
3355 1625 3664 1682 faciamus?

2087 1724 2274 1792 Itaque
2307 1733 2366 1777 ut
2397 1725 2500 1778 hoc
2535 1724 2708 1792 ipsum
2744 1723 2947 1777 clarius
2992 1722 3176 1777 lucere
3221 1721 3420 1791 possit,
3481 1720 3660 1788 aliqua

411 1810 606 1864 :iﬂectu
636 1812 1016 1880 possideamus
1045 1813 1269 1880 aliquid,
1302 1814 1559 1869 docemus
1581 1831 1703 1869 cum
1738 1815 1788 1869 id
1817 1817 1974 1870 amit-
2009 1820 2048 1874 Β
2078 1815 2327 1884 exetnpla
2351 1825 2482 1870 sunt
2513 1814 2863 1884 proferenda.
2891 1815 3060 1868 Adam
3091 1813 3161 1869 de
3206 1814 3460 1882 paradiso
3506 1811 3660 1879 ejici-

407 1902 608 1956 timus:
641 1912 692 1956 ct
715 1903 1063 1972 cupiditatem
1088 1905 1326 1969 fruendi,
1351 1906 1564 1960 carendi
1586 1906 1736 1962 dolor
1757 1907 1934 1975 prodit
1959 1924 1974 1972 ;

407 2008 567 2062 quam
605 1994 696 2062 qui
739 1997 790 2048 in
823 1997 1056 2050 carendo
1113 2012 1218 2051 non
1269 1997 1478 2062 habuit,
1535 1998 1590 2052 in
1653 1997 1978 2066 possidendo

407 2097 641 2150 quonam
675 2089 833 2138 modo
865 2086 1090 2140 habuit?
1125 2085 1170 2140 Ο
1218 2087 1394 2142 virum
1447 2096 1574 2143 ante
1623 2087 1976 2158 Evangelium

407 2169 803 2241 evangelicum,
835 2183 888 2229 et
922 2175 1280 2244 apostolicum
1325 2187 1450 2231 ante
1496 2178 1793 2248 apostolica
1838 2194 1978 2246 pran-

408 2265 602 2334 ceptal
645 2265 967 2335 discipulum
1001 2267 1366 2338 apostolorum
1399 2287 1412 2323 :
1435 2271 1548 2338 {qui
1597 2270 1847 2334 aperiens
1886 2284 1980 2324 oe-

406 2357 583 2410 cultas
612 2358 827 2413 divitias
859 2369 1091 2425 natura,
1129 2370 1184 2414 et
1217 2361 1270 2414 in
1309 2361 1544 2416 medium
1572 2359 1856 2430 proferens
1910 2376 1977 2416 ex

406 2464 464 2503 se
525 2449 655 2517 quid
714 2465 902 2504 omnes
957 2451 1251 2519 possimus,
1311 2453 1548 2508 ostendit
1605 2471 1620 2508 :
1681 2454 1977 2524 docuitque

405 2552 640 2610 quantus
669 2542 740 2596 sit
762 2541 850 2598 ille
875 2542 1166 2599 thesaurus
1185 2545 1401 2608 animae,
1429 2561 1586 2615 quem
1613 2560 1712 2602 nos
1737 2547 1853 2602 sine
1877 2561 1978 2601 usu

405 2634 789 2702 possidemus;
825 2643 877 2689 et
901 2635 1046 2704 quod
1067 2634 1316 2706 proferre
1346 2637 1620 2704 nolumus,
1657 2653 1754 2693 nec
1779 2639 1978 2693 habere

404 2739 504 2780 nos
538 2725 828 2780 credimus.

472 2815 600 2871 Car.
635 2815 746 2872 VII.
777 2847 845 2859 —
870 2818 999 2874 Post
1021 2820 1184 2874 multa
1221 2835 1342 2890 quae
1375 2821 1439 2876 de
1470 2831 1663 2877 natura
1693 2822 1928 2877 diximus
1957 2859 1974 2888 ,

401 2911 566 2964 etiam
600 2921 920 2964 sanctorum
953 2913 1218 2982 exemplis
1248 2915 1446 2969 bonum
1479 2917 1597 2985 ejus
1619 2917 1973 2980 ostendimus,

403 3013 468 3052 ac
493 2999 868 3067 probavimus.
911 3000 978 3055 Et
1008 3017 1077 3056 ne
1126 3007 1434 3060 econtrario
1479 3007 1544 3059 ad
1592 3005 1711 3076 ejus
1763 3009 1975 3075 cuipam

402 3090 675 3158 pertinere
694 3101 930 3160 putetur,
950 3095 1095 3163 quod
1110 3095 1276 3164 aliqui
1299 3097 1464 3166 iniqui
1486 3096 1708 3163 fuerint,
1737 3098 1977 3166 Scriptu-

403 3197 588 3236 rarutn
660 3193 782 3237 utar
850 3185 1202 3252 testimoniis,
1256 3203 1376 3256 quae
1429 3198 1718 3258 peccantes
1779 3165 2048 3259 ubiquec

403 3275 632 3330 crimine
659 3275 956 3332 voluntatis
991 3287 1237 3346 gravant,
1272 3295 1380 3334 non
1429 3291 1694 3336 excusant
1740 3284 1980 3336 necessi-

404 3377 514 3423 tate
543 3377 775 3424 naturae.
803 3369 860 3423 ln
893 3369 1088 3426 Genesi
1144 3374 1378 3443 legimus
1422 3389 1438 3429 :
1489 3374 1701 3430 Simeon
1759 3387 1808 3430 et
1858 3377 1980 3430 Levi

405 3462 596 3529 fratres
626 3475 1118 3518 consummaverunt
1148 3466 1477 3535 iniquitatem
1507 3483 1680 3533 suam,
1709 3483 1774 3521 ea:
1794 3469 1981 3522 volun-

407 3564 513 3607 tate
533 3571 630 3608 sua
653 3554 806 3626 (Gen.
830 3571 977 3620 χιιι,
998 3557 1074 3622 6).
1100 3559 1180 3612 Ad
1211 3556 1512 3612 Jerusalem
1539 3557 1802 3615 Dominus
1828 3561 1976 3615 locu-

405 3657 492 3702 tus
521 3658 603 3702 est
639 3664 652 3703 :
683 3647 908 3712 Propter
947 3651 1084 3719 quod
1113 3651 1216 3720 ipsi
1249 3651 1561 3704 dimiserunt
1603 3653 1744 3704 viam
1787 3668 1974 3717 meam,

405 3757 565 3809 quam
598 3741 717 3796 dedi
742 3753 864 3794 ante
893 3742 1079 3810 faciem
1109 3757 1291 3796 eorum
1319 3759 1337 3798 :
1367 3753 1414 3797 et
1471 3758 1574 3796 non
1627 3745 1978 3798 exaudierunt

405 3850 580 3889 vocem
622 3850 812 3900 meam,
837 3832 926 3888 sed
954 3834 1193 3888 abierunt
1222 3845 1341 3905 post
1368 3836 1684 3891 voluntatem
1703 3835 1880 3890 cordis
1896 3837 1980 3890 sui

405 3929 536 3981 mali
587 3927 801 3997 (Jerem.
829 3943 908 3995 nt,
937 3929 1044 3996 15).
1071 3927 1137 3982 Et
1166 3945 1355 3984 rursus
1395 3929 1534 3984 idem
1568 3932 1828 4000 propheta
1862 3945 1876 3983 :
1909 3927 1980 3982 Et

404 4023 662 4090 peccastis
687 4021 816 4087 Deo,
836 4033 883 4074 et
907 4037 1010 4075 non
1038 4023 1325 4076 exaudistis
1349 4039 1519 4076 vocem
1541 4023 1677 4087 eius,
1694 4033 1740 4077 et
1764 4024 1818 4076 in
1831 4039 1981 4075 man-

406 4113 546 4166 datis
578 4111 744 4179 illius,
774 4123 824 4167 et
847 4118 902 4167 in
927 4113 1200 4183 legitimis,
1221 4124 1271 4170 et
1295 4115 1349 4173 in
1375 4115 1685 4168 testimoniis
1707 4114 1982 4168 ambulare

407 4205 651 4264 noluistis
683 4204 901 4277 (Jerem.
929 4221 1072 4272 aLtv,
1106 4207 1217 4276 10).
1245 4208 1350 4262 Per
1379 4208 1574 4262 Isaiam
1607 4222 1822 4276 quoque
1857 4220 1983 4274 pro-

409 4298 626 4363 phetam
663 4298 925 4354 Dominus
955 4301 1168 4355 locutus
1202 4311 1287 4356 est
1316 4319 1329 4356 :
1368 4299 1426 4355 Si
1452 4299 1714 4354 volueritis
1748 4310 1798 4352 et
1829 4300 1982 4352 audi-

407 4390 558 4443 eritis
590 4405 691 4453 me,
727 4405 844 4460 qua:
870 4401 993 4444 sunt
1043 4392 1180 4444 bona
1231 4403 1405 4457 teme,
1456 4389 1867 4444 manducabitis.
1922 4389 1981 4442 Si

407 4494 583 4538 autem
619 4483 918 4549 nolueritis,
963 4501 1125 4554 neque
1148 4484 1430 4538 audieritis
1495 4499 1595 4547 me,
1626 4483 1839 4552 gladius
1889 4497 1976 4535 vos
2008 4500 2056 4560 ι)

404 4587 670 4638 consumet
695 4574 830 4647 (Isa.
857 4592 895 4640 ι,
926 4576 1036 4645 19).
1074 4576 1140 4630 Ει
1167 4591 1380 4631 rursum
1416 4591 1431 4630 :
1477 4574 1667 4630 Omnes
1711 4590 1796 4628 vos
1841 4575 1977 4626 occi-

405 4672 557 4722 sione
581 4671 832 4723 decidetis
859 4686 876 4722 :
905 4669 1030 4737 quia
1065 4669 1242 4722 vocavi
1277 4685 1386 4733 vos,
1417 4681 1465 4722 et
1503 4685 1604 4720 non
1635 4668 1927 4721 exaudistis
1958 4682 1975 4719 :

406 4765 609 4818 locutus
640 4781 778 4832 sum,
813 4776 860 4816 et
891 4763 1189 4832 neglexistis
1219 4777 1237 4815 :
1271 4774 1315 4817 et
1363 4762 1560 4830 fecistis
1613 4763 1810 4814 malum
1860 4773 1980 4813 ante

406 4867 736 4926 conspectum
759 4871 927 4909 meum
956 4854 1068 4927 [AL
1098 4852 1358 4926 Domini},
1381 4864 1428 4908 et
1448 4871 1564 4922 qua:
1588 4852 1847 4914 nolebant,
1878 4852 1982 4905 ele-

404 4950 558 5020 gistis
608 4948 746 5016 (ιω.
808 4963 932 5013 t.xv,
993 4945 1104 5014 12).
1174 4944 1293 5014 Ipse
1362 4960 1578 5014 quoque
1619 4943 1875 4998 Dominus
1927 4943 1980 4997 in

403 5040 700 5112 Evangelia
731 5041 806 5094 ait
839 5037 1198 5103 :Jerusalem,
1250 5037 1568 5100 Jerusalem,
1623 5051 1737 5102 qua:
1789 5034 1980 5088 οεεσάὲδ

404 5133 705 5205 prophetas,
736 5143 782 5185 et
802 5131 1010 5197 lepidas
1033 5146 1118 5183 eos
1147 5130 1236 5198 qui
1255 5130 1323 5182 ad
1355 5139 1401 5181 te
1425 5131 1571 5182 missi
1593 5138 1714 5182 sunt
1739 5145 1758 5182 :
1780 5129 1982 5199 quoties

405 5226 550 5281 volui
581 5239 894 5294 congregare
931 5222 1070 5292 ﬁlios
1102 5234 1240 5290 tuos,
1277 5222 1723 5298 quemadmodum
1777 5219 1982 5290 gallina

408 5327 684 5389 congregat
709 5315 882 5388 pullas
906 5331 1029 5370 suos
1053 5317 1145 5370 sub
1169 5317 1270 5370 alis
1291 5321 1421 5382 suis,
1447 5324 1496 5369 et
1519 5313 1740 5369 noluisti
1763 5313 1982 5382 (Matth.

409 5391 739 5477 mtuam
773 5408 875 5464 Ubi
907 5408 1045 5468 vene
1074 5407 1323 5463 videmus
1377 5419 1434 5463 et
1479 5407 1647 5464 nolle.
1693 5405 1893 5474 eligere
1935 5413 1990 5457 et

412 5504 672 5570 refutare,
705 5503 780 5558 ibi
817 5518 922 5557 non
955 5503 1036 5558 vis
1072 5511 1300 5567 natura,
1331 5500 1427 5556 sed
1472 5499 1694 5554 libertas
1727 5494 1986 5574 intelligi-

409 5611 498 5660 tur
542 5597 854 5652 voluntatis.
915 5597 1083 5656 Plena
1133 5603 1257 5650 sunt
1321 5594 1608 5662 utriusque
1650 5586 1984 5642 Testamenti

409 5692 682 5746 volumina
713 5689 1092 5758 hujuscemodi
1125 5686 1496 5743 testimoniis:
1531 5683 1728 5754 quibus
1758 5690 1864 5734 tam
1892 5681 1987 5735 bo-

406 5803 533 5844 num
567 5798 724 5840 mune
749 5799 912 5860 quam
963 5783 1184 5852 malum,
1210 5780 1570 5836 voluntarium
1603 5790 1818 5845 semper
1866 5789 1984 5830 esse

2083 1920 2189 1971 tur,
2219 1906 2403 1960 Enoeh
2439 1906 2508 1960 de
2537 1907 2737 1959 mundo
2770 1905 2996 1973 rapitur.
3027 1904 3086 1957 ln
3117 1914 3347 1971 utroque
3397 1900 3658 1956 Dominus

2081 1999 2384 2053 libertatem
2423 1998 2637 2052 arbitrii
2667 1997 2930 2053 ostendit.
2972 1995 3045 2054 Ut
3071 1997 3216 2050 enim
3249 1996 3465 2066 placere
3487 1996 3661 2064 potuit

2081 2090 2169 2144 ille
2197 2089 2289 2158 qui
2327 2089 2556 2158 deliquit
2589 2104 2604 2146 :
2637 2089 2708 2142 ita
2735 2089 2908 2159 potuit
2934 2102 3160 2157 peccare
3183 2088 3285 2142 iste
3309 2087 3401 2156 qui
3431 2086 3657 2154 placuit.

2079 2181 2198 2235 Non
2231 2181 2374 2234 enim
2405 2196 2435 2234 a
2465 2181 2616 2251 justo
2642 2180 2751 2234 Deo
2781 2190 2874 2234 aut
2899 2180 2990 2236 ille
3020 2181 3199 2249 puniri
3226 2183 3536 2244 meruisset,
3565 2187 3660 2231 aut

2083 2272 2172 2324 hic
2212 2271 2336 2340 eligi
2373 2288 2386 2324 :
2419 2271 2522 2324 nisi
2567 2282 2794 2338 uterque
2827 2281 3118 2338 utrumque
3139 2272 3425 2341 potuisset.
3454 2269 3568 2324 Hoc
3592 2269 3660 2321 de

2079 2359 2214 2414 Cain
2249 2372 2303 2415 et
2329 2361 2464 2415 Abel
2498 2360 2779 2426 fratribus,
2808 2362 2910 2416 hoc
2940 2362 3104 2416 etiam
3138 2363 3205 2416 de
3237 2360 3407 2414 Jacob
3433 2368 3486 2412 et
3517 2359 3654 2412 Esau

2080 2454 2312 2523 geminis
2366 2452 2774 2522 intelligendum
2829 2461 2936 2507 est.
2991 2452 3070 2507 Ac
3134 2452 3416 2506 sciendum
3484 2450 3653 2504 solam

2080 2545 2374 2600 voluntatis
2402 2559 2621 2598 causam
2643 2560 2786 2604 esse,
2813 2559 2932 2598 cum
2961 2545 3014 2598 in
3039 2545 3226 2599 eadem
3251 2555 3439 2597 natura
3466 2545 3656 2596 merita

2079 2636 2296 2689 diversa
2360 2636 2484 2688 sint.
2566 2635 2904 2687 Exstinctum
2971 2635 3209 2704 pecealis
3277 2633 3391 2688 suis
3452 2631 3657 2686 diluvio

2083 2725 2368 2788 mundum,
2403 2723 2517 2778 Noe
2544 2725 2724 2793 justus
2753 2725 3044 2794 redarguit,
3081 2734 3134 2777 et
3168 2724 3527 2777 Sodomorum
3551 2725 3660 2777 cri-

2081 2819 2226 2871 mina
2267 2815 2370 2871 Lot
2411 2819 2671 2870 sanctitas
2701 2816 2986 2885 judicavit.
3020 2814 3130 2868 Nec
3158 2814 3286 2867 illud
3315 2824 3398 2868 est
3431 2829 3657 2882 parvum

2079 2917 2459 2979 argumentum
2515 2907 2583 2961 ad
2635 2908 3098 2975 comprobandum
3160 2919 3364 2959 natura:
3429 2907 3655 2969 bonum,

2080 3002 2222 3069 quod
2264 2999 2339 3053 illi
2371 3001 2527 3067 primi
2559 3002 2803 3054 homines
2856 3015 2953 3070 per
3004 3006 3083 3054 tot
3135 3013 3402 3052 annorum
3455 2997 3655 3066 spatia,

2081 3093 2289 3162 absque
2326 3094 2435 3147 ulla
2464 3093 2835 3147 admonitione
2861 3092 2992 3161 legis
3025 3093 3242 3146 luerunt
3274 3107 3290 3146 :
3319 3107 3426 3144 non
3470 3092 3657 3158 utique

2081 3185 2222 3252 quod
2258 3185 2365 3238 Deo
2396 3183 2688 3252 aliquando
2721 3192 2988 3236 creaturae
3016 3197 3126 3236 sua:
3156 3197 3287 3234 cura
3313 3195 3419 3233 non
3452 3179 3610 3232 luerit
3638 3195 3653 3231 :

2083 3279 2176 3331 sed
2200 3278 2323 3343 quia
2348 3292 2404 3330 se
2436 3277 2594 3330 talem
2618 3277 2823 3330 sciebat
2857 3277 3135 3330 hominum
3165 3276 3360 3329 iecisse
3381 3282 3652 3337 naturam,

2087 3377 2145 3422 ut
2175 3368 2254 3421 eis
2287 3381 2381 3435 pro
2406 3367 2521 3434 lege
2567 3367 2631 3420 ad
2672 3369 3030 3422 exercendam
3057 3366 3323 3437 justitiam
3363 3363 3654 3418 sumceret.

2081 3455 2326 3524 Denique
2397 3455 2640 3524 quandiu
2689 3458 3009 3510 recentioris
3056 3457 3232 3509 adhuc
3283 3467 3487 3507 natura:
3530 3466 3658 3506 usus

2080 3548 2275 3620 viguit,
2340 3562 2442 3602 nec
2471 3549 2719 3601 humanae
2748 3548 2948 3602 rationi
2978 3547 3123 3601 velut
3149 3549 3438 3615 quamdam
3465 3543 3654 3611 caligio

2081 3657 2231 3706 nem,
2265 3641 2456 3711 longus
2493 3656 2624 3696 usus
2658 3641 2918 3711 peccandi
2945 3629 3192 3702 obduxit,
3241 3641 3360 3694 sine
3413 3638 3526 3706 lege
3573 3637 3654 3688 di-

2085 3734 2252 3789 missa
2296 3744 2383 3789 est
2420 3743 2638 3789 natura.
2697 3733 2778 3788 Ad
2829 3748 2988 3801 quam
3035 3732 3294 3784 Dominus
3344 3730 3507 3783 nimis
3548 3728 3656 3796 jam

2087 3825 2234 3881 vitiis
2266 3825 2541 3891 obrutam,
2580 3833 2635 3878 et
2665 3823 2897 3893 quadam
2937 3822 3257 3892 ignorantia:
3285 3820 3533 3888 rubigine
3574 3820 3656 3872 in-

2084 3919 2305 3984 lectam,
2356 3917 2542 3972 limam
2589 3917 2720 3986 legis
2769 3917 3030 3981 admovit,
3083 3921 3142 3968 ut
3179 3914 3337 3984 hujus
3386 3910 3654 3980 frequenti

2085 4009 2464 4062 admonitione
2496 4005 2850 4076 expoliretur,
2889 4016 2944 4062 et
2977 4005 3043 4060 ad
3071 4020 3227 4060 suum
3259 4013 3447 4074 posset
3479 4003 3656 4056 redire

2085 4100 2373 4169 fulgorem.
2403 4098 2590 4166 Neque
2611 4113 2739 4152 vero
2769 4097 2872 4152 alia
2908 4099 3062 4153 nobis
3091 4112 3255 4152 causa
3287 4095 3656 4150 difﬁcultatem

2083 4189 2476 4245 benefaciendi
2507 4188 2621 4260 [Αι.
2664 4188 2903 4263 videndi]
2932 4189 3079 4256 facit,
3124 4204 3289 4260 quant
3322 4191 3476 4259 longa
3527 4202 3659 4240 con-

2084 4281 2316 4337 suetudo
2344 4282 2622 4348 vitiorum,
2651 4297 2772 4351 qua:
2801 4297 2900 4338 nos
2930 4283 3121 4336 infecit
3155 4298 3183 4336 a
3216 4295 3387 4352 parte
3415 4297 3430 4337 :
3467 4281 3656 4348 paula-

2087 4377 2292 4443 timque
2344 4390 2442 4443 per
2485 4374 2681 4429 multos
2735 4376 2978 4443 corrupit
3026 4390 3223 4438 annos,
3272 4384 3326 4428 et
3366 4377 3434 4428 ita
3473 4384 3658 4442 postea

2087 4467 2354 4535 obligatos
2371 4467 2473 4522 sibi
2495 4477 2545 4520 et
2577 4467 2822 4521 addictos
2848 4475 3016 4533 tenet,
3045 4479 3104 4522 ut
3132 4467 3237 4520 vim
3263 4465 3659 4536 quodammodo

2085 4562 2336 4617 videatur
2365 4562 2567 4617 habere
2601 4572 2831 4616 naturai.
2864 4561 3040 4618 Omne
3085 4563 3216 4617 illud
3267 4571 3500 4629 tempus,
3549 4571 3659 4629 quo

2083 4658 2417 4729 negligenter
2453 4659 2656 4723 edocti,
2694 4659 2745 4710 id
2777 4669 2880 4723 est,
2922 4659 2989 4712 ad
3025 4657 3150 4713 vitia
3187 4655 3387 4711 eruditi
3416 4668 3604 4707 sumus
3642 4670 3657 4706 :

2084 4768 2192 4822 quo
2241 4751 2367 4804 tnali
2416 4751 2577 4804 etiam
2619 4765 2740 4804 esse
2784 4752 3106 4812 studuimus.
3164 4764 3286 4803 eum
3337 4747 3402 4800 ad
3470 4745 3661 4799 incita.

2087 4853 2268 4896 menta
2295 4842 2578 4912 nequitiae,
2607 4842 2921 4894 innocentia
2947 4856 3043 4910 pro
3065 4839 3294 4895 stultitia
3323 4841 3612 4892 duceretur
3639 4853 3657 4892 :

2087 4951 2230 4990 nunc
2257 4936 2411 4988 nobis
2447 4935 2675 4999 resistit,
2711 4945 3010 5004 contraque
3038 4949 3135 4988 nos
3183 4933 3353 4996 venit,
3387 4941 3438 4984 et
3464 4946 3658 4984 novatn

2088 5027 2423 5086 Voluntatem
2457 5026 2738 5096 impugnat
2769 5041 2900 5082 usus
2931 5035 3120 5091 vetus;
3150 5034 3204 5077 et
3255 5025 3518 5078 miramur
3567 5040 3661 5076 cur

2093 5122 2254 5177 nobis
2279 5136 2376 5190 per
2407 5121 2578 5174 otium
2613 5129 2774 5191 atque
2805 5117 3043 5172 desidias
3077 5115 3468 5181 ueScientibus,
3493 5117 3658 5169 etiam

2089 5215 2249 5284 quasi
2278 5215 2346 5267 ab
2373 5214 2481 5267 alio
2505 5212 2766 5266 sanctitas
2793 5210 3106 5265 conferatur
3132 5225 3146 5266 :
3175 5210 3265 5278 qui
3296 5209 3502 5262 nullam
3530 5223 3662 5262 cou-

2093 5307 2440 5363 suetudineut
2480 5304 2606 5360 boui
2648 5302 2900 5368 facitnus,
2931 5317 3052 5357 eum
3086 5302 3290 5356 malum
3341 5303 3524 5355 tandiu
3576 5301 3662 5353 di~

2087 5397 2421 5452 dieerimusl
2453 5396 2576 5452 llaec
2613 5396 2681 5449 de
2705 5405 2912 5450 natura:
2943 5395 3090 5448 bene
3114 5395 3344 5456 cursim,
3398 5392 3557 5461 quasi
3609 5392 3662 5447 itt

2088 5492 2194 5546 alio
2229 5505 2393 5560 Opere
2421 5491 2568 5545 dicta
2597 5489 2707 5544 sint
2743 5505 2756 5542 :
2789 5493 2932 5558 quod
2961 5488 3082 5542 ideo
3107 5503 3137 5541 a
3162 5489 3320 5541 nobis
3352 5485 3662 5540 iaciendum

2087 5583 2210 5648 fuit,
2250 5596 2310 5636 ut
2345 5582 2438 5636 tibi
2473 5583 2776 5655 planiorem
2811 5582 2949 5635 viam
2977 5580 3043 5634 ad
3068 5580 3358 5648 perlectam
3390 5579 3660 5648 justitiam

2089 5689 2488 5738 sterneremus.
2531 5690 2693 5744 quam
2717 5690 2782 5729 eo
2809 5673 3021 5730 facilius
3056 5688 3277 5727 currere
3300 5673 3493 5741 possis.
3550 5687 3662 5742 quo

2095 5774 2148 5828 in
2180 5785 2240 5825 ea
2269 5771 2691 5840 nihilasperum,
2721 5768 2856 5824 nihil
2881 5764 3257 5824 inaccessibile
3289 5779 3410 5821 esse
3460 5779 3663 5836 cogno-
