4056 6200
454 257 526 319 25
1344 266 1648 327 PELAGII
1693 270 1792 327 AD
1839 271 2403 334 DEMETRHDEM
2449 277 2840 340 EPISTOLA;
3631 282 3703 342 ‘26

454 375 616 431 tri-ris.
653 378 789 431 Nam
823 379 868 431 si
898 376 1058 432 etiam
1117 385 1244 434 ante
1297 380 1494 449 legem,
1554 390 1612 436 ut
1665 381 1928 450 diximus,
1983 395 2039 438 et
2067 397 2108 449 Α
2143 395 2234 440 sed
2267 389 2452 443 horum
2479 396 2718 446 omnium
2776 395 3103 448 abstinentia
3135 394 3362 448 consilio
3381 394 3704 464 perlectiore

457 468 626 519 inulto
681 476 808 522 ante
871 467 1088 524 Domini
1149 471 1316 526 nostri
1384 472 1686 527 Salvatoris
1741 473 2027 529 adventum

451 557 598 628 juste
633 557 858 625 quidam
887 559 1091 615 vixisse
1115 568 1168 614 et
1197 569 1384 614 sancte
1413 562 1722 616 referantur
1747 562 1852 635 [ΑΙ.
1889 565 2030 618 rele-

455 645 678 718 ruutur]
703 687 718 710 ,
746 658 954 716 quanto
978 648 1154 717 magis
1171 659 1290 718 post
1311 649 1734 706 illustrationem
1766 654 2029 708 adventus

453 734 592 802 ejus,
625 751 726 791 nos
755 736 806 790 id
832 752 991 804 posse
1019 737 1347 793 credendum
1373 748 1480 803 est,
1507 741 1596 806 qui
1625 741 1882 795 instructi
1931 757 2030 812 per

455 824 660 882 Christi
703 828 955 897 gratiam,
999 839 1052 882 et
1109 829 1163 882 in
1209 830 1487 884 meliorem
1531 833 1802 888 hominem
1851 836 2025 889 renati

454 930 645 970 smnus
683 931 700 974 :
736 917 826 986 qui
855 918 1120 986 sanguine
1151 918 1270 988 ejus
1301 921 1501 990 expiati
1551 932 1712 992 atque
1761 925 2024 990 mundati,

457 1006 711 1074 illiusque
740 1009 990 1077 exemplo
1021 1009 1088 1063 ad
1130 1011 1424 1077 perlectam
1472 1011 1742 1080 justitiam
1793 1016 2024 1082 incitati,

459 1100 718 1154 meliores
753 1100 859 1153 illis
893 1115 1016 1156 esse
1062 1100 1345 1166 debemus,
1391 1104 1484 1172 qui
1541 1115 1667 1161 ante
1708 1106 1876 1177 legem
1910 1108 2026 1163 fue-

456 1200 589 1242 runt
622 1208 637 1244 ι
681 1191 935 1246 meliores
969 1195 1137 1246 etiam
1173 1209 1336 1262 quam
1368 1195 1584 1251 luerunt
1615 1199 1717 1253 sub
1748 1200 1883 1268 lege,
1939 1201 2024 1255 di-

454 1292 613 1338 cente
636 1284 942 1353 Apostolo:
979 1285 1268 1340 Peccatum
1302 1289 1354 1341 in
1379 1287 1522 1342 vobis
1539 1289 1657 1358 jam
1696 1306 1800 1344 non
1845 1293 2018 1346 domi-

455 1377 694 1431 nabitur.
716 1377 838 1432 Non
859 1379 998 1432 enim
1013 1380 1136 1432 estis
1160 1383 1252 1433 sub
1275 1379 1406 1449 lege,
1425 1380 1514 1434 sed
1538 1382 1631 1434 sub
1643 1383 1824 1451 gratia
1845 1382 2018 1455 (Rom.

457 1480 533 1529 vi,
573 1466 690 1522 Nl.

525 1557 655 1613 Car.
688 1557 782 1613 IX.
814 1559 972 1614 -Ει
1015 1561 1273 1628 quoniam
1331 1563 1663 1619 suﬂicieutcr
1711 1567 1777 1619 de
1814 1565 1921 1630 bis,
1969 1576 2026 1621 ut

457 1659 606 1719 puto,
633 1651 868 1706 diximus
897 1690 914 1715 ,
949 1666 1095 1706 nunc
1129 1653 1477 1709 instituamus
1511 1656 1808 1725 perfectam
1859 1656 2023 1724 virgi-

2142 484 2421 537 suadetur.
2459 486 2534 536 Ad
2569 487 2894 554 virginitatis
2924 487 3184 541 honorent
3213 490 3449 558 pertinet
3486 489 3701 543 licentia

2139 572 2448 639 nuptiarum
2483 585 2572 628 :et
2611 590 2858 628 escarum
2890 575 3221 644 indulgentia
3249 577 3502 628 virtutem
3534 577 3701 628 absti-

2136 663 2336 716 nentize
2365 663 2649 717 clariorem
2680 666 2825 720 facit.
2859 666 3270 735 Contempsisti.
3303 666 3471 735 virgo,
3515 668 3702 732 conju-

2136 753 2280 820 gium
2314 753 2519 806 licitum
2546 755 2664 819 tibi,
2696 757 3011 825 priusquam
3040 767 3502 811 contemneretur.
3537 755 3702 825 Majo-

2137 843 2215 896 ris
2254 844 2458 910 praemii
2490 860 2674 899 amore
2708 845 2962 914 ﬂagrans,
2996 848 3187 901 vovisti
3221 847 3327 900 Deo
3371 862 3479 900 non
3535 848 3703 914 impe-

2138 939 2331 995 ratam,
2392 934 2483 985 sed
2544 934 2810 988 laudatam
2873 937 3238 1002 virginitatem
3295 955 3311 990 :
3374 943 3428 988 et
3475 935 3702 988 consilio

2135 1021 2407 1089 Apostoli,
2451 1023 2620 1091 legem
2662 1035 2805 1078 tuam
2841 1025 3018 1080 fecisti
3055 1026 3322 1080 latiorem.
3375 1022 3700 1078 Certaminis

2138 1115 2378 1182 ingressa
2409 1129 2689 1184 campum,
2720 1134 2825 1172 non
2859 1127 2966 1172 tam
3025 1119 3262 1171 laborem
3291 1132 3511 1181 cursus,
3538 1131 3697 1184 quam

2137 1205 2383 1258 braviutn
2428 1208 2668 1262 victoriae
2718 1210 2984 1279 cogitasti.
3045 1209 3297 1278 Legeras,
3343 1209 3528 1274 credo,
3571 1206 3700 1261 illud

2134 1295 2497 1363 evangelicum
2531 1296 2598 1350 de
2623 1309 2880 1366 perpetua
2929 1303 3181 1353 castitate
3222 1299 3545 1366 praeconium
3585 1314 3599 1350 :
3647 1307 3702 1350 et

2134 1384 2302 1453 ipsius
2331 1397 2380 1440 te
2409 1388 2618 1441 Domini
2650 1404 2829 1442 sermo
2857 1389 2922 1441 ad
2951 1405 3194 1443 amorem
3233 1390 3511 1443 servanda
3535 1388 3704 1456 virgi-

2134 1478 2319 1530 nitatis
2347 1480 2690 1544 accenderat,
2721 1481 2809 1545 qui
2842 1479 2987 1533 Petri
3017 1496 3180 1550 Super
3231 1482 3338 1534 hoc
3371 1481 3697 1533 sententiam

2134 1567 2246 1635 ipsa
2281 1567 2359 1621 rei
2393 1569 2761 1637 magnitudine
2793 1586 2854 1622 ae
2876 1569 3189 1626 diﬂicultate
3216 1571 3450 1624 laudavit
3482 1586 3497 1624 :
3526 1579 3579 1622 et
3609 1584 3704 1622 vo-

2135 1658 2389 1714 luutariis
2419 1663 2754 1728 Spadonibus
2786 1677 3008 1732 regnum
3062 1664 3320 1715 caelorum
3357 1662 3698 1731 promittens,

457 1758 604 1809 nem,
637 1760 755 1813 qua:
784 1759 854 1800 ex
887 1757 1118 1816 utroque
1150 1764 1366 1818 seraper
1408 1764 1664 1813 accensa,
1715 1758 1769 1802 et
1819 1760 2024 1803 natura:
2060 1763 2100 1817 Β
2132 1752 2205 1803 ait
2233 1769 2247 1803 :
2275 1751 2564 1820 Quipotest
2587 1768 2791 1821 capere,
2814 1755 2990 1819 capiat
3025 1753 3243 1821 (.‘llatllt.
3277 1769 3386 1816 xix,
3425 1753 3534 1821 12).
3564 1752 3698 1805 ltum

456 1838 619 1890 simul
648 1847 704 1891 et
730 1839 919 1906 gratia:
945 1840 1142 1894 bonum
1173 1855 1382 1895 morum
1444 1843 1729 1896 sanctitate
1773 1851 2022 1896 testetur.

457 1927 637 1983 Prima
668 1930 833 1998 igitur
866 1931 1095 2001 virginis
1123 1946 1278 1996 cura,
1304 1932 1642 2002 primumque
1670 1932 1905 1987 studium
1930 1933 2025 1998 sit,

455 2022 600 2076 scire
625 2021 962 2077 voluntatem
995 2023 1209 2077 Domini
1254 2025 1362 2088 sui,
1411 2035 1467 2078 et
1520 2025 1650 2093 quid
1704 2025 1752 2078 ei
1797 2024 2022 2092 placeat,

456 2111 654 2181 quidve
674 2112 982 2181 displiceat,
1007 2114 1298 2182 diligenter
1324 2115 1626 2183 inquirere,
1645 2125 1701 2168 ιιι
1731 2116 2026 2170 secundum

457 2203 774 2269 Apostolum
791 2204 1105 2257 rationabile
1136 2204 1244 2257 Deo
1277 2206 1467 2258 reddat
1512 2206 1808 2274 obsequium
1849 2204 2025 2274 (Rom.
2063 2215 2072 2224 ‘

461 2312 560 2362 xu,
593 2297 644 2368 l)
678 2314 692 2353 :
724 2306 1006 2368 totumque
1035 2300 1160 2354 vitae
1191 2311 1303 2354 suae
1337 2314 1558 2354 cursum
1589 2314 1654 2354 ex
1688 2300 1807 2368 ejus
1859 2300 2026 2367 possit

457 2389 716 2444 ordinare
752 2391 1418 2460 sententiadmpossibile
1449 2399 1533 2445 est
1554 2392 1698 2444 enim
1733 2392 1780 2444 ei
1836 2406 2026 2459 quem-

459 2493 622 2546 quam
655 2481 890 2549 placere,
919 2482 1006 2535 cui
1043 2483 1170 2550 quid
1206 2481 1434 2551 placeat,
1483 2481 1698 2550 ignorat
1739 2499 1753 2535 :
1801 2484 2026 2550 lii-rique

463 2581 662 2636 potest,
696 2579 749 2624 ut
782 2571 944 2625 etiam
973 2571 1304 2639 obsequendi
1339 2580 1460 2626 voto
1488 2571 1750 2635 οίῖυιιάειι,
1772 2574 1857 2625 cui
1887 2589 2025 2640 quo-

464 2665 624 2716 modo
647 2664 872 2732 obsequi
902 2664 1115 2730 debeat,
1141 2677 1267 2717 ante
1293 2679 1400 2718 non
1434 2665 1640 2719 didicit.
1674 2663 1741 2718 Et
1773 2675 1828 2718 ut
1856 2665 2028 2732 majus

461 2764 568 2814 est,
625 2753 950 2808 voluntatem
997 2751 1208 2808 Domini
1266 2753 1445 2807 facere
1497 2769 1656 2821 quam
1702 2770 1899 2808 nosse:
1951 2756 2024 2808 ita

468 2843 616 2912 prius
652 2853 737 2898 est
785 2860 966 2905 nosse.
1011 2859 1174 2914 quam
1223 2846 1420 2900 facere.
1459 2847 1596 2900 Illud
1635 2847 1777 2900 enim
1835 2848 2026 2899 merito

468 2937 724 3004 prmerdit
751 2953 766 2991 :
796 2936 897 2990 hoc
925 2938 1138 2992 ordine.
1171 2937 1324 2992 Unde
1351 2938 1620 3008 Propheta
1649 2939 1778 2992 dicit
1804 2956 1819 2992 :
1851 2937 1916 2990 Et
1943 2951 2021 3002 tu,

469 3027 656 3095 Israel,
689 3030 797 3081 noli
823 3030 1088 3098 ignorare.
1119 3031 1184 3083 Et
1218 3031 1409 3084 beatus
1437 3029 1635 3083 Paulus
1667 3047 1680 3083 :
1714 3028 1820 3093 Qui
1851 3041 2023 3082 autem

2130 1843 2310 1909 itaque
2347 1855 2454 1896 tam
2484 1859 2732 1912 magnam
2766 1861 2872 1900 non
2908 1847 3137 1914 impero,
3170 1859 3274 1897 non
3311 1845 3553 1913 impono,
3605 1843 3701 1896 sed

2128 1935 2318 1989 oll‘ero.
2345 1934 2534 2005 Neque
2563 1952 2887 2006 quemquam
2919 1938 2982 1990 ad
3011 1939 3112 1990 hoc
3135 1951 3289 2004 cogo,
3316 1937 3407 1988 scd
3439 1950 3698 2004 provoco.

2127 2023 2447 2092 Quanquam
2496 2026 2562 2078 de
2596 2025 2726 2078 viris
2782 2037 2985 2078 tantum
3032 2039 3229 2078 sonare
3279 2027 3546 2090 videatur,
3593 2039 3700 2077 non

2127 2116 2258 2169 solis
2283 2127 2462 2169 tamen
2490 2118 2621 2170 viris
2655 2116 2875 2182 dicitur,
2902 2117 2995 2170 sed
3023 2117 3246 2185 aequalis
3276 2118 3494 2184 utrique
3544 2115 3701 2170 sexui

2126 2208 2458 2276 virginitatis
2520 2208 2697 2274 palma
2751 2209 3105 2276 promittitur.
3166 2205 3233 2258 Et
3285 2209 3572 2274 Apostolus
3633 2208 3700 2258 de

2127 2297 2425 2363 virginibus
2457 2308 2782 2367 prmceptum
2815 2299 3030 2366 quidem
3057 2311 3115 2351 se
3161 2296 3292 2349 dicit
3342 2312 3445 2350 non
3503 2296 3702 2350 habere

2130 2387 2339 2440 Domini
2367 2385 2478 2457 [AL
2510 2387 2650 2459 Dei],
2685 2389 2776 2443 sed
2808 2390 2900 2441 dat
2928 2389 3243 2441 consilium.
3284 2388 3425 2442 Dii-it
3466 2389 3649 2458 itaque
3681 2405 3697 2443 :

2127 2480 2210 2532 An
2247 2481 2662 2547 experimentum
2697 2482 2934 2549 quwritis
2981 2482 3118 2549 ejus,
3153 2481 3240 2544 qui
3275 2484 3328 2534 in
3359 2498 3439 2535 me
3469 2481 3704 2551 loquitur

2127 2568 2366 2622 CItrt'stus
2404 2569 2490 2640 (II
2525 2571 2645 2626 Cor.
2680 2587 2796 2636 xm,
2834 2573 2932 2642 5)?

2198 2662 2324 2714 Car.
2363 2659 2432 2715 Χ.
2469 2690 2540 2701 -
2570 2663 2926 2717 l‘erl'ectionis
2962 2665 3122 2734 igitur
3159 2672 3345 2719 secuta
3390 2662 3703 2727 consilium,

2129 2752 2526 2806 beatitudinem
2590 2756 2846 2823 specialis
2897 2771 3152 2825 aggressa
3208 2760 3489 2827 propositi,
3547 2771 3704 2811 serva

2126 2845 2377 2912 generale
2409 2846 2742 2901 mandatum.
2773 2847 2910 2910 Dixi,
2945 2850 3188 2918 idemque
3207 2865 3349 2903 nunc
3381 2858 3566 2918 repeto
3593 2864 3608 2902 :
3640 2849 3696 2903 itt

2126 2949 2291 2989 causa
2319 2935 2548 3005 iustitia:
2578 2951 2768 2990 omnes
2789 2955 2956 2992 unum
2984 2941 3241 2996 debemus
3271 2958 3287 2996 :
3318 2943 3490 3012 virgo,
3517 2942 3701 3007 vidua,

2131 3037 2316 3095 nupta,
2348 3043 2617 3094 summus,
2653 3030 2955 3093 ntedius,et
2990 3033 3130 3087 imus
3157 3037 3380 3103 gradus,
3412 3035 3698 3101 aequaliter

463 3121 1064 3189 ignorat,ignorabitur.
1089 3123 1344 3189 idemque
1365 3121 1490 3174 alibi
1517 3139 1531 3177 :
1559 3119 1852 3189 Propterea
1872 3120 2028 3174 nolite
2056 3098 2097 3155 ο
2129 3120 2389 3188 jubeutur
2440 3122 2672 3190 implere
2721 3135 3012 3192 praecepta.
3049 3098 3220 3179 Necva
3267 3098 3386 3194 lege
3443 3098 3702 3191 solvitur,

466 3212 581 3278 ﬁeri
615 3211 988 3280 imprudentes,
1013 3214 1102 3267 sed
1126 3215 1485 3282 itttelligentes,
1517 3228 1632 3281 qua:
1673 3216 1736 3266 sit
1789 3212 2030 3267 voluntas

467 3303 678 3357 Domini
703 3304 920 3372 (I'Iphes.
945 3320 996 3368 v,
1037 3305 1144 3374 l7).
1176 3306 1386 3358 Initium
1413 3306 1742 3361 obedientia:
1773 3316 1858 3359 est
1903 3307 2030 3375 quid

465 3396 832 3465 praecipiatur,
865 3398 1004 3449 velle
1030 3411 1358 3465 cognoscere
1388 3415 1401 3450 :
1430 3408 1483 3452 et
1518 3414 1641 3467 pars
1669 3408 1755 3452 est
1785 3398 2030 3466 obsequii

469 3485 726 3539 didicisse
745 3488 872 3554 quid
899 3486 1084 3539 facias.
1109 3486 1256 3540 Scito
1280 3488 1466 3556 itaque
1492 3489 1544 3540 itt
1572 3488 1870 3556 Scripturis
1893 3489 2032 3540 divi-

467 3580 575 3642 nis,
599 3593 699 3644 per
733 3591 870 3648 quas
898 3577 1044 3632 solas
1066 3587 1215 3647 pOtes
1245 3578 1458 3647 plenam
1490 3578 1582 3632 Dei
1613 3579 2031 3648 intelligerero-

465 3668 748 3731 luutatem,
777 3669 1056 3738 prohiberi
1093 3671 1362 3737 quzedam,
1396 3670 1618 3725 concedi
1652 3671 1856 3739 aliqua,
1891 3686 2030 3722 nou-

466 3758 614 3811 nulla
673 3761 915 3813 suaderi.
977 3758 1346 3814 Probibentur
1410 3761 1572 3826 mala,
1645 3762 2032 3830 praecipiuntur

467 3848 604 3902 bona
644 3864 661 3907 :
694 3852 1075 3905 conceduntur
1111 3853 1310 3916 media,
1340 3851 1580 3923 perfecta
1613 3855 1929 3908 suadentur.
1971 3854 2029 3906 In

465 3939 674 3996 duobus
706 3942 814 3996 illis
849 3956 957 4011 pra:
989 3943 1162 4012 priori
1195 3943 1320 3998 loco
1344 3955 1494 4006 sunt,
1539 3953 1823 4014 peccatum
1869 3959 2031 3999 omne

465 4032 811 4087 concluditur
844 4047 863 4090 :
893 4035 946 4087 in
974 4045 1202 4103 utroque
1223 4035 1365 4091 enim
1393 4035 1486 4090 Dci
1519 4036 1828 4090 continetur
1859 4036 2031 4103 impe-

471 4123 635 4178 rium.
672 4123 738 4178 Et
768 4138 876 4178 non
915 4125 1087 4179 solum
1129 4125 1444 4194 praecipere,
1497 4127 1591 4180 sed
1641 4137 1697 4181 et
1745 4126 2033 4195 prohibere

467 4218 666 4288 ipsum,
697 4217 939 4286 jttbcntis
970 4228 1075 4272 est.
1122 4217 1461 4274 Generaliter
1500 4235 1734 4289 namque
1779 4219 2032 4276 omnibus

467 4309 753 4362 mandatur
779 4308 1042 4378 justitta:
1091 4324 1250 4377 quam
1312 4308 1563 4365 Salvator
1612 4313 1665 4365 in
1722 4311 2029 4380 Evangelia,

2133 3215 2222 3282 qui
2259 3227 2418 3281 supra
2452 3213 2622 3284 legem
2653 3214 2830 3270 facere
2871 3217 3142 3285 proponit.
3177 3219 3313 3282 Quin
3349 3219 3458 3272 imo
3514 3218 3699 3272 nullus

2134 3306 2306 3373 magis
2335 3304 2522 3358 illicita
2575 3307 2747 3361 vitare
2781 3308 2962 3377 debet,
2994 3325 3156 3378 quant
3184 3309 3276 3377 qui
3330 3310 3540 3379 respuit
3579 3326 3703 3377 qua:

2133 3397 2392 3452 licebant.
2432 3396 2543 3451 Nec
2574 3400 2859 3468 quisquam
2918 3401 2990 3452 ita
3045 3416 3074 3452 a
3108 3415 3168 3454 se
3199 3405 3450 3456 mandata
3483 3403 3706 3480 pollice-

2135 3496 2222 3541 tur
2247 3488 2537 3557 implenda,
2581 3499 2636 3542 ιιι
2669 3489 2758 3543 ille
2789 3490 2882 3558 qui
2918 3505 3109 3544 amore
3153 3491 3502 3560 perfectionis
3539 3507 3701 3558 supra

2135 3581 2386 3633 mandata
2417 3582 2756 3642 conscendit.
2786 3591 2841 3635 et
2870 3583 2996 3636 dum
3044 3584 3276 3651 amplius
3309 3583 3494 3636 statuit
3530 3583 3706 3637 facere

2132 3686 2292 3740 quant
2336 3680 2664 3740 praeceptum
2715 3682 2822 3735 εει,
2875 3673 3112 3726 ostendit
3148 3675 3336 3726 minus
3359 3674 3465 3727 sibi
3497 3689 3705 3741 pra-ce—

2132 3770 2280 3828 ptunt
2315 3774 2435 3814 esse
2459 3776 2617 3828 qttant
2649 3761 2901 3829 potuerit.
2933 3760 3139 3815 Deinde
3169 3763 3257 3829 qui
3293 3774 3456 3814 tantae
3485 3777 3544 3816 se
3585 3776 3706 3816 esse

2131 3851 2452 3904 obedientiat
2474 3851 2779 3919 proﬁtetur,
2823 3862 2878 3903 ut
2917 3851 3080 3904 etiam
3127 3853 3414 3906 consilium
3455 3854 3702 3908 divinum

2131 3942 2364 3996 libenter
2398 3943 2606 4006 audiat,
2658 3942 2930 4011 quun'todo
2963 3958 3066 3996 non
3101 3945 3258 3998 debet
3286 3946 3474 4000 audire
3501 3963 3700 4015 prame-

2133 4034 2320 4103 ptuut?
2350 4033 2440 4087 illa
2472 4034 2614 4088 enim
2649 4049 2739 4088 res
2782 4035 3067 4090 electioais
3116 4034 3278 4107 [τινα.
3329 4039 3700 4113 perfectionis]

2132 4135 2237 4188 est,
2274 4127 2373 4180 ista
2427 4128 2784 4182 necessitatis.
2828 4127 2900 4180 De
2953 4129 3261 4197 virginitate
3314 4131 3514 4186 dicitur
3547 4149 3564 4188 :
3597 4133 3704 4200 Qui

2129 4226 2304 4285 potest
2333 4234 2542 4288 capere,
2576 4221 2755 4286 capiat
2791 4219 3006 4290 (.ilattlt.
3060 4237 3158 4286 vn,
3215 4222 3324 4290 l9).
3370 4221 3446 4276 De
3491 4223 3700 4292 justitia

2134 4325 2245 4363 non
2273 4310 2471 4364 dicitur
2501 4327 2516 4364 :
2549 4310 2653 4376 Qui
2687 4321 2856 4380 potest
2908 4313 3103 4378 facere,
3153 4313 3339 4381 facint.
3401 4312 3504 4367 Sed
3534 4317 3702 4367 ootnis

465 4397 704 4451 breviter
732 4399 973 4465 quidem,
1010 4399 1105 4452 sed
1167 4398 1479 4468 plenissime
1535 4403 2030 4469 comprehcndeus,
2067 4428 2110 4484 υ
2138 4401 2297 4454 arbor
2326 4416 2443 4470 qua:
2465 4418 2567 4454 non
2593 4405 2725 4470 facit
2760 4403 2991 4471 fructum
3044 4404 3255 4470 bonum,
3309 4407 3599 4470 excidetur,
3655 4416 3704 4460 et

465 4491 545 4543 ait
573 4508 586 4544 :
625 4491 955 4557 Qna'cunque
997 4493 1151 4545 vultis
1177 4503 1230 4544 ut
1260 4491 1463 4560 faciant
1485 4493 1620 4546 vobis
1656 4492 2046 4556 ltominethwc‘

467 4591 518 4635 et
543 4599 629 4635 vos
651 4583 807 4650 facile
825 4584 931 4636 illis
951 4582 1166 4652 (Matth.
1202 4584 1399 4653 "1.12)
1435 4600 1450 4638 :
1484 4586 1584 4638 hoc
1628 4593 1732 4648 est,
1791 4593 1850 4636 ut
1901 4583 2033 4638 nihil

471 4677 596 4755 mali
641 4677 939 4731 inlcrarnus
979 4677 1119 4739 aliis,
1156 4675 1248 4730 scd
1291 4685 1612 4746 prmstemus
1661 4691 1844 4741 onute,
1889 4673 2034 4744 quod

468 4769 668 4820 bonum
714 4779 797 4822 est
839 4784 854 4820 :
899 4768 1026 4837 quia
1073 4768 1323 4822 volumus
1381 4768 1482 4821 hoc
1542 4767 1610 4821 ab
1667 4768 1787 4821 aliis
1836 4769 1888 4820 iit
1940 4782 2035 4822 nos

466 4871 757 4926 utrumque
781 4861 1012 4913 servari.
1048 4859 1172 4914 Haec
1215 4863 1485 4914 sententia
1539 4874 1694 4929 ωειυο
1739 4858 1864 4929 jure
1905 4875 2038 4928 prte-

463 4953 608 5019 cepti
636 4953 915 5007 universos
948 4964 1118 5007 tenet.
1172 4953 1283 5007 Nec
1331 4953 1421 5006 ulli
1471 4954 1692 5008 omnino
1736 4954 2034 5024 transgredi

465 5046 616 5104 licet,
662 5043 804 5112 quod
843 5043 1099 5099 omnibus
1143 5045 1464 5114 imperatum
1515 5054 1643 5099 est:
1709 5058 2036 5113 opertusque

464 5144 815 5204 contemptus
843 5135 936 5190 Dei
970 5147 1074 5200 εει,
1111 5136 1196 5190 vel
1227 5137 1406 5190 facere
1438 5138 1728 5206 prohibita,
1760 5137 1842 5192 vel
1881 5137 2033 5204 jussa

464 5242 576 5280 non
630 5225 832 5281 facere.
888 5229 998 5282 Duo
1035 5242 1165 5284 vero
1228 5229 1457 5296 reliqua,
1520 5244 1640 5297 qua:
1683 5241 2032 5298 sequuntur:

465 5331 698 5387 quorum
745 5331 909 5370 unum
958 5317 1290 5382 conceditur,
1337 5326 1390 5370 et
1441 5317 1700 5370 suadetur
1755 5316 1923 5379 aliud,
1982 5318 2037 5370 in

466 5420 654 5463 nostra
680 5417 950 5478 potestate
979 5410 1203 5464 dimissa
1227 5419 1354 5464 sunt
1386 5423 1403 5465 :
1432 5419 1488 5461 ut
1533 5416 1627 5461 aut
1664 5423 1786 5460 cum
1839 5408 2039 5462 minori

466 5502 642 5571 gloria
668 5503 946 5556 concessis
984 5512 1217 5568 utamur,
1266 5510 1359 5556 aut
1413 5503 1482 5558 ob
1525 5501 1700 5570 majus
1759 5502 2040 5571 prmmium

465 5592 634 5646 etiam
689 5604 774 5655 ea,
816 5607 936 5660 quae
975 5592 1134 5645 nobis
1179 5596 1438 5659 permissa
1482 5602 1632 5658 sunt,
1694 5607 2041 5660 respuamus.

469 5682 856 5740 Conceduntur
875 5683 1092 5753 quidem
1118 5683 1338 5752 nuptize,
1369 5683 1617 5740 carnium
1651 5697 1779 5740 usus
1808 5691 1861 5737 et
1887 5682 1996 5739 vini
2024 5699 2038 5734 :

2139 4493 2190 4546 in
2216 4495 2388 4564 ignem
2419 4496 2655 4550 mittetur
2698 4494 2913 4565 (Ibid.).
2945 4497 3266 4562 Considera,
3301 4513 3505 4568 quaeso,
3533 4514 3704 4567 quatt-

2139 4595 2250 4640 tuut
2277 4602 2306 4641 a
2334 4588 2563 4642 consilio
2593 4589 2755 4642 distet
2788 4591 3095 4657 imperium.
3122 4590 3198 4643 ibi
3231 4591 3438 4658 aliquos
3463 4593 3661 4657 excipit
3689 4607 3703 4644 :

2139 4675 2230 4730 hic
2266 4676 2593 4745 generaliter
2621 4691 2813 4731 omnes
2844 4677 3276 4746 comprehendit.
3309 4676 3386 4728 lbi
3421 4678 3702 4746 praemium

2141 4765 2415 4834 proponit,
2477 4765 2564 4820 bic
2599 4781 2840 4836 pinnam.
2898 4766 2977 4820 lbi
3024 4769 3216 4822 invitat
3265 4779 3322 4820 tit
3368 4761 3580 4822 facias:
3622 4769 3708 4822 hic

2142 4860 2242 4912 nisi
2275 4859 2487 4926 ieceris,
2503 4863 2881 4916 comminatur.
2911 4862 3035 4917 l-ltec
3067 4864 3231 4931 igitur
3261 4864 3464 4933 Optima
3495 4863 3705 4916 ratione

2138 4950 2503 5018 distinguens,
2529 4951 2900 5005 animadverte
2922 4953 3050 5020 quid
3081 4952 3301 5014 oll‘eras,
3337 4955 3706 5006 animadverte

2139 5043 2268 5112 quid
2299 5044 2518 5098 debeas.
2553 5041 2665 5098 imo
2687 5045 2812 5112 quia
2846 5053 3133 5113 utrumque
3158 5049 3267 5112 jam
3302 5045 3486 5107 debes,
3509 5052 3564 5098 et
3594 5046 3711 5099 vir-

2140 5136 2440 5202 ginitatem,
2475 5150 2638 5205 quam
2697 5135 2838 5190 ultro
2886 5136 3128 5190 obtulisti
3187 5137 3311 5202 Deo,
3345 5145 3396 5188 et
3435 5135 3703 5201 justitiam

2141 5241 2308 5294 quam
2345 5226 2460 5294 ipse
2495 5226 2774 5296 praecepit,
2800 5226 3068 5296 integrum
3115 5239 3406 5296 utrumque
3438 5228 3710 5292 persolve.

2143 5317 2239 5370 llle
2277 5331 2467 5371 servus
2503 5317 2725 5371 domino
2750 5317 2942 5386 placet,
2967 5318 3058 5386 qui
3090 5317 3160 5370 ita
3175 5315 3378 5386 aliquid
3415 5315 3553 5369 ultro
3579 5332 3714 5387 ope-

2144 5412 2220 5464 ris
2252 5420 2490 5490 exercet,
2513 5419 2571 5462 ut.
2592 5417 2774 5463 tamen
2805 5412 2969 5463 etiam
2997 5411 3258 5478 imperata
3295 5409 3542 5478 pcrllciat
3573 5410 3713 5490 :.qui

2144 5517 2249 5556 non
2279 5486 2564 5556 facitaliud
2603 5516 2700 5570 pro
2734 5501 2868 5564 alio,
2907 5500 3002 5553 sed
3033 5509 3320 5569 utrumque
3346 5513 3482 5552 :nec
3513 5486 3706 5565 motat,

2145 5594 2241 5648 sed
2275 5592 2427 5647 addit
2480 5591 2826 5660 obsequium.
2859 5589 2971 5644 Nec
3002 5600 3054 5644 te
3085 5603 3272 5643 earum
3319 5590 3566 5660 exempla
3613 5589 3713 5644 de-

2146 5683 2376 5755 cipiant,
2411 5698 2530 5753 quze
2574 5683 2680 5739 sibi
2726 5684 2780 5737 in
2825 5681 2942 5735 sola
2995 5681 3250 5738 castitate
3279 5681 3622 5751 plaudentes,
3655 5683 3718 5732 ut.
