  <div class='ocr_page' id='page_1' title='image "/cluster/home/n/w/nwhite01/storage/ocr_20150623/30/hvd.32044096580527/019.png"; bbox 0 0 4056 6200; ppageno 0'>
   <div class='ocr_carea' id='block_1_1' title="bbox 299 314 3542 391">
    <p class='ocr_par' dir='ltr' id='par_1_1' title="bbox 299 314 3542 391">
     <span class='ocr_line' id='line_1_1' title="bbox 299 314 3542 391; baseline -0.004 -5"><span class='ocrx_word' id='word_1_1' title='bbox 299 325 368 386; x_wconf 69' lang='grc'><strong>27</strong></span> <span class='ocrx_word' id='word_1_2' title='bbox 1234 329 1296 388; x_wconf 92' lang='lat' dir='ltr'><strong>S.</strong></span> <span class='ocrx_word' id='word_1_3' title='bbox 1343 325 1795 387; x_wconf 70' lang='lat' dir='ltr'><strong>HIERONYMI</strong></span> <span class='ocrx_word' id='word_1_4' title='bbox 1835 323 2160 383; x_wconf 73' lang='lat' dir='ltr'><strong>OPERUM</strong></span> <span class='ocrx_word' id='word_1_5' title='bbox 2203 321 2600 391; x_wconf 72' lang='lat' dir='ltr'><strong>MANTISSA.</strong></span> <span class='ocrx_word' id='word_1_6' title='bbox 3473 314 3542 374; x_wconf 73' lang='grc'><strong>28</strong></span> 
     </span>
    </p>
   </div>
   <div class='ocr_carea' id='block_1_2' title="bbox 301 430 3540 514">
    <p class='ocr_par' dir='ltr' id='par_1_2' title="bbox 301 430 3540 514">
     <span class='ocr_line' id='line_1_2' title="bbox 301 430 3540 514; baseline -0.003 -21"><span class='ocrx_word' id='word_1_7' title='bbox 301 456 418 511; x_wconf 72' lang='lat' dir='ltr'><strong>post</strong></span> <span class='ocrx_word' id='word_1_8' title='bbox 455 457 580 495; x_wconf 79' lang='lat' dir='ltr'><strong>suas</strong></span> <span class='ocrx_word' id='word_1_9' title='bbox 625 441 928 497; x_wconf 73' lang='lat' dir='ltr'><strong>voluntates</strong></span> <span class='ocrx_word' id='word_1_10' title='bbox 987 442 1147 514; x_wconf 63' lang='grc' dir='ltr'>[Δίῳ.</span> <span class='ocrx_word' id='word_1_11' title='bbox 1203 441 1536 512; x_wconf 68' lang='lat' dir='ltr'><strong>voluptates]</strong></span> <span class='ocrx_word' id='word_1_12' title='bbox 1571 451 1719 506; x_wconf 90' lang='lat' dir='ltr'><strong>cant,</strong></span> <span class='ocrx_word' id='word_1_13' title='bbox 1770 440 1861 492; x_wconf 89' lang='lat' dir='ltr'><strong>Dei</strong></span> <span class='ocrx_word' id='word_1_14' title='bbox 1895 445 1936 496; x_wconf 79' lang='grc' dir='ltr'>Α</span> <span class='ocrx_word' id='word_1_15' title='bbox 1966 449 2168 505; x_wconf 59' lang='lat' dir='ltr'><strong>potest.</strong></span> <span class='ocrx_word' id='word_1_16' title='bbox 2211 438 2336 490; x_wconf 74' lang='grc' dir='ltr'><strong>Ιιευε</strong></span> <span class='ocrx_word' id='word_1_17' title='bbox 2373 448 2550 489; x_wconf 84' lang='lat' dir='ltr'><strong>autem</strong></span> <span class='ocrx_word' id='word_1_18' title='bbox 2595 445 2646 486; x_wconf 91' lang='lat' dir='ltr'><strong>et</strong></span> <span class='ocrx_word' id='word_1_19' title='bbox 2700 431 2994 500; x_wconf 80' lang='lat' dir='ltr'><strong>omnis-qui</strong></span> <span class='ocrx_word' id='word_1_20' title='bbox 3027 430 3243 500; x_wconf 71' lang='lat' dir='ltr'><strong>quierit,</strong></span> <span class='ocrx_word' id='word_1_21' title='bbox 3294 431 3540 484; x_wconf 84' lang='lat' dir='ltr'><strong>invenit:</strong></span> 
     </span>
    </p>
   </div>
   <div class='ocr_carea' id='block_1_3' title="bbox 299 519 3545 601">
    <p class='ocr_par' dir='ltr' id='par_1_3' title="bbox 299 519 3545 601">
     <span class='ocr_line' id='line_1_3' title="bbox 299 519 3545 601; baseline -0.005 -15"><span class='ocrx_word' id='word_1_22' title='bbox 299 536 634 586; x_wconf 69' lang='lat' dir='ltr'><strong>voluntatem</strong></span> <span class='ocrx_word' id='word_1_23' title='bbox 694 533 978 598; x_wconf 84' lang='lat' dir='ltr'><strong>ahjiciuut.</strong></span> <span class='ocrx_word' id='word_1_24' title='bbox 1067 533 1197 598; x_wconf 71' lang='lat' dir='ltr'><strong>Quzt:</strong></span> <span class='ocrx_word' id='word_1_25' title='bbox 1273 545 1544 601; x_wconf 77' lang='lat' dir='ltr'><strong>perpetuac.</strong></span> <span class='ocrx_word' id='word_1_26' title='bbox 1609 531 1877 586; x_wconf 82' lang='lat' dir='ltr'><strong>castitatis</strong></span> <span class='ocrx_word' id='word_1_27' title='bbox 1981 542 2034 585; x_wconf 78' lang='lat' dir='ltr'><strong>ct</strong></span> <span class='ocrx_word' id='word_1_28' title='bbox 2066 532 2154 597; x_wconf 89' lang='lat' dir='ltr'><strong>qui</strong></span> <span class='ocrx_word' id='word_1_29' title='bbox 2195 530 2488 591; x_wconf 89' lang='lat' dir='ltr'><strong>invenerit,</strong></span> <span class='ocrx_word' id='word_1_30' title='bbox 2521 527 2657 595; x_wconf 89' lang='lat' dir='ltr'><strong>eripi</strong></span> <span class='ocrx_word' id='word_1_31' title='bbox 2714 526 2818 578; x_wconf 87' lang='lat' dir='ltr'><strong>sibi</strong></span> <span class='ocrx_word' id='word_1_32' title='bbox 2877 539 3154 591; x_wconf 88' lang='lat' dir='ltr'><strong>nunquam</strong></span> <span class='ocrx_word' id='word_1_33' title='bbox 3209 523 3382 574; x_wconf 85' lang='lat' dir='ltr'><strong>timet.</strong></span> <span class='ocrx_word' id='word_1_34' title='bbox 3438 519 3545 573; x_wconf 84' lang='lat' dir='ltr'><strong>Ista</strong></span> 
     </span>
    </p>
   </div>
   <div class='ocr_carea' id='block_1_4' title="bbox 303 623 1880 693">
    <p class='ocr_par' dir='ltr' id='par_1_4' title="bbox 303 623 1880 693">
     <span class='ocr_line' id='line_1_4' title="bbox 303 623 1880 693; baseline -0.001 -16"><span class='ocrx_word' id='word_1_35' title='bbox 303 627 336 678; x_wconf 86' lang='lat' dir='ltr'><strong>b</strong></span> <span class='ocrx_word' id='word_1_36' title='bbox 363 643 446 676; x_wconf 54' lang='lat' dir='ltr'><strong>.nu</strong></span> <span class='ocrx_word' id='word_1_37' title='bbox 476 645 503 673; x_wconf 82' lang='grc' dir='ltr'><strong>ιι</strong></span> <span class='ocrx_word' id='word_1_38' title='bbox 562 641 666 677; x_wconf 91' lang='lat' dir='ltr'><strong>non</strong></span> <span class='ocrx_word' id='word_1_39' title='bbox 703 641 822 677; x_wconf 86' lang='lat' dir='ltr'><strong>cum</strong></span> <span class='ocrx_word' id='word_1_40' title='bbox 852 627 1090 692; x_wconf 85' lang='lat' dir='ltr'><strong>justitia,</strong></span> <span class='ocrx_word' id='word_1_41' title='bbox 1153 629 1244 678; x_wconf 71' lang='lat' dir='ltr'><strong>sed</strong></span> <span class='ocrx_word' id='word_1_42' title='bbox 1299 641 1396 689; x_wconf 84' lang='lat' dir='ltr'><strong>pro</strong></span> <span class='ocrx_word' id='word_1_43' title='bbox 1425 625 1634 693; x_wconf 86' lang='lat' dir='ltr'><strong>justitia</strong></span> <span class='ocrx_word' id='word_1_44' title='bbox 1687 623 1880 678; x_wconf 67' lang='lat' dir='ltr'><strong>oﬂ‘erru</strong></span> 
     </span>
    </p>
   </div>
   <div class='ocr_carea' id='block_1_5' title="bbox 304 717 1878 787">
    <p class='ocr_par' dir='ltr' id='par_1_5' title="bbox 304 717 1878 787">
     <span class='ocr_line' id='line_1_5' title="bbox 304 717 1878 787; baseline -0.002 -17"><span class='ocrx_word' id='word_1_45' title='bbox 304 725 514 782; x_wconf 75' lang='lat' dir='ltr'><strong>velunt,</strong></span> <span class='ocrx_word' id='word_1_46' title='bbox 549 729 598 769; x_wconf 93' lang='lat' dir='ltr'><strong>et</strong></span> <span class='ocrx_word' id='word_1_47' title='bbox 637 720 688 769; x_wconf 92' lang='lat' dir='ltr'><strong>in</strong></span> <span class='ocrx_word' id='word_1_48' title='bbox 712 719 1163 787; x_wconf 76' lang='lat' dir='ltr'><strong>compensatione</strong></span> <span class='ocrx_word' id='word_1_49' title='bbox 1199 727 1565 784; x_wconf 70' lang='lat' dir='ltr'><strong>peccatorum,</strong></span> <span class='ocrx_word' id='word_1_50' title='bbox 1598 717 1878 786; x_wconf 63' lang='lat' dir='ltr'><strong>praemium</strong></span> 
     </span>
    </p>
   </div>
   <div class='ocr_carea' id='block_1_6' title="bbox 307 807 1882 877">
    <p class='ocr_par' dir='ltr' id='par_1_6' title="bbox 307 807 1882 877">
     <span class='ocr_line' id='line_1_6' title="bbox 307 807 1882 877; baseline -0.001 -19"><span class='ocrx_word' id='word_1_51' title='bbox 307 808 636 874; x_wconf 67' lang='lat' dir='ltr'><strong>virginitatis</strong></span> <span class='ocrx_word' id='word_1_52' title='bbox 675 819 1032 860; x_wconf 86' lang='lat' dir='ltr'><strong>anuuinerant</strong></span> <span class='ocrx_word' id='word_1_53' title='bbox 1065 848 1078 872; x_wconf 95' lang='lat'><strong>,</strong></span> <span class='ocrx_word' id='word_1_54' title='bbox 1117 819 1275 874; x_wconf 85' lang='lat' dir='ltr'><strong>atque</strong></span> <span class='ocrx_word' id='word_1_55' title='bbox 1299 821 1398 877; x_wconf 88' lang='lat' dir='ltr'><strong>pro</strong></span> <span class='ocrx_word' id='word_1_56' title='bbox 1430 807 1672 875; x_wconf 58' lang='lat' dir='ltr'><strong>praemio,</strong></span> <span class='ocrx_word' id='word_1_57' title='bbox 1705 808 1882 873; x_wconf 78' lang='lat' dir='ltr'><strong>impu-</strong></span> 
     </span>
    </p>
   </div>
   <div class='ocr_carea' id='block_1_7' title="bbox 310 898 1882 966">
    <p class='ocr_par' dir='ltr' id='par_1_7' title="bbox 310 898 1882 966">
     <span class='ocr_line' id='line_1_7' title="bbox 310 898 1882 966; baseline -0.002 -16"><span class='ocrx_word' id='word_1_58' title='bbox 310 901 530 950; x_wconf 66' lang='lat' dir='ltr'><strong>nitatem</strong></span> <span class='ocrx_word' id='word_1_59' title='bbox 591 909 776 966; x_wconf 85' lang='lat' dir='ltr'><strong>petunt</strong></span> <span class='ocrx_word' id='word_1_60' title='bbox 817 900 943 952; x_wconf 86' lang='lat' dir='ltr'><strong>:vel</strong></span> <span class='ocrx_word' id='word_1_61' title='bbox 985 908 1134 952; x_wconf 82' lang='lat' dir='ltr'><strong>certe</strong></span> <span class='ocrx_word' id='word_1_62' title='bbox 1185 899 1572 966; x_wconf 90' lang='lat' dir='ltr'><strong>impudentiori</strong></span> <span class='ocrx_word' id='word_1_63' title='bbox 1627 898 1882 952; x_wconf 76' lang='lat' dir='ltr'><strong>vecordia</strong></span> 
     </span>
    </p>
   </div>
   <div class='ocr_carea' id='block_1_8' title="bbox 312 987 1882 1056">
    <p class='ocr_par' dir='ltr' id='par_1_8' title="bbox 312 987 1882 1056">
     <span class='ocr_line' id='line_1_8' title="bbox 312 987 1882 1056; baseline -0.002 -17"><span class='ocrx_word' id='word_1_64' title='bbox 312 989 652 1040; x_wconf 71' lang='lat' dir='ltr'><strong>coronandus</strong></span> <span class='ocrx_word' id='word_1_65' title='bbox 685 1002 809 1040; x_wconf 79' lang='lat' dir='ltr'><strong>esse</strong></span> <span class='ocrx_word' id='word_1_66' title='bbox 866 1004 922 1040; x_wconf 90' lang='lat' dir='ltr'><strong>se</strong></span> <span class='ocrx_word' id='word_1_67' title='bbox 959 997 1176 1056; x_wconf 84' lang='lat' dir='ltr'><strong>putant,</strong></span> <span class='ocrx_word' id='word_1_68' title='bbox 1206 1000 1259 1040; x_wconf 86' lang='lat' dir='ltr'><strong>et</strong></span> <span class='ocrx_word' id='word_1_69' title='bbox 1304 989 1356 1040; x_wconf 87' lang='lat' dir='ltr'><strong>in</strong></span> <span class='ocrx_word' id='word_1_70' title='bbox 1407 1002 1572 1055; x_wconf 80' lang='lat' dir='ltr'><strong>regno</strong></span> <span class='ocrx_word' id='word_1_71' title='bbox 1624 987 1882 1040; x_wconf 78' lang='lat' dir='ltr'><strong>cccloruui</strong></span> 
     </span>
    </p>
   </div>
   <div class='ocr_carea' id='block_1_9' title="bbox 312 1080 1886 1146">
    <p class='ocr_par' dir='ltr' id='par_1_9' title="bbox 312 1080 1886 1146">
     <span class='ocr_line' id='line_1_9' title="bbox 312 1080 1886 1146; baseline -0.003 -12"><span class='ocrx_word' id='word_1_72' title='bbox 312 1082 522 1134; x_wconf 61' lang='lat' dir='ltr'><strong>caeteris</strong></span> <span class='ocrx_word' id='word_1_73' title='bbox 549 1081 933 1146; x_wconf 68' lang='lat' dir='ltr'><strong>przclerendas,</strong></span> <span class='ocrx_word' id='word_1_74' title='bbox 995 1096 1112 1146; x_wconf 69' lang='lat' dir='ltr'><strong>qua:</strong></span> <span class='ocrx_word' id='word_1_75' title='bbox 1145 1080 1248 1132; x_wconf 78' lang='lat' dir='ltr'><strong>sibi</strong></span> <span class='ocrx_word' id='word_1_76' title='bbox 1301 1080 1672 1132; x_wconf 72' lang='lat' dir='ltr'><strong>mandatorum</strong></span> <span class='ocrx_word' id='word_1_77' title='bbox 1707 1086 1886 1130; x_wconf 87' lang='lat' dir='ltr'><strong>trans-</strong></span> 
     </span>
    </p>
   </div>
   <div class='ocr_carea' id='block_1_10' title="bbox 313 1168 1887 1239">
    <p class='ocr_par' dir='ltr' id='par_1_10' title="bbox 313 1168 1887 1239">
     <span class='ocr_line' id='line_1_10' title="bbox 313 1168 1887 1239; baseline -0.001 -17"><span class='ocrx_word' id='word_1_78' title='bbox 313 1175 589 1239; x_wconf 64' lang='lat' dir='ltr'><strong>gressioue</strong></span> <span class='ocrx_word' id='word_1_79' title='bbox 613 1172 818 1224; x_wconf 79' lang='lat' dir='ltr'><strong>aditum</strong></span> <span class='ocrx_word' id='word_1_80' title='bbox 851 1171 1098 1224; x_wconf 81' lang='lat' dir='ltr'><strong>clausere</strong></span> <span class='ocrx_word' id='word_1_81' title='bbox 1124 1172 1274 1239; x_wconf 77' lang='lat' dir='ltr'><strong>regni</strong></span> <span class='ocrx_word' id='word_1_82' title='bbox 1297 1172 1578 1224; x_wconf 71' lang='lat' dir='ltr'><strong>etnlorum.</strong></span> <span class='ocrx_word' id='word_1_83' title='bbox 1617 1168 1739 1221; x_wconf 86' lang='lat' dir='ltr'><strong>Non</strong></span> <span class='ocrx_word' id='word_1_84' title='bbox 1772 1185 1887 1221; x_wconf 84' lang='lat' dir='ltr'><strong>om-</strong></span> 
     </span>
    </p>
   </div>
   <div class='ocr_carea' id='block_1_11' title="bbox 321 1259 1887 1329">
    <p class='ocr_par' dir='ltr' id='par_1_11' title="bbox 321 1259 1887 1329">
     <span class='ocr_line' id='line_1_11' title="bbox 321 1259 1887 1329; baseline -0.003 -15"><span class='ocrx_word' id='word_1_85' title='bbox 321 1262 426 1324; x_wconf 97' lang='lat' dir='ltr'><strong>nis,</strong></span> <span class='ocrx_word' id='word_1_86' title='bbox 452 1261 695 1315; x_wconf 82' lang='lat' dir='ltr'><strong>Christus</strong></span> <span class='ocrx_word' id='word_1_87' title='bbox 719 1261 916 1329; x_wconf 90' lang='lat' dir='ltr'><strong>inquit,</strong></span> <span class='ocrx_word' id='word_1_88' title='bbox 941 1262 1031 1329; x_wconf 75' lang='lat' dir='ltr'><strong>qui</strong></span> <span class='ocrx_word' id='word_1_89' title='bbox 1049 1262 1172 1314; x_wconf 84' lang='lat' dir='ltr'><strong>dicit</strong></span> <span class='ocrx_word' id='word_1_90' title='bbox 1205 1262 1350 1318; x_wconf 83' lang='lat' dir='ltr'><strong>mihi.</strong></span> <span class='ocrx_word' id='word_1_91' title='bbox 1376 1261 1618 1322; x_wconf 86' lang='lat' dir='ltr'><strong>Domine,</strong></span> <span class='ocrx_word' id='word_1_92' title='bbox 1648 1259 1887 1322; x_wconf 89' lang='lat' dir='ltr'><strong>Domine,</strong></span> 
     </span>
    </p>
   </div>
   <div class='ocr_carea' id='block_1_12' title="bbox 322 1340 1890 1421">
    <p class='ocr_par' dir='ltr' id='par_1_12' title="bbox 322 1340 1890 1421">
     <span class='ocr_line' id='line_1_12' title="bbox 322 1340 1890 1421; baseline -0.002 -17"><span class='ocrx_word' id='word_1_93' title='bbox 322 1353 536 1404; x_wconf 72' lang='lat' dir='ltr'><strong>intrabit</strong></span> <span class='ocrx_word' id='word_1_94' title='bbox 569 1353 622 1404; x_wconf 87' lang='lat' dir='ltr'><strong>in</strong></span> <span class='ocrx_word' id='word_1_95' title='bbox 656 1340 868 1420; x_wconf 82' lang='lat' dir='ltr'><strong>regnum</strong></span> <span class='ocrx_word' id='word_1_96' title='bbox 899 1351 1143 1404; x_wconf 82' lang='lat' dir='ltr'><strong>crelorum</strong></span> <span class='ocrx_word' id='word_1_97' title='bbox 1183 1370 1198 1407; x_wconf 88' lang='lat'><strong>:</strong></span> <span class='ocrx_word' id='word_1_98' title='bbox 1250 1353 1339 1405; x_wconf 83' lang='lat' dir='ltr'><strong>sed</strong></span> <span class='ocrx_word' id='word_1_99' title='bbox 1366 1353 1457 1419; x_wconf 85' lang='lat' dir='ltr'><strong>qui</strong></span> <span class='ocrx_word' id='word_1_100' title='bbox 1479 1352 1610 1421; x_wconf 80' lang='lat' dir='ltr'><strong>facit</strong></span> <span class='ocrx_word' id='word_1_101' title='bbox 1646 1350 1890 1403; x_wconf 79' lang='lat' dir='ltr'><strong>volunta-</strong></span> 
     </span>
    </p>
   </div>
   <div class='ocr_carea' id='block_1_13' title="bbox 320 1441 1890 1514">
    <p class='ocr_par' dir='ltr' id='par_1_13' title="bbox 320 1441 1890 1514">
     <span class='ocr_line' id='line_1_13' title="bbox 320 1441 1890 1514; baseline -0.003 -18"><span class='ocrx_word' id='word_1_102' title='bbox 320 1458 419 1498; x_wconf 86' lang='lat' dir='ltr'><strong>tem</strong></span> <span class='ocrx_word' id='word_1_103' title='bbox 457 1446 634 1498; x_wconf 79' lang='lat' dir='ltr'><strong>Patris</strong></span> <span class='ocrx_word' id='word_1_104' title='bbox 685 1447 784 1498; x_wconf 83' lang='lat' dir='ltr'><strong>mei</strong></span> <span class='ocrx_word' id='word_1_105' title='bbox 840 1446 930 1514; x_wconf 87' lang='lat' dir='ltr'><strong>qui</strong></span> <span class='ocrx_word' id='word_1_106' title='bbox 982 1445 1036 1498; x_wconf 83' lang='lat' dir='ltr'><strong>in</strong></span> <span class='ocrx_word' id='word_1_107' title='bbox 1100 1447 1237 1498; x_wconf 71' lang='lat' dir='ltr'><strong>caelis</strong></span> <span class='ocrx_word' id='word_1_108' title='bbox 1287 1453 1385 1506; x_wconf 82' lang='lat' dir='ltr'><strong>est,</strong></span> <span class='ocrx_word' id='word_1_109' title='bbox 1442 1445 1551 1512; x_wconf 83' lang='lat' dir='ltr'><strong>ipse</strong></span> <span class='ocrx_word' id='word_1_110' title='bbox 1586 1441 1805 1496; x_wconf 76' lang='lat' dir='ltr'><strong>intrabit</strong></span> <span class='ocrx_word' id='word_1_111' title='bbox 1835 1441 1890 1492; x_wconf 86' lang='lat' dir='ltr'><strong>in</strong></span> 
     </span>
    </p>
   </div>
   <div class='ocr_carea' id='block_1_14' title="bbox 321 1532 1895 1606">
    <p class='ocr_par' dir='ltr' id='par_1_14' title="bbox 321 1532 1895 1606">
     <span class='ocr_line' id='line_1_14' title="bbox 321 1532 1895 1606; baseline -0.002 -18"><span class='ocrx_word' id='word_1_112' title='bbox 321 1553 531 1606; x_wconf 78' lang='lat' dir='ltr'><strong>regnum</strong></span> <span class='ocrx_word' id='word_1_113' title='bbox 580 1537 826 1590; x_wconf 73' lang='lat' dir='ltr'><strong>caelorum</strong></span> <span class='ocrx_word' id='word_1_114' title='bbox 878 1536 1234 1606; x_wconf 66' lang='lat' dir='ltr'><strong>tlbid.,2|).</strong></span> <span class='ocrx_word' id='word_1_115' title='bbox 1287 1535 1638 1590; x_wconf 72' lang='lat' dir='ltr'><strong>Meminerint</strong></span> <span class='ocrx_word' id='word_1_116' title='bbox 1700 1532 1895 1588; x_wconf 82' lang='lat' dir='ltr'><strong>stultas</strong></span> 
     </span>
    </p>
   </div>
   <div class='ocr_carea' id='block_1_15' title="bbox 322 1624 1890 1698">
    <p class='ocr_par' dir='ltr' id='par_1_15' title="bbox 322 1624 1890 1698">
     <span class='ocr_line' id='line_1_15' title="bbox 322 1624 1890 1698; baseline -0.003 -18"><span class='ocrx_word' id='word_1_117' title='bbox 322 1630 606 1696; x_wconf 71' lang='lat' dir='ltr'><strong>virginesa</strong></span> <span class='ocrx_word' id='word_1_118' title='bbox 625 1629 808 1698; x_wconf 85' lang='lat' dir='ltr'><strong>sponsi</strong></span> <span class='ocrx_word' id='word_1_119' title='bbox 837 1629 1016 1693; x_wconf 89' lang='lat' dir='ltr'><strong>januis</strong></span> <span class='ocrx_word' id='word_1_120' title='bbox 1053 1628 1430 1696; x_wconf 77' lang='lat' dir='ltr'><strong>repellendas;</strong></span> <span class='ocrx_word' id='word_1_121' title='bbox 1460 1625 1748 1680; x_wconf 85' lang='lat' dir='ltr'><strong>dicendum</strong></span> <span class='ocrx_word' id='word_1_122' title='bbox 1776 1624 1890 1677; x_wconf 87' lang='lat' dir='ltr'><strong>eis:</strong></span> 
     </span>
    </p>
   </div>
   <div class='ocr_carea' id='block_1_16' title="bbox 327 1719 1894 1790">
    <p class='ocr_par' dir='ltr' id='par_1_16' title="bbox 327 1719 1894 1790">
     <span class='ocr_line' id='line_1_16' title="bbox 327 1719 1894 1790; baseline -0.002 -17"><span class='ocrx_word' id='word_1_123' title='bbox 327 1721 518 1774; x_wconf 72' lang='lat' dir='ltr'><strong>Nescio</strong></span> <span class='ocrx_word' id='word_1_124' title='bbox 571 1737 658 1774; x_wconf 83' lang='lat' dir='ltr'><strong>vos</strong></span> <span class='ocrx_word' id='word_1_125' title='bbox 691 1737 706 1778; x_wconf 85' lang='lat'><strong>:</strong></span> <span class='ocrx_word' id='word_1_126' title='bbox 739 1722 952 1788; x_wconf 85' lang='lat' dir='ltr'><strong>illisque</strong></span> <span class='ocrx_word' id='word_1_127' title='bbox 1008 1721 1316 1790; x_wconf 78' lang='lat' dir='ltr'><strong>jungendas</strong></span> <span class='ocrx_word' id='word_1_128' title='bbox 1373 1735 1518 1783; x_wconf 83' lang='lat' dir='ltr'><strong>esse,</strong></span> <span class='ocrx_word' id='word_1_129' title='bbox 1580 1721 1645 1774; x_wconf 89' lang='lat' dir='ltr'><strong>de</strong></span> <span class='ocrx_word' id='word_1_130' title='bbox 1694 1719 1894 1788; x_wconf 81' lang='lat' dir='ltr'><strong>quibus</strong></span> 
     </span>
    </p>
   </div>
   <div class='ocr_carea' id='block_1_17' title="bbox 1982 613 3552 686">
    <p class='ocr_par' dir='ltr' id='par_1_17' title="bbox 1982 613 3552 686">
     <span class='ocr_line' id='line_1_17' title="bbox 1982 613 3552 686; baseline -0.006 -12"><span class='ocrx_word' id='word_1_131' title='bbox 1982 625 2124 675; x_wconf 72' lang='lat' dir='ltr'><strong>enim</strong></span> <span class='ocrx_word' id='word_1_132' title='bbox 2173 622 2286 676; x_wconf 84' lang='lat' dir='ltr'><strong>sola</strong></span> <span class='ocrx_word' id='word_1_133' title='bbox 2315 623 2454 674; x_wconf 89' lang='lat' dir='ltr'><strong>bona</strong></span> <span class='ocrx_word' id='word_1_134' title='bbox 2489 630 2615 673; x_wconf 82' lang='lat' dir='ltr'><strong>sunt</strong></span> <span class='ocrx_word' id='word_1_135' title='bbox 2643 638 2657 674; x_wconf 83' lang='lat'><strong>:</strong></span> <span class='ocrx_word' id='word_1_136' title='bbox 2689 633 2808 686; x_wconf 71' lang='lat' dir='ltr'><strong>quae</strong></span> <span class='ocrx_word' id='word_1_137' title='bbox 2840 618 2958 670; x_wconf 85' lang='lat' dir='ltr'><strong>siue</strong></span> <span class='ocrx_word' id='word_1_138' title='bbox 3004 616 3303 678; x_wconf 80' lang='lat' dir='ltr'><strong>voluntate,</strong></span> <span class='ocrx_word' id='word_1_139' title='bbox 3340 628 3437 667; x_wconf 86' lang='lat' dir='ltr'><strong>nec</strong></span> <span class='ocrx_word' id='word_1_140' title='bbox 3468 613 3552 665; x_wconf 86' lang='lat' dir='ltr'><strong>iii-</strong></span> 
     </span>
    </p>
   </div>
   <div class='ocr_carea' id='block_1_18' title="bbox 1984 708 3024 778">
    <p class='ocr_par' dir='ltr' id='par_1_18' title="bbox 1984 708 3024 778">
     <span class='ocr_line' id='line_1_18' title="bbox 1984 708 3024 778; baseline -0.006 -13"><span class='ocrx_word' id='word_1_141' title='bbox 1984 713 2230 766; x_wconf 84' lang='lat' dir='ltr'><strong>venimus</strong></span> <span class='ocrx_word' id='word_1_142' title='bbox 2261 711 2571 778; x_wconf 64' lang='lat' dir='ltr'><strong>aliquando,</strong></span> <span class='ocrx_word' id='word_1_143' title='bbox 2601 724 2700 762; x_wconf 88' lang='lat' dir='ltr'><strong>nec</strong></span> <span class='ocrx_word' id='word_1_144' title='bbox 2731 708 3024 777; x_wconf 78' lang='lat' dir='ltr'><strong>perdimus.</strong></span> 
     </span>
    </p>
   </div>
   <div class='ocr_carea' id='block_1_19' title="bbox 2053 798 3552 868">
    <p class='ocr_par' dir='ltr' id='par_1_19' title="bbox 2053 798 3552 868">
     <span class='ocr_line' id='line_1_19' title="bbox 2053 798 3552 868; baseline -0.007 -10"><span class='ocrx_word' id='word_1_145' title='bbox 2053 805 2179 858; x_wconf 68' lang='lat' dir='ltr'><strong>Cu.</strong></span> <span class='ocrx_word' id='word_1_146' title='bbox 2214 802 2306 858; x_wconf 72' lang='lat' dir='ltr'><strong>XI.</strong></span> <span class='ocrx_word' id='word_1_147' title='bbox 2340 831 2407 842; x_wconf 84' lang='lat'><strong>-—-</strong></span> <span class='ocrx_word' id='word_1_148' title='bbox 2457 801 2635 856; x_wconf 77' lang='lat' dir='ltr'><strong>Habes</strong></span> <span class='ocrx_word' id='word_1_149' title='bbox 2669 813 2799 868; x_wconf 80' lang='lat' dir='ltr'><strong>ergo</strong></span> <span class='ocrx_word' id='word_1_150' title='bbox 2830 807 2886 853; x_wconf 89' lang='lat' dir='ltr'><strong>et</strong></span> <span class='ocrx_word' id='word_1_151' title='bbox 2933 798 3020 851; x_wconf 82' lang='lat' dir='ltr'><strong>hic</strong></span> <span class='ocrx_word' id='word_1_152' title='bbox 3068 813 3164 866; x_wconf 77' lang='lat' dir='ltr'><strong>per</strong></span> <span class='ocrx_word' id='word_1_153' title='bbox 3194 811 3313 864; x_wconf 63' lang='lat' dir='ltr'><strong>quae</strong></span> <span class='ocrx_word' id='word_1_154' title='bbox 3363 798 3552 848; x_wconf 86' lang='lat' dir='ltr'><strong>merito</strong></span> 
     </span>
    </p>
   </div>
   <div class='ocr_carea' id='block_1_20' title="bbox 1986 890 3553 968">
    <p class='ocr_par' dir='ltr' id='par_1_20' title="bbox 1986 890 3553 968">
     <span class='ocr_line' id='line_1_20' title="bbox 1986 890 3553 968; baseline -0.004 -19"><span class='ocrx_word' id='word_1_155' title='bbox 1986 897 2317 968; x_wconf 68' lang='lat' dir='ltr'><strong>pra-ponaris</strong></span> <span class='ocrx_word' id='word_1_156' title='bbox 2350 894 2490 956; x_wconf 88' lang='lat' dir='ltr'><strong>aliis,</strong></span> <span class='ocrx_word' id='word_1_157' title='bbox 2548 894 2658 946; x_wconf 91' lang='lat' dir='ltr'><strong>imo</strong></span> <span class='ocrx_word' id='word_1_158' title='bbox 2692 892 2781 945; x_wconf 86' lang='lat' dir='ltr'><strong>hic</strong></span> <span class='ocrx_word' id='word_1_159' title='bbox 2835 891 3030 954; x_wconf 70' lang='lat' dir='ltr'><strong>magis.</strong></span> <span class='ocrx_word' id='word_1_160' title='bbox 3082 890 3215 944; x_wconf 82' lang='lat' dir='ltr'><strong>Nam</strong></span> <span class='ocrx_word' id='word_1_161' title='bbox 3257 891 3553 958; x_wconf 73' lang='lat' dir='ltr'><strong>corporalis</strong></span> 
     </span>
    </p>
   </div>
   <div class='ocr_carea' id='block_1_21' title="bbox 1989 980 3548 1053">
    <p class='ocr_par' dir='ltr' id='par_1_21' title="bbox 1989 980 3548 1053">
     <span class='ocr_line' id='line_1_21' title="bbox 1989 980 3548 1053; baseline -0.006 -13"><span class='ocrx_word' id='word_1_162' title='bbox 1989 986 2236 1040; x_wconf 82' lang='lat' dir='ltr'><strong>nobilitas</strong></span> <span class='ocrx_word' id='word_1_163' title='bbox 2251 995 2412 1052; x_wconf 88' lang='lat' dir='ltr'><strong>atque</strong></span> <span class='ocrx_word' id='word_1_164' title='bbox 2435 983 2729 1053; x_wconf 80' lang='lat' dir='ltr'><strong>Opiileutia,</strong></span> <span class='ocrx_word' id='word_1_165' title='bbox 2758 991 2978 1035; x_wconf 89' lang='lat' dir='ltr'><strong>tuorum</strong></span> <span class='ocrx_word' id='word_1_166' title='bbox 3010 980 3384 1049; x_wconf 69' lang='lat' dir='ltr'><strong>intelliguntur</strong></span> <span class='ocrx_word' id='word_1_167' title='bbox 3406 995 3548 1041; x_wconf 85' lang='lat' dir='ltr'><strong>esse,</strong></span> 
     </span>
    </p>
   </div>
   <div class='ocr_carea' id='block_1_22' title="bbox 1989 1061 3552 1145">
    <p class='ocr_par' dir='ltr' id='par_1_22' title="bbox 1989 1061 3552 1145">
     <span class='ocr_line' id='line_1_22' title="bbox 1989 1061 3552 1145; baseline -0.009 -12"><span class='ocrx_word' id='word_1_168' title='bbox 1989 1095 2092 1134; x_wconf 85' lang='lat' dir='ltr'><strong>non</strong></span> <span class='ocrx_word' id='word_1_169' title='bbox 2123 1087 2238 1130; x_wconf 88' lang='lat' dir='ltr'><strong>tua.</strong></span> <span class='ocrx_word' id='word_1_170' title='bbox 2278 1075 2606 1145; x_wconf 89' lang='lat' dir='ltr'><strong>Spirituales</strong></span> <span class='ocrx_word' id='word_1_171' title='bbox 2633 1087 2767 1127; x_wconf 87' lang='lat' dir='ltr'><strong>vero</strong></span> <span class='ocrx_word' id='word_1_172' title='bbox 2795 1061 3015 1125; x_wconf 74' lang='lat' dir='ltr'><strong>divitias</strong></span> <span class='ocrx_word' id='word_1_173' title='bbox 3049 1072 3231 1124; x_wconf 88' lang='lat' dir='ltr'><strong>nullus</strong></span> <span class='ocrx_word' id='word_1_174' title='bbox 3264 1071 3382 1132; x_wconf 88' lang='lat' dir='ltr'><strong>tibi,</strong></span> <span class='ocrx_word' id='word_1_175' title='bbox 3416 1085 3552 1138; x_wconf 67' lang='lat' dir='ltr'><strong>prae-</strong></span> 
     </span>
    </p>
   </div>
   <div class='ocr_carea' id='block_1_23' title="bbox 1994 1161 3554 1235">
    <p class='ocr_par' dir='ltr' id='par_1_23' title="bbox 1994 1161 3554 1235">
     <span class='ocr_line' id='line_1_23' title="bbox 1994 1161 3554 1235; baseline -0.01 -11"><span class='ocrx_word' id='word_1_176' title='bbox 1994 1181 2073 1224; x_wconf 83' lang='lat' dir='ltr'><strong>ter</strong></span> <span class='ocrx_word' id='word_1_177' title='bbox 2105 1181 2174 1231; x_wconf 87' lang='lat' dir='ltr'><strong>te.</strong></span> <span class='ocrx_word' id='word_1_178' title='bbox 2204 1168 2456 1222; x_wconf 80' lang='lat' dir='ltr'><strong>conferre</strong></span> <span class='ocrx_word' id='word_1_179' title='bbox 2487 1166 2704 1235; x_wconf 89' lang='lat' dir='ltr'><strong>poterit.</strong></span> <span class='ocrx_word' id='word_1_180' title='bbox 2737 1165 2798 1218; x_wconf 91' lang='lat' dir='ltr'><strong>ln</strong></span> <span class='ocrx_word' id='word_1_181' title='bbox 2831 1164 2918 1216; x_wconf 84' lang='lat' dir='ltr'><strong>his</strong></span> <span class='ocrx_word' id='word_1_182' title='bbox 2960 1178 3094 1232; x_wconf 77' lang='lat' dir='ltr'><strong>ergo</strong></span> <span class='ocrx_word' id='word_1_183' title='bbox 3116 1162 3240 1229; x_wconf 86' lang='lat' dir='ltr'><strong>jure</strong></span> <span class='ocrx_word' id='word_1_184' title='bbox 3293 1161 3554 1214; x_wconf 83' lang='lat' dir='ltr'><strong>laudanda</strong></span> 
     </span>
    </p>
   </div>
   <div class='ocr_carea' id='block_1_24' title="bbox 1991 1249 3555 1324">
    <p class='ocr_par' dir='ltr' id='par_1_24' title="bbox 1991 1249 3555 1324">
     <span class='ocr_line' id='line_1_24' title="bbox 1991 1249 3555 1324; baseline -0.008 -9"><span class='ocrx_word' id='word_1_185' title='bbox 1991 1276 2050 1315; x_wconf 79' lang='lat' dir='ltr'><strong>es</strong></span> <span class='ocrx_word' id='word_1_186' title='bbox 2086 1278 2102 1313; x_wconf 89' lang='lat'><strong>:</strong></span> <span class='ocrx_word' id='word_1_187' title='bbox 2139 1262 2192 1314; x_wconf 89' lang='lat' dir='ltr'><strong>in</strong></span> <span class='ocrx_word' id='word_1_188' title='bbox 2222 1261 2307 1315; x_wconf 88' lang='lat' dir='ltr'><strong>his</strong></span> <span class='ocrx_word' id='word_1_189' title='bbox 2335 1259 2529 1312; x_wconf 90' lang='lat' dir='ltr'><strong>merito</strong></span> <span class='ocrx_word' id='word_1_190' title='bbox 2562 1257 2772 1312; x_wconf 61' lang='lat' dir='ltr'><strong>caeteris</strong></span> <span class='ocrx_word' id='word_1_191' title='bbox 2797 1253 3136 1324; x_wconf 69' lang='lat' dir='ltr'><strong>praeferenda</strong></span> <span class='ocrx_word' id='word_1_192' title='bbox 3177 1269 3234 1306; x_wconf 83' lang='lat' dir='ltr'><strong>cs</strong></span> <span class='ocrx_word' id='word_1_193' title='bbox 3268 1270 3281 1304; x_wconf 88' lang='lat'><strong>:</strong></span> <span class='ocrx_word' id='word_1_194' title='bbox 3310 1266 3427 1320; x_wconf 82' lang='lat' dir='ltr'><strong>quae</strong></span> <span class='ocrx_word' id='word_1_195' title='bbox 3456 1249 3555 1302; x_wconf 88' lang='lat' dir='ltr'><strong>uisi</strong></span> 
     </span>
    </p>
   </div>
   <div class='ocr_carea' id='block_1_25' title="bbox 1991 1340 3554 1418">
    <p class='ocr_par' dir='ltr' id='par_1_25' title="bbox 1991 1340 3554 1418">
     <span class='ocr_line' id='line_1_25' title="bbox 1991 1340 3554 1418; baseline -0.013 -7"><span class='ocrx_word' id='word_1_196' title='bbox 1991 1372 2056 1412; x_wconf 79' lang='lat' dir='ltr'><strong>ex</strong></span> <span class='ocrx_word' id='word_1_197' title='bbox 2094 1365 2144 1410; x_wconf 90' lang='lat' dir='ltr'><strong>te</strong></span> <span class='ocrx_word' id='word_1_198' title='bbox 2167 1363 2218 1408; x_wconf 88' lang='lat' dir='ltr'><strong>et</strong></span> <span class='ocrx_word' id='word_1_199' title='bbox 2244 1354 2294 1406; x_wconf 89' lang='lat' dir='ltr'><strong>in</strong></span> <span class='ocrx_word' id='word_1_200' title='bbox 2339 1361 2392 1408; x_wconf 85' lang='lat' dir='ltr'><strong>te</strong></span> <span class='ocrx_word' id='word_1_201' title='bbox 2418 1366 2537 1406; x_wconf 82' lang='lat' dir='ltr'><strong>esse</strong></span> <span class='ocrx_word' id='word_1_202' title='bbox 2579 1366 2684 1404; x_wconf 91' lang='lat' dir='ltr'><strong>non</strong></span> <span class='ocrx_word' id='word_1_203' title='bbox 2733 1355 2982 1418; x_wconf 85' lang='lat' dir='ltr'><strong>possunt.</strong></span> <span class='ocrx_word' id='word_1_204' title='bbox 3022 1348 3104 1399; x_wconf 72' lang='lat' dir='ltr'><strong>Au</strong></span> <span class='ocrx_word' id='word_1_205' title='bbox 3136 1345 3250 1398; x_wconf 76' lang='lat' dir='ltr'><strong>sola</strong></span> <span class='ocrx_word' id='word_1_206' title='bbox 3295 1343 3390 1395; x_wconf 78' lang='lat' dir='ltr'><strong>ista</strong></span> <span class='ocrx_word' id='word_1_207' title='bbox 3449 1340 3554 1391; x_wconf 76' lang='lat' dir='ltr'><strong>vita</strong></span> 
     </span>
    </p>
   </div>
   <div class='ocr_carea' id='block_1_26' title="bbox 1993 1436 3560 1514">
    <p class='ocr_par' dir='ltr' id='par_1_26' title="bbox 1993 1436 3560 1514">
     <span class='ocr_line' id='line_1_26' title="bbox 1993 1436 3560 1514; baseline -0.01 -13"><span class='ocrx_word' id='word_1_208' title='bbox 1993 1459 2076 1501; x_wconf 91' lang='lat' dir='ltr'><strong>est</strong></span> <span class='ocrx_word' id='word_1_209' title='bbox 2105 1487 2122 1513; x_wconf 93' lang='lat'><strong>,</strong></span> <span class='ocrx_word' id='word_1_210' title='bbox 2161 1461 2281 1514; x_wconf 78' lang='lat' dir='ltr'><strong>qua:</strong></span> <span class='ocrx_word' id='word_1_211' title='bbox 2309 1453 2584 1498; x_wconf 80' lang='lat' dir='ltr'><strong>certamen</strong></span> <span class='ocrx_word' id='word_1_212' title='bbox 2614 1457 2718 1495; x_wconf 87' lang='lat' dir='ltr'><strong>non</strong></span> <span class='ocrx_word' id='word_1_213' title='bbox 2767 1441 2964 1494; x_wconf 84' lang='lat' dir='ltr'><strong>habeat</strong></span> <span class='ocrx_word' id='word_1_214' title='bbox 3010 1439 3076 1491; x_wconf 88' lang='lat' dir='ltr'><strong>de</strong></span> <span class='ocrx_word' id='word_1_215' title='bbox 3114 1438 3379 1506; x_wconf 73' lang='lat' dir='ltr'><strong>proiectu.</strong></span> <span class='ocrx_word' id='word_1_216' title='bbox 3411 1446 3463 1486; x_wconf 82' lang='lat' dir='ltr'><strong>ot</strong></span> <span class='ocrx_word' id='word_1_217' title='bbox 3508 1436 3560 1485; x_wconf 92' lang='lat' dir='ltr'><strong>in</strong></span> 
     </span>
    </p>
   </div>
   <div class='ocr_carea' id='block_1_27' title="bbox 1995 1526 3561 1604">
    <p class='ocr_par' dir='ltr' id='par_1_27' title="bbox 1995 1526 3561 1604">
     <span class='ocr_line' id='line_1_27' title="bbox 1995 1526 3561 1604; baseline -0.009 -17"><span class='ocrx_word' id='word_1_218' title='bbox 1995 1551 2097 1604; x_wconf 84' lang='lat' dir='ltr'><strong>qua</strong></span> <span class='ocrx_word' id='word_1_219' title='bbox 2155 1533 2529 1601; x_wconf 80' lang='lat' dir='ltr'><strong>unusquisque</strong></span> <span class='ocrx_word' id='word_1_220' title='bbox 2575 1532 2676 1583; x_wconf 89' lang='lat' dir='ltr'><strong>hoc</strong></span> <span class='ocrx_word' id='word_1_221' title='bbox 2735 1539 2940 1581; x_wconf 87' lang='lat' dir='ltr'><strong>tantum</strong></span> <span class='ocrx_word' id='word_1_222' title='bbox 2997 1526 3199 1580; x_wconf 73' lang='lat' dir='ltr'><strong>debeat</strong></span> <span class='ocrx_word' id='word_1_223' title='bbox 3249 1537 3561 1593; x_wconf 85' lang='lat' dir='ltr'><strong>permanere</strong></span> 
     </span>
    </p>
   </div>
   <div class='ocr_carea' id='block_1_28' title="bbox 1995 1614 3561 1694">
    <p class='ocr_par' dir='ltr' id='par_1_28' title="bbox 1995 1614 3561 1694">
     <span class='ocr_line' id='line_1_28' title="bbox 1995 1614 3561 1694; baseline -0.006 -20"><span class='ocrx_word' id='word_1_224' title='bbox 1995 1626 2136 1694; x_wconf 89' lang='lat' dir='ltr'><strong>quod</strong></span> <span class='ocrx_word' id='word_1_225' title='bbox 2169 1624 2355 1690; x_wconf 71' lang='lat' dir='ltr'><strong>empit,</strong></span> <span class='ocrx_word' id='word_1_226' title='bbox 2391 1638 2490 1675; x_wconf 88' lang='lat' dir='ltr'><strong>nec</strong></span> <span class='ocrx_word' id='word_1_227' title='bbox 2521 1621 2630 1674; x_wconf 92' lang='lat' dir='ltr'><strong>ullo</strong></span> <span class='ocrx_word' id='word_1_228' title='bbox 2653 1619 2927 1688; x_wconf 80' lang='lat' dir='ltr'><strong>augmenti</strong></span> <span class='ocrx_word' id='word_1_229' title='bbox 2957 1617 3231 1673; x_wconf 79' lang='lat' dir='ltr'><strong>desiderio</strong></span> <span class='ocrx_word' id='word_1_230' title='bbox 3257 1617 3324 1667; x_wconf 87' lang='lat' dir='ltr'><strong>ad</strong></span> <span class='ocrx_word' id='word_1_231' title='bbox 3359 1614 3561 1680; x_wconf 83' lang='lat' dir='ltr'><strong>majora</strong></span> 
     </span>
    </p>
   </div>
   <div class='ocr_carea' id='block_1_29' title="bbox 1999 1707 3568 1774">
    <p class='ocr_par' dir='ltr' id='par_1_29' title="bbox 1999 1707 3568 1774">
     <span class='ocr_line' id='line_1_29' title="bbox 1999 1707 3568 1774; baseline -0.01 -5"><span class='ocrx_word' id='word_1_232' title='bbox 1999 1715 2329 1770; x_wconf 83' lang='lat' dir='ltr'><strong>contendat?</strong></span> <span class='ocrx_word' id='word_1_233' title='bbox 2355 1711 2421 1766; x_wconf 87' lang='lat' dir='ltr'><strong>Et</strong></span> <span class='ocrx_word' id='word_1_234' title='bbox 2450 1727 2572 1766; x_wconf 88' lang='lat' dir='ltr'><strong>cum</strong></span> <span class='ocrx_word' id='word_1_235' title='bbox 2615 1713 2668 1764; x_wconf 90' lang='lat' dir='ltr'><strong>in</strong></span> <span class='ocrx_word' id='word_1_236' title='bbox 2697 1711 2948 1763; x_wconf 89' lang='lat' dir='ltr'><strong>omnibus</strong></span> <span class='ocrx_word' id='word_1_237' title='bbox 2981 1710 3164 1762; x_wconf 85' lang='lat' dir='ltr'><strong>mundi</strong></span> <span class='ocrx_word' id='word_1_238' title='bbox 3198 1707 3412 1768; x_wconf 84' lang='lat' dir='ltr'><strong>studiis,</strong></span> <span class='ocrx_word' id='word_1_239' title='bbox 3445 1721 3568 1774; x_wconf 88' lang='lat' dir='ltr'><strong>pro-</strong></span> 
     </span>
    </p>
   </div>
   <div class='ocr_carea' id='block_1_30' title="bbox 330 1796 3567 1878">
    <p class='ocr_par' dir='ltr' id='par_1_30' title="bbox 330 1796 3567 1878">
     <span class='ocr_line' id='line_1_30' title="bbox 330 1796 3567 1878; baseline -0.005 -15"><span class='ocrx_word' id='word_1_240' title='bbox 330 1813 590 1865; x_wconf 73' lang='lat' dir='ltr'><strong>iiomiuus</strong></span> <span class='ocrx_word' id='word_1_241' title='bbox 636 1813 750 1878; x_wconf 81' lang='lat' dir='ltr'><strong>ipse</strong></span> <span class='ocrx_word' id='word_1_242' title='bbox 800 1814 875 1866; x_wconf 83' lang='lat' dir='ltr'><strong>ait</strong></span> <span class='ocrx_word' id='word_1_243' title='bbox 907 1831 924 1869; x_wconf 87' lang='lat'><strong>:</strong></span> <span class='ocrx_word' id='word_1_244' title='bbox 976 1812 1132 1866; x_wconf 79' lang='lat' dir='ltr'><strong>Multi</strong></span> <span class='ocrx_word' id='word_1_245' title='bbox 1164 1814 1336 1864; x_wconf 75' lang='lat' dir='ltr'><strong>dicent</strong></span> <span class='ocrx_word' id='word_1_246' title='bbox 1381 1812 1510 1864; x_wconf 82' lang='lat' dir='ltr'><strong>milii</strong></span> <span class='ocrx_word' id='word_1_247' title='bbox 1553 1814 1606 1864; x_wconf 89' lang='lat' dir='ltr'><strong>in</strong></span> <span class='ocrx_word' id='word_1_248' title='bbox 1637 1812 1730 1864; x_wconf 88' lang='lat' dir='ltr'><strong>illa</strong></span> <span class='ocrx_word' id='word_1_249' title='bbox 1769 1811 1854 1862; x_wconf 84' lang='lat' dir='ltr'><strong>die</strong></span> <span class='ocrx_word' id='word_1_250' title='bbox 1879 1851 1894 1873; x_wconf 89' lang='lat'><strong>,</strong></span> <span class='ocrx_word' id='word_1_251' title='bbox 1931 1796 1972 1851; x_wconf 80' lang='grc' dir='ltr'><strong>Β</strong></span> <span class='ocrx_word' id='word_1_252' title='bbox 2003 1809 2147 1862; x_wconf 83' lang='lat' dir='ltr'><strong>it-ctu</strong></span> <span class='ocrx_word' id='word_1_253' title='bbox 2182 1822 2288 1860; x_wconf 88' lang='lat' dir='ltr'><strong>non</strong></span> <span class='ocrx_word' id='word_1_254' title='bbox 2327 1808 2592 1860; x_wconf 85' lang='lat' dir='ltr'><strong>satientur</strong></span> <span class='ocrx_word' id='word_1_255' title='bbox 2652 1802 2924 1864; x_wconf 80' lang='lat' dir='ltr'><strong>homines,</strong></span> <span class='ocrx_word' id='word_1_256' title='bbox 2975 1801 3061 1854; x_wconf 81' lang='lat' dir='ltr'><strong>hic</strong></span> <span class='ocrx_word' id='word_1_257' title='bbox 3097 1811 3301 1852; x_wconf 89' lang='lat' dir='ltr'><strong>tantum</strong></span> <span class='ocrx_word' id='word_1_258' title='bbox 3335 1800 3567 1864; x_wconf 66' lang='lat' dir='ltr'><strong>coepisse</strong></span> 
     </span>
    </p>
   </div>
   <div class='ocr_carea' id='block_1_31' title="bbox 330 1901 1896 1968">
    <p class='ocr_par' dir='ltr' id='par_1_31' title="bbox 330 1901 1896 1968">
     <span class='ocr_line' id='line_1_31' title="bbox 330 1901 1896 1968; baseline 0.001 -16"><span class='ocrx_word' id='word_1_259' title='bbox 330 1902 571 1964; x_wconf 78' lang='lat' dir='ltr'><strong>Domine,</strong></span> <span class='ocrx_word' id='word_1_260' title='bbox 634 1901 874 1968; x_wconf 83' lang='lat' dir='ltr'><strong>Domine,</strong></span> <span class='ocrx_word' id='word_1_261' title='bbox 933 1920 1104 1955; x_wconf 88' lang='lat' dir='ltr'><strong>nonne</strong></span> <span class='ocrx_word' id='word_1_262' title='bbox 1136 1904 1190 1954; x_wconf 88' lang='lat' dir='ltr'><strong>in</strong></span> <span class='ocrx_word' id='word_1_263' title='bbox 1227 1903 1432 1955; x_wconf 80' lang='lat' dir='ltr'><strong>nomine</strong></span> <span class='ocrx_word' id='word_1_264' title='bbox 1486 1912 1573 1955; x_wconf 90' lang='lat' dir='ltr'><strong>tuo</strong></span> <span class='ocrx_word' id='word_1_265' title='bbox 1634 1902 1896 1956; x_wconf 77' lang='lat' dir='ltr'><strong>dtemonia</strong></span> 
     </span>
    </p>
   </div>
   <div class='ocr_carea' id='block_1_32' title="bbox 329 1991 1900 2059">
    <p class='ocr_par' dir='ltr' id='par_1_32' title="bbox 329 1991 1900 2059">
     <span class='ocr_line' id='line_1_32' title="bbox 329 1991 1900 2059; baseline 0.001 -17"><span class='ocrx_word' id='word_1_266' title='bbox 329 1991 621 2052; x_wconf 79' lang='lat' dir='ltr'><strong>eiecimus?</strong></span> <span class='ocrx_word' id='word_1_267' title='bbox 646 2005 688 2043; x_wconf 81' lang='lat' dir='ltr'><strong>et</strong></span> <span class='ocrx_word' id='word_1_268' title='bbox 719 1992 774 2042; x_wconf 85' lang='lat' dir='ltr'><strong>in</strong></span> <span class='ocrx_word' id='word_1_269' title='bbox 805 1993 1013 2045; x_wconf 80' lang='lat' dir='ltr'><strong>nomine</strong></span> <span class='ocrx_word' id='word_1_270' title='bbox 1045 2004 1133 2045; x_wconf 87' lang='lat' dir='ltr'><strong>tuo</strong></span> <span class='ocrx_word' id='word_1_271' title='bbox 1160 1993 1373 2044; x_wconf 78' lang='lat' dir='ltr'><strong>virtutes</strong></span> <span class='ocrx_word' id='word_1_272' title='bbox 1409 1992 1603 2044; x_wconf 78' lang='lat' dir='ltr'><strong>multas</strong></span> <span class='ocrx_word' id='word_1_273' title='bbox 1637 1992 1900 2059; x_wconf 71' lang='lat' dir='ltr'><strong>fecimus?</strong></span> 
     </span>
    </p>
   </div>
   <div class='ocr_carea' id='block_1_33' title="bbox 331 2083 1899 2152">
    <p class='ocr_par' dir='ltr' id='par_1_33' title="bbox 331 2083 1899 2152">
     <span class='ocr_line' id='line_1_33' title="bbox 331 2083 1899 2152; baseline -0.001 -17"><span class='ocrx_word' id='word_1_274' title='bbox 331 2098 376 2135; x_wconf 82' lang='lat' dir='ltr'><strong>et</strong></span> <span class='ocrx_word' id='word_1_275' title='bbox 411 2092 534 2134; x_wconf 86' lang='lat' dir='ltr'><strong>tunc</strong></span> <span class='ocrx_word' id='word_1_276' title='bbox 565 2084 847 2152; x_wconf 78' lang='lat' dir='ltr'><strong>conﬁtebor</strong></span> <span class='ocrx_word' id='word_1_277' title='bbox 884 2083 986 2136; x_wconf 82' lang='lat' dir='ltr'><strong>illis</strong></span> <span class='ocrx_word' id='word_1_278' title='bbox 1025 2101 1044 2138; x_wconf 88' lang='lat'><strong><em>:</em></strong></span> <span class='ocrx_word' id='word_1_279' title='bbox 1072 2085 1234 2136; x_wconf 82' lang='lat' dir='ltr'><strong>Amen</strong></span> <span class='ocrx_word' id='word_1_280' title='bbox 1263 2084 1379 2136; x_wconf 81' lang='lat' dir='ltr'><strong>dico</strong></span> <span class='ocrx_word' id='word_1_281' title='bbox 1409 2085 1570 2143; x_wconf 84' lang='lat' dir='ltr'><strong>vobis.</strong></span> <span class='ocrx_word' id='word_1_282' title='bbox 1597 2085 1768 2136; x_wconf 77' lang='lat' dir='ltr'><strong>nescio</strong></span> <span class='ocrx_word' id='word_1_283' title='bbox 1788 2100 1899 2147; x_wconf 80' lang='lat' dir='ltr'><strong>vos,</strong></span> 
     </span>
    </p>
   </div>
   <div class='ocr_carea' id='block_1_34' title="bbox 335 2174 1902 2245">
    <p class='ocr_par' dir='ltr' id='par_1_34' title="bbox 335 2174 1902 2245">
     <span class='ocr_line' id='line_1_34' title="bbox 335 2174 1902 2245; baseline 0 -19"><span class='ocrx_word' id='word_1_284' title='bbox 335 2174 586 2227; x_wconf 72' lang='lat' dir='ltr'><strong>discedite</strong></span> <span class='ocrx_word' id='word_1_285' title='bbox 643 2194 673 2227; x_wconf 90' lang='lat' dir='ltr'><strong>a</strong></span> <span class='ocrx_word' id='word_1_286' title='bbox 713 2192 788 2228; x_wconf 88' lang='lat' dir='ltr'><strong>me</strong></span> <span class='ocrx_word' id='word_1_287' title='bbox 838 2192 1038 2238; x_wconf 82' lang='lat' dir='ltr'><strong>omnes,</strong></span> <span class='ocrx_word' id='word_1_288' title='bbox 1075 2178 1162 2245; x_wconf 85' lang='lat' dir='ltr'><strong>qui</strong></span> <span class='ocrx_word' id='word_1_289' title='bbox 1223 2177 1517 2243; x_wconf 77' lang='lat' dir='ltr'><strong>aperamini</strong></span> <span class='ocrx_word' id='word_1_290' title='bbox 1570 2177 1902 2244; x_wconf 80' lang='lat' dir='ltr'><strong>iniquitatem</strong></span> 
     </span>
    </p>
   </div>
   <div class='ocr_carea' id='block_1_35' title="bbox 339 2265 1905 2335">
    <p class='ocr_par' dir='ltr' id='par_1_35' title="bbox 339 2265 1905 2335">
     <span class='ocr_line' id='line_1_35' title="bbox 339 2265 1905 2335; baseline 0.001 -20"><span class='ocrx_word' id='word_1_291' title='bbox 339 2265 558 2334; x_wconf 80' lang='lat' dir='ltr'><strong>(.llnttlt.</strong></span> <span class='ocrx_word' id='word_1_292' title='bbox 597 2281 690 2330; x_wconf 73' lang='lat' dir='ltr'><strong>Vit,</strong></span> <span class='ocrx_word' id='word_1_293' title='bbox 719 2265 811 2332; x_wconf 69' lang='lat'><strong>2:2,</strong></span> <span class='ocrx_word' id='word_1_294' title='bbox 841 2267 948 2331; x_wconf 71' lang='lat'><strong>&quot;27&gt;;</strong></span> <span class='ocrx_word' id='word_1_295' title='bbox 995 2266 1121 2319; x_wconf 88' lang='lat' dir='ltr'><strong>Luc.</strong></span> <span class='ocrx_word' id='word_1_296' title='bbox 1161 2283 1280 2330; x_wconf 74' lang='lat' dir='ltr'><strong>xm,</strong></span> <span class='ocrx_word' id='word_1_297' title='bbox 1324 2268 1416 2324; x_wconf 74' lang='lat'><strong>‘26.</strong></span> <span class='ocrx_word' id='word_1_298' title='bbox 1450 2268 1565 2335; x_wconf 68' lang='grc'><strong>27).</strong></span> <span class='ocrx_word' id='word_1_299' title='bbox 1599 2267 1714 2320; x_wconf 77' lang='grc' dir='ltr'>ΤιΙιὶ</span> <span class='ocrx_word' id='word_1_300' title='bbox 1769 2280 1905 2318; x_wconf 85' lang='lat' dir='ltr'><strong>vero</strong></span> 
     </span>
    </p>
   </div>
   <div class='ocr_carea' id='block_1_36' title="bbox 343 2357 1906 2427">
    <p class='ocr_par' dir='ltr' id='par_1_36' title="bbox 343 2357 1906 2427">
     <span class='ocr_line' id='line_1_36' title="bbox 343 2357 1906 2427; baseline 0.003 -21"><span class='ocrx_word' id='word_1_301' title='bbox 343 2357 494 2424; x_wconf 63' lang='lat' dir='ltr'><strong>longe</strong></span> <span class='ocrx_word' id='word_1_302' title='bbox 522 2367 602 2410; x_wconf 87' lang='lat' dir='ltr'><strong>est</strong></span> <span class='ocrx_word' id='word_1_303' title='bbox 627 2359 732 2410; x_wconf 86' lang='lat' dir='ltr'><strong>alia</strong></span> <span class='ocrx_word' id='word_1_304' title='bbox 759 2359 842 2410; x_wconf 87' lang='lat' dir='ltr'><strong>via</strong></span> <span class='ocrx_word' id='word_1_305' title='bbox 877 2359 1309 2427; x_wconf 78' lang='lat' dir='ltr'><strong>ingrediendum,</strong></span> <span class='ocrx_word' id='word_1_306' title='bbox 1342 2375 1483 2427; x_wconf 66' lang='lat' dir='ltr'><strong>quia,</strong></span> <span class='ocrx_word' id='word_1_307' title='bbox 1507 2360 1690 2412; x_wconf 66' lang='lat' dir='ltr'><strong>smculi</strong></span> <span class='ocrx_word' id='word_1_308' title='bbox 1719 2371 1906 2410; x_wconf 83' lang='lat' dir='ltr'><strong>amore</strong></span> 
     </span>
    </p>
   </div>
   <div class='ocr_carea' id='block_1_37' title="bbox 341 2445 1908 2516">
    <p class='ocr_par' dir='ltr' id='par_1_37' title="bbox 341 2445 1908 2516">
     <span class='ocr_line' id='line_1_37' title="bbox 341 2445 1908 2516; baseline 0.001 -19"><span class='ocrx_word' id='word_1_309' title='bbox 341 2445 569 2506; x_wconf 75' lang='lat' dir='ltr'><strong>calcato,</strong></span> <span class='ocrx_word' id='word_1_310' title='bbox 609 2460 820 2511; x_wconf 53' lang='lat' dir='ltr'><strong>Semper</strong></span> <span class='ocrx_word' id='word_1_311' title='bbox 855 2447 1141 2516; x_wconf 73' lang='lat' dir='ltr'><strong>cogitando</strong></span> <span class='ocrx_word' id='word_1_312' title='bbox 1172 2465 1289 2516; x_wconf 81' lang='lat' dir='ltr'><strong>qu.u</strong></span> <span class='ocrx_word' id='word_1_313' title='bbox 1332 2449 1423 2500; x_wconf 85' lang='lat' dir='ltr'><strong>Dei</strong></span> <span class='ocrx_word' id='word_1_314' title='bbox 1459 2458 1600 2509; x_wconf 85' lang='lat' dir='ltr'><strong>sunt,</strong></span> <span class='ocrx_word' id='word_1_315' title='bbox 1649 2447 1908 2513; x_wconf 82' lang='lat' dir='ltr'><strong>apostoli-</strong></span> 
     </span>
    </p>
   </div>
   <div class='ocr_carea' id='block_1_38' title="bbox 342 2537 1909 2606">
    <p class='ocr_par' dir='ltr' id='par_1_38' title="bbox 342 2537 1909 2606">
     <span class='ocr_line' id='line_1_38' title="bbox 342 2537 1909 2606; baseline 0.004 -22"><span class='ocrx_word' id='word_1_316' title='bbox 342 2552 457 2588; x_wconf 78' lang='lat' dir='ltr'><strong>tam</strong></span> <span class='ocrx_word' id='word_1_317' title='bbox 493 2547 541 2588; x_wconf 88' lang='lat' dir='ltr'><strong>te</strong></span> <span class='ocrx_word' id='word_1_318' title='bbox 565 2537 822 2590; x_wconf 77' lang='lat' dir='ltr'><strong>exhibere</strong></span> <span class='ocrx_word' id='word_1_319' title='bbox 852 2541 929 2590; x_wconf 92' lang='lat' dir='ltr'><strong>vis</strong></span> <span class='ocrx_word' id='word_1_320' title='bbox 958 2538 1248 2605; x_wconf 66' lang='lat' dir='ltr'><strong>virginem,</strong></span> <span class='ocrx_word' id='word_1_321' title='bbox 1274 2555 1393 2606; x_wconf 76' lang='lat' dir='ltr'><strong>une</strong></span> <span class='ocrx_word' id='word_1_322' title='bbox 1431 2550 1535 2590; x_wconf 86' lang='lat' dir='ltr'><strong>tam</strong></span> <span class='ocrx_word' id='word_1_323' title='bbox 1560 2541 1752 2606; x_wconf 80' lang='lat' dir='ltr'><strong>spiritu</strong></span> <span class='ocrx_word' id='word_1_324' title='bbox 1780 2553 1909 2590; x_wconf 69' lang='lat' dir='ltr'><strong>san-</strong></span> 
     </span>
    </p>
   </div>
   <div class='ocr_carea' id='block_1_39' title="bbox 345 2629 1907 2700">
    <p class='ocr_par' dir='ltr' id='par_1_39' title="bbox 345 2629 1907 2700">
     <span class='ocr_line' id='line_1_39' title="bbox 345 2629 1907 2700; baseline 0.003 -23"><span class='ocrx_word' id='word_1_325' title='bbox 345 2642 428 2680; x_wconf 79' lang='lat' dir='ltr'><strong>cta</strong></span> <span class='ocrx_word' id='word_1_326' title='bbox 456 2645 614 2695; x_wconf 82' lang='lat' dir='ltr'><strong>quam</strong></span> <span class='ocrx_word' id='word_1_327' title='bbox 640 2645 894 2698; x_wconf 66' lang='grc' dir='ltr'><strong>(τοι-νοτε,</strong></span> <span class='ocrx_word' id='word_1_328' title='bbox 938 2629 1146 2682; x_wconf 82' lang='lat' dir='ltr'><strong>Domini</strong></span> <span class='ocrx_word' id='word_1_329' title='bbox 1179 2632 1509 2700; x_wconf 81' lang='lat' dir='ltr'><strong>praestolaris</strong></span> <span class='ocrx_word' id='word_1_330' title='bbox 1562 2635 1852 2684; x_wconf 80' lang='lat' dir='ltr'><strong>adventum</strong></span> <span class='ocrx_word' id='word_1_331' title='bbox 1895 2648 1907 2682; x_wconf 91' lang='lat'><strong>:</strong></span> 
     </span>
    </p>
   </div>
   <div class='ocr_carea' id='block_1_40' title="bbox 341 2721 1910 2792">
    <p class='ocr_par' dir='ltr' id='par_1_40' title="bbox 341 2721 1910 2792">
     <span class='ocr_line' id='line_1_40' title="bbox 341 2721 1910 2792; baseline 0.001 -17"><span class='ocrx_word' id='word_1_332' title='bbox 341 2731 396 2775; x_wconf 82' lang='lat' dir='ltr'><strong>et</strong></span> <span class='ocrx_word' id='word_1_333' title='bbox 430 2721 621 2774; x_wconf 67' lang='lat' dir='ltr'><strong>animae</strong></span> <span class='ocrx_word' id='word_1_334' title='bbox 681 2729 783 2774; x_wconf 71' lang='lat' dir='ltr'><strong>tuae</strong></span> <span class='ocrx_word' id='word_1_335' title='bbox 818 2723 1050 2789; x_wconf 86' lang='lat' dir='ltr'><strong>lainpadi</strong></span> <span class='ocrx_word' id='word_1_336' title='bbox 1097 2735 1408 2776; x_wconf 86' lang='lat' dir='ltr'><strong>Sanctorum</strong></span> <span class='ocrx_word' id='word_1_337' title='bbox 1441 2724 1644 2792; x_wconf 69' lang='lat' dir='ltr'><strong>jugitcr</strong></span> <span class='ocrx_word' id='word_1_338' title='bbox 1688 2739 1910 2792; x_wconf 63' lang='lat' dir='ltr'><strong>operum</strong></span> 
     </span>
    </p>
   </div>
   <div class='ocr_carea' id='block_1_41' title="bbox 344 2817 1912 2888">
    <p class='ocr_par' dir='ltr' id='par_1_41' title="bbox 344 2817 1912 2888">
     <span class='ocr_line' id='line_1_41' title="bbox 344 2817 1912 2888; baseline 0.001 -19"><span class='ocrx_word' id='word_1_339' title='bbox 344 2817 584 2870; x_wconf 78' lang='lat' dir='ltr'><strong>infundis</strong></span> <span class='ocrx_word' id='word_1_340' title='bbox 628 2818 826 2878; x_wconf 81' lang='lat' dir='ltr'><strong>oleum,</strong></span> <span class='ocrx_word' id='word_1_341' title='bbox 868 2827 918 2870; x_wconf 89' lang='lat' dir='ltr'><strong>et</strong></span> <span class='ocrx_word' id='word_1_342' title='bbox 949 2820 1288 2885; x_wconf 74' lang='lat' dir='ltr'><strong>sapientibus</strong></span> <span class='ocrx_word' id='word_1_343' title='bbox 1334 2822 1526 2886; x_wconf 83' lang='lat' dir='ltr'><strong>juncta</strong></span> <span class='ocrx_word' id='word_1_344' title='bbox 1590 2819 1912 2888; x_wconf 69' lang='lat' dir='ltr'><strong>virginibus,</strong></span> 
     </span>
    </p>
   </div>
   <div class='ocr_carea' id='block_1_42' title="bbox 343 2909 1914 2979">
    <p class='ocr_par' dir='ltr' id='par_1_42' title="bbox 343 2909 1914 2979">
     <span class='ocr_line' id='line_1_42' title="bbox 343 2909 1914 2979; baseline 0 -17"><span class='ocrx_word' id='word_1_345' title='bbox 343 2914 396 2962; x_wconf 87' lang='lat' dir='ltr'><strong>in</strong></span> <span class='ocrx_word' id='word_1_346' title='bbox 423 2910 604 2975; x_wconf 86' lang='lat' dir='ltr'><strong>sponsi</strong></span> <span class='ocrx_word' id='word_1_347' title='bbox 656 2909 867 2963; x_wconf 78' lang='lat' dir='ltr'><strong>obviam</strong></span> <span class='ocrx_word' id='word_1_348' title='bbox 925 2912 1270 2978; x_wconf 67' lang='lat' dir='ltr'><strong>prrepararis.</strong></span> <span class='ocrx_word' id='word_1_349' title='bbox 1327 2911 1598 2979; x_wconf 83' lang='lat' dir='ltr'><strong>Fugienda</strong></span> <span class='ocrx_word' id='word_1_350' title='bbox 1649 2911 1744 2964; x_wconf 85' lang='lat' dir='ltr'><strong>tibi</strong></span> <span class='ocrx_word' id='word_1_351' title='bbox 1808 2911 1914 2963; x_wconf 83' lang='lat' dir='ltr'><strong>lata</strong></span> 
     </span>
    </p>
   </div>
   <div class='ocr_carea' id='block_1_43' title="bbox 348 3003 1912 3069">
    <p class='ocr_par' dir='ltr' id='par_1_43' title="bbox 348 3003 1912 3069">
     <span class='ocr_line' id='line_1_43' title="bbox 348 3003 1912 3069; baseline 0.001 -15"><span class='ocrx_word' id='word_1_352' title='bbox 348 3003 434 3054; x_wconf 83' lang='lat' dir='ltr'><strong>illa</strong></span> <span class='ocrx_word' id='word_1_353' title='bbox 461 3004 541 3054; x_wconf 86' lang='lat' dir='ltr'><strong>via</strong></span> <span class='ocrx_word' id='word_1_354' title='bbox 567 3013 667 3066; x_wconf 84' lang='lat' dir='ltr'><strong>est,</strong></span> <span class='ocrx_word' id='word_1_355' title='bbox 721 3017 879 3069; x_wconf 83' lang='lat' dir='ltr'><strong>quam</strong></span> <span class='ocrx_word' id='word_1_356' title='bbox 935 3003 1225 3056; x_wconf 89' lang='lat' dir='ltr'><strong>multorum</strong></span> <span class='ocrx_word' id='word_1_357' title='bbox 1279 3003 1347 3056; x_wconf 87' lang='lat' dir='ltr'><strong>ad</strong></span> <span class='ocrx_word' id='word_1_358' title='bbox 1381 3014 1608 3057; x_wconf 87' lang='lat' dir='ltr'><strong>mortem</strong></span> <span class='ocrx_word' id='word_1_359' title='bbox 1667 3005 1912 3056; x_wconf 86' lang='lat' dir='ltr'><strong>euntium</strong></span> 
     </span>
    </p>
   </div>
   <div class='ocr_carea' id='block_1_44' title="bbox 2000 1887 3564 1956">
    <p class='ocr_par' dir='ltr' id='par_1_44' title="bbox 2000 1887 3564 1956">
     <span class='ocr_line' id='line_1_44' title="bbox 2000 1887 3564 1956; baseline -0.009 -6"><span class='ocrx_word' id='word_1_360' title='bbox 2000 1895 2262 1950; x_wconf 69' lang='lat' dir='ltr'><strong>sollicitat?</strong></span> <span class='ocrx_word' id='word_1_361' title='bbox 2316 1892 2720 1946; x_wconf 81' lang='lat' dir='ltr'><strong>Ferventissimi</strong></span> <span class='ocrx_word' id='word_1_362' title='bbox 2775 1891 2826 1944; x_wconf 92' lang='lat' dir='ltr'><strong>iu</strong></span> <span class='ocrx_word' id='word_1_363' title='bbox 2897 1889 3150 1952; x_wconf 77' lang='lat' dir='ltr'><strong>terrenis,</strong></span> <span class='ocrx_word' id='word_1_364' title='bbox 3222 1887 3564 1956; x_wconf 69' lang='lat' dir='ltr'><strong>lrigidissiuii</strong></span> 
     </span>
    </p>
   </div>
   <div class='ocr_carea' id='block_1_45' title="bbox 2002 1978 3570 2047">
    <p class='ocr_par' dir='ltr' id='par_1_45' title="bbox 2002 1978 3570 2047">
     <span class='ocr_line' id='line_1_45' title="bbox 2002 1978 3570 2047; baseline -0.01 -3"><span class='ocrx_word' id='word_1_365' title='bbox 2002 1992 2054 2044; x_wconf 89' lang='lat' dir='ltr'><strong>iti</strong></span> <span class='ocrx_word' id='word_1_366' title='bbox 2089 1988 2406 2042; x_wconf 72' lang='lat' dir='ltr'><strong>t-wlestibus</strong></span> <span class='ocrx_word' id='word_1_367' title='bbox 2436 2000 2647 2040; x_wconf 86' lang='lat' dir='ltr'><strong>sumus.</strong></span> <span class='ocrx_word' id='word_1_368' title='bbox 2683 1983 2748 2037; x_wconf 87' lang='lat' dir='ltr'><strong>Et</strong></span> <span class='ocrx_word' id='word_1_369' title='bbox 2776 1998 3044 2038; x_wconf 85' lang='lat' dir='ltr'><strong>summam</strong></span> <span class='ocrx_word' id='word_1_370' title='bbox 3083 1982 3136 2034; x_wconf 90' lang='lat' dir='ltr'><strong>in</strong></span> <span class='ocrx_word' id='word_1_371' title='bbox 3190 1982 3346 2033; x_wconf 88' lang='lat' dir='ltr'><strong>rebus</strong></span> <span class='ocrx_word' id='word_1_372' title='bbox 3391 1978 3570 2047; x_wconf 69' lang='lat' dir='ltr'><strong>panis</strong></span> 
     </span>
    </p>
   </div>
   <div class='ocr_carea' id='block_1_46' title="bbox 2003 2073 3569 2143">
    <p class='ocr_par' dir='ltr' id='par_1_46' title="bbox 2003 2073 3569 2143">
     <span class='ocr_line' id='line_1_46' title="bbox 2003 2073 3569 2143; baseline -0.01 -7"><span class='ocrx_word' id='word_1_373' title='bbox 2003 2085 2320 2136; x_wconf 72' lang='lat' dir='ltr'><strong>exhibentes</strong></span> <span class='ocrx_word' id='word_1_374' title='bbox 2393 2079 2764 2142; x_wconf 82' lang='lat' dir='ltr'><strong>alacritatem,</strong></span> <span class='ocrx_word' id='word_1_375' title='bbox 2804 2077 2869 2128; x_wconf 88' lang='lat' dir='ltr'><strong>ad</strong></span> <span class='ocrx_word' id='word_1_376' title='bbox 2929 2075 3131 2143; x_wconf 82' lang='lat' dir='ltr'><strong>majora</strong></span> <span class='ocrx_word' id='word_1_377' title='bbox 3191 2073 3569 2140; x_wconf 83' lang='lat' dir='ltr'><strong>torpescimus.</strong></span> 
     </span>
    </p>
   </div>
   <div class='ocr_carea' id='block_1_47' title="bbox 1967 2161 3570 2242">
    <p class='ocr_par' dir='ltr' id='par_1_47' title="bbox 1967 2161 3570 2242">
     <span class='ocr_line' id='line_1_47' title="bbox 1967 2161 3570 2242; baseline -0.011 -14"><span class='ocrx_word' id='word_1_378' title='bbox 1967 2186 1978 2196; x_wconf 84' lang='lat'><strong><em>°</em></strong></span> <span class='ocrx_word' id='word_1_379' title='bbox 2004 2176 2362 2228; x_wconf 85' lang='lat' dir='ltr'><strong>Considerare</strong></span> <span class='ocrx_word' id='word_1_380' title='bbox 2390 2173 2580 2242; x_wconf 80' lang='lat' dir='ltr'><strong>pudet,</strong></span> <span class='ocrx_word' id='word_1_381' title='bbox 2620 2182 2860 2239; x_wconf 85' lang='lat' dir='ltr'><strong>quantus</strong></span> <span class='ocrx_word' id='word_1_382' title='bbox 2918 2169 2989 2221; x_wconf 91' lang='lat' dir='ltr'><strong>sit</strong></span> <span class='ocrx_word' id='word_1_383' title='bbox 3037 2167 3219 2220; x_wconf 76' lang='lat' dir='ltr'><strong>fervor</strong></span> <span class='ocrx_word' id='word_1_384' title='bbox 3272 2165 3323 2216; x_wconf 89' lang='lat' dir='ltr'><strong>in</strong></span> <span class='ocrx_word' id='word_1_385' title='bbox 3357 2161 3570 2217; x_wconf 61' lang='lat' dir='ltr'><strong>saeculo.</strong></span> 
     </span>
    </p>
   </div>
   <div class='ocr_carea' id='block_1_48' title="bbox 2005 2251 3574 2333">
    <p class='ocr_par' dir='ltr' id='par_1_48' title="bbox 2005 2251 3574 2333">
     <span class='ocr_line' id='line_1_48' title="bbox 2005 2251 3574 2333; baseline -0.01 -17"><span class='ocrx_word' id='word_1_386' title='bbox 2005 2282 2109 2333; x_wconf 80' lang='lat' dir='ltr'><strong>qua</strong></span> <span class='ocrx_word' id='word_1_387' title='bbox 2145 2280 2269 2317; x_wconf 77' lang='lat' dir='ltr'><strong>cura</strong></span> <span class='ocrx_word' id='word_1_388' title='bbox 2309 2263 2516 2330; x_wconf 82' lang='lat' dir='ltr'><strong>singula</strong></span> <span class='ocrx_word' id='word_1_389' title='bbox 2542 2275 2771 2328; x_wconf 72' lang='lat' dir='ltr'><strong>quaeque</strong></span> <span class='ocrx_word' id='word_1_390' title='bbox 2795 2258 2980 2312; x_wconf 74' lang='lat' dir='ltr'><strong>etudia</strong></span> <span class='ocrx_word' id='word_1_391' title='bbox 3023 2257 3301 2310; x_wconf 85' lang='lat' dir='ltr'><strong>hominum</strong></span> <span class='ocrx_word' id='word_1_392' title='bbox 3335 2251 3574 2320; x_wconf 80' lang='lat' dir='ltr'><strong>quotidie</strong></span> 
     </span>
    </p>
   </div>
   <div class='ocr_carea' id='block_1_49' title="bbox 2008 2342 3574 2424">
    <p class='ocr_par' dir='ltr' id='par_1_49' title="bbox 2008 2342 3574 2424">
     <span class='ocr_line' id='line_1_49' title="bbox 2008 2342 3574 2424; baseline -0.012 -13"><span class='ocrx_word' id='word_1_393' title='bbox 2008 2361 2072 2411; x_wconf 89' lang='lat' dir='ltr'><strong>ad</strong></span> <span class='ocrx_word' id='word_1_394' title='bbox 2134 2355 2456 2424; x_wconf 81' lang='lat' dir='ltr'><strong>perfectiora</strong></span> <span class='ocrx_word' id='word_1_395' title='bbox 2491 2353 2754 2406; x_wconf 82' lang='lat' dir='ltr'><strong>nitantur.</strong></span> <span class='ocrx_word' id='word_1_396' title='bbox 2811 2349 3148 2404; x_wconf 84' lang='lat' dir='ltr'><strong>Litterarum</strong></span> <span class='ocrx_word' id='word_1_397' title='bbox 3215 2349 3378 2398; x_wconf 83' lang='lat' dir='ltr'><strong>ardor</strong></span> <span class='ocrx_word' id='word_1_398' title='bbox 3430 2342 3574 2395; x_wconf 87' lang='lat' dir='ltr'><strong>nulla</strong></span> 
     </span>
    </p>
   </div>
   <div class='ocr_carea' id='block_1_50' title="bbox 2010 2433 3578 2519">
    <p class='ocr_par' dir='ltr' id='par_1_50' title="bbox 2010 2433 3578 2519">
     <span class='ocr_line' id='line_1_50' title="bbox 2010 2433 3578 2519; baseline -0.013 -15"><span class='ocrx_word' id='word_1_399' title='bbox 2010 2463 2235 2519; x_wconf 84' lang='lat' dir='ltr'><strong>prorsus</strong></span> <span class='ocrx_word' id='word_1_400' title='bbox 2289 2455 2447 2500; x_wconf 64' lang='lat' dir='ltr'><strong>aetate</strong></span> <span class='ocrx_word' id='word_1_401' title='bbox 2505 2444 2868 2511; x_wconf 77' lang='lat' dir='ltr'><strong>exstinguitur</strong></span> <span class='ocrx_word' id='word_1_402' title='bbox 2903 2481 2919 2504; x_wconf 90' lang='lat'><strong>,</strong></span> <span class='ocrx_word' id='word_1_403' title='bbox 2979 2441 3088 2494; x_wconf 88' lang='lat' dir='ltr'><strong>imo</strong></span> <span class='ocrx_word' id='word_1_404' title='bbox 3163 2438 3244 2506; x_wconf 90' lang='lat' dir='ltr'><strong>(ut</strong></span> <span class='ocrx_word' id='word_1_405' title='bbox 3304 2433 3578 2488; x_wconf 70' lang='lat' dir='ltr'><strong>sarculatis</strong></span> 
     </span>
    </p>
   </div>
   <div class='ocr_carea' id='block_1_51' title="bbox 2011 2527 3577 2603">
    <p class='ocr_par' dir='ltr' id='par_1_51' title="bbox 2011 2527 3577 2603">
     <span class='ocr_line' id='line_1_51' title="bbox 2011 2527 3577 2603; baseline -0.013 -9"><span class='ocrx_word' id='word_1_406' title='bbox 2011 2541 2248 2594; x_wconf 83' lang='lat' dir='ltr'><strong>auctoris</strong></span> <span class='ocrx_word' id='word_1_407' title='bbox 2279 2547 2397 2591; x_wconf 88' lang='lat' dir='ltr'><strong>utar</strong></span> <span class='ocrx_word' id='word_1_408' title='bbox 2427 2535 2717 2602; x_wconf 88' lang='lat' dir='ltr'><strong>sententia)</strong></span> <span class='ocrx_word' id='word_1_409' title='bbox 2750 2535 2864 2603; x_wconf 84' lang='lat' dir='ltr'><strong>ipsa</strong></span> <span class='ocrx_word' id='word_1_410' title='bbox 2900 2531 3068 2601; x_wconf 76' lang='lat' dir='ltr'><strong>magis</strong></span> <span class='ocrx_word' id='word_1_411' title='bbox 3091 2541 3250 2583; x_wconf 70' lang='lat' dir='ltr'><strong>aetate</strong></span> <span class='ocrx_word' id='word_1_412' title='bbox 3278 2527 3577 2580; x_wconf 79' lang='lat' dir='ltr'><strong>inﬂamma-</strong></span> 
     </span>
    </p>
   </div>
   <div class='ocr_carea' id='block_1_52' title="bbox 2014 2621 3579 2689">
    <p class='ocr_par' dir='ltr' id='par_1_52' title="bbox 2014 2621 3579 2689">
     <span class='ocr_line' id='line_1_52' title="bbox 2014 2621 3579 2689; baseline -0.014 0"><span class='ocrx_word' id='word_1_413' title='bbox 2014 2623 2122 2689; x_wconf 52' lang='lat' dir='ltr'><strong>tur&#39;.</strong></span> <span class='ocrx_word' id='word_1_414' title='bbox 2157 2633 2474 2685; x_wconf 85' lang='lat' dir='ltr'><strong>Divitiarum</strong></span> <span class='ocrx_word' id='word_1_415' title='bbox 2502 2644 2655 2681; x_wconf 86' lang='lat' dir='ltr'><strong>amor</strong></span> <span class='ocrx_word' id='word_1_416' title='bbox 2687 2626 3006 2681; x_wconf 84' lang='lat' dir='ltr'><strong>insatiabilis</strong></span> <span class='ocrx_word' id='word_1_417' title='bbox 3039 2633 3142 2684; x_wconf 82' lang='lat' dir='ltr'><strong>est,</strong></span> <span class='ocrx_word' id='word_1_418' title='bbox 3169 2622 3372 2689; x_wconf 78' lang='lat' dir='ltr'><strong>expleri</strong></span> <span class='ocrx_word' id='word_1_419' title='bbox 3408 2621 3579 2670; x_wconf 78' lang='lat' dir='ltr'><strong>nescit</strong></span> 
     </span>
    </p>
   </div>
   <div class='ocr_carea' id='block_1_53' title="bbox 2016 2711 3581 2793">
    <p class='ocr_par' dir='ltr' id='par_1_53' title="bbox 2016 2711 3581 2793">
     <span class='ocr_line' id='line_1_53' title="bbox 2016 2711 3581 2793; baseline -0.015 -10"><span class='ocrx_word' id='word_1_420' title='bbox 2016 2725 2280 2782; x_wconf 86' lang='lat' dir='ltr'><strong>honorum</strong></span> <span class='ocrx_word' id='word_1_421' title='bbox 2307 2725 2527 2793; x_wconf 87' lang='lat' dir='ltr'><strong>cupido.</strong></span> <span class='ocrx_word' id='word_1_422' title='bbox 2556 2721 2800 2776; x_wconf 86' lang='lat' dir='ltr'><strong>Celerem</strong></span> <span class='ocrx_word' id='word_1_423' title='bbox 2839 2719 3102 2772; x_wconf 74' lang='lat' dir='ltr'><strong>habitune</strong></span> <span class='ocrx_word' id='word_1_424' title='bbox 3137 2729 3222 2768; x_wconf 88' lang='lat' dir='ltr'><strong>res</strong></span> <span class='ocrx_word' id='word_1_425' title='bbox 3254 2715 3434 2772; x_wconf 88' lang='lat' dir='ltr'><strong>linem,</strong></span> <span class='ocrx_word' id='word_1_426' title='bbox 3463 2711 3581 2762; x_wconf 84' lang='lat' dir='ltr'><strong>sine</strong></span> 
     </span>
    </p>
   </div>
   <div class='ocr_carea' id='block_1_54' title="bbox 2017 2803 3582 2885">
    <p class='ocr_par' dir='ltr' id='par_1_54' title="bbox 2017 2803 3582 2885">
     <span class='ocr_line' id='line_1_54' title="bbox 2017 2803 3582 2885; baseline -0.012 -13"><span class='ocrx_word' id='word_1_427' title='bbox 2017 2820 2119 2872; x_wconf 74' lang='lat' dir='ltr'><strong>fine</strong></span> <span class='ocrx_word' id='word_1_428' title='bbox 2146 2828 2486 2885; x_wconf 68' lang='lat' dir='ltr'><strong>quaeruntur.</strong></span> <span class='ocrx_word' id='word_1_429' title='bbox 2522 2812 2629 2867; x_wconf 84' lang='lat' dir='ltr'><strong>Nos</strong></span> <span class='ocrx_word' id='word_1_430' title='bbox 2681 2814 2916 2865; x_wconf 86' lang='lat' dir='ltr'><strong>divinam</strong></span> <span class='ocrx_word' id='word_1_431' title='bbox 2938 2807 3309 2876; x_wconf 83' lang='lat' dir='ltr'><strong>_sapieuliam,</strong></span> <span class='ocrx_word' id='word_1_432' title='bbox 3333 2803 3582 2857; x_wconf 66' lang='lat' dir='ltr'><strong>cwlestes</strong></span> 
     </span>
    </p>
   </div>
   <div class='ocr_carea' id='block_1_55' title="bbox 2017 2893 3584 2974">
    <p class='ocr_par' dir='ltr' id='par_1_55' title="bbox 2017 2893 3584 2974">
     <span class='ocr_line' id='line_1_55' title="bbox 2017 2893 3584 2974; baseline -0.015 -9"><span class='ocrx_word' id='word_1_433' title='bbox 2017 2913 2252 2974; x_wconf 84' lang='lat' dir='ltr'><strong>divitias,</strong></span> <span class='ocrx_word' id='word_1_434' title='bbox 2307 2907 2642 2960; x_wconf 84' lang='lat' dir='ltr'><strong>immortales</strong></span> <span class='ocrx_word' id='word_1_435' title='bbox 2681 2905 2917 2957; x_wconf 84' lang='lat' dir='ltr'><strong>honores</strong></span> <span class='ocrx_word' id='word_1_436' title='bbox 2969 2900 3117 2970; x_wconf 78' lang='lat' dir='ltr'><strong>pigra</strong></span> <span class='ocrx_word' id='word_1_437' title='bbox 3164 2901 3394 2966; x_wconf 87' lang='lat' dir='ltr'><strong>quadam</strong></span> <span class='ocrx_word' id='word_1_438' title='bbox 3425 2893 3584 2946; x_wconf 83' lang='lat' dir='ltr'><strong>dissi-</strong></span> 
     </span>
    </p>
   </div>
   <div class='ocr_carea' id='block_1_56' title="bbox 2019 2987 3586 3068">
    <p class='ocr_par' dir='ltr' id='par_1_56' title="bbox 2019 2987 3586 3068">
     <span class='ocr_line' id='line_1_56' title="bbox 2019 2987 3586 3068; baseline -0.014 -14"><span class='ocrx_word' id='word_1_439' title='bbox 2019 3003 2315 3055; x_wconf 83' lang='lat' dir='ltr'><strong>mulatione</strong></span> <span class='ocrx_word' id='word_1_440' title='bbox 2341 2998 2664 3068; x_wconf 76' lang='lat' dir='ltr'><strong>negligimus</strong></span> <span class='ocrx_word' id='word_1_441' title='bbox 2699 3014 2711 3048; x_wconf 90' lang='lat'><strong>:</strong></span> <span class='ocrx_word' id='word_1_442' title='bbox 2753 3003 2808 3049; x_wconf 86' lang='lat' dir='ltr'><strong>et</strong></span> <span class='ocrx_word' id='word_1_443' title='bbox 2839 2990 3149 3061; x_wconf 86' lang='lat' dir='ltr'><strong>spirituales</strong></span> <span class='ocrx_word' id='word_1_444' title='bbox 3192 2987 3434 3049; x_wconf 87' lang='lat' dir='ltr'><strong>divitias,</strong></span> <span class='ocrx_word' id='word_1_445' title='bbox 3491 2993 3586 3036; x_wconf 88' lang='lat' dir='ltr'><strong>aut</strong></span> 
     </span>
    </p>
   </div>
   <div class='ocr_carea' id='block_1_57' title="bbox 347 3078 3590 3186">
    <p class='ocr_par' dir='ltr' id='par_1_57' title="bbox 347 3078 3590 3186">
     <span class='ocr_line' id='line_1_57' title="bbox 347 3078 3590 3186; baseline -0.005 -43"><span class='ocrx_word' id='word_1_446' title='bbox 347 3095 632 3145; x_wconf 69' lang='lat' dir='ltr'><strong>cuiuitatus</strong></span> <span class='ocrx_word' id='word_1_447' title='bbox 693 3093 833 3146; x_wconf 89' lang='lat' dir='ltr'><strong>terit.</strong></span> <span class='ocrx_word' id='word_1_448' title='bbox 888 3093 954 3145; x_wconf 83' lang='lat' dir='ltr'><strong>Et</strong></span> <span class='ocrx_word' id='word_1_449' title='bbox 1008 3094 1072 3144; x_wconf 88' lang='lat' dir='ltr'><strong>ad</strong></span> <span class='ocrx_word' id='word_1_450' title='bbox 1116 3094 1278 3146; x_wconf 79' lang='lat' dir='ltr'><strong>vitam</strong></span> <span class='ocrx_word' id='word_1_451' title='bbox 1337 3104 1636 3157; x_wconf 61' lang='lat' dir='ltr'><strong>aeternam,</strong></span> <span class='ocrx_word' id='word_1_452' title='bbox 1689 3094 1908 3163; x_wconf 80' lang='lat' dir='ltr'><strong>angusti</strong></span> <span class='ocrx_word' id='word_1_453' title='bbox 1938 3130 1979 3186; x_wconf 64' lang='grc' dir='ltr'><strong>ϐ</strong></span> <span class='ocrx_word' id='word_1_454' title='bbox 2023 3112 2089 3148; x_wconf 90' lang='lat' dir='ltr'><strong>ne</strong></span> <span class='ocrx_word' id='word_1_455' title='bbox 2115 3093 2428 3160; x_wconf 80' lang='lat' dir='ltr'><strong>attingimus</strong></span> <span class='ocrx_word' id='word_1_456' title='bbox 2459 3092 2696 3158; x_wconf 81' lang='lat' dir='ltr'><strong>quidem,</strong></span> <span class='ocrx_word' id='word_1_457' title='bbox 2759 3096 2852 3138; x_wconf 92' lang='lat' dir='ltr'><strong>aut</strong></span> <span class='ocrx_word' id='word_1_458' title='bbox 2900 3085 2942 3136; x_wconf 90' lang='lat' dir='ltr'><strong>si</strong></span> <span class='ocrx_word' id='word_1_459' title='bbox 2977 3083 3165 3136; x_wconf 86' lang='lat' dir='ltr'><strong>leviter</strong></span> <span class='ocrx_word' id='word_1_460' title='bbox 3219 3078 3590 3145; x_wconf 74' lang='lat' dir='ltr'><strong>degustavcri-</strong></span> 
     </span>
    </p>
   </div>
   <div class='ocr_carea' id='block_1_58' title="bbox 347 3183 1910 3252">
    <p class='ocr_par' dir='ltr' id='par_1_58' title="bbox 347 3183 1910 3252">
     <span class='ocr_line' id='line_1_58' title="bbox 347 3183 1910 3252; baseline 0.001 -15"><span class='ocrx_word' id='word_1_461' title='bbox 347 3183 488 3237; x_wconf 75' lang='lat' dir='ltr'><strong>illius</strong></span> <span class='ocrx_word' id='word_1_462' title='bbox 525 3184 756 3244; x_wconf 75' lang='lat' dir='ltr'><strong>itineris.</strong></span> <span class='ocrx_word' id='word_1_463' title='bbox 783 3185 921 3252; x_wconf 78' lang='lat' dir='ltr'><strong>quod</strong></span> <span class='ocrx_word' id='word_1_464' title='bbox 947 3187 1101 3251; x_wconf 83' lang='lat' dir='ltr'><strong>pauci</strong></span> <span class='ocrx_word' id='word_1_465' title='bbox 1133 3186 1427 3251; x_wconf 84' lang='lat' dir='ltr'><strong>reperiunt,</strong></span> <span class='ocrx_word' id='word_1_466' title='bbox 1461 3184 1616 3238; x_wconf 89' lang='lat' dir='ltr'><strong>callis</strong></span> <span class='ocrx_word' id='word_1_467' title='bbox 1645 3187 1910 3239; x_wconf 76' lang='lat' dir='ltr'><strong>tenendus</strong></span> 
     </span>
    </p>
   </div>
   <div class='ocr_carea' id='block_1_59' title="bbox 347 3275 1914 3343">
    <p class='ocr_par' dir='ltr' id='par_1_59' title="bbox 347 3275 1914 3343">
     <span class='ocr_line' id='line_1_59' title="bbox 347 3275 1914 3343; baseline -0.002 -13"><span class='ocrx_word' id='word_1_468' title='bbox 347 3288 449 3330; x_wconf 77' lang='lat' dir='ltr'><strong>est.</strong></span> <span class='ocrx_word' id='word_1_469' title='bbox 485 3276 782 3341; x_wconf 77' lang='lat' dir='ltr'><strong>Deposuisti</strong></span> <span class='ocrx_word' id='word_1_470' title='bbox 830 3275 939 3342; x_wconf 83' lang='lat' dir='ltr'><strong>jaui</strong></span> <span class='ocrx_word' id='word_1_471' title='bbox 983 3276 1367 3343; x_wconf 83' lang='lat' dir='ltr'><strong>impedimenta</strong></span> <span class='ocrx_word' id='word_1_472' title='bbox 1416 3275 1499 3328; x_wconf 85' lang='lat' dir='ltr'><strong>vel</strong></span> <span class='ocrx_word' id='word_1_473' title='bbox 1551 3275 1825 3336; x_wconf 76' lang='lat' dir='ltr'><strong>maxima.</strong></span> <span class='ocrx_word' id='word_1_474' title='bbox 1860 3283 1914 3327; x_wconf 81' lang='lat' dir='ltr'><strong>et</strong></span> 
     </span>
    </p>
   </div>
   <div class='ocr_carea' id='block_1_60' title="bbox 348 3367 1913 3437">
    <p class='ocr_par' dir='ltr' id='par_1_60' title="bbox 348 3367 1913 3437">
     <span class='ocr_line' id='line_1_60' title="bbox 348 3367 1913 3437; baseline -0.003 -15"><span class='ocrx_word' id='word_1_475' title='bbox 348 3384 506 3424; x_wconf 85' lang='lat' dir='ltr'><strong>omne</strong></span> <span class='ocrx_word' id='word_1_476' title='bbox 529 3367 782 3437; x_wconf 78' lang='lat' dir='ltr'><strong>quidquid</strong></span> <span class='ocrx_word' id='word_1_477' title='bbox 813 3385 842 3420; x_wconf 82' lang='lat' dir='ltr'><strong>a</strong></span> <span class='ocrx_word' id='word_1_478' title='bbox 883 3367 1181 3433; x_wconf 86' lang='lat' dir='ltr'><strong>spiritualis</strong></span> <span class='ocrx_word' id='word_1_479' title='bbox 1225 3368 1347 3420; x_wconf 73' lang='lat' dir='ltr'><strong>vitae</strong></span> <span class='ocrx_word' id='word_1_480' title='bbox 1378 3383 1567 3430; x_wconf 83' lang='lat' dir='ltr'><strong>cursu,</strong></span> <span class='ocrx_word' id='word_1_481' title='bbox 1601 3367 1682 3420; x_wconf 88' lang='lat' dir='ltr'><strong>vel</strong></span> <span class='ocrx_word' id='word_1_482' title='bbox 1740 3375 1913 3420; x_wconf 85' lang='lat' dir='ltr'><strong>retar-</strong></span> 
     </span>
    </p>
   </div>
   <div class='ocr_carea' id='block_1_61' title="bbox 349 3455 1913 3525">
    <p class='ocr_par' dir='ltr' id='par_1_61' title="bbox 349 3455 1913 3525">
     <span class='ocr_line' id='line_1_61' title="bbox 349 3455 1913 3525; baseline -0.003 -13"><span class='ocrx_word' id='word_1_483' title='bbox 349 3459 574 3521; x_wconf 69' lang='lat' dir='ltr'><strong>d.tt,&#39;vel</strong></span> <span class='ocrx_word' id='word_1_484' title='bbox 606 3469 845 3519; x_wconf 44' lang='lat' dir='ltr'><strong>revocat,</strong></span> <span class='ocrx_word' id='word_1_485' title='bbox 883 3457 1055 3525; x_wconf 84' lang='lat' dir='ltr'><strong>prima</strong></span> <span class='ocrx_word' id='word_1_486' title='bbox 1087 3457 1269 3509; x_wconf 83' lang='lat' dir='ltr'><strong>statim</strong></span> <span class='ocrx_word' id='word_1_487' title='bbox 1301 3456 1666 3510; x_wconf 73' lang='lat' dir='ltr'><strong>conversione</strong></span> <span class='ocrx_word' id='word_1_488' title='bbox 1709 3455 1913 3508; x_wconf 86' lang='lat' dir='ltr'><strong>vicisti.</strong></span> 
     </span>
    </p>
   </div>
   <div class='ocr_carea' id='block_1_62' title="bbox 351 3549 1912 3617">
    <p class='ocr_par' dir='ltr' id='par_1_62' title="bbox 351 3549 1912 3617">
     <span class='ocr_line' id='line_1_62' title="bbox 351 3549 1912 3617; baseline -0.002 -14"><span class='ocrx_word' id='word_1_489' title='bbox 351 3550 623 3614; x_wconf 57' lang='lat' dir='ltr'><strong>“estiuisll</strong></span> <span class='ocrx_word' id='word_1_490' title='bbox 675 3551 912 3617; x_wconf 77' lang='lat' dir='ltr'><strong>conjugii</strong></span> <span class='ocrx_word' id='word_1_491' title='bbox 946 3551 1299 3616; x_wconf 85' lang='lat' dir='ltr'><strong>voluptatem,</strong></span> <span class='ocrx_word' id='word_1_492' title='bbox 1331 3549 1672 3614; x_wconf 73' lang='lat' dir='ltr'><strong>posmritatis</strong></span> <span class='ocrx_word' id='word_1_493' title='bbox 1700 3563 1912 3612; x_wconf 79' lang='lat' dir='ltr'><strong>Curam,</strong></span> 
     </span>
    </p>
   </div>
   <div class='ocr_carea' id='block_1_63' title="bbox 353 3640 1917 3711">
    <p class='ocr_par' dir='ltr' id='par_1_63' title="bbox 353 3640 1917 3711">
     <span class='ocr_line' id='line_1_63' title="bbox 353 3640 1917 3711; baseline 0 -17"><span class='ocrx_word' id='word_1_494' title='bbox 353 3643 632 3695; x_wconf 73' lang='lat' dir='ltr'><strong>illc-ccbras</strong></span> <span class='ocrx_word' id='word_1_495' title='bbox 676 3641 1014 3706; x_wconf 79' lang='lat' dir='ltr'><strong>deliciarum,</strong></span> <span class='ocrx_word' id='word_1_496' title='bbox 1061 3640 1244 3695; x_wconf 72' lang='lat' dir='ltr'><strong>steculi</strong></span> <span class='ocrx_word' id='word_1_497' title='bbox 1293 3656 1568 3711; x_wconf 83' lang='lat' dir='ltr'><strong>pompam,</strong></span> <span class='ocrx_word' id='word_1_498' title='bbox 1596 3641 1917 3694; x_wconf 82' lang='lat' dir='ltr'><strong>divitiarum</strong></span> 
     </span>
    </p>
   </div>
   <div class='ocr_carea' id='block_1_64' title="bbox 353 3733 1918 3803">
    <p class='ocr_par' dir='ltr' id='par_1_64' title="bbox 353 3733 1918 3803">
     <span class='ocr_line' id='line_1_64' title="bbox 353 3733 1918 3803; baseline 0.001 -17"><span class='ocrx_word' id='word_1_499' title='bbox 353 3735 680 3803; x_wconf 71' lang='lat' dir='ltr'><strong>Cupidinem,</strong></span> <span class='ocrx_word' id='word_1_500' title='bbox 703 3743 758 3787; x_wconf 89' lang='lat' dir='ltr'><strong>et</strong></span> <span class='ocrx_word' id='word_1_501' title='bbox 784 3749 904 3786; x_wconf 86' lang='lat' dir='ltr'><strong>cum</strong></span> <span class='ocrx_word' id='word_1_502' title='bbox 935 3733 1096 3785; x_wconf 84' lang='lat' dir='ltr'><strong>Paulo</strong></span> <span class='ocrx_word' id='word_1_503' title='bbox 1119 3742 1272 3802; x_wconf 76' lang='lat' dir='ltr'><strong>potes</strong></span> <span class='ocrx_word' id='word_1_504' title='bbox 1295 3733 1473 3786; x_wconf 80' lang='lat' dir='ltr'><strong>dicere</strong></span> <span class='ocrx_word' id='word_1_505' title='bbox 1505 3749 1519 3787; x_wconf 88' lang='lat'><strong>:</strong></span> <span class='ocrx_word' id='word_1_506' title='bbox 1544 3734 1672 3786; x_wconf 77' lang='lat' dir='ltr'><strong>Mihi</strong></span> <span class='ocrx_word' id='word_1_507' title='bbox 1697 3734 1918 3787; x_wconf 84' lang='lat' dir='ltr'><strong>mundus</strong></span> 
     </span>
    </p>
   </div>
   <div class='ocr_carea' id='block_1_65' title="bbox 355 3827 1923 3898">
    <p class='ocr_par' dir='ltr' id='par_1_65' title="bbox 355 3827 1923 3898">
     <span class='ocr_line' id='line_1_65' title="bbox 355 3827 1923 3898; baseline 0 -18"><span class='ocrx_word' id='word_1_508' title='bbox 355 3828 638 3896; x_wconf 69' lang='lat' dir='ltr'><strong>cruciﬁxus</strong></span> <span class='ocrx_word' id='word_1_509' title='bbox 669 3837 768 3892; x_wconf 85' lang='lat' dir='ltr'><strong>est,</strong></span> <span class='ocrx_word' id='word_1_510' title='bbox 795 3836 841 3880; x_wconf 89' lang='lat' dir='ltr'><strong>et</strong></span> <span class='ocrx_word' id='word_1_511' title='bbox 891 3843 984 3896; x_wconf 84' lang='lat' dir='ltr'><strong>ego</strong></span> <span class='ocrx_word' id='word_1_512' title='bbox 1021 3831 1214 3880; x_wconf 82' lang='lat' dir='ltr'><strong>mundo</strong></span> <span class='ocrx_word' id='word_1_513' title='bbox 1249 3827 1458 3897; x_wconf 82' lang='lat' dir='ltr'><strong>(Galat.</strong></span> <span class='ocrx_word' id='word_1_514' title='bbox 1487 3842 1562 3892; x_wconf 66' lang='grc' dir='ltr'><strong>γι,</strong></span> <span class='ocrx_word' id='word_1_515' title='bbox 1601 3828 1710 3898; x_wconf 74' lang='grc' dir='ltr'><strong>Η).</strong></span> <span class='ocrx_word' id='word_1_516' title='bbox 1755 3827 1923 3898; x_wconf 84' lang='lat' dir='ltr'><strong>Cujus</strong></span> 
     </span>
    </p>
   </div>
   <div class='ocr_carea' id='block_1_66' title="bbox 358 3920 1922 3990">
    <p class='ocr_par' dir='ltr' id='par_1_66' title="bbox 358 3920 1922 3990">
     <span class='ocr_line' id='line_1_66' title="bbox 358 3920 1922 3990; baseline 0.001 -18"><span class='ocrx_word' id='word_1_517' title='bbox 358 3925 463 3972; x_wconf 84' lang='lat' dir='ltr'><strong>tale</strong></span> <span class='ocrx_word' id='word_1_518' title='bbox 502 3920 828 3989; x_wconf 86' lang='lat' dir='ltr'><strong>principium</strong></span> <span class='ocrx_word' id='word_1_519' title='bbox 864 3929 967 3981; x_wconf 89' lang='lat' dir='ltr'><strong>est,</strong></span> <span class='ocrx_word' id='word_1_520' title='bbox 1016 3921 1192 3987; x_wconf 79' lang='lat' dir='ltr'><strong>qualis</strong></span> <span class='ocrx_word' id='word_1_521' title='bbox 1239 3922 1398 3976; x_wconf 89' lang='lat' dir='ltr'><strong>debet</strong></span> <span class='ocrx_word' id='word_1_522' title='bbox 1453 3935 1576 3975; x_wconf 85' lang='lat' dir='ltr'><strong>esse</strong></span> <span class='ocrx_word' id='word_1_523' title='bbox 1616 3921 1922 3990; x_wconf 84' lang='lat' dir='ltr'><strong>perfectio?</strong></span> 
     </span>
    </p>
   </div>
   <div class='ocr_carea' id='block_1_67' title="bbox 359 4012 1924 4078">
    <p class='ocr_par' dir='ltr' id='par_1_67' title="bbox 359 4012 1924 4078">
     <span class='ocr_line' id='line_1_67' title="bbox 359 4012 1924 4078; baseline 0.002 -14"><span class='ocrx_word' id='word_1_524' title='bbox 359 4012 508 4065; x_wconf 63' lang='lat' dir='ltr'><strong>llinc</strong></span> <span class='ocrx_word' id='word_1_525' title='bbox 543 4014 673 4065; x_wconf 86' lang='lat' dir='ltr'><strong>milii</strong></span> <span class='ocrx_word' id='word_1_526' title='bbox 731 4023 784 4064; x_wconf 89' lang='lat' dir='ltr'><strong>tu</strong></span> <span class='ocrx_word' id='word_1_527' title='bbox 847 4014 1098 4066; x_wconf 76' lang='lat' dir='ltr'><strong>virtutem</strong></span> <span class='ocrx_word' id='word_1_528' title='bbox 1138 4063 1162 4078; x_wconf 75' lang='grc'><strong>,.</strong></span> <span class='ocrx_word' id='word_1_529' title='bbox 1190 4015 1330 4068; x_wconf 92' lang='lat' dir='ltr'><strong>hunc</strong></span> <span class='ocrx_word' id='word_1_530' title='bbox 1363 4014 1607 4067; x_wconf 83' lang='lat' dir='ltr'><strong>animum</strong></span> <span class='ocrx_word' id='word_1_531' title='bbox 1649 4015 1808 4067; x_wconf 85' lang='lat' dir='ltr'><strong>etiam</strong></span> <span class='ocrx_word' id='word_1_532' title='bbox 1871 4015 1924 4067; x_wconf 91' lang='lat' dir='ltr'><strong>in</strong></span> 
     </span>
    </p>
   </div>
   <div class='ocr_carea' id='block_1_68' title="bbox 362 4103 1929 4176">
    <p class='ocr_par' dir='ltr' id='par_1_68' title="bbox 362 4103 1929 4176">
     <span class='ocr_line' id='line_1_68' title="bbox 362 4103 1929 4176; baseline -0.001 -18"><span class='ocrx_word' id='word_1_533' title='bbox 362 4105 586 4173; x_wconf 80' lang='lat' dir='ltr'><strong>teliquis</strong></span> <span class='ocrx_word' id='word_1_534' title='bbox 617 4103 748 4157; x_wconf 68' lang='lat' dir='ltr'><strong>aliter</strong></span> <span class='ocrx_word' id='word_1_535' title='bbox 779 4121 792 4156; x_wconf 89' lang='lat'><strong>:</strong></span> <span class='ocrx_word' id='word_1_536' title='bbox 823 4120 994 4172; x_wconf 79' lang='lat' dir='ltr'><strong>eaque</strong></span> <span class='ocrx_word' id='word_1_537' title='bbox 1021 4107 1318 4169; x_wconf 68' lang='lat' dir='ltr'><strong>vimentis,</strong></span> <span class='ocrx_word' id='word_1_538' title='bbox 1348 4123 1450 4176; x_wconf 82' lang='lat' dir='ltr'><strong>qua</strong></span> <span class='ocrx_word' id='word_1_539' title='bbox 1487 4107 1740 4160; x_wconf 84' lang='lat' dir='ltr'><strong>vitiorum</strong></span> <span class='ocrx_word' id='word_1_540' title='bbox 1772 4119 1929 4159; x_wconf 88' lang='lat' dir='ltr'><strong>occa-</strong></span> 
     </span>
    </p>
   </div>
   <div class='ocr_carea' id='block_1_69' title="bbox 360 4195 1932 4266">
    <p class='ocr_par' dir='ltr' id='par_1_69' title="bbox 360 4195 1932 4266">
     <span class='ocr_line' id='line_1_69' title="bbox 360 4195 1932 4266; baseline -0.002 -15"><span class='ocrx_word' id='word_1_541' title='bbox 360 4201 540 4251; x_wconf 85' lang='lat' dir='ltr'><strong>siones</strong></span> <span class='ocrx_word' id='word_1_542' title='bbox 565 4195 835 4264; x_wconf 83' lang='lat' dir='ltr'><strong>depulisti,</strong></span> <span class='ocrx_word' id='word_1_543' title='bbox 877 4197 1004 4248; x_wconf 88' lang='lat' dir='ltr'><strong>vitia</strong></span> <span class='ocrx_word' id='word_1_544' title='bbox 1058 4211 1206 4252; x_wconf 89' lang='lat' dir='ltr'><strong>nunc</strong></span> <span class='ocrx_word' id='word_1_545' title='bbox 1259 4199 1375 4266; x_wconf 88' lang='lat' dir='ltr'><strong>ipsa</strong></span> <span class='ocrx_word' id='word_1_546' title='bbox 1437 4213 1650 4264; x_wconf 86' lang='lat' dir='ltr'><strong>respue.</strong></span> <span class='ocrx_word' id='word_1_547' title='bbox 1695 4195 1932 4251; x_wconf 83' lang='lat' dir='ltr'><strong>Ornetur</strong></span> 
     </span>
    </p>
   </div>
   <div class='ocr_carea' id='block_1_70' title="bbox 364 4290 1930 4359">
    <p class='ocr_par' dir='ltr' id='par_1_70' title="bbox 364 4290 1930 4359">
     <span class='ocr_line' id='line_1_70' title="bbox 364 4290 1930 4359; baseline -0.001 -17"><span class='ocrx_word' id='word_1_548' title='bbox 364 4304 572 4342; x_wconf 86' lang='lat' dir='ltr'><strong>tuorum</strong></span> <span class='ocrx_word' id='word_1_549' title='bbox 617 4290 909 4343; x_wconf 88' lang='lat' dir='ltr'><strong>sanctitate</strong></span> <span class='ocrx_word' id='word_1_550' title='bbox 942 4291 1246 4359; x_wconf 83' lang='lat' dir='ltr'><strong>virginitas,</strong></span> <span class='ocrx_word' id='word_1_551' title='bbox 1291 4301 1344 4345; x_wconf 89' lang='lat' dir='ltr'><strong>et</strong></span> <span class='ocrx_word' id='word_1_552' title='bbox 1381 4291 1677 4356; x_wconf 85' lang='lat' dir='ltr'><strong>perfectum</strong></span> <span class='ocrx_word' id='word_1_553' title='bbox 1707 4290 1930 4358; x_wconf 81' lang='lat' dir='ltr'><strong>gradum</strong></span> 
     </span>
    </p>
   </div>
   <div class='ocr_carea' id='block_1_71' title="bbox 363 4379 1932 4449">
    <p class='ocr_par' dir='ltr' id='par_1_71' title="bbox 363 4379 1932 4449">
     <span class='ocr_line' id='line_1_71' title="bbox 363 4379 1932 4449; baseline -0.001 -18"><span class='ocrx_word' id='word_1_554' title='bbox 363 4384 486 4431; x_wconf 75' lang='lat' dir='ltr'><strong>vita:</strong></span> <span class='ocrx_word' id='word_1_555' title='bbox 521 4379 780 4448; x_wconf 78' lang='lat' dir='ltr'><strong>perfectio</strong></span> <span class='ocrx_word' id='word_1_556' title='bbox 815 4381 1202 4449; x_wconf 85' lang='lat' dir='ltr'><strong>subsequatur.</strong></span> <span class='ocrx_word' id='word_1_557' title='bbox 1232 4380 1391 4434; x_wconf 81' lang='lat' dir='ltr'><strong>Certe</strong></span> <span class='ocrx_word' id='word_1_558' title='bbox 1426 4381 1472 4433; x_wconf 86' lang='lat' dir='ltr'><strong>si</strong></span> <span class='ocrx_word' id='word_1_559' title='bbox 1522 4380 1802 4433; x_wconf 62' lang='lat' dir='ltr'><strong>saecularis</strong></span> <span class='ocrx_word' id='word_1_560' title='bbox 1826 4381 1932 4431; x_wconf 86' lang='lat' dir='ltr'><strong>vita</strong></span> 
     </span>
    </p>
   </div>
   <div class='ocr_carea' id='block_1_72' title="bbox 2016 3171 3587 3248">
    <p class='ocr_par' dir='ltr' id='par_1_72' title="bbox 2016 3171 3587 3248">
     <span class='ocr_line' id='line_1_72' title="bbox 2016 3171 3587 3248; baseline -0.013 -10"><span class='ocrx_word' id='word_1_561' title='bbox 2016 3202 2154 3245; x_wconf 89' lang='lat' dir='ltr'><strong>mus,</strong></span> <span class='ocrx_word' id='word_1_562' title='bbox 2187 3183 2442 3236; x_wconf 86' lang='lat' dir='ltr'><strong>continuo</strong></span> <span class='ocrx_word' id='word_1_563' title='bbox 2473 3195 2569 3233; x_wconf 87' lang='lat' dir='ltr'><strong>nos</strong></span> <span class='ocrx_word' id='word_1_564' title='bbox 2598 3188 2848 3248; x_wconf 89' lang='lat' dir='ltr'><strong>putamus</strong></span> <span class='ocrx_word' id='word_1_565' title='bbox 2873 3189 2992 3228; x_wconf 85' lang='lat' dir='ltr'><strong>esse</strong></span> <span class='ocrx_word' id='word_1_566' title='bbox 3018 3173 3265 3227; x_wconf 85' lang='lat' dir='ltr'><strong>satiatos.</strong></span> <span class='ocrx_word' id='word_1_567' title='bbox 3297 3171 3465 3222; x_wconf 83' lang='lat' dir='ltr'><strong>Aliter</strong></span> <span class='ocrx_word' id='word_1_568' title='bbox 3491 3179 3587 3219; x_wconf 91' lang='lat' dir='ltr'><strong>nos</strong></span> 
     </span>
    </p>
   </div>
   <div class='ocr_carea' id='block_1_73' title="bbox 2015 3258 3586 3343">
    <p class='ocr_par' dir='ltr' id='par_1_73' title="bbox 2015 3258 3586 3343">
     <span class='ocr_line' id='line_1_73' title="bbox 2015 3258 3586 3343; baseline -0.016 -12"><span class='ocrx_word' id='word_1_569' title='bbox 2015 3280 2190 3331; x_wconf 87' lang='lat' dir='ltr'><strong>divina</strong></span> <span class='ocrx_word' id='word_1_570' title='bbox 2229 3274 2502 3343; x_wconf 71' lang='lat' dir='ltr'><strong>Sapientia</strong></span> <span class='ocrx_word' id='word_1_571' title='bbox 2543 3273 2607 3322; x_wconf 87' lang='lat' dir='ltr'><strong>ad</strong></span> <span class='ocrx_word' id='word_1_572' title='bbox 2643 3285 2772 3324; x_wconf 86' lang='lat' dir='ltr'><strong>suas</strong></span> <span class='ocrx_word' id='word_1_573' title='bbox 2835 3265 3024 3320; x_wconf 85' lang='lat' dir='ltr'><strong>invitat</strong></span> <span class='ocrx_word' id='word_1_574' title='bbox 3053 3265 3258 3331; x_wconf 86' lang='lat' dir='ltr'><strong>epulas.</strong></span> <span class='ocrx_word' id='word_1_575' title='bbox 3293 3259 3396 3324; x_wconf 85' lang='lat' dir='ltr'><strong>Qui</strong></span> <span class='ocrx_word' id='word_1_576' title='bbox 3428 3258 3586 3310; x_wconf 85' lang='lat' dir='ltr'><strong>edunt</strong></span> 
     </span>
    </p>
   </div>
   <div class='ocr_carea' id='block_1_74' title="bbox 2018 3352 3586 3434">
    <p class='ocr_par' dir='ltr' id='par_1_74' title="bbox 2018 3352 3586 3434">
     <span class='ocr_line' id='line_1_74' title="bbox 2018 3352 3586 3434; baseline -0.014 -13"><span class='ocrx_word' id='word_1_577' title='bbox 2018 3386 2115 3431; x_wconf 77' lang='lat' dir='ltr'><strong>nte,</strong></span> <span class='ocrx_word' id='word_1_578' title='bbox 2157 3366 2329 3434; x_wconf 84' lang='lat' dir='ltr'><strong>inquit</strong></span> <span class='ocrx_word' id='word_1_579' title='bbox 2361 3404 2376 3428; x_wconf 94' lang='lat'><strong>,</strong></span> <span class='ocrx_word' id='word_1_580' title='bbox 2438 3363 2609 3415; x_wconf 77' lang='lat' dir='ltr'><strong>adhuc</strong></span> <span class='ocrx_word' id='word_1_581' title='bbox 2669 3361 2951 3420; x_wconf 75' lang='lat' dir='ltr'><strong>esuriem;</strong></span> <span class='ocrx_word' id='word_1_582' title='bbox 3003 3367 3048 3409; x_wconf 87' lang='lat' dir='ltr'><strong>et</strong></span> <span class='ocrx_word' id='word_1_583' title='bbox 3099 3359 3188 3424; x_wconf 84' lang='lat' dir='ltr'><strong>qui</strong></span> <span class='ocrx_word' id='word_1_584' title='bbox 3253 3369 3330 3406; x_wconf 83' lang='lat' dir='ltr'><strong>me</strong></span> <span class='ocrx_word' id='word_1_585' title='bbox 3387 3352 3586 3412; x_wconf 87' lang='lat' dir='ltr'><strong>bibunt,</strong></span> 
     </span>
    </p>
   </div>
   <div class='ocr_carea' id='block_1_75' title="bbox 2017 3441 3592 3521">
    <p class='ocr_par' dir='ltr' id='par_1_75' title="bbox 2017 3441 3592 3521">
     <span class='ocr_line' id='line_1_75' title="bbox 2017 3441 3592 3521; baseline -0.011 -9"><span class='ocrx_word' id='word_1_586' title='bbox 2017 3461 2185 3512; x_wconf 80' lang='lat' dir='ltr'><strong>adhuc</strong></span> <span class='ocrx_word' id='word_1_587' title='bbox 2208 3459 2384 3510; x_wconf 79' lang='lat' dir='ltr'><strong>sitieut</strong></span> <span class='ocrx_word' id='word_1_588' title='bbox 2417 3452 2606 3521; x_wconf 72' lang='lat' dir='ltr'><strong>tEct-li.</strong></span> <span class='ocrx_word' id='word_1_589' title='bbox 2638 3466 2782 3515; x_wconf 63' lang='grc' dir='ltr'>χχιιι,</span> <span class='ocrx_word' id='word_1_590' title='bbox 2814 3451 2928 3516; x_wconf 73' lang='grc'><strong>29).</strong></span> <span class='ocrx_word' id='word_1_591' title='bbox 2959 3445 3148 3500; x_wconf 84' lang='lat' dir='ltr'><strong>Nullus</strong></span> <span class='ocrx_word' id='word_1_592' title='bbox 3187 3459 3424 3514; x_wconf 80' lang='lat' dir='ltr'><strong>unquam</strong></span> <span class='ocrx_word' id='word_1_593' title='bbox 3473 3441 3592 3495; x_wconf 83' lang='lat' dir='ltr'><strong>tali-</strong></span> 
     </span>
    </p>
   </div>
   <div class='ocr_carea' id='block_1_76' title="bbox 2021 3533 3588 3615">
    <p class='ocr_par' dir='ltr' id='par_1_76' title="bbox 2021 3533 3588 3615">
     <span class='ocr_line' id='line_1_76' title="bbox 2021 3533 3588 3615; baseline -0.012 -13"><span class='ocrx_word' id='word_1_594' title='bbox 2021 3555 2118 3602; x_wconf 84' lang='lat' dir='ltr'><strong>bus</strong></span> <span class='ocrx_word' id='word_1_595' title='bbox 2149 3547 2396 3615; x_wconf 74' lang='lat' dir='ltr'><strong>expletur</strong></span> <span class='ocrx_word' id='word_1_596' title='bbox 2439 3542 2616 3612; x_wconf 90' lang='lat' dir='ltr'><strong>epulis</strong></span> <span class='ocrx_word' id='word_1_597' title='bbox 2649 3559 2662 3594; x_wconf 92' lang='lat'><strong>:</strong></span> <span class='ocrx_word' id='word_1_598' title='bbox 2698 3556 2795 3594; x_wconf 87' lang='lat' dir='ltr'><strong>nec</strong></span> <span class='ocrx_word' id='word_1_599' title='bbox 2835 3536 3126 3605; x_wconf 76' lang='lat' dir='ltr'><strong>aliquando</strong></span> <span class='ocrx_word' id='word_1_600' title='bbox 3181 3536 3380 3603; x_wconf 76' lang='lat' dir='ltr'><strong>patitur</strong></span> <span class='ocrx_word' id='word_1_601' title='bbox 3402 3533 3469 3586; x_wconf 87' lang='lat' dir='ltr'><strong>de</strong></span> <span class='ocrx_word' id='word_1_602' title='bbox 3501 3547 3588 3585; x_wconf 88' lang='lat' dir='ltr'><strong>sa-</strong></span> 
     </span>
    </p>
   </div>
   <div class='ocr_carea' id='block_1_77' title="bbox 2020 3628 3592 3697">
    <p class='ocr_par' dir='ltr' id='par_1_77' title="bbox 2020 3628 3592 3697">
     <span class='ocr_line' id='line_1_77' title="bbox 2020 3628 3592 3697; baseline -0.011 -5"><span class='ocrx_word' id='word_1_603' title='bbox 2020 3643 2204 3693; x_wconf 78' lang='lat' dir='ltr'><strong>tietate</strong></span> <span class='ocrx_word' id='word_1_604' title='bbox 2228 3634 2521 3690; x_wconf 76' lang='lat' dir='ltr'><strong>fastidium.</strong></span> <span class='ocrx_word' id='word_1_605' title='bbox 2542 3631 2716 3685; x_wconf 87' lang='lat' dir='ltr'><strong>&#39;l&#39;auto</strong></span> <span class='ocrx_word' id='word_1_606' title='bbox 2743 3632 3115 3697; x_wconf 75' lang='lat' dir='ltr'><strong>unusquisque</strong></span> <span class='ocrx_word' id='word_1_607' title='bbox 3147 3628 3420 3693; x_wconf 84' lang='lat' dir='ltr'><strong>capacior,</strong></span> <span class='ocrx_word' id='word_1_608' title='bbox 3444 3633 3592 3676; x_wconf 89' lang='lat' dir='ltr'><strong>tanto</strong></span> 
     </span>
    </p>
   </div>
   <div class='ocr_carea' id='block_1_78' title="bbox 2022 3715 3592 3794">
    <p class='ocr_par' dir='ltr' id='par_1_78' title="bbox 2022 3715 3592 3794">
     <span class='ocr_line' id='line_1_78' title="bbox 2022 3715 3592 3794; baseline -0.011 -11"><span class='ocrx_word' id='word_1_609' title='bbox 2022 3730 2228 3783; x_wconf 88' lang='lat' dir='ltr'><strong>avidior</strong></span> <span class='ocrx_word' id='word_1_610' title='bbox 2253 3730 2377 3789; x_wconf 86' lang='lat' dir='ltr'><strong>erit,</strong></span> <span class='ocrx_word' id='word_1_611' title='bbox 2401 3738 2606 3794; x_wconf 85' lang='lat' dir='ltr'><strong>quanto</strong></span> <span class='ocrx_word' id='word_1_612' title='bbox 2635 3725 2758 3776; x_wconf 88' lang='lat' dir='ltr'><strong>inde</strong></span> <span class='ocrx_word' id='word_1_613' title='bbox 2789 3723 2908 3790; x_wconf 84' lang='lat' dir='ltr'><strong>plus</strong></span> <span class='ocrx_word' id='word_1_614' title='bbox 2941 3721 3204 3773; x_wconf 83' lang='lat' dir='ltr'><strong>hauserit.</strong></span> <span class='ocrx_word' id='word_1_615' title='bbox 3245 3717 3503 3769; x_wconf 83' lang='lat' dir='ltr'><strong>Dominus</strong></span> <span class='ocrx_word' id='word_1_616' title='bbox 3541 3715 3592 3766; x_wconf 90' lang='lat' dir='ltr'><strong>in</strong></span> 
     </span>
    </p>
   </div>
   <div class='ocr_carea' id='block_1_79' title="bbox 2024 3806 3596 3888">
    <p class='ocr_par' dir='ltr' id='par_1_79' title="bbox 2024 3806 3596 3888">
     <span class='ocr_line' id='line_1_79' title="bbox 2024 3806 3596 3888; baseline -0.012 -15"><span class='ocrx_word' id='word_1_617' title='bbox 2024 3819 2313 3888; x_wconf 78' lang='lat' dir='ltr'><strong>Evangelio</strong></span> <span class='ocrx_word' id='word_1_618' title='bbox 2345 3839 2360 3870; x_wconf 86' lang='lat'><strong>:</strong></span> <span class='ocrx_word' id='word_1_619' title='bbox 2391 3816 2572 3880; x_wconf 78' lang='lat' dir='ltr'><strong>Beati,</strong></span> <span class='ocrx_word' id='word_1_620' title='bbox 2607 3807 2717 3878; x_wconf 60' lang='lat' dir='ltr'><strong>ait;</strong></span> <span class='ocrx_word' id='word_1_621' title='bbox 2735 3813 2820 3880; x_wconf 84' lang='lat' dir='ltr'><strong>qui</strong></span> <span class='ocrx_word' id='word_1_622' title='bbox 2867 3812 3100 3865; x_wconf 71' lang='lat' dir='ltr'><strong>esuriant</strong></span> <span class='ocrx_word' id='word_1_623' title='bbox 3121 3817 3168 3861; x_wconf 91' lang='lat' dir='ltr'><strong>et</strong></span> <span class='ocrx_word' id='word_1_624' title='bbox 3205 3809 3390 3860; x_wconf 76' lang='lat' dir='ltr'><strong>sitiunt</strong></span> <span class='ocrx_word' id='word_1_625' title='bbox 3434 3806 3596 3873; x_wconf 76' lang='lat' dir='ltr'><strong>justi-</strong></span> 
     </span>
    </p>
   </div>
   <div class='ocr_carea' id='block_1_80' title="bbox 2025 3894 3594 3980">
    <p class='ocr_par' dir='ltr' id='par_1_80' title="bbox 2025 3894 3594 3980">
     <span class='ocr_line' id='line_1_80' title="bbox 2025 3894 3594 3980; baseline -0.011 -14"><span class='ocrx_word' id='word_1_626' title='bbox 2025 3915 2175 3975; x_wconf 84' lang='lat' dir='ltr'><strong>tiam,</strong></span> <span class='ocrx_word' id='word_1_627' title='bbox 2204 3912 2452 3980; x_wconf 84' lang='lat' dir='ltr'><strong>quoniam</strong></span> <span class='ocrx_word' id='word_1_628' title='bbox 2477 3909 2574 3974; x_wconf 82' lang='lat' dir='ltr'><strong>ipsi</strong></span> <span class='ocrx_word' id='word_1_629' title='bbox 2597 3907 2982 3959; x_wconf 79' lang='lat' dir='ltr'><strong>saturabuntur</strong></span> <span class='ocrx_word' id='word_1_630' title='bbox 3012 3901 3234 3972; x_wconf 75' lang='grc' dir='ltr'><strong>(ΜαιιΙι.</strong></span> <span class='ocrx_word' id='word_1_631' title='bbox 3269 3915 3320 3963; x_wconf 89' lang='lat' dir='ltr'><strong>v,</strong></span> <span class='ocrx_word' id='word_1_632' title='bbox 3347 3900 3400 3966; x_wconf 90' lang='lat'><strong>6)</strong></span> <span class='ocrx_word' id='word_1_633' title='bbox 3437 3913 3453 3962; x_wconf 86' lang='lat'><strong>;</strong></span> <span class='ocrx_word' id='word_1_634' title='bbox 3485 3894 3594 3948; x_wconf 88' lang='lat' dir='ltr'><strong>vult</strong></span> 
     </span>
    </p>
   </div>
   <div class='ocr_carea' id='block_1_81' title="bbox 2027 3991 3592 4065">
    <p class='ocr_par' dir='ltr' id='par_1_81' title="bbox 2027 3991 3592 4065">
     <span class='ocr_line' id='line_1_81' title="bbox 2027 3991 3592 4065; baseline -0.012 -8"><span class='ocrx_word' id='word_1_635' title='bbox 2027 4005 2170 4060; x_wconf 87' lang='lat' dir='ltr'><strong>enim</strong></span> <span class='ocrx_word' id='word_1_636' title='bbox 2205 4002 2414 4056; x_wconf 88' lang='lat' dir='ltr'><strong>esurire</strong></span> <span class='ocrx_word' id='word_1_637' title='bbox 2453 4015 2548 4053; x_wconf 92' lang='lat' dir='ltr'><strong>nos</strong></span> <span class='ocrx_word' id='word_1_638' title='bbox 2577 3999 2666 4052; x_wconf 84' lang='lat' dir='ltr'><strong>hic</strong></span> <span class='ocrx_word' id='word_1_639' title='bbox 2693 4011 2906 4065; x_wconf 82' lang='lat' dir='ltr'><strong>semper</strong></span> <span class='ocrx_word' id='word_1_640' title='bbox 2933 4011 2997 4049; x_wconf 88' lang='lat' dir='ltr'><strong>ac</strong></span> <span class='ocrx_word' id='word_1_641' title='bbox 3037 3995 3190 4048; x_wconf 84' lang='lat' dir='ltr'><strong>sitire</strong></span> <span class='ocrx_word' id='word_1_642' title='bbox 3213 3991 3502 4060; x_wconf 76' lang='lat' dir='ltr'><strong>justitiam,</strong></span> <span class='ocrx_word' id='word_1_643' title='bbox 3532 3997 3592 4041; x_wconf 90' lang='lat' dir='ltr'><strong>ut</strong></span> 
     </span>
    </p>
   </div>
   <div class='ocr_carea' id='block_1_82' title="bbox 2032 4083 3284 4159">
    <p class='ocr_par' dir='ltr' id='par_1_82' title="bbox 2032 4083 3284 4159">
     <span class='ocr_line' id='line_1_82' title="bbox 2032 4083 3284 4159; baseline -0.01 -12"><span class='ocrx_word' id='word_1_644' title='bbox 2032 4093 2084 4147; x_wconf 88' lang='lat' dir='ltr'><strong>iu</strong></span> <span class='ocrx_word' id='word_1_645' title='bbox 2140 4091 2322 4146; x_wconf 75' lang='lat' dir='ltr'><strong>futuro</strong></span> <span class='ocrx_word' id='word_1_646' title='bbox 2347 4089 2573 4159; x_wconf 70' lang='lat' dir='ltr'><strong>iustitiae</strong></span> <span class='ocrx_word' id='word_1_647' title='bbox 2607 4087 2961 4140; x_wconf 85' lang='lat' dir='ltr'><strong>retributione</strong></span> <span class='ocrx_word' id='word_1_648' title='bbox 2996 4083 3284 4137; x_wconf 77' lang='lat' dir='ltr'><strong>satientur.</strong></span> 
     </span>
    </p>
   </div>
   <div class='ocr_carea' id='block_1_83' title="bbox 2101 4171 3596 4240">
    <p class='ocr_par' dir='ltr' id='par_1_83' title="bbox 2101 4171 3596 4240">
     <span class='ocr_line' id='line_1_83' title="bbox 2101 4171 3596 4240; baseline -0.012 -2"><span class='ocrx_word' id='word_1_649' title='bbox 2101 4184 2231 4238; x_wconf 69' lang='lat' dir='ltr'><strong>CAP.</strong></span> <span class='ocrx_word' id='word_1_650' title='bbox 2268 4181 2489 4236; x_wconf 70' lang='grc' dir='ltr'><strong>Χιι..-</strong></span> <span class='ocrx_word' id='word_1_651' title='bbox 2527 4177 2931 4233; x_wconf 86' lang='lat' dir='ltr'><strong>Consideranda</strong></span> <span class='ocrx_word' id='word_1_652' title='bbox 2987 4176 3066 4228; x_wconf 87' lang='lat' dir='ltr'><strong>vis</strong></span> <span class='ocrx_word' id='word_1_653' title='bbox 3126 4177 3241 4240; x_wconf 85' lang='lat' dir='ltr'><strong>ipsa</strong></span> <span class='ocrx_word' id='word_1_654' title='bbox 3303 4171 3596 4224; x_wconf 85' lang='lat' dir='ltr'><strong>verborum</strong></span> 
     </span>
    </p>
   </div>
   <div class='ocr_carea' id='block_1_84' title="bbox 2036 4266 3602 4344">
    <p class='ocr_par' dir='ltr' id='par_1_84' title="bbox 2036 4266 3602 4344">
     <span class='ocr_line' id='line_1_84' title="bbox 2036 4266 3602 4344; baseline -0.012 -12"><span class='ocrx_word' id='word_1_655' title='bbox 2036 4287 2139 4344; x_wconf 88' lang='lat' dir='ltr'><strong>est,</strong></span> <span class='ocrx_word' id='word_1_656' title='bbox 2174 4286 2227 4330; x_wconf 87' lang='lat' dir='ltr'><strong>et</strong></span> <span class='ocrx_word' id='word_1_657' title='bbox 2273 4277 2346 4328; x_wconf 88' lang='lat' dir='ltr'><strong>ita</strong></span> <span class='ocrx_word' id='word_1_658' title='bbox 2404 4274 2563 4327; x_wconf 88' lang='lat' dir='ltr'><strong>nobis</strong></span> <span class='ocrx_word' id='word_1_659' title='bbox 2613 4269 2969 4324; x_wconf 83' lang='lat' dir='ltr'><strong>desideranda</strong></span> <span class='ocrx_word' id='word_1_660' title='bbox 3022 4275 3106 4320; x_wconf 71' lang='lat' dir='ltr'><strong>Cal</strong></span> <span class='ocrx_word' id='word_1_661' title='bbox 3147 4266 3357 4333; x_wconf 83' lang='lat' dir='ltr'><strong>justitia</strong></span> <span class='ocrx_word' id='word_1_662' title='bbox 3393 4280 3406 4315; x_wconf 91' lang='lat'><strong>:</strong></span> <span class='ocrx_word' id='word_1_663' title='bbox 3441 4272 3498 4313; x_wconf 91' lang='lat' dir='ltr'><strong>ut</strong></span> <span class='ocrx_word' id='word_1_664' title='bbox 3553 4278 3602 4313; x_wconf 83' lang='grc' dir='ltr'><strong>ιιι</strong></span> 
     </span>
    </p>
   </div>
   <div class='ocr_carea' id='block_1_85' title="bbox 2040 4353 3604 4430">
    <p class='ocr_par' dir='ltr' id='par_1_85' title="bbox 2040 4353 3604 4430">
     <span class='ocr_line' id='line_1_85' title="bbox 2040 4353 3604 4430; baseline -0.011 -9"><span class='ocrx_word' id='word_1_665' title='bbox 2040 4371 2202 4430; x_wconf 77' lang='lat' dir='ltr'><strong>fame,</strong></span> <span class='ocrx_word' id='word_1_666' title='bbox 2235 4367 2317 4422; x_wconf 88' lang='lat' dir='ltr'><strong>vel</strong></span> <span class='ocrx_word' id='word_1_667' title='bbox 2353 4365 2466 4427; x_wconf 89' lang='lat' dir='ltr'><strong>siti,</strong></span> <span class='ocrx_word' id='word_1_668' title='bbox 2497 4365 2649 4418; x_wconf 85' lang='lat' dir='ltr'><strong>cibus</strong></span> <span class='ocrx_word' id='word_1_669' title='bbox 2683 4363 3023 4416; x_wconf 77' lang='lat' dir='ltr'><strong>desideratur</strong></span> <span class='ocrx_word' id='word_1_670' title='bbox 3071 4373 3136 4410; x_wconf 83' lang='lat' dir='ltr'><strong>ac</strong></span> <span class='ocrx_word' id='word_1_671' title='bbox 3182 4366 3360 4424; x_wconf 88' lang='lat' dir='ltr'><strong>potus.</strong></span> <span class='ocrx_word' id='word_1_672' title='bbox 3399 4353 3460 4405; x_wconf 75' lang='lat' dir='ltr'><strong>Et</strong></span> <span class='ocrx_word' id='word_1_673' title='bbox 3500 4355 3604 4405; x_wconf 91' lang='lat' dir='ltr'><strong>hoc</strong></span> 
     </span>
    </p>
   </div>
   <div class='ocr_carea' id='block_1_86' title="bbox 364 4446 3608 4543">
    <p class='ocr_par' dir='ltr' id='par_1_86' title="bbox 364 4446 3608 4543">
     <span class='ocr_line' id='line_1_86' title="bbox 364 4446 3608 4543; baseline -0.008 -23"><span class='ocrx_word' id='word_1_674' title='bbox 364 4474 462 4526; x_wconf 72' lang='lat' dir='ltr'><strong>tibi</strong></span> <span class='ocrx_word' id='word_1_675' title='bbox 504 4446 819 4540; x_wconf 66' lang='lat' dir='ltr'><strong>placuisset,</strong></span> <span class='ocrx_word' id='word_1_676' title='bbox 853 4446 1014 4526; x_wconf 53' lang='lat' dir='ltr'><strong>dares:</strong></span> <span class='ocrx_word' id='word_1_677' title='bbox 1061 4488 1305 4543; x_wconf 58' lang='lat' dir='ltr'><strong>operam,</strong></span> <span class='ocrx_word' id='word_1_678' title='bbox 1341 4489 1407 4526; x_wconf 77' lang='lat' dir='ltr'><strong>ne</strong></span> <span class='ocrx_word' id='word_1_679' title='bbox 1437 4474 1563 4542; x_wconf 67' lang='lat' dir='ltr'><strong>quis</strong></span> <span class='ocrx_word' id='word_1_680' title='bbox 1622 4483 1672 4526; x_wconf 72' lang='grc' dir='ltr'>ω</span> <span class='ocrx_word' id='word_1_681' title='bbox 1702 4471 1932 4534; x_wconf 63' lang='lat' dir='ltr'><strong>divitiis,</strong></span> <span class='ocrx_word' id='word_1_682' title='bbox 1965 4459 2093 4531; x_wconf 78' lang='lat' dir='ltr'><strong>Din</strong></span> <span class='ocrx_word' id='word_1_683' title='bbox 2139 4471 2426 4510; x_wconf 88' lang='lat' dir='ltr'><strong>commune</strong></span> <span class='ocrx_word' id='word_1_684' title='bbox 2465 4453 2724 4507; x_wconf 87' lang='lat' dir='ltr'><strong>omnibus</strong></span> <span class='ocrx_word' id='word_1_685' title='bbox 2778 4458 2862 4505; x_wconf 89' lang='lat' dir='ltr'><strong>est</strong></span> <span class='ocrx_word' id='word_1_686' title='bbox 2915 4447 3201 4502; x_wconf 87' lang='lat' dir='ltr'><strong>dicendum</strong></span> <span class='ocrx_word' id='word_1_687' title='bbox 3239 4446 3304 4497; x_wconf 81' lang='lat' dir='ltr'><strong>iis</strong></span> <span class='ocrx_word' id='word_1_688' title='bbox 3337 4447 3424 4512; x_wconf 85' lang='lat' dir='ltr'><strong>qui</strong></span> <span class='ocrx_word' id='word_1_689' title='bbox 3485 4446 3608 4494; x_wconf 81' lang='lat' dir='ltr'><strong>vita:</strong></span> 
     </span>
    </p>
   </div>
   <div class='ocr_carea' id='block_1_87' title="bbox 363 4563 1929 4634">
    <p class='ocr_par' dir='ltr' id='par_1_87' title="bbox 363 4563 1929 4634">
     <span class='ocr_line' id='line_1_87' title="bbox 363 4563 1929 4634; baseline 0 -19"><span class='ocrx_word' id='word_1_690' title='bbox 363 4579 432 4617; x_wconf 88' lang='lat' dir='ltr'><strong>nc</strong></span> <span class='ocrx_word' id='word_1_691' title='bbox 461 4563 579 4632; x_wconf 86' lang='lat' dir='ltr'><strong>quis</strong></span> <span class='ocrx_word' id='word_1_692' title='bbox 615 4565 986 4632; x_wconf 80' lang='lat' dir='ltr'><strong>corporalibus</strong></span> <span class='ocrx_word' id='word_1_693' title='bbox 1039 4567 1396 4630; x_wconf 83' lang='lat' dir='ltr'><strong>ornamentis,</strong></span> <span class='ocrx_word' id='word_1_694' title='bbox 1452 4580 1521 4619; x_wconf 87' lang='lat' dir='ltr'><strong>ne</strong></span> <span class='ocrx_word' id='word_1_695' title='bbox 1578 4568 1700 4634; x_wconf 88' lang='lat' dir='ltr'><strong>quis</strong></span> <span class='ocrx_word' id='word_1_696' title='bbox 1750 4580 1929 4618; x_wconf 87' lang='lat' dir='ltr'><strong>rerum</strong></span> 
     </span>
    </p>
   </div>
   <div class='ocr_carea' id='block_1_88' title="bbox 365 4657 1931 4731">
    <p class='ocr_par' dir='ltr' id='par_1_88' title="bbox 365 4657 1931 4731">
     <span class='ocr_line' id='line_1_88' title="bbox 365 4657 1931 4731; baseline 0 -21"><span class='ocrx_word' id='word_1_697' title='bbox 365 4662 605 4710; x_wconf 85' lang='lat' dir='ltr'><strong>Omnium</strong></span> <span class='ocrx_word' id='word_1_698' title='bbox 636 4675 825 4725; x_wconf 84' lang='lat' dir='ltr'><strong>pompa</strong></span> <span class='ocrx_word' id='word_1_699' title='bbox 853 4657 958 4728; x_wconf 76' lang='grc' dir='ltr'><strong>[ΑΙ.</strong></span> <span class='ocrx_word' id='word_1_700' title='bbox 997 4659 1176 4731; x_wconf 81' lang='lat' dir='ltr'><strong>copia]</strong></span> <span class='ocrx_word' id='word_1_701' title='bbox 1229 4667 1282 4714; x_wconf 91' lang='lat' dir='ltr'><strong>et</strong></span> <span class='ocrx_word' id='word_1_702' title='bbox 1323 4660 1525 4713; x_wconf 87' lang='lat' dir='ltr'><strong>b0u0re</strong></span> <span class='ocrx_word' id='word_1_703' title='bbox 1556 4658 1882 4726; x_wconf 67' lang='lat' dir='ltr'><strong>praecederet</strong></span> <span class='ocrx_word' id='word_1_704' title='bbox 1919 4675 1931 4710; x_wconf 91' lang='lat'>:</span> 
     </span>
    </p>
   </div>
   <div class='ocr_carea' id='block_1_89' title="bbox 367 4748 1932 4820">
    <p class='ocr_par' dir='ltr' id='par_1_89' title="bbox 367 4748 1932 4820">
     <span class='ocr_line' id='line_1_89' title="bbox 367 4748 1932 4820; baseline -0.001 -18"><span class='ocrx_word' id='word_1_705' title='bbox 367 4763 511 4802; x_wconf 87' lang='lat' dir='ltr'><strong>nunc</strong></span> <span class='ocrx_word' id='word_1_706' title='bbox 549 4751 803 4815; x_wconf 89' lang='lat' dir='ltr'><strong>quoniam</strong></span> <span class='ocrx_word' id='word_1_707' title='bbox 861 4752 1131 4803; x_wconf 86' lang='lat' dir='ltr'><strong>diversum</strong></span> <span class='ocrx_word' id='word_1_708' title='bbox 1182 4751 1422 4804; x_wconf 82' lang='lat' dir='ltr'><strong>studium</strong></span> <span class='ocrx_word' id='word_1_709' title='bbox 1465 4748 1580 4820; x_wconf 74' lang='grc' dir='ltr'><strong>[ΑΙ.</strong></span> <span class='ocrx_word' id='word_1_710' title='bbox 1648 4748 1932 4801; x_wconf 84' lang='lat' dir='ltr'><strong>diversitas</strong></span> 
     </span>
    </p>
   </div>
   <div class='ocr_carea' id='block_1_90' title="bbox 367 4838 1936 4910">
    <p class='ocr_par' dir='ltr' id='par_1_90' title="bbox 367 4838 1936 4910">
     <span class='ocr_line' id='line_1_90' title="bbox 367 4838 1936 4910; baseline 0 -16"><span class='ocrx_word' id='word_1_711' title='bbox 367 4853 452 4894; x_wconf 85' lang='lat' dir='ltr'><strong>stu</strong></span> <span class='ocrx_word' id='word_1_712' title='bbox 478 4838 583 4910; x_wconf 54' lang='lat' dir='ltr'><strong>iis]</strong></span> <span class='ocrx_word' id='word_1_713' title='bbox 618 4841 884 4894; x_wconf 58' lang='lat' dir='ltr'><strong>d.v.»r.-ain</strong></span> <span class='ocrx_word' id='word_1_714' title='bbox 921 4843 1078 4894; x_wconf 80' lang='lat' dir='ltr'><strong>vitam</strong></span> <span class='ocrx_word' id='word_1_715' title='bbox 1101 4842 1374 4896; x_wconf 83' lang='lat' dir='ltr'><strong>desiderat</strong></span> <span class='ocrx_word' id='word_1_716' title='bbox 1405 4856 1592 4904; x_wconf 82' lang='lat' dir='ltr'><strong>.cura,</strong></span> <span class='ocrx_word' id='word_1_717' title='bbox 1629 4856 1696 4894; x_wconf 89' lang='lat' dir='ltr'><strong>ne</strong></span> <span class='ocrx_word' id='word_1_718' title='bbox 1721 4839 1842 4909; x_wconf 85' lang='lat' dir='ltr'><strong>quis</strong></span> <span class='ocrx_word' id='word_1_719' title='bbox 1883 4848 1936 4894; x_wconf 89' lang='lat' dir='ltr'><strong>te</strong></span> 
     </span>
    </p>
   </div>
   <div class='ocr_carea' id='block_1_91' title="bbox 371 4932 1936 5001">
    <p class='ocr_par' dir='ltr' id='par_1_91' title="bbox 371 4932 1936 5001">
     <span class='ocr_line' id='line_1_91' title="bbox 371 4932 1936 5001; baseline -0.001 -17"><span class='ocrx_word' id='word_1_720' title='bbox 371 4932 423 4984; x_wconf 89' lang='lat' dir='ltr'><strong>in</strong></span> <span class='ocrx_word' id='word_1_721' title='bbox 484 4934 618 4985; x_wconf 85' lang='lat' dir='ltr'><strong>bene</strong></span> <span class='ocrx_word' id='word_1_722' title='bbox 668 4933 899 4986; x_wconf 89' lang='lat' dir='ltr'><strong>vivendo</strong></span> <span class='ocrx_word' id='word_1_723' title='bbox 949 4935 1302 4988; x_wconf 82' lang='lat' dir='ltr'><strong>transcendat</strong></span> <span class='ocrx_word' id='word_1_724' title='bbox 1356 4952 1369 4987; x_wconf 90' lang='lat'><strong>:</strong></span> <span class='ocrx_word' id='word_1_725' title='bbox 1430 4949 1498 4988; x_wconf 88' lang='lat' dir='ltr'><strong>ne</strong></span> <span class='ocrx_word' id='word_1_726' title='bbox 1553 4933 1674 5001; x_wconf 82' lang='lat' dir='ltr'><strong>quis</strong></span> <span class='ocrx_word' id='word_1_727' title='bbox 1725 4947 1936 4986; x_wconf 86' lang='lat' dir='ltr'><strong>morum</strong></span> 
     </span>
    </p>
   </div>
   <div class='ocr_carea' id='block_1_92' title="bbox 371 5024 1938 5094">
    <p class='ocr_par' dir='ltr' id='par_1_92' title="bbox 371 5024 1938 5094">
     <span class='ocr_line' id='line_1_92' title="bbox 371 5024 1938 5094; baseline 0 -18"><span class='ocrx_word' id='word_1_728' title='bbox 371 5024 659 5076; x_wconf 83' lang='lat' dir='ltr'><strong>sanctitate</strong></span> <span class='ocrx_word' id='word_1_729' title='bbox 707 5032 962 5085; x_wconf 79' lang='lat' dir='ltr'><strong>superet:</strong></span> <span class='ocrx_word' id='word_1_730' title='bbox 999 5040 1068 5077; x_wconf 87' lang='lat' dir='ltr'><strong>ne</strong></span> <span class='ocrx_word' id='word_1_731' title='bbox 1099 5025 1220 5094; x_wconf 86' lang='lat' dir='ltr'><strong>quis</strong></span> <span class='ocrx_word' id='word_1_732' title='bbox 1255 5026 1346 5078; x_wconf 90' lang='lat' dir='ltr'><strong>tibi</strong></span> <span class='ocrx_word' id='word_1_733' title='bbox 1387 5042 1438 5079; x_wconf 89' lang='lat' dir='ltr'><strong>in</strong></span> <span class='ocrx_word' id='word_1_734' title='bbox 1482 5024 1770 5078; x_wconf 77' lang='lat' dir='ltr'><strong>virtutibus</strong></span> <span class='ocrx_word' id='word_1_735' title='bbox 1801 5038 1938 5092; x_wconf 71' lang='lat' dir='ltr'><strong>pia:-</strong></span> 
     </span>
    </p>
   </div>
   <div class='ocr_carea' id='block_1_93' title="bbox 373 5116 1942 5185">
    <p class='ocr_par' dir='ltr' id='par_1_93' title="bbox 373 5116 1942 5185">
     <span class='ocr_line' id='line_1_93' title="bbox 373 5116 1942 5185; baseline 0 -17"><span class='ocrx_word' id='word_1_736' title='bbox 373 5116 598 5170; x_wconf 61' lang='lat' dir='ltr'><strong>letatur.</strong></span> <span class='ocrx_word' id='word_1_737' title='bbox 635 5116 701 5169; x_wconf 86' lang='lat' dir='ltr'><strong>Et</strong></span> <span class='ocrx_word' id='word_1_738' title='bbox 745 5117 795 5168; x_wconf 93' lang='lat' dir='ltr'><strong>iu</strong></span> <span class='ocrx_word' id='word_1_739' title='bbox 849 5116 974 5180; x_wconf 89' lang='lat' dir='ltr'><strong>illis,</strong></span> <span class='ocrx_word' id='word_1_740' title='bbox 1012 5133 1128 5185; x_wconf 75' lang='lat' dir='ltr'><strong>qua:</strong></span> <span class='ocrx_word' id='word_1_741' title='bbox 1183 5128 1311 5171; x_wconf 87' lang='lat' dir='ltr'><strong>ante</strong></span> <span class='ocrx_word' id='word_1_742' title='bbox 1341 5117 1603 5181; x_wconf 72' lang='lat' dir='ltr'><strong>diximus,</strong></span> <span class='ocrx_word' id='word_1_743' title='bbox 1655 5131 1763 5168; x_wconf 90' lang='lat' dir='ltr'><strong>non</strong></span> <span class='ocrx_word' id='word_1_744' title='bbox 1821 5123 1942 5168; x_wconf 88' lang='lat' dir='ltr'><strong>erat</strong></span> 
     </span>
    </p>
   </div>
   <div class='ocr_carea' id='block_1_94' title="bbox 377 5207 1941 5275">
    <p class='ocr_par' dir='ltr' id='par_1_94' title="bbox 377 5207 1941 5275">
     <span class='ocr_line' id='line_1_94' title="bbox 377 5207 1941 5275; baseline -0.001 -14"><span class='ocrx_word' id='word_1_745' title='bbox 377 5219 551 5273; x_wconf 88' lang='lat' dir='ltr'><strong>tuum,</strong></span> <span class='ocrx_word' id='word_1_746' title='bbox 589 5217 645 5261; x_wconf 92' lang='lat' dir='ltr'><strong>ut</strong></span> <span class='ocrx_word' id='word_1_747' title='bbox 671 5219 764 5262; x_wconf 90' lang='lat' dir='ltr'><strong>aut</strong></span> <span class='ocrx_word' id='word_1_748' title='bbox 790 5219 842 5262; x_wconf 90' lang='lat' dir='ltr'><strong>tu</strong></span> <span class='ocrx_word' id='word_1_749' title='bbox 875 5225 1062 5264; x_wconf 84' lang='lat' dir='ltr'><strong>omnes</strong></span> <span class='ocrx_word' id='word_1_750' title='bbox 1088 5211 1359 5275; x_wconf 86' lang='lat' dir='ltr'><strong>vinceres,</strong></span> <span class='ocrx_word' id='word_1_751' title='bbox 1385 5220 1474 5262; x_wconf 90' lang='lat' dir='ltr'><strong>aut</strong></span> <span class='ocrx_word' id='word_1_752' title='bbox 1508 5224 1664 5262; x_wconf 88' lang='lat' dir='ltr'><strong>nemo</strong></span> <span class='ocrx_word' id='word_1_753' title='bbox 1693 5218 1762 5262; x_wconf 89' lang='lat' dir='ltr'><strong>te.</strong></span> <span class='ocrx_word' id='word_1_754' title='bbox 1795 5207 1941 5262; x_wconf 88' lang='lat' dir='ltr'><strong>Cun-</strong></span> 
     </span>
    </p>
   </div>
   <div class='ocr_carea' id='block_1_95' title="bbox 373 5298 1945 5369">
    <p class='ocr_par' dir='ltr' id='par_1_95' title="bbox 373 5298 1945 5369">
     <span class='ocr_line' id='line_1_95' title="bbox 373 5298 1945 5369; baseline -0.002 -16"><span class='ocrx_word' id='word_1_755' title='bbox 373 5312 460 5354; x_wconf 89' lang='lat' dir='ltr'><strong>cta</strong></span> <span class='ocrx_word' id='word_1_756' title='bbox 492 5301 635 5353; x_wconf 89' lang='lat' dir='ltr'><strong>enim</strong></span> <span class='ocrx_word' id='word_1_757' title='bbox 668 5301 753 5353; x_wconf 85' lang='lat' dir='ltr'><strong>illa</strong></span> <span class='ocrx_word' id='word_1_758' title='bbox 783 5300 914 5355; x_wconf 78' lang='lat' dir='ltr'><strong>loris</strong></span> <span class='ocrx_word' id='word_1_759' title='bbox 966 5312 1266 5369; x_wconf 86' lang='lat' dir='ltr'><strong>petuntur:</strong></span> <span class='ocrx_word' id='word_1_760' title='bbox 1318 5311 1372 5354; x_wconf 88' lang='lat' dir='ltr'><strong>et</strong></span> <span class='ocrx_word' id='word_1_761' title='bbox 1420 5299 1681 5369; x_wconf 76' lang='lat' dir='ltr'><strong>quidquid</strong></span> <span class='ocrx_word' id='word_1_762' title='bbox 1727 5298 1945 5351; x_wconf 88' lang='lat' dir='ltr'><strong>aliunde</strong></span> 
     </span>
    </p>
   </div>
   <div class='ocr_carea' id='block_1_96' title="bbox 378 5393 1946 5478">
    <p class='ocr_par' dir='ltr' id='par_1_96' title="bbox 378 5393 1946 5478">
     <span class='ocr_line' id='line_1_96' title="bbox 378 5393 1946 5478; baseline -0.003 -31"><span class='ocrx_word' id='word_1_763' title='bbox 378 5402 650 5478; x_wconf 67' lang='lat' dir='ltr'><strong>speratur,</strong></span> <span class='ocrx_word' id='word_1_764' title='bbox 687 5394 918 5448; x_wconf 80' lang='lat' dir='ltr'><strong>alienum</strong></span> <span class='ocrx_word' id='word_1_765' title='bbox 949 5405 1052 5449; x_wconf 86' lang='lat' dir='ltr'><strong>est.</strong></span> <span class='ocrx_word' id='word_1_766' title='bbox 1116 5393 1241 5446; x_wconf 72' lang='lat' dir='ltr'><strong>Haec</strong></span> <span class='ocrx_word' id='word_1_767' title='bbox 1278 5407 1406 5446; x_wconf 82' lang='lat' dir='ltr'><strong>vero</strong></span> <span class='ocrx_word' id='word_1_768' title='bbox 1444 5395 1494 5444; x_wconf 90' lang='lat' dir='ltr'><strong>in</strong></span> <span class='ocrx_word' id='word_1_769' title='bbox 1546 5400 1635 5444; x_wconf 84' lang='lat' dir='ltr'><strong>tua</strong></span> <span class='ocrx_word' id='word_1_770' title='bbox 1679 5397 1946 5458; x_wconf 87' lang='lat' dir='ltr'><strong>potestate</strong></span> 
     </span>
    </p>
   </div>
   <div class='ocr_carea' id='block_1_97' title="bbox 378 5482 1944 5554">
    <p class='ocr_par' dir='ltr' id='par_1_97' title="bbox 378 5482 1944 5554">
     <span class='ocr_line' id='line_1_97' title="bbox 378 5482 1944 5554; baseline -0.004 -15"><span class='ocrx_word' id='word_1_771' title='bbox 378 5495 525 5549; x_wconf 79' lang='lat' dir='ltr'><strong>surn,</strong></span> <span class='ocrx_word' id='word_1_772' title='bbox 557 5497 610 5540; x_wconf 80' lang='lat' dir='ltr'><strong>et</strong></span> <span class='ocrx_word' id='word_1_773' title='bbox 635 5499 760 5539; x_wconf 69' lang='lat' dir='ltr'><strong>vero.</strong></span> <span class='ocrx_word' id='word_1_774' title='bbox 790 5487 1027 5554; x_wconf 87' lang='lat' dir='ltr'><strong>propria,</strong></span> <span class='ocrx_word' id='word_1_775' title='bbox 1055 5501 1172 5553; x_wconf 77' lang='lat' dir='ltr'><strong>qua:</strong></span> <span class='ocrx_word' id='word_1_776' title='bbox 1204 5499 1306 5537; x_wconf 86' lang='lat' dir='ltr'><strong>non</strong></span> <span class='ocrx_word' id='word_1_777' title='bbox 1340 5482 1671 5535; x_wconf 79' lang='lat' dir='ltr'><strong>extrinsecus</strong></span> <span class='ocrx_word' id='word_1_778' title='bbox 1703 5482 1944 5543; x_wconf 84' lang='lat' dir='ltr'><strong>veniunt,</strong></span> 
     </span>
    </p>
   </div>
   <div class='ocr_carea' id='block_1_98' title="bbox 380 5574 1945 5644">
    <p class='ocr_par' dir='ltr' id='par_1_98' title="bbox 380 5574 1945 5644">
     <span class='ocr_line' id='line_1_98' title="bbox 380 5574 1945 5644; baseline -0.005 -11"><span class='ocrx_word' id='word_1_779' title='bbox 380 5577 475 5633; x_wconf 76' lang='lat' dir='ltr'><strong>Sed</strong></span> <span class='ocrx_word' id='word_1_780' title='bbox 510 5577 560 5631; x_wconf 90' lang='lat' dir='ltr'><strong>iu</strong></span> <span class='ocrx_word' id='word_1_781' title='bbox 591 5577 710 5644; x_wconf 86' lang='lat' dir='ltr'><strong>ipso</strong></span> <span class='ocrx_word' id='word_1_782' title='bbox 743 5581 902 5630; x_wconf 85' lang='lat' dir='ltr'><strong>corde</strong></span> <span class='ocrx_word' id='word_1_783' title='bbox 927 5589 1267 5644; x_wconf 71' lang='lat' dir='ltr'><strong>generantur.</strong></span> <span class='ocrx_word' id='word_1_784' title='bbox 1303 5574 1393 5627; x_wconf 84' lang='lat' dir='ltr'><strong>Illa</strong></span> <span class='ocrx_word' id='word_1_785' title='bbox 1428 5575 1596 5639; x_wconf 90' lang='lat' dir='ltr'><strong>enim,</strong></span> <span class='ocrx_word' id='word_1_786' title='bbox 1631 5589 1730 5628; x_wconf 86' lang='lat' dir='ltr'><strong>nec</strong></span> <span class='ocrx_word' id='word_1_787' title='bbox 1746 5574 1945 5638; x_wconf 89' lang='lat' dir='ltr'><strong>omnis,</strong></span> 
     </span>
    </p>
   </div>
   <div class='ocr_carea' id='block_1_99' title="bbox 381 5666 1950 5736">
    <p class='ocr_par' dir='ltr' id='par_1_99' title="bbox 381 5666 1950 5736">
     <span class='ocr_line' id='line_1_99' title="bbox 381 5666 1950 5736; baseline -0.002 -17"><span class='ocrx_word' id='word_1_788' title='bbox 381 5668 474 5735; x_wconf 90' lang='lat' dir='ltr'><strong>qui</strong></span> <span class='ocrx_word' id='word_1_789' title='bbox 529 5669 743 5736; x_wconf 70' lang='lat' dir='ltr'><strong>quaerit,</strong></span> <span class='ocrx_word' id='word_1_790' title='bbox 775 5668 1014 5734; x_wconf 76' lang='lat' dir='ltr'><strong>invenit;</strong></span> <span class='ocrx_word' id='word_1_791' title='bbox 1072 5683 1177 5722; x_wconf 87' lang='lat' dir='ltr'><strong>nec</strong></span> <span class='ocrx_word' id='word_1_792' title='bbox 1235 5667 1326 5736; x_wconf 88' lang='lat' dir='ltr'><strong>qui</strong></span> <span class='ocrx_word' id='word_1_793' title='bbox 1386 5666 1675 5732; x_wconf 87' lang='lat' dir='ltr'><strong>invenerit,</strong></span> <span class='ocrx_word' id='word_1_794' title='bbox 1734 5677 1950 5732; x_wconf 76' lang='lat' dir='ltr'><strong>seraper</strong></span> 
     </span>
    </p>
   </div>
   <div class='ocr_carea' id='block_1_100' title="bbox 387 5758 1948 5828">
    <p class='ocr_par' dir='ltr' id='par_1_100' title="bbox 387 5758 1948 5828">
     <span class='ocr_line' id='line_1_100' title="bbox 387 5758 1948 5828; baseline 0 -18"><span class='ocrx_word' id='word_1_795' title='bbox 387 5768 532 5813; x_wconf 89' lang='lat' dir='ltr'><strong>tenet</strong></span> <span class='ocrx_word' id='word_1_796' title='bbox 568 5761 734 5828; x_wconf 89' lang='lat' dir='ltr'><strong>;quia</strong></span> <span class='ocrx_word' id='word_1_797' title='bbox 773 5771 830 5814; x_wconf 92' lang='lat' dir='ltr'><strong>ut</strong></span> <span class='ocrx_word' id='word_1_798' title='bbox 863 5775 921 5815; x_wconf 85' lang='lat' dir='ltr'><strong>ea</strong></span> <span class='ocrx_word' id='word_1_799' title='bbox 963 5761 1334 5825; x_wconf 85' lang='lat' dir='ltr'><strong>commodare,</strong></span> <span class='ocrx_word' id='word_1_800' title='bbox 1368 5761 1439 5812; x_wconf 86' lang='lat' dir='ltr'><strong>ita</strong></span> <span class='ocrx_word' id='word_1_801' title='bbox 1471 5769 1518 5810; x_wconf 85' lang='lat' dir='ltr'><strong>et</strong></span> <span class='ocrx_word' id='word_1_802' title='bbox 1546 5758 1756 5826; x_wconf 87' lang='lat' dir='ltr'><strong>eripere</strong></span> <span class='ocrx_word' id='word_1_803' title='bbox 1786 5768 1948 5810; x_wconf 85' lang='lat' dir='ltr'><strong>casus</strong></span> 
     </span>
    </p>
   </div>
   <div class='ocr_carea' id='block_1_101' title="bbox 2044 4535 3611 4615">
    <p class='ocr_par' dir='ltr' id='par_1_101' title="bbox 2044 4535 3611 4615">
     <span class='ocr_line' id='line_1_101' title="bbox 2044 4535 3611 4615; baseline -0.011 -12"><span class='ocrx_word' id='word_1_804' title='bbox 2044 4549 2366 4603; x_wconf 86' lang='lat' dir='ltr'><strong>immortalis</strong></span> <span class='ocrx_word' id='word_1_805' title='bbox 2427 4547 2691 4615; x_wconf 78' lang='lat' dir='ltr'><strong>promissa</strong></span> <span class='ocrx_word' id='word_1_806' title='bbox 2742 4543 3068 4596; x_wconf 81' lang='lat' dir='ltr'><strong>desiderant.</strong></span> <span class='ocrx_word' id='word_1_807' title='bbox 3141 4535 3258 4590; x_wconf 75' lang='lat' dir='ltr'><strong>Jatn</strong></span> <span class='ocrx_word' id='word_1_808' title='bbox 3316 4547 3466 4588; x_wconf 91' lang='lat' dir='ltr'><strong>tuum</strong></span> <span class='ocrx_word' id='word_1_809' title='bbox 3525 4543 3611 4586; x_wconf 87' lang='lat' dir='ltr'><strong>est</strong></span> 
     </span>
    </p>
   </div>
   <div class='ocr_carea' id='block_1_102' title="bbox 2043 4631 3612 4708">
    <p class='ocr_par' dir='ltr' id='par_1_102' title="bbox 2043 4631 3612 4708">
     <span class='ocr_line' id='line_1_102' title="bbox 2043 4631 3612 4708; baseline -0.013 -10"><span class='ocrx_word' id='word_1_810' title='bbox 2043 4643 2315 4698; x_wconf 67' lang='lat' dir='ltr'><strong>aestimare</strong></span> <span class='ocrx_word' id='word_1_811' title='bbox 2344 4648 2604 4708; x_wconf 86' lang='lat' dir='ltr'><strong>quantum</strong></span> <span class='ocrx_word' id='word_1_812' title='bbox 2663 4641 2843 4688; x_wconf 85' lang='lat' dir='ltr'><strong>animo</strong></span> <span class='ocrx_word' id='word_1_813' title='bbox 2894 4642 3153 4702; x_wconf 70' lang='lat' dir='ltr'><strong>praestare</strong></span> <span class='ocrx_word' id='word_1_814' title='bbox 3205 4631 3448 4682; x_wconf 83' lang='lat' dir='ltr'><strong>debeas:</strong></span> <span class='ocrx_word' id='word_1_815' title='bbox 3494 4641 3612 4693; x_wconf 74' lang='lat' dir='ltr'><strong>quae</strong></span> 
     </span>
    </p>
   </div>
   <div class='ocr_carea' id='block_1_103' title="bbox 2046 4719 3609 4802">
    <p class='ocr_par' dir='ltr' id='par_1_103' title="bbox 2046 4719 3609 4802">
     <span class='ocr_line' id='line_1_103' title="bbox 2046 4719 3609 4802; baseline -0.012 -16"><span class='ocrx_word' id='word_1_816' title='bbox 2046 4732 2268 4802; x_wconf 89' lang='lat' dir='ltr'><strong>majoris</strong></span> <span class='ocrx_word' id='word_1_817' title='bbox 2309 4729 2516 4800; x_wconf 73' lang='lat' dir='ltr'><strong>prtemii</strong></span> <span class='ocrx_word' id='word_1_818' title='bbox 2561 4725 2852 4788; x_wconf 87' lang='lat' dir='ltr'><strong>desiderio,</strong></span> <span class='ocrx_word' id='word_1_819' title='bbox 2882 4724 2999 4792; x_wconf 85' lang='lat' dir='ltr'><strong>plus</strong></span> <span class='ocrx_word' id='word_1_820' title='bbox 3035 4721 3213 4775; x_wconf 78' lang='lat' dir='ltr'><strong>facere</strong></span> <span class='ocrx_word' id='word_1_821' title='bbox 3260 4719 3609 4789; x_wconf 60' lang='grc' dir='ltr'><strong>[ιι-οροδυὶμιί,</strong></span> 
     </span>
    </p>
   </div>
   <div class='ocr_carea' id='block_1_104' title="bbox 2047 4808 3612 4893">
    <p class='ocr_par' dir='ltr' id='par_1_104' title="bbox 2047 4808 3612 4893">
     <span class='ocr_line' id='line_1_104' title="bbox 2047 4808 3612 4893; baseline -0.008 -21"><span class='ocrx_word' id='word_1_822' title='bbox 2047 4841 2208 4893; x_wconf 86' lang='lat' dir='ltr'><strong>quam</strong></span> <span class='ocrx_word' id='word_1_823' title='bbox 2241 4823 2325 4875; x_wconf 90' lang='lat' dir='ltr'><strong>vel</strong></span> <span class='ocrx_word' id='word_1_824' title='bbox 2367 4823 2502 4874; x_wconf 89' lang='lat' dir='ltr'><strong>alias</strong></span> <span class='ocrx_word' id='word_1_825' title='bbox 2529 4818 2708 4872; x_wconf 78' lang='lat' dir='ltr'><strong>facere</strong></span> <span class='ocrx_word' id='word_1_826' title='bbox 2738 4831 2958 4870; x_wconf 83' lang='lat' dir='ltr'><strong>necesse</strong></span> <span class='ocrx_word' id='word_1_827' title='bbox 2987 4823 3092 4868; x_wconf 83' lang='lat' dir='ltr'><strong>est.</strong></span> <span class='ocrx_word' id='word_1_828' title='bbox 3143 4812 3432 4880; x_wconf 78' lang='lat' dir='ltr'><strong>Apostolus</strong></span> <span class='ocrx_word' id='word_1_829' title='bbox 3479 4808 3612 4861; x_wconf 85' lang='lat' dir='ltr'><strong>deli-</strong></span> 
     </span>
    </p>
   </div>
   <div class='ocr_carea' id='block_1_105' title="bbox 2049 4903 3616 4976">
    <p class='ocr_par' dir='ltr' id='par_1_105' title="bbox 2049 4903 3616 4976">
     <span class='ocr_line' id='line_1_105' title="bbox 2049 4903 3616 4976; baseline -0.012 -9"><span class='ocrx_word' id='word_1_830' title='bbox 2049 4915 2201 4969; x_wconf 88' lang='lat' dir='ltr'><strong>niens</strong></span> <span class='ocrx_word' id='word_1_831' title='bbox 2223 4912 2427 4968; x_wconf 89' lang='lat' dir='ltr'><strong>Christi</strong></span> <span class='ocrx_word' id='word_1_832' title='bbox 2457 4910 2714 4976; x_wconf 71' lang='lat' dir='ltr'><strong>virgine-tu</strong></span> <span class='ocrx_word' id='word_1_833' title='bbox 2742 4906 2900 4973; x_wconf 73' lang='lat' dir='ltr'><strong>longe</strong></span> <span class='ocrx_word' id='word_1_834' title='bbox 2925 4919 3042 4957; x_wconf 88' lang='lat' dir='ltr'><strong>eam</strong></span> <span class='ocrx_word' id='word_1_835' title='bbox 3070 4903 3348 4969; x_wconf 79' lang='lat' dir='ltr'><strong>separavit</strong></span> <span class='ocrx_word' id='word_1_836' title='bbox 3371 4919 3396 4952; x_wconf 87' lang='lat' dir='ltr'><strong>a</strong></span> <span class='ocrx_word' id='word_1_837' title='bbox 3421 4910 3616 4968; x_wconf 73' lang='lat' dir='ltr'><strong>nupta;</strong></span> 
     </span>
    </p>
   </div>
   <div class='ocr_carea' id='block_1_106' title="bbox 2049 4989 3618 5065">
    <p class='ocr_par' dir='ltr' id='par_1_106' title="bbox 2049 4989 3618 5065">
     <span class='ocr_line' id='line_1_106' title="bbox 2049 4989 3618 5065; baseline -0.014 -3"><span class='ocrx_word' id='word_1_838' title='bbox 2049 5017 2104 5062; x_wconf 86' lang='lat' dir='ltr'><strong>et</strong></span> <span class='ocrx_word' id='word_1_839' title='bbox 2133 5007 2359 5060; x_wconf 73' lang='lat' dir='ltr'><strong>diversis</strong></span> <span class='ocrx_word' id='word_1_840' title='bbox 2389 5000 2602 5058; x_wconf 87' lang='lat' dir='ltr'><strong>studiis,</strong></span> <span class='ocrx_word' id='word_1_841' title='bbox 2623 4995 3016 5065; x_wconf 78' lang='lat' dir='ltr'><strong>singularitatis</strong></span> <span class='ocrx_word' id='word_1_842' title='bbox 3074 4993 3321 5045; x_wconf 86' lang='lat' dir='ltr'><strong>meritum</strong></span> <span class='ocrx_word' id='word_1_843' title='bbox 3357 4989 3618 5057; x_wconf 73' lang='lat' dir='ltr'><strong>ccujugii-</strong></span> 
     </span>
    </p>
   </div>
   <div class='ocr_carea' id='block_1_107' title="bbox 2049 5085 3621 5171">
    <p class='ocr_par' dir='ltr' id='par_1_107' title="bbox 2049 5085 3621 5171">
     <span class='ocr_line' id='line_1_107' title="bbox 2049 5085 3621 5171; baseline -0.011 -19"><span class='ocrx_word' id='word_1_844' title='bbox 2049 5115 2154 5171; x_wconf 84' lang='lat' dir='ltr'><strong>que</strong></span> <span class='ocrx_word' id='word_1_845' title='bbox 2193 5097 2376 5152; x_wconf 83' lang='lat' dir='ltr'><strong>divisit</strong></span> <span class='ocrx_word' id='word_1_846' title='bbox 2445 5112 2459 5148; x_wconf 90' lang='lat'><strong>:</strong></span> <span class='ocrx_word' id='word_1_847' title='bbox 2501 5091 2754 5160; x_wconf 81' lang='lat' dir='ltr'><strong>Innupta,</strong></span> <span class='ocrx_word' id='word_1_848' title='bbox 2786 5090 2980 5157; x_wconf 84' lang='lat' dir='ltr'><strong>inquit,</strong></span> <span class='ocrx_word' id='word_1_849' title='bbox 3015 5095 3062 5138; x_wconf 88' lang='lat' dir='ltr'><strong>et</strong></span> <span class='ocrx_word' id='word_1_850' title='bbox 3100 5086 3238 5152; x_wconf 79' lang='lat' dir='ltr'><strong>virgo</strong></span> <span class='ocrx_word' id='word_1_851' title='bbox 3274 5085 3466 5151; x_wconf 82' lang='lat' dir='ltr'><strong>cogitat</strong></span> <span class='ocrx_word' id='word_1_852' title='bbox 3507 5095 3621 5148; x_wconf 70' lang='lat' dir='ltr'><strong>qua:</strong></span> 
     </span>
    </p>
   </div>
   <div class='ocr_carea' id='block_1_108' title="bbox 2053 5183 3623 5259">
    <p class='ocr_par' dir='ltr' id='par_1_108' title="bbox 2053 5183 3623 5259">
     <span class='ocr_line' id='line_1_108' title="bbox 2053 5183 3623 5259; baseline -0.016 -9"><span class='ocrx_word' id='word_1_853' title='bbox 2053 5198 2148 5250; x_wconf 83' lang='lat' dir='ltr'><strong>Dei</strong></span> <span class='ocrx_word' id='word_1_854' title='bbox 2171 5203 2288 5248; x_wconf 82' lang='lat' dir='ltr'><strong>sunt</strong></span> <span class='ocrx_word' id='word_1_855' title='bbox 2316 5209 2332 5247; x_wconf 87' lang='lat'><strong><em>:</em></strong></span> <span class='ocrx_word' id='word_1_856' title='bbox 2363 5187 2620 5259; x_wconf 80' lang='lat' dir='ltr'><strong>quomodo</strong></span> <span class='ocrx_word' id='word_1_857' title='bbox 2665 5187 2865 5253; x_wconf 81' lang='lat' dir='ltr'><strong>placeat</strong></span> <span class='ocrx_word' id='word_1_858' title='bbox 2903 5184 3030 5243; x_wconf 83' lang='lat' dir='ltr'><strong>Deo,</strong></span> <span class='ocrx_word' id='word_1_859' title='bbox 3076 5191 3131 5233; x_wconf 85' lang='lat' dir='ltr'><strong>ut</strong></span> <span class='ocrx_word' id='word_1_860' title='bbox 3179 5183 3244 5232; x_wconf 83' lang='lat' dir='ltr'><strong>sit</strong></span> <span class='ocrx_word' id='word_1_861' title='bbox 3281 5187 3462 5231; x_wconf 80' lang='lat' dir='ltr'><strong>stuicta</strong></span> <span class='ocrx_word' id='word_1_862' title='bbox 3508 5191 3623 5227; x_wconf 86' lang='lat' dir='ltr'><strong>cor-</strong></span> 
     </span>
    </p>
   </div>
   <div class='ocr_carea' id='block_1_109' title="bbox 2055 5273 3624 5358">
    <p class='ocr_par' dir='ltr' id='par_1_109' title="bbox 2055 5273 3624 5358">
     <span class='ocr_line' id='line_1_109' title="bbox 2055 5273 3624 5358; baseline -0.015 -16"><span class='ocrx_word' id='word_1_863' title='bbox 2055 5303 2180 5358; x_wconf 83' lang='lat' dir='ltr'><strong>pore</strong></span> <span class='ocrx_word' id='word_1_864' title='bbox 2211 5295 2260 5339; x_wconf 90' lang='lat' dir='ltr'><strong>et</strong></span> <span class='ocrx_word' id='word_1_865' title='bbox 2291 5285 2504 5352; x_wconf 83' lang='lat' dir='ltr'><strong>spiritu.</strong></span> <span class='ocrx_word' id='word_1_866' title='bbox 2544 5279 2673 5344; x_wconf 73' lang='lat' dir='ltr'><strong>Qua:</strong></span> <span class='ocrx_word' id='word_1_867' title='bbox 2722 5287 2899 5330; x_wconf 89' lang='lat' dir='ltr'><strong>autem</strong></span> <span class='ocrx_word' id='word_1_868' title='bbox 2940 5285 3102 5339; x_wconf 77' lang='lat' dir='ltr'><strong>nupta</strong></span> <span class='ocrx_word' id='word_1_869' title='bbox 3134 5283 3232 5332; x_wconf 66' lang='lat' dir='ltr'><strong>est.</strong></span> <span class='ocrx_word' id='word_1_870' title='bbox 3283 5273 3477 5340; x_wconf 78' lang='lat' dir='ltr'><strong>cogitat</strong></span> <span class='ocrx_word' id='word_1_871' title='bbox 3509 5281 3624 5336; x_wconf 66' lang='lat' dir='ltr'><strong>qui:</strong></span> 
     </span>
    </p>
   </div>
   <div class='ocr_carea' id='block_1_110' title="bbox 2056 5358 3623 5442">
    <p class='ocr_par' dir='ltr' id='par_1_110' title="bbox 2056 5358 3623 5442">
     <span class='ocr_line' id='line_1_110' title="bbox 2056 5358 3623 5442; baseline -0.017 -8"><span class='ocrx_word' id='word_1_872' title='bbox 2056 5388 2178 5433; x_wconf 75' lang='lat' dir='ltr'><strong>sunt</strong></span> <span class='ocrx_word' id='word_1_873' title='bbox 2211 5377 2414 5438; x_wconf 82' lang='lat' dir='ltr'><strong>mundi,</strong></span> <span class='ocrx_word' id='word_1_874' title='bbox 2437 5373 2692 5442; x_wconf 80' lang='lat' dir='ltr'><strong>quomodo</strong></span> <span class='ocrx_word' id='word_1_875' title='bbox 2745 5369 2944 5438; x_wconf 76' lang='lat' dir='ltr'><strong>placeat</strong></span> <span class='ocrx_word' id='word_1_876' title='bbox 2997 5366 3105 5420; x_wconf 83' lang='lat' dir='ltr'><strong>viro</strong></span> <span class='ocrx_word' id='word_1_877' title='bbox 3137 5365 3184 5435; x_wconf 82' lang='grc' dir='ltr'><strong>(Ι</strong></span> <span class='ocrx_word' id='word_1_878' title='bbox 3221 5362 3346 5417; x_wconf 88' lang='lat' dir='ltr'><strong>Cor.</strong></span> <span class='ocrx_word' id='word_1_879' title='bbox 3407 5377 3500 5422; x_wconf 78' lang='lat' dir='ltr'><strong>vit,</strong></span> <span class='ocrx_word' id='word_1_880' title='bbox 3535 5358 3623 5418; x_wconf 76' lang='lat'><strong>52,</strong></span> 
     </span>
    </p>
   </div>
   <div class='ocr_carea' id='block_1_111' title="bbox 2059 5451 3626 5540">
    <p class='ocr_par' dir='ltr' id='par_1_111' title="bbox 2059 5451 3626 5540">
     <span class='ocr_line' id='line_1_111' title="bbox 2059 5451 3626 5540; baseline -0.017 -13"><span class='ocrx_word' id='word_1_881' title='bbox 2059 5473 2150 5538; x_wconf 74' lang='lat'><strong>33,</strong></span> <span class='ocrx_word' id='word_1_882' title='bbox 2183 5471 2274 5540; x_wconf 73' lang='grc'><strong>54)</strong></span> <span class='ocrx_word' id='word_1_883' title='bbox 2305 5471 2326 5522; x_wconf 79' lang='lat' dir='ltr'><strong>‘l</strong></span> <span class='ocrx_word' id='word_1_884' title='bbox 2352 5469 2481 5532; x_wconf 78' lang='lat' dir='ltr'><strong>Qua:</strong></span> <span class='ocrx_word' id='word_1_885' title='bbox 2516 5478 2745 5532; x_wconf 71' lang='lat' dir='ltr'><strong>corpore</strong></span> <span class='ocrx_word' id='word_1_886' title='bbox 2779 5473 2831 5514; x_wconf 89' lang='lat' dir='ltr'><strong>et</strong></span> <span class='ocrx_word' id='word_1_887' title='bbox 2863 5463 3054 5530; x_wconf 85' lang='lat' dir='ltr'><strong>spiritu</strong></span> <span class='ocrx_word' id='word_1_888' title='bbox 3085 5471 3270 5514; x_wconf 86' lang='lat' dir='ltr'><strong>saneta</strong></span> <span class='ocrx_word' id='word_1_889' title='bbox 3305 5466 3407 5517; x_wconf 89' lang='lat' dir='ltr'><strong>est,</strong></span> <span class='ocrx_word' id='word_1_890' title='bbox 3441 5471 3536 5505; x_wconf 82' lang='lat' dir='ltr'><strong>nec</strong></span> <span class='ocrx_word' id='word_1_891' title='bbox 3574 5451 3626 5502; x_wconf 91' lang='lat' dir='ltr'><strong>in</strong></span> 
     </span>
    </p>
   </div>
   <div class='ocr_carea' id='block_1_112' title="bbox 2062 5548 3630 5626">
    <p class='ocr_par' dir='ltr' id='par_1_112' title="bbox 2062 5548 3630 5626">
     <span class='ocr_line' id='line_1_112' title="bbox 2062 5548 3630 5626; baseline -0.015 -8"><span class='ocrx_word' id='word_1_892' title='bbox 2062 5575 2244 5619; x_wconf 90' lang='lat' dir='ltr'><strong>mente</strong></span> <span class='ocrx_word' id='word_1_893' title='bbox 2287 5559 2566 5626; x_wconf 78' lang='lat' dir='ltr'><strong>delinquit.</strong></span> <span class='ocrx_word' id='word_1_894' title='bbox 2607 5557 2926 5624; x_wconf 84' lang='lat' dir='ltr'><strong>Deliuquere</strong></span> <span class='ocrx_word' id='word_1_895' title='bbox 2979 5565 3160 5607; x_wconf 88' lang='lat' dir='ltr'><strong>autem</strong></span> <span class='ocrx_word' id='word_1_896' title='bbox 3200 5566 3305 5602; x_wconf 88' lang='lat' dir='ltr'><strong>non</strong></span> <span class='ocrx_word' id='word_1_897' title='bbox 3359 5548 3411 5599; x_wconf 86' lang='lat' dir='ltr'><strong>iu</strong></span> <span class='ocrx_word' id='word_1_898' title='bbox 3468 5557 3630 5597; x_wconf 86' lang='lat' dir='ltr'><strong>causa</strong></span> 
     </span>
    </p>
   </div>
   <div class='ocr_carea' id='block_1_113' title="bbox 2063 5637 3632 5715">
    <p class='ocr_par' dir='ltr' id='par_1_113' title="bbox 2063 5637 3632 5715">
     <span class='ocr_line' id='line_1_113' title="bbox 2063 5637 3632 5715; baseline -0.018 -3"><span class='ocrx_word' id='word_1_899' title='bbox 2063 5655 2334 5712; x_wconf 85' lang='lat' dir='ltr'><strong>castitatis</strong></span> <span class='ocrx_word' id='word_1_900' title='bbox 2365 5659 2568 5704; x_wconf 82' lang='lat' dir='ltr'><strong>tantum</strong></span> <span class='ocrx_word' id='word_1_901' title='bbox 2619 5663 2737 5702; x_wconf 83' lang='lat' dir='ltr'><strong>esse</strong></span> <span class='ocrx_word' id='word_1_902' title='bbox 2790 5657 2990 5715; x_wconf 84' lang='lat' dir='ltr'><strong>potest,</strong></span> <span class='ocrx_word' id='word_1_903' title='bbox 3037 5645 3130 5697; x_wconf 88' lang='lat' dir='ltr'><strong>sed</strong></span> <span class='ocrx_word' id='word_1_904' title='bbox 3171 5642 3331 5694; x_wconf 83' lang='lat' dir='ltr'><strong>etiam</strong></span> <span class='ocrx_word' id='word_1_905' title='bbox 3390 5637 3444 5690; x_wconf 88' lang='lat' dir='ltr'><strong>in</strong></span> <span class='ocrx_word' id='word_1_906' title='bbox 3499 5649 3632 5700; x_wconf 80' lang='lat' dir='ltr'><strong>qua-</strong></span> 
     </span>
    </p>
   </div>
   <div class='ocr_carea' id='block_1_114' title="bbox 2064 5729 3631 5816">
    <p class='ocr_par' dir='ltr' id='par_1_114' title="bbox 2064 5729 3631 5816">
     <span class='ocr_line' id='line_1_114' title="bbox 2064 5729 3631 5816; baseline -0.017 -12"><span class='ocrx_word' id='word_1_907' title='bbox 2064 5762 2277 5816; x_wconf 83' lang='lat' dir='ltr'><strong>cunque</strong></span> <span class='ocrx_word' id='word_1_908' title='bbox 2320 5753 2467 5813; x_wconf 85' lang='lat' dir='ltr'><strong>parte</strong></span> <span class='ocrx_word' id='word_1_909' title='bbox 2511 5739 2753 5809; x_wconf 62' lang='lat' dir='ltr'><strong>justitice.</strong></span> <span class='ocrx_word' id='word_1_910' title='bbox 2810 5736 3068 5804; x_wconf 87' lang='lat' dir='ltr'><strong>Quamvis</strong></span> <span class='ocrx_word' id='word_1_911' title='bbox 3121 5733 3263 5786; x_wconf 89' lang='lat' dir='ltr'><strong>enim</strong></span> <span class='ocrx_word' id='word_1_912' title='bbox 3314 5729 3464 5796; x_wconf 82' lang='lat' dir='ltr'><strong>virgo</strong></span> <span class='ocrx_word' id='word_1_913' title='bbox 3503 5738 3631 5780; x_wconf 82' lang='lat' dir='ltr'><strong>cor-</strong></span> 
     </span>
    </p>
   </div>
  </div>
