4056 6200
421 316 494 377 29
1173 354 1210 377 ο
1293 327 1611 391 PELAGII
1659 335 1759 393 AD
1824 339 2389 406 DEMETRIADEM
2453 349 2843 413 EPISTULA.
3633 362 3704 424 30

425 452 578 546 ςοτθο
611 440 766 546 Virgo
795 441 868 546 sit
906 443 1098 512 spiritu
1135 462 1148 497 :
1277 450 1656 518 nihilominus,
1688 469 1778 512 aut
1835 464 2013 516 maui-
2049 471 2088 523 Α
2119 481 2277 523 aetate
2309 469 2666 528 formaveriut
2695 492 2710 530 :
2742 491 2881 529 nunc
2923 491 2950 528 a
2994 484 3045 530 te
3081 475 3218 530 vinci
3252 472 3496 546 cupiunt,
3531 486 3702 530 tuam-

425 531 552 594 bus,
583 541 676 588 aut
727 535 922 600 oculis,
960 548 1044 590 aut
1098 540 1321 594 auribus
1345 583 1360 609 ,
1404 559 1609 611 peccet.
1638 561 1732 605 aut
1777 551 1958 623 lingua
1995 574 2009 610 :

424 627 696 719 qnotnodo
730 643 962 696 corpore
995 643 1180 685 sancta
1216 634 1442 689 dicenda
1473 647 1560 692 est
1583 639 1694 710 [ΑΙ.
1719 652 1854 698 tacet
1880 647 2013 719 cst]?

427 717 632 772 Deinde
662 720 708 774 si
745 720 827 772 vel
858 722 985 775 odio
1006 722 1226 787 infecta,
1263 728 1346 780 vel
1379 727 1603 794 invidia,
1642 733 1725 786 vel
1757 717 2005 804 avaritia,

425 809 508 863 vel
539 810 820 866 iracundia
858 815 930 867 sit
967 830 984 871 :
1017 819 1288 884 quomodo
1327 821 1522 890 spiritu
1555 827 1768 883 obtinet
1807 834 2007 886 sancti-

428 901 634 954 Μιξιηῖ
675 902 741 956 Ει
779 903 824 956 si
872 917 1062 973 nupta,
1111 921 1231 974 qua
1269 924 1454 965 amore
1507 915 1743 986 conjugii
1785 921 2004 989 cogitat,

422 994 679 1060 quomodo
725 995 934 1062 placeat
974 999 1084 1051 viro
1121 1013 1216 1052 suo
1247 1016 1263 1054 :
1291 1012 1553 1070 quantum
1599 1007 1782 1064 liberis
1833 1013 2003 1067 relin-

423 1096 574 1156 quat,
611 1104 733 1156 quae
771 1091 940 1145 variis
983 1093 1169 1147 mundi
1223 1095 1452 1150 astricta
1507 1101 1678 1164 curis,
1721 1105 1899 1160 rarius
1937 1107 2002 1160 ad

423 1177 756 1232 voluntatem
789 1178 883 1234 Dei
914 1181 1175 1250 respicit:
1219 1192 1400 1240 tamen
1464 1187 1531 1241 de
1571 1193 1812 1255 peccatis
1843 1207 2002 1248 excu-

421 1283 541 1320 sare
567 1283 627 1322 se
659 1282 768 1322 non
809 1279 986 1338 potest
1023 1288 1039 1326 :
1077 1272 1206 1341 quid
1245 1273 1406 1331 faciet
1437 1278 1627 1346 virgo‘,
1664 1295 1788 1351 quae
1828 1288 2000 1339 soluta

421 1359 492 1412 ab
523 1361 786 1417 omnibus
817 1363 977 1429 hujus
1006 1365 1194 1419 mundi
1244 1366 1672 1447 impedimentis,
1721 1388 1782 1426 ac
1809 1374 1999 1442 libera,

419 1450 664 1504 scholam
701 1451 994 1519 quamdam
1026 1457 1295 1510 castitatis
1330 1459 1573 1531 ingressi
1598 1463 1722 1516 est?

488 1541 618 1596 Car.
643 1542 785 1598 XIII.
805 1573 878 1585 -—
904 1544 959 1599 Si
988 1547 1068 1600 vis
1096 1546 1278 1619 itaque
1308 1551 1566 1620 propositi
1619 1554 1694 1605 tui
1728 1555 1998 1623 magnitu-

418 1636 598 1689 dinem
645 1651 871 1711 aequare
905 1641 1170 1708 moribus,
1209 1655 1264 1697 et
1310 1659 1408 1712 per
1458 1644 1642 1698 omnia
1697 1648 1804 1700 Deo
1834 1663 2000 1714 copu-

418 1728 518 1781 lari
554 1743 573 1780 :
597 1728 643 1784 si
674 1729 795 1784 leve
840 1745 904 1784 ac
938 1733 1311 1804 suavejugnm
1353 1733 1584 1800 Christi,
1644 1738 1866 1791 suavius
1902 1739 1998 1794 tibi

2121 580 2226 633 quc
2262 568 2547 622 victoriam
2585 586 2735 625 suam
2778 572 2988 626 Iaudem
3033 587 3154 627 esse
3201 582 3392 642 putant
3422 591 3435 625 :
3469 589 3698 642 quarum

2119 659 2336 726 egregia
2370 674 2496 730 erga
2531 662 2697 717 Deum
2733 663 2867 718 ﬁdes
2901 665 2952 718 in
2986 665 3323 734 professione
3347 675 3436 718 tua
3468 667 3700 718 maxime

2117 750 2340 815 claruit,
2407 769 2526 808 cum
2561 763 2612 808 te
2666 755 2776 822 jam
2842 758 3042 823 nuptiis
3105 769 3487 827 praiparatam,
3535 759 3698 812 simul

2117 854 2280 912 atque
2327 843 2474 900 aliud
2518 848 2652 900 velle
2677 849 3005 913 didicerunt,
3058 850 3191 904 mira
3223 850 3482 904 continuo
3511 866 3697 903 assen-

2115 947 2208 988 sus
2235 937 2541 1002 celeritate,
2575 939 2640 993 ad
2681 941 2730 994 id
2763 943 2904 1010 quod
2932 941 3193 1008 elegeras,
3227 943 3521 996 cohortatre
3546 951 3694 996 sunt.

2115 1024 2180 1077 Et
2215 1029 2476 1093 trepidam
2515 1045 2612 1096 pro
2663 1041 2823 1086 aetate
2851 1032 3197 1096 sententiam,
3254 1033 3542 1087 voluntatis
3585 1046 3696 1086 suze

2112 1116 2438 1171 auctoritate
2473 1117 2826 1173 firmaverunt
2853 1135 2870 1174 :
2898 1129 3155 1189 tuumque
3185 1132 3372 1174 votum
3405 1135 3696 1178 commune

2110 1204 2354 1260 fecerunt
2393 1225 2406 1264 :
2442 1224 2560 1278 qum
2595 1225 2718 1264 cum
2781 1211 2979 1266 multos
3033 1227 3255 1265 suorum
3318 1217 3370 1265 in
3427 1214 3694 1268 altissimo

2109 1299 2388 1367 dignitatis
2442 1302 2615 1370 gradu
2674 1302 2929 1365 viderint,
2963 1304 3028 1356 de
3070 1303 3218 1356 nullo
3275 1305 3346 1358 ita
3406 1315 3462 1357 ut
3511 1306 3576 1357 de
3617 1313 3690 1369 te,

2112 1387 2407 1457 aliquando
2460 1389 2655 1446 laniata:
2713 1402 2857 1446 sunt.
2901 1391 3046 1446 Nihil
3077 1399 3221 1446 enim
3255 1404 3361 1446 tam
3414 1409 3689 1464 magnum,

2107 1479 2240 1532 nihil
2278 1490 2385 1535 tam
2420 1484 2734 1550 princlarum
2792 1484 2841 1536 in
2906 1499 3179 1552 quoquam
3246 1484 3520 1538 viderant.
3566 1484 3690 1537 Sola

2105 1572 2305 1640 quippe
2367 1574 2662 1638 [armstitisti
2729 1575 2913 1642 generi
2952 1581 3068 1638 tuo,
3129 1576 3272 1642 quod
3347 1574 3502 1642 longa
3538 1583 3682 1627 retro

2033 1699 2050 1704 ρ
2103 1667 2263 1712 aetate
2307 1676 2410 1713 non
2446 1662 2654 1717 habuit.
2687 1662 2834 1717 Licet
2884 1663 3123 1717 ediderit
3172 1663 3347 1716 virilis
3377 1677 3540 1718 sexus
3576 1677 3690 1716 me-

2105 1752 2400 1806 morabiles
2434 1755 2789 1808 consulatus:
2823 1764 2876 1809 et
2916 1755 3239 1825 amplissimi
3273 1754 3484 1809 ordinis
3517 1752 3689 1809 fastus

415 1821 696 1889 leviusque
735 1823 820 1877 vis
846 1822 1027 1878 facere
1061 1842 1073 1877 :
1105 1839 1251 1879 nunc
1307 1827 1544 1881 maxime
1586 1829 1638 1882 in
1691 1830 1846 1884 beata
1886 1831 1996 1887 vita

2107 1840 2219 1912 [ΑΙ.
2255 1843 2483 1916 status],
2519 1846 2751 1899 illustris
2788 1815 3260 1901 fantiliaanomiua
3306 1847 3561 1914 frequens
3591 1862 3692 1900 au-

413 1929 598 1966 turam
624 1913 877 1983 impende
908 1931 923 1969 :
959 1931 1102 1970 nunc
1144 1918 1325 1978 stude,
1375 1928 1433 1972 ut
1464 1920 1730 1974 calentem
1767 1926 2000 1979 recentis

415 2001 572 2054 fidem
606 2001 1003 2067 conversionis,
1042 2017 1215 2057 novus
1243 2021 1458 2073 semper
1488 2009 1654 2061 ardor
1706 2015 1995 2077 accendat,

413 2100 470 2146 et
502 2093 552 2146 in
587 2103 770 2148 tenera
797 2094 974 2149 adhuc
1000 2106 1162 2149 aetate
1215 2097 1427 2152 facilius
1478 2112 1679 2155 sanctae
1706 2118 2000 2158 conversa-

396 2185 583 2238 .tionis
610 2200 741 2240 usus
778 2186 1064 2243 inolescat.
1103 2190 1376 2258 Quidquid
1431 2190 1486 2245 in
1543 2201 1595 2247 te
1633 2196 1866 2262 primum
1913 2197 1995 2250 itt-

413 2277 680 2343 stitueris,
740 2279 846 2334 hoc
882 2281 1140 2343 manebit,
1193 2294 1245 2334 et
1306 2283 1373 2336 ad
1430 2284 1707 2340 initiorum
1778 2300 1996 2342 tuorum

414 2370 653 2436 regulam
692 2370 897 2438 reliqua
932 2370 1039 2424 vita
1085 2374 1361 2426 deeurrct.
1394 2371 1545 2428 Finis
1581 2376 1998 2440 inmips‘o'e‘x‘or-

412 2463 500 2511 dio
529 2461 848 2529 cogitandus
880 2471 984 2516 est.
1022 2462 1220 2528 Qualis
1269 2465 1335 2518 ad
1367 2466 1514 2518 illum
1559 2463 1830 2520 ιιιιῆἷιιιιιιι
1852 2469 1994 2522 diem

415 2555 702 2620 pervenire
725 2553 896 2623 cupis,
941 2555 1062 2609 talis
1096 2572 1237 2610 uttnc
1278 2558 1388 2626 jam
1423 2572 1546 2613 eSse
1591 2573 1814 2613 conare.
1850 2560 1993 2614 Cun-

412 2646 640 2697 sm-tudo
664 2656 766 2709 est,
799 2661 918 2716 quae
937 2658 1028 2700 aut
1054 2664 1086 2700 v
1113 2651 1185 2700 tia
1243 2659 1332 2701 aut
1358 2651 1584 2704 virtutes
1613 2653 1733 2737 alii,
1766 2639 1994 2723 qha’sqne

414 2740 467 2786 tu
505 2739 585 2789 his
610 2737 898 2804 plurimum
924 2738 1089 2803 valet,
1119 2757 1239 2794 cum
1272 2743 1470 2809 quibus
1502 2739 1571 2798 ab
1599 2743 1994 2800 ineunte’a’tdie

413 2829 579 2882 simul
607 2831 861 2883 creverit.
890 2829 1090 2900 Optimi
1111 2844 1235 2886 suttt
1268 2837 1333 2886 ad
1358 2836 1754 2891 institutionem
1781 2854 1990 2892 morum

414 2924 575 2990 primi
611 2926 809 2992 quique
839 2925 988 2979 anni.
1032 2925 1239 2980 Habent
1285 2928 1430 2979 enim
1485 2926 1594 2998 [.tl.
1627 2928 1814 3001 etiam]
1846 2932 1897 2984 in
1933 2945 1995 2986 se

415 3015 622 3067 lentum
654 3017 912 3084 quiddam
973 3023 1028 3072 et
1084 3018 1282 3085 molle,
1335 3022 1477 3088 quod
1549 3021 1712 3075 facile
1765 3023 1990 3077 formari

2103 1937 2264 1990 dierit
2307 1937 2486 1992 :nihil
2523 1953 2758 2006 unquam
2821 1951 2999 1992 tamen
3037 1940 3091 1992 in
3135 1954 3334 2009 genere
3377 1946 3556 1992 vestro
3584 1939 3692 1992 hoc

2102 2036 2196 2082 tuo
2227 2028 2434 2081 honore
2466 2027 2568 2081 fuit
2595 2029 2969 2097 praestantius,
3000 2031 3088 2095 qui
3125 2043 3228 2082 non
3270 2027 3536 2096 corporali
3566 2027 3691 2080 albo

2101 2116 2201 2188 [AL
2232 2117 2393 2190 alvo],
2429 2119 2524 2174 sed
2567 2120 2619 2172 in
2658 2119 2796 2172 libro
2833 2123 3121 2174 memoriae
3152 2120 3475 2173 immortalis
3515 2120 3692 2172 inscr-

2100 2220 2188 2264 tus
2221 2219 2328 2264 est.
2383 2207 2520 2265 Cum
2557 2212 2873 2280 exceperint
2908 2213 2988 2266 illi
3031 2211 3327 2265 theatrales
3384 2219 3496 2263 toto
3551 2210 3686 2264 orbe

2099 2303 2318 2380 plausus
2357 2320 2368 2330 ·
2408 2303 3024 2379 miraqoe'arclamandi
3085 2303 3501 2369 conspiratioiie
3554 2301 3687 2354 iusi-

2098 2381 2234 2464 ghiav
2255 2387 2828 2461 Σιεοιιδυμιιιι⁸⁴ἱιιιξγίιτι,
2869 2395 3046 2450 latum
3080 2395 3271 2464 vulgus
3303 2395 3634 2462 expresserit
3669 2407 3687 2448 :

2101 2480 2263 2555 io‘tige
2301 2478 2483 2541 tamen
2518 2488 2595 2541 tui
2634 2487 2858 2541 honoris
2885 2497 2966 2540 est
2990 2486 3158 2555 gloria
3189 2484 3382 2552 major,
3409 2500 3529 2554 qua:
3560 2500 3690 2550 gau-

2100 2579 2248 2632 dium
2302 2581 2352 2631 ir.
2405 2578 2754 2634 crrlisvfccit
2822 2577 3144 2651 angelisque
3198 2577 3464 2631 laetitiam.
3512 2575 3610 2629 Per
3640 2585 3692 2628 te

2098 2663 2241 2726 enim
2291 2656 3262 2738 tida‘meretricum-iocapletantur,
3317 2669 3412 2724 sed
3464 2670 3685 2722 aluntur

2100 2743 2564 2834 virgines'tlhristi
2601 2784 2614 2819 :
2653 2780 2758 2818 nou
2797 2774 3022 2819 venator
3077 2775 3131 2818 et
3163 2765 3354 2834 auriga
3410 2764 3682 2821 ditantur,

2098 2861 2191 2914 sed
2225 2867 2598 2912 sustentantur
2635 2871 2900 2925 pauperes
2957 2855 3184 2910 Christi.
3216 2856 3297 2910 Ad
3337 2856 3682 2908 consulatum

2095 2964 2284 3002 eorum
2320 2949 2546 3002 diversae
2579 2949 2743 3001 t0tius
2771 2947 2918 3001 orbis
2951 2949 3268 3015 provinciae,
3299 2947 3368 3001 ad
3415 2962 3550 3015 quas
3578 2948 3680 2999 do-

2099 3056 2215 3092 n-ns
2249 3051 2443 3094 vesrrue
2493 3040 2730 3108 potentia
2777 3039 3117 3105 extenditur,
3157 3041 3478 3108 peregrinas
3541 3039 3685 3092 feras

412 3119 598 3178 queat,
636 3119 802 3180 atque
837 3114 906 3166 ad
967 3113 1256 3167 arbitrium
1307 3116 1541 3168 volentis
1604 3114 1746 3170 trahi
1781 3133 1795 3170 :
1842 3125 1896 3171 et
1934 3117 1989 3169 in

2104 3139 2149 3184 et
2191 3131 2370 3197 ignota
2430 3131 2692 3182 animalia
2757 3131 3204 3191 transmiserunt,
3261 3145 3381 3198 qua:
3439 3131 3680 3183 crudelis

413 3205 631 3259 cunctis
663 3205 775 3260 fere
834 3208 996 3262 rebus
1033 3208 1197 3262 citius
1234 3212 1572 3263 assuescitur
1631 3225 1793 3265 omne
1847 3215 1990 3279 quod

419 3305 700 3349 terrenum
736 3308 837 3352 est.
870 3297 1121 3354 Νυνριιίιε
1169 3301 1346 3354 adhuc
1393 3311 1446 3355 et
1478 3303 1563 3356 vix
1606 3302 1770 3356 firma:
1797 3305 1998 3359 radius

416 3387 755 3454 arbusculas,
799 3391 926 3443 dum
955 3393 1023 3444 ad
1047 3407 1267 3445 omnem
1300 3396 1518 3447 duetum
1546 3411 1811 3464 sequaces
1841 3407 1993 3462 sunt,

418 3480 474 3533 in
513 3481 810 3550 quamlibet
835 3493 1041 3552 partem
1092 3486 1235 3538 flecti
1293 3486 1451 3539 facile
1480 3497 1584 3540 cst.
1619 3487 1749 3553 Quae
1799 3500 1993 3542 natura

416 3575 745 3644 plerumque
797 3587 1070 3644 curvatas,
1124 3580 1236 3632 cito
1289 3580 1355 3632 ad
1411 3581 1699 3633 arbitrium
1770 3581 1996 3637 colentis

417 3670 790 3738 corriguntur.
837 3669 1048 3725 Tenera
1096 3669 1227 3741 [ΑΙ.
1285 3671 1375 3725 ad.
1430 3670 1649 3742 adhuc]
1709 3683 1764 3726 et
1808 3676 1996 3741 prima:

418 3762 598 3814 adhuc
621 3764 796 3817 etatis
826 3765 1100 3828 animalia,
1131 3766 1251 3820 sine
1301 3765 1488 3818 labore
1537 3766 1745 3819 domari
1781 3768 1992 3820 solent:

418 3864 733 3924 quantoque
759 3855 923 3909 citius
948 3871 975 3906 a
1007 3857 1238 3924 vagandi
1285 3855 1534 3910 libertate
1568 3859 1808 3910 dissueta
1844 3869 1991 3923 sunt,

417 3956 569 3998 tanto
604 3948 812 4001 facilius
854 3948 936 4001 vel
968 3947 1106 4000 colla
1150 3945 1304 4017 jugu,
1347 3947 1430 4000 vel
1483 3947 1651 4000 frenis
1686 3964 1779 4000 ora
1809 3948 1994 4001 insue-

413 4051 596 4093 scunt.
625 4040 744 4108 Ipsa
778 4056 990 4108 quoque
1023 4041 1330 4093 litterarum
1357 4039 1534 4093 studia
1571 4043 1775 4094 teneris
1797 4041 1991 4094 melius

413 4133 734 4185 inseruntur
762 4131 1017 4202 ingeniis.
1062 4131 1229 4199 quue
1260 4130 1478 4198 penitus
1503 4129 1769 4184 inhaerere
1815 4132 1994 4183 sensi-

414 4224 515 4277 bus
562 4225 724 4291 solet,
757 4227 904 4292 quod
963 4224 1218 4293 primitus
1280 4223 1480 4276 sederit
1529 4223 1578 4274 in
1638 4233 1836 4275 tuente.
1877 4221 1991 4276 lloc

413 4319 557 4371 idem
591 4315 1060 4386 plurimumetiam
1093 4317 1144 4368 in
1172 4317 1306 4369 bene
1333 4315 1549 4369 vivendi
1572 4316 1781 4368 ratione
1807 4317 1986 4371 valet:

413 4418 543 4467 dntn
577 4415 756 4468 adhuc
789 4413 1005 4467 mobilis
1047 4423 1132 4466 est
1169 4423 1324 4476 mtas,
1357 4419 1413 4465 ct
1448 4413 1664 4465 auiums
1715 4413 1836 4465 duci
1867 4411 1994 4465 faci-

2107 3237 2286 3275 arenze
2315 3221 2489 3276 solum
2515 3222 2596 3276 vel
2629 3239 2728 3277 suo
2773 3222 2856 3275 vel
2891 3223 3168 3275 hominum
3198 3225 3461 3290 sanguine
3490 3237 3686 3275 crucu-
3769 3235 3778 3252 ι

2109 3319 2308 3366 tarent.
2342 3313 2423 3366 Ad
2453 3321 2504 3366 te
2537 3327 2666 3366 vero
2695 3313 2882 3366 electa:
2909 3326 3137 3380 quaeque
3170 3312 3407 3380 virgines
3448 3311 3680 3365 mittun-

2111 3416 2243 3458 tur:
2287 3419 2422 3474 quas
2465 3413 2518 3458 tu
2576 3405 3029 3472 pretiosissimum
3078 3418 3274 3457 munus
3313 3404 3511 3457 oflcras
3550 3407 3680 3469 Deo,

2111 3504 2308 3562 tuoque
2337 3495 2583 3563 exemplo
2613 3494 2678 3547 ad
2704 3505 3017 3562 perpetuam
3039 3508 3301 3560 provoces
3327 3503 3631 3567 castitatem
3662 3509 3679 3549 ς

2108 3604 2211 3640 non
2258 3588 2374 3652 tibi,
2411 3589 2505 3640 sed
2543 3596 2721 3640 tecum
2756 3586 2888 3651 Deo,
2923 3586 3250 3638 serviturus.
3291 3583 3414 3637 Ihec
3466 3584 3675 3652 profes-

2105 3680 2276 3734 sionis
2331 3692 2432 3742 tute
2461 3680 2630 3749 gloria
2691 3694 2910 3732 rumore
2945 3679 3144 3733 celebri
3213 3679 3430 3747 vulgata
3481 3691 3564 3732 est
3590 3695 3682 3747 per

2105 3771 2525 3832 cunctos,ctita
2559 3774 2624 3823 ad
2675 3769 3149 3823 conversationem
3202 3767 3312 3840 [AL
3368 3771 3682 3824 conversio-
3765 3811 3770 3817 .

2106 3861 2251 3932 ueni]
2285 3872 2430 3914 tuam
2486 3872 2630 3914 totus
2665 3863 2963 3916 exsultavit
3023 3861 3193 3922 orbis,
3252 3869 3310 3912 ut
3361 3863 3506 3928 quod
3567 3877 3677 3930 prae

2103 3954 2306 4024 ingenti
2337 3955 2527 4022 gaudio
2556 3956 2645 4005 vix
2678 3953 2854 4006 adhuc
2889 3954 3136 4006 homines
3157 3953 3379 4006 credere
3407 3961 3680 4021 poterant,

2107 4048 2158 4100 id
2191 4061 2404 4115 semper
2452 4045 2737 4099 videantur
2786 4056 3024 4114 Optasse.
3059 4043 3288 4098 Multum
3355 4046 3436 4098 his
3490 4045 3684 4110 initiis,

2103 4139 2331 4191 multttm
2382 4137 2538 4190 fama:
2585 4146 2688 4189 tuae
2717 4133 2886 4189 odore
2914 4137 3188 4204 suspensi,
3237 4149 3430 4188 omnes
3488 4137 3681 4188 mirum

2098 4235 2163 4283 de
2201 4239 2250 4281 te
2285 4228 2468 4294 nescio
2503 4229 2628 4297 quid
2660 4229 2848 4282 audire
2888 4227 3228 4280 desiderant.
3274 4224 3340 4278 Et
3381 4225 3473 4288 qui
3506 4225 3688 4295 profe-

2101 4321 2302 4376 ctionis
2331 4325 2762 4390 tuazlcoguovere
2808 4321 3089 4385 virtutem,
3123 4333 3264 4372 nunc
3298 4323 3680 4372 conversatio-

2105 4415 2186 4467 nis
2237 4420 2581 4484 exspectant.
2638 4411 2692 4465 In
2729 4421 2782 4466 te
2817 4427 2962 4465 nunc
3025 4424 3157 4481 puta
3217 4421 3537 4464 cunctorum
3584 4426 3684 4466 ora

414 4509 482 4562 Iis
516 4548 530 4570 ,
567 4509 870 4562 exercenda
933 4507 1060 4560 boui
1116 4506 1477 4570 consuetudo,
1512 4513 1565 4557 et
1604 4506 1722 4575 jugi
1769 4506 1994 4559 medita-
2021 4511 2074 4570 Β
2100 4507 2394 4574 oculosque
2424 4520 2735 4568 conversos,
2765 4517 2818 4559 et
2843 4507 2907 4558 ad
2937 4504 3303 4572 spectaculum
3328 4507 3450 4557 vita:
3477 4512 3684 4558 tuanto-

415 4604 567 4654 tione
595 4599 974 4655 confirmanda
1032 4609 1136 4654 est.
1195 4598 1588 4667 Occupandum
1641 4607 1725 4652 est
1769 4600 1993 4668 optimis

415 4697 579 4748 rebus
615 4693 894 4759 ingenium
939 4703 1037 4747 :et
1091 4704 1299 4747 sancta:
1365 4692 1807 4747 conversationis
1867 4707 1997 4746 usus

414 4788 581 4841 altius
633 4787 950 4841 iufereudus
980 4797 1082 4840 est.
1135 4784 1292 4841 Tunc
1343 4802 1472 4840 vero
1520 4787 1586 4840 ad
1641 4785 1996 4855 perfectionis

415 4882 690 4947 fastigium
725 4882 941 4935 animus
969 4880 1215 4934 ascendit
1258 4919 1274 4946 ,
1299 4889 1355 4934 et
1388 4879 1547 4946 longe
1587 4877 2000 4932 consuetudinis

410 4971 682 5026 beneﬁcio
697 4972 870 5024 utitur
896 4972 963 5023 ad
1004 4973 1142 5026 bene
1171 4971 1392 5026 vivendi
1422 4972 1763 5025 facultatem.
1797 4967 1861 5022 Et
1891 4970 1999 5022 vir-

412 5073 559 5116 tutes
587 5076 713 5116 suas
735 5065 850 5130 ipse
895 5063 1064 5120 etiam
1095 5065 1325 5118 miratus
1363 5078 1568 5126 secum,
1604 5063 2001 5132 quodammodo

409 5159 467 5210 in
505 5171 564 5208 se
597 5158 802 5225 putabit
849 5163 1034 5209 natum
1063 5169 1186 5212 esse
1213 5156 1361 5224 quod
1391 5153 1581 5208 didicit
1631 5153 1734 5224 [AL
1785 5153 1993 5225 discit].

485 5251 615 5306 Car.
652 5248 791 5304 XIV.
835 5277 905 5290 -—-
933 5250 1185 5317 Respice,
1231 5250 1464 5305 obsecro
1491 5288 1504 5309 ,
1563 5254 1826 5315 quantum
1863 5261 1894 5300 a
1944 5258 1995 5301 te

407 5341 727 5398 sanctitatis
761 5341 882 5394 avia
919 5352 1204 5406 materque
1239 5345 1602 5401 exspectant;
1650 5349 1770 5402 qua:
1799 5348 1922 5387 cum
1950 5344 1999 5387 te

408 5434 567 5503 quasi
610 5445 885 5488 nominet
912 5433 1122 5486 illustre
1169 5431 1440 5500 quoddam
1474 5427 1654 5480 lumen
1684 5427 1870 5495 generi
1900 5441 1999 5480 suo

411 5538 604 5581 natum
639 5540 757 5582 esu
801 5535 995 5595 putant
1038 5523 1150 5596 [ΑΙ.
1185 5520 1403 5593 putent]
1437 5563 1452 5588 ,
1482 5537 1627 5576 nunc
1657 5519 1710 5574 in
1742 5529 1792 5573 te
1825 5519 1996 5572 solam

410 5635 632 5675 omnem
674 5634 862 5675 curam
921 5619 1090 5672 animi
1153 5617 1673 5670 transmlcruntwt
1733 5614 1995 5683 propositi

411 5715 492 5766 tni
531 5729 746 5767 cursum
808 5713 966 5767 miris
1015 5709 1210 5766 Studiis
1279 5723 1340 5760 ac
1396 5707 1579 5760 favore
1635 5707 1993 5760 succendunt.

411 5805 662 5873 Cumque
706 5810 832 5876 ipsa:
874 5816 923 5862 te
966 5806 1030 5860 ad
1062 5805 1401 5860 honestatem
1433 5819 1638 5857 morutn
1671 5803 1734 5856 ab
1773 5801 1993 5856 ineunte

2107 4608 2216 4652 tum
2249 4597 2566 4651 consedisse
2596 4597 2884 4651 mundum.
2912 4596 3075 4660 Cave,
3105 4595 3175 4650 ne
3202 4610 3297 4666 per
3326 4607 3376 4649 te
3406 4605 3682 4650 tantormn

2105 4691 2272 4744 animi
2301 4689 2657 4744 olIendautnr
2687 4706 2701 4742 :
2732 4704 2829 4742 nec
2855 4691 3033 4742 minus
3069 4689 3120 4742 in
3147 4699 3197 4742 te
3223 4689 3688 4759 iuveniantqnam

2103 4783 2212 4856 [ΑΙ.
2255 4782 2400 4855 ιιιιωῖ
2451 4785 2758 4854 requirunt.
2814 4779 3013 4837 Verum
3073 4782 3204 4852 quid
3255 4797 3354 4852 ego
3389 4794 3561 4837 tecum
3620 4785 3686 4836 de

2105 4877 2417 4932 hominibus
2479 4891 2602 4946 ago,
2660 4889 2962 4943 eorumque
3015 4874 3082 4928 de
3116 4883 3168 4927 te
3226 4873 3684 4942 exspectatiOnem

2102 4968 2168 5022 ad
2198 4967 2636 5022 cohortationem
2680 4976 2827 5020 tuam
2868 4966 3073 5020 traho?
3105 4964 3248 5020 Deus
3291 4969 3404 5036 ipSt:
3438 4965 3683 5019 Omnium

2106 5070 2285 5116 rector
2321 5075 2386 5115 ac
2437 5060 2720 5125 Dominus,
2774 5074 2902 5114 cum
2957 5061 3103 5114 omni
3147 5060 3456 5129 angelorum
3492 5059 3684 5112 Iltllllia

2103 5163 2378 5208 certamen
2422 5162 2572 5208 tuum
2625 5163 2880 5222 spectat:
2922 5151 3016 5205 tibi
3068 5161 3257 5206 contra
3287 5148 3560 5203 diabolum
3599 5147 3684 5200 di-

2107 5249 2329 5304 micanti
2391 5259 2546 5319 parat
2605 5251 2931 5304 mternitatis
2981 5263 3279 5309 coronam,
3341 5255 3394 5298 et
3456 5247 3686 5297 caeleste

2107 5343 2390 5410 praemium
2420 5341 2836 5396 incitamentum
2872 5343 3116 5396 victoria:
3155 5339 3302 5392 facit.
3345 5335 3481 5391 Huic
3529 5346 3680 5390 tanto

2103 5433 2415 5501 spectaculo
2445 5433 2570 5488 vide
2587 5449 2752 5502 quem
2779 5435 3046 5499 animum,
3074 5447 3234 5501 quam
3255 5431 3453 5484 debeas
3486 5430 3682 5488 efferre

2105 5528 2410 5582 virtutem:
2456 5538 2512 5582 et
2568 5528 2888 5582 certaminis
2949 5523 3378 5595 magnitudinem
3435 5522 3502 5576 de
3559 5535 3682 5590 spe-

2103 5621 2366 5672 ctantium
2397 5619 2664 5691 dignitate
2701 5623 2893 5672 metire

2173 5712 2302 5766 (lar.
2333 5709 2449 5766 XV.
2475 5741 2544 5751 -—
2566 5711 2690 5766 llec
2744 5711 2926 5779 itaque
2977 5712 3072 5766 tibi
3129 5711 3182 5766 in
3215 5725 3316 5765 aoc
3346 5724 3518 5780 agone
3550 5709 3681 5762 sub-

2102 5803 2276 5857 eundo
2303 5805 2567 5872 praecipua
2604 5817 2730 5859 cura
2762 5801 2864 5855 sit;
2902 5803 2988 5859 hic
3013 5805 3226 5875 primus
3282 5803 3582 5863 accinctus,
3606 5801 3684 5855 iu~
