4054 6206
312 271 383 339 31
1249 293 1317 354 S.
1354 294 1808 359 HIERONYMI
1852 299 2180 365 OPERUM
2219 304 2625 371 MANTISSA.
2858 330 2883 351 ⁸
3498 315 3567 381 32

319 387 648 495 t’erpeeionis
681 389 880 447 bellum
919 393 1120 451 virtute
1148 397 1458 466 devincere,
1493 414 1548 458 et
1586 404 1878 461 adversum
1916 414 1957 467 A
1988 412 2197 467 utilitas
2256 415 2619 486 obsequentis
2686 418 2800 491 [ΑΙ.
2874 418 3306 495 subsequentis],
3373 438 3562 478 verum

319 475 518 531 diaboli
545 489 720 534 castra
753 482 806 536 in
841 487 1020 540 omnia
1049 501 1318 558 praecepta
1358 492 1451 547 Dei
1491 493 1720 560 jurare:
1783 513 1884 553 nec

324 576 694 627 tantummodo
721 576 993 634 declinare
1045 582 1227 645 vetita.
1260 584 1355 639 sed
1390 584 1542 653 jussa
1580 590 1884 663 complere.

320 658 510 730 Neque
540 665 684 718 enim
712 668 809 721 tibi
848 669 956 739 (Al.
995 680 1101 726 tae.
1127 673 1244 742 tibi)
1274 674 1475 730 sufficit
1503 693 1531 730 a
1560 658 1727 733 malis,
1747 658 1887 736 otio-

320 764 433 802 sam
461 766 603 814 esse,
633 754 676 806 si
704 755 877 809 otiosa
911 755 1081 813 lueris
1114 775 1141 813 a
1172 760 1368 819 bonis:
1397 779 1518 819 cum
1545 765 1633 822 lex
1665 767 1756 822 Dei
1781 769 1887 823 du-

322 839 442 906 plici
476 834 850 900 mandatorum
881 862 1077 919 genere
1106 850 1368 908 distincta
1396 854 1488 923 sit,
1522 867 1576 911 et
1598 859 1738 913 mala
1767 876 1889 930 pro-

324 930 538 993 hibens.
597 935 736 988 bona
797 937 1064 1005 imperet:
1117 953 1284 1010 atque
1337 947 1408 1000 ab
1458 958 1688 1016 utraque
1737 961 1890 1019 parte

321 1031 685 1089 contemptum
714 1025 796 1078 sui
840 1036 1001 1082 vetet.
1044 1027 1161 1083 Non
1195 1031 1338 1086 enim
1368 1035 1541 1089 solum
1569 1037 1661 1091 ille
1687 1053 1881 1094 servus

324 1112 649 1180 contempsit
680 1115 989 1181 Dominum,
1026 1120 1118 1188 qui
1149 1124 1420 1190 prohibita
1450 1126 1670 1196 fecerit,
1700 1130 1798 1186 sed
1836 1139 1893 1185 et

325 1204 413 1269 qui
441 1203 592 1271 jussa
622 1220 729 1260 non
755 1205 965 1265 fecerit.
1008 1209 1159 1268 Dicta
1189 1231 1216 1268 a
1249 1217 1404 1272 nobis
1426 1218 1591 1288 paulo
1619 1230 1744 1293 ante
1767 1238 1896 1277 sen-

329 1293 498 1343 ten:ia
550 1302 672 1349 est:
729 1293 918 1351 Omnis
968 1300 1130 1354 arbor
1177 1320 1294 1372 qua:
1323 1321 1430 1360 non
1485 1307 1625 1378 facit
1660 1310 1893 1381 fructum

330 1381 544 1447 bonum,
582 1386 868 1447 excidatur,
910 1400 960 1443 et
992 1392 1047 1445 in
1073 1393 1243 1462 ignem
1268 1398 1508 1454 mittetur
1539 1400 1760 1471 (Matth.
1790 1420 1890 1470 vit,

326 1469 438 1538 19).
486 1472 551 1525 Ει
601 1473 913 1531 blandimur
965 1481 1122 1536 nobis
1171 1483 1216 1538 si
1281 1487 1441 1543 malis
1488 1469 1757 1548 fructibus
1785 1508 1892 1548 non

329 1574 641 1627 gravemur,
679 1565 772 1631 qui
804 1564 1095 1622 damnandi
1125 1586 1335 1641 sumus,
1372 1577 1416 1630 si
1448 1591 1477 1630 a
1500 1578 1656 1634 bonis
1682 1584 1897 1639 steriles

330 1654 690 1706 manserimus
715 1654 896 1725 (Joan.
917 1674 1007 1725 xv,
1029 1659 1084 1728 2)
1106 1662 1129 1716 ?
1153 1661 1312 1719 Juxta
1333 1666 1471 1723 hanc
1488 1669 1891 1741 intelligentiam

331 1740 610 1847 abscindet
635 1742 796 1848 Pater
824 1763 1038 1804 omnem
1068 1754 1341 1820 palmitem
1369 1756 1609 1816 fructum
1651 1740 1756 1818 non
1815 1764 1894 1819 le-
1926 1749 1973 1810 Β
1999 1776 2196 1847 legium
2229 1779 2334 1848 est)

326 1842 538 1886 .rentem
577 1835 631 1888 in
670 1834 834 1894 Filio.
876 1840 940 1894 Et
974 1842 1064 1912 qui
1105 1859 1386 1916 acceptum
1426 1851 1685 1907 talentum
1719 1856 1771 1909 in
1805 1873 1897 1910 sn-

332 1921 487 1977 dario
518 1926 820 1995 abscondit,
856 1933 1014 2001 quasi
1049 1935 1256 1993 inutilis
1286 1926 1499 1995 servus.
1535 1956 1589 1997 et
1638 1960 1893 2013 nequam,

330 2013 617 2070 daumatur
651 2033 681 2073 a
711 2017 938 2078 Domino
964 2023 1181 2090 (Matth.
1216 2032 1473 2101 sxv,30).
1500 2032 1613 2089 Nec
1643 2037 1900 2095 minuisse

329 2103 530 2171 solum,
566 2107 660 2161 sed
692 2118 874 2165 etnon
907 2115 1148 2182 auxisse,
1180 2118 1445 2185 culpabile
1480 2132 1589 2180 est.
1626 2124 1743 2180 Non
1774 2128 1898 2182 ideo

330 2195 513 2264 aliqua
580 2210 738 2266 putes
789 2209 1187 2262 contemnenda
1238 2224 1359 2289 esse
1428 2215 1706 2280 mandata,
1769 2220 1895 2289 quia

1994 505 2309 558 econtrario
2369 506 2656 563 lastidioso
2709 526 2774 565 ac
2816 512 3046 566 remisso
3110 514 3314 579 animo,
3372 530 3565 583 super-

1991 589 2185 645 borum
2224 608 2455 663 nequam
2493 612 2772 653 servorum
2798 614 2974 665 more,
3020 602 3079 655 in
3128 618 3189 655 os
3233 603 3441 657 Domini
3481 620 3563 657 re-

1992 682 2295 739 clumamus
2320 695 2377 740 et
2401 688 2671 745 dicimus:
2702 690 2902 745 Durmn
2924 702 3029 755 est,
3059 695 3289 749 arduum
3322 706 3428 758 est.
3458 711 3562 749 non

1996 786 2316 842 possumus,
2357 776 2606 834 homines
2653 795 2865 846 sumus,
2902 783 3083 853 fragili
3126 800 3291 841 carne
3328 789 3564 840 circnm-

1993 861 2205 919 damur.
2240 864 2284 921 Ο
2316 881 2517 922 caecam
2584 870 2895 929 insaniam!
2950 875 2994 929 Ο
3025 877 3303 943 profanam
3351 882 3567 934 temeri-

1992 962 2156 1009 tatem
2179 957 2192 1010 !
2218 957 2421 1026 Duplici
2448 959 2750 1029 ignorantia
2774 979 3091 1021 accusamus
3109 966 3275 1022 Deum
3296 970 3566 1036 scicntia,

1994 1055 2055 1101 ut
2081 1048 2326 1102 videatur
2361 1054 2574 1107 nescire
2603 1054 2749 1122 quod
2772 1054 2919 1121 iecit,
2956 1059 3165 1112 nescire
3189 1060 3331 1127 quod
3363 1062 3564 1129 jussit:

1997 1139 2151 1206 quasi
2178 1142 2378 1197 oblitus
2409 1143 3025 1214 fragilitatishumanm,
3060 1149 3215 1217 cujus
3245 1154 3566 1220 auctoripse

1997 1240 2102 1295 est,
2153 1232 2475 1300 imposuerit
2510 1236 2724 1309 homini
2802 1239 3057 1292 mandata
3120 1256 3243 1308 quae
3278 1242 3419 1296 ferre
3458 1259 3562 1296 non

1999 1322 2193 1391 possit.
2227 1323 2507 1394 Simulque
2536 1328 2693 1397 (proh
2728 1330 2942 1399 nefas!)
2980 1333 3313 1386 ascribimns
3362 1334 3568 1401 iniqui-

2002 1420 2163 1466 tatem
2190 1413 2360 1481 justo,
2393 1416 2480 1484 pio
2505 1414 2919 1476 crudelitatem:
2954 1422 3080 1475 dum
3113 1438 3233 1476 eum
3266 1424 3440 1491 primo
3469 1427 3566 1478 im-

1999 1505 2256 1573 possibile
2282 1506 2487 1575 aliquid
2540 1510 2865 1578 praecepisse
2890 1516 3306 1581 conquerimnr:
3367 1515 3567 1569 deinde

2000 1610 2098 1664 pro
2127 1594 2213 1651 his
2237 1597 2604 1653 dantnandum
2636 1610 2885 1669 putamus
2924 1601 3223 1669 hominem,
3253 1605 3321 1658 ab
3347 1622 3412 1660 eo
3448 1620 3571 1672 quae

2002 1686 2176 1741 vitare
2206 1702 2311 1741 non
2350 1689 2562 1756 potuit:
2589 1700 2647 1744 ut
2670 1692 2832 1760 (quod
2872 1693 3035 1748 etiam
3079 1694 3342 1763 suspicari
3384 1699 3561 1751 sacri-

2367 1780 2615 1835 videatur
2648 1780 2789 1837 Deus
2821 1785 3299 1840 nontamsalntem
3331 1799 3569 1841 nostram

1999 1866 2262 1935 quaesisse
2288 1883 2452 1937 quam
2479 1885 2719 1939 poenam.
2756 1870 2946 1942 itaque
2980 1874 3293 1940 Apostolus,
3331 1877 3511 1929 sciens
3538 1892 3567 1928 a

1999 1956 2231 2012 Domino
2277 1958 2509 2027 justitize
2577 1974 2638 2014 ac
2693 1960 2994 2029 majestatis
3048 1964 3184 2018 nihil
3238 1965 3571 2033 impossibile

2000 2059 2123 2099 esse
2161 2055 2513 2115 praeceptum,
2566 2046 2749 2102 aufert
2792 2063 2825 2101 a
2876 2049 3037 2103 nobis
3072 2050 3264 2104 vitium
3324 2069 3570 2107 murmu-

2002 2133 2180 2187 randi.
2210 2132 2363 2200 Quod
2399 2142 2530 2189 tunc
2563 2136 2753 2204 utique
2789 2138 2938 2191 nasci
2974 2138 3128 2205 solet,
3162 2155 3284 2193 cum
3322 2152 3414 2194 aut
3463 2143 3570 2195 iui-

2000 2239 2105 2294 qua
2139 2237 2267 2279 sunt
2297 2241 2419 2293 qua:
2442 2224 2727 2292 jubentur,
2760 2237 2853 2281 aut
2897 2226 3133 2295 iubentis
3186 2230 3361 2284 minus
3410 2232 3572 2301 digna

330 2287 532 2342 leviora
565 2300 713 2346 sunt.
748 2291 879 2346 Tam
912 2297 1058 2350 enim
1086 2286 1327 2393 tumuti
1354 2288 1643 2383 iflijpﬁm
1674 2286 1905 2397 inimum

2008 2330 2241 2400 perspaa
2262 2314 2548 2400 esthQuid
2577 2317 2999 2386 tergiversantur
3028 2320 3326 2382 incassum,
3359 2332 3413 2376 et
3436 2338 3570 2392 pra:-

332 2393 361 2431 a
400 2379 507 2433 Deo
533 2379 797 2450 imperata
854 2393 1017 2438 sunt:
1064 2396 1121 2441 et
1151 2372 1905 2468 ιυοηίἓὶιῷἷυῖἐξιίυξαιῖὃεῖιιέ

2008 2372 2615 2488 ξὶρξξιῇξοξὸξξοῖιίιηυς
2664 2372 2887 2463 maturae
2964 2372 3347 2481 fragilitatem?
3372 2372 3375 2373 ν
3397 2372 3571 2468 l‘lreuio

334 2471 612 2539 Ρνωοθριίο
676 2474 1041 2541 Ρτωοῖνίθιιιὶε
1089 2478 1287 2570 injuria
1334 2494 1457 2570 est:
1501 2483 1656 2570 lJude
1711 2471 1940 2545 beatus
2004 2471 2186 2564 magis.
2211 2474 2392 2549 inter
2415 2511 2727 2551 mensuram
2777 2497 2969 2551 virium
3024 2510 3353 2567 nostrarum,
3413 2518 3572 2570 quam

336 2560 538 2615 Paulus
561 2564 782 2628 clamat,
826 2575 879 2619 et
915 2567 1104 2624 docet;
1131 2557 1742 2660 ὧῖἰεὶζῖὼξεθξὶηξτ
1759 2588 1905 2642 mut:

2008 2557 2285 2665 qqigipﬁas.
2317 2587 2664 2665 virpsmobis
2718 2590 2885 2644 dedit.
2916 2589 3028 2645 Nec
3067 2557 3351 2662 quisquam
3386 2557 3575 2648 melius

337 2657 636 2710 mutatione
661 2666 711 2710 et
737 2650 1397 2720 [ια’δὶιαιῑοηέἶίιῖθσὶῖίἐί
1422 2650 1905 2739 ῧνῖορτεἹιὲἶηὶὺὶιὸ

2608 2678 2880 2748 intelligit,
2905 2650 3221 2748 quant-qui.
3244 2681 3414 2748 ipsam
3467 2680 3574 2734 vir-

335 2755 386 2798 et
415 2747 698 2814 sintplices,
758 2750 893 2803 sicut
922 2752 1023 2818 lilii
1060 2753 1150 2808 Dei
1199 2756 1552 2825 inmaculati,
1615 2762 1671 2815 in
1732 2764 1903 2820 medio

339 2839 573 2893 nationis
599 2856 778 2909 praete
819 2854 867 2896 et
901 2860 1192 2913 peruersis:
1229 2849 1372 2902 inter
1391 2867 1520 2919 quos
1552 2855 1734 2907 lucetis
1766 2856 1902 2911 sicut

340 2933 627 2988 luminaria
658 2936 711 2987 in
739 2935 834 2989 hoc
864 2937 1061 2991 mundo
1096 2939 1358 3011 (Philipp.
1396 2958 1453 3008 tt,
1490 2945 1577 3010 Η,
1616 2946 1725 3017 l5).

408 3025 532 3079 Cn.
568 3024 706 3083 XVI.
738 3057 808 3067 —
836 3026 1188 3085 Remoremur
1216 3032 1326 3099 hic,
1369 3035 1543 3103 virgo,
1592 3038 1902 3107 paulisper;

222 3123 277 3197 "
339 3126 393 3171 et
444 3117 863 3185 pretiosissimas
951 3126 1296 3194 margaritas,
1350 3131 1549 3197 quibus
1595 3136 1905 3191 exornanda

339 3216 423 3260 est
486 3224 682 3278 sponsa
736 3210 962 3278 Christi,
1020 3231 1118 3285 per
1168 3219 1376 3291 singula
1431 3223 1679 3291 Apostoii
1739 3229 1905 3283 verba

343 3318 661 3370 pensemus.
696 3303 912 3368 Omnia,
942 3310 1135 3378 inquit,
1176 3314 1356 3383 facile.
1402 3315 1519 3371 Non
1551 3320 1694 3373 enim
1749 3322 1905 3388 quasi

341 3391 409 3447 ad
440 3395 721 3450 arbitrium
774 3408 1041 3467 nostrum,
1087 3404 1329 3473 quaedam
1373 3423 1438 3462 ex
1489 3411 1757 3466 mandatis
1810 3413 1904 3469 Dei

343 3487 600 3541 debeuuts
631 3489 848 3559 eligere,
877 3495 971 3548 sed
996 3497 1321 3563 generaliter
1340 3500 1588 3556 universa
1609 3503 1904 3573 complere.

344 3576 453 3631 Νιέ
477 3579 653 3648 aliqua
687 3570 947 3654 pra-cepta
990 3589 1107 3657 ejus
1143 3592 1298 3660 quasi
1332 3593 1456 3646 vilia
1492 3598 1809 3651 munuscula
1841 3615 1905 3654 ac

345 3683 508 3736 parva
574 3681 968 3732 contemnere:
1025 3677 1117 3730 sed
1174 3678 1493 3748 imperantis
1548 3683 1602 3738 in
1659 3686 1909 3739 omnibus

347 3759 677 3827 maiestatem
717 3766 983 3835 aspicere.
1018 3766 1231 3823 Nullum
1254 3774 1450 3843 quippe
1477 3777 1786 3831 mandatum
1813 3775 1906 3832 Dei

345 3855 747 3923 contemptibile
782 3859 938 3912 nobis
970 3859 1138 3915 videri
1164 3871 1364 3930 potest,
1415 3866 1461 3920 si
1513 3865 1632 3937 ejus
1695 3884 1910 3939 semper

344 3950 640 4018 cogitemus
668 3962 966 4017 auctorem,
991 3956 1108 4008 sine
1137 3964 1570 4017 murmuratione
1628 3973 1681 4018 et
1733 3966 1893 4020 inusi-

348 4044 573 4101 tatione.
614 4043 758 4101 Viles
792 4056 845 4098 et
866 4045 1129 4111 ignobiles
1148 4048 1396 4105 dominos
1426 4054 1604 4122 palam
1632 4057 1909 4111 contemni

348 4135 594 4190 vidernns
649 4152 676 4189 a
726 4138 999 4194 servulis:
1049 4140 1239 4209 eisque
1300 4144 1366 4196 ad
1407 4145 1626 4197 minima
1676 4160 1907 4216 quantque

347 4238 614 4297 prtecepta
667 4230 719 4282 in
764 4228 958 4284 faciem
1012 4232 1187 4287 resisti
1225 4233 1423 4289 solere.
1456 4238 1524 4289 At
1555 4237 1656 4291 hoc
1708 4239 1760 4292 in
1790 4256 1915 4309 per-

346 4333 511 4372 sonas
546 4319 883 4387 nobilesjam
911 4336 1016 4376 non
1062 4324 1405 4381 admittitur:
1442 4338 1759 4397 quantoque
1818 4346 1915 4400 po-

348 4412 610 4467 teutiores
645 4413 868 4477 domini,
903 4424 1050 4469 tanto
1077 4417 1219 4471 servi
1267 4418 1335 4471 ad
1368 4420 1728 4475 obedientiam
1788 4439 1911 4491 pro-
1938 4443 1989 4503 ι)

347 4501 530 4557 niores
559 4514 684 4557 sunt
713 4518 729 4558 :
767 4518 999 4574 cumque
1033 4506 1333 4561 dilliciliora
1363 4511 1705 4578 praecipiunt,
1736 4510 1911 4567 hben-

351 4595 457 4649 tius
478 4595 800 4650 audiuntur.
833 4598 997 4652 Certe
1022 4601 1090 4652 ad
1117 4599 1260 4670 regis
1284 4601 1593 4669 imperium,
1620 4602 1693 4656 ita
1722 4617 1913 4660 omnes

347 4688 521 4756 parati
552 4695 702 4754 sunt,
733 4698 787 4742 et
821 4688 873 4741 in
902 4691 1188 4757 procinctu
1231 4691 1557 4748 obedientiae
1602 4696 1911 4763 constituti,

350 4789 408 4833 nt
435 4780 600 4835 etiam
629 4790 816 4850 optent
840 4782 1044 4850 jnberi.
1104 4783 1167 4838 Et
1207 4801 1311 4839 non
1360 4788 1534 4842 solum
1565 4788 1701 4843 bene
1754 4790 1916 4845 meri—

352 4881 504 4926 turos
533 4885 654 4927 esse
680 4887 740 4927 se
772 4874 1023 4937 credunt.
1078 4875 1123 4931 si
1173 4875 1327 4946 jussa
1364 4875 1618 4943 fecerint,
1648 4882 1742 4934 sed
1801 4889 1920 4935 tan-

351 4976 514 5031 quam
542 4961 654 5031 jam
684 4963 1012 5020 meruissent
1045 4968 1187 5038 quod
1212 4967 1351 5037 jussi
1384 4978 1531 5034 sunt,
1568 4970 1644 5025 ita
1678 4986 1775 5041 pro
1804 4972 1920 5042 dig-

350 5056 522 5121 nitate
548 5058 913 5126 pratcipientis
941 5061 1225 5115 servitium
1246 5060 1498 5137 beneﬁcii
1529 5061 1648 5117 loco
1679 5063 1915 5118 ducitur.

350 5143 518 5203 Nobis
550 5164 682 5203 vero
712 5148 857 5205 Deus
881 5152 1020 5222 ipse.
1047 5163 1248 5208 aeterna
1282 5153 1369 5207 illa
1412 5155 1670 5222 majestas
1724 5153 1920 5210 ineﬂ‘a-

352 5238 479 5295 bilis
503 5248 664 5311 atque
706 5243 1100 5300 inaestimabilis
1142 5256 1416 5316 potestas:
1469 5258 1656 5301 sacras
1704 5247 1921 5302 litteras

350 5341 408 5386 et
464 5347 590 5386 vere
648 5335 957 5391 adorandus
1002 5347 1395 5407 praeceptorum
1445 5354 1665 5394 suorum
1737 5339 1921 5409 apices

352 5424 541 5487 mittit,
573 5434 758 5482 etnon
812 5430 999 5483 statim
1047 5442 1170 5482 cum
1204 5430 1402 5498 gaudio
1458 5444 1520 5484 ac
1570 5433 1923 5485 veneratione

353 5518 722 5585 stt-cipimus:
788 5534 888 5575 nec
949 5534 1047 5589 pro
1092 5535 1287 5591 magno
1333 5522 1583 5578 ducimus
1631 5522 1918 5589 beneﬂcio,

355 5617 520 5664 tantae
553 5624 619 5665 ac
652 5618 761 5665 tam
799 5611 1026 5668 illustris
1051 5613 1333 5681 potestatis
1360 5613 1646 5683 imperium
1680 5630 1697 5668 :
1740 5613 1920 5668 maxi-

358 5717 445 5758 ntc
506 5720 627 5762 cum
671 5720 776 5760 non
803 5706 1045 5771 iubentis
1096 5706 1360 5775 quaeritur
1417 5708 1784 5772 commodum,
1828 5706 1922 5762 sed

2006 2751 2179 2822 tuteni
2208 2751 2365 2822 nobis
2379 2751 2566 2823 ἰιὅεῖιῆ
2599 2766 2709 2841 [Αἰ.
2745 2777 2883 2824 tacet
2924 2769 3115 2842 nostri]
3141 2785 3300 2840 posse
3322 2770 3567 2825 donavit.

2005 2860 2119 2916 Nec
2147 2861 2480 2929 impossibile
2502 2860 2703 2930 aliquid
2731 2863 2902 2916 voluit
2933 2860 3044 2934 [ΑΙ.
3066 2862 3261 2932 potuit)
3281 2862 3574 2933 imperare,

2005 2950 2098 3021 qui
2123 2950 2305 3022 justus
2332 2963 2449 3018 est;
2484 2966 2584 3006 nec
2610 2962 2965 3008 damnaturus
2984 2954 3256 3007 hominem
3287 2953 3409 3021 fuit,
3469 2970 3568 3025 pro

2010 3056 2075 3096 eo
2112 3042 2252 3110 quod
2283 3042 2456 3096 vitare
2484 3056 2590 3096 non
2615 3043 2807 3111 potuit,
2841 3043 2932 3112 qui
2965 3044 3083 3112 pius
3118 3053 3222 3098 est.

2082 3134 2213 3188 Car.
2242 3131 2404 3187 XVII.
2428 3160 2497 3174 --
2523 3132 2820 3202 Sequitur:
2857 3132 2924 3187 Ut
2953 3135 3071 3189 sitis
3100 3135 3577 3204 irrepreltensibiles

2006 3234 2054 3278 et
2089 3223 2353 3292 simplices
2388 3225 2453 3278 ad
2479 3237 2690 3278 omnem
2723 3239 2934 3278 morum
2965 3226 3373 3294 perfectionem.
3398 3225 3574 3282 Utnun

2008 3317 2110 3371 hoc
2139 3315 2384 3372 sumeere
2415 3316 2635 3370 verbum
2696 3324 2900 3387 potest,
2930 3318 3073 3386 quod
3139 3322 3303 3373 etiam
3346 3321 3399 3373 in
3460 3322 3576 3388 epi-

2010 3422 2178 3475 sropo
2207 3407 2460 3475 eligendo
2489 3405 2635 3460 Deus
2665 3407 2833 3475 quaeri
2878 3405 3057 3476 jubet.
3083 3405 3253 3473 Quam
3287 3408 3430 3464 enim
3475 3408 3580 3462 cir-

2008 3508 2321 3565 cumspecta
2354 3497 2465 3551 vita
2504 3506 2611 3563 est,
2662 3513 2827 3568 quam
2874 3509 3059 3552 sancta
3109 3509 3215 3560 est,
3275 3515 3394 3567 quae
3448 3499 3580 3552 nihil

2010 3588 2699 3659 reprehensionisincurrit
2721 3589 2734 3642 ε
2757 3587 2891 3651 Ouis
2922 3597 3103 3643 autem
3135 3589 3377 3643 sanctior
3407 3597 3581 3657 potest

2009 3696 2150 3748 esse,
2182 3697 2343 3749 quam
2376 3684 2491 3748 qui,
2530 3696 2668 3734 verae
2698 3680 3065 3749 simplicitatis
3093 3680 3342 3733 virtutem
3366 3687 3577 3744 tenens,

2012 3788 2286 3841 nunquam
2318 3772 2461 3825 aliud
2497 3776 2660 3826 corde
2700 3772 2989 3840 promittit,
3021 3771 3165 3824 aliud
3194 3784 3291 3825 ore
3312 3770 3576 3840 vultuque

2010 3863 2293 3918 mentitur.
2330 3861 2481 3917 Sicut
2506 3863 2630 3929 ῥειὶὶ
2665 3861 2757 3916 Dei
2783 3861 3135 3915 immaculati.
3194 3860 3310 3918 Non
3343 3873 3425 3918 est
3476 3878 3572 3916 cx-

2012 3958 2253 4009 hortatio
2314 3954 2712 4018 vehementior,
2768 3968 2929 4021 quam
2979 3968 3087 4021 qua
3144 3968 3242 4009 nos
3298 3952 3577 4023 Scriptura

2011 4047 2195 4102 divina
2233 4046 2370 4102 lilios
2406 4041 2495 4100 Dei
2533 4055 2710 4100 vocat.
2745 4046 2885 4112 Quis
2928 4048 3075 4100 enim
3110 4061 3213 4099 non
3268 4046 3579 4112 erubescat,

2012 4147 2067 4191 et
2092 4147 2294 4190 metuat
2330 4142 2478 4189 tanto
2508 4143 2660 4204 patre
2711 4149 2873 4205 agere
2927 4134 3127 4202 aliquid
3168 4134 3470 4203 indignmn,
3527 4145 3585 4188 ut

2013 4223 2107 4295 qui
2134 4225 2335 4278 dicitur
2365 4223 2460 4279 Dei
2492 4225 2652 4288 illius,
2688 4225 2803 4292 ipse
2854 4208 3119 4279 efﬁciatur
3173 4224 3289 4278 vitii
3352 4225 3585 4279 servus?

2014 4319 2081 4374 Et
2113 4321 2317 4375 idcirco
2347 4321 2616 4391 adjungit,
2662 4318 2728 4373 Ut
2781 4320 2949 4374 simus
2981 4320 3331 4373 immaculati.
3396 4319 3583 4387 Neque

2015 4414 2161 4469 enim
2183 4413 2293 4483 (Al.
2329 4412 2516 4483 etiam)
2539 4415 2791 4467 convenit
2820 4414 2872 4468 itt
2913 4411 3038 4466 ﬁliis
3066 4411 3182 4473 Dei,
3207 4414 3331 4482 quia
3360 4412 3472 4479 ipse
3503 4420 3584 4465 est

2017 4506 2138 4560 l'ons
2165 4505 2411 4575 justitiae,
2441 4505 2650 4573 peccati
2701 4503 2969 4557 maculam
3007 4503 3258 4573 reperiri.
3292 4501 3359 4557 In
3410 4505 3581 4556 medio

2017 4598 2249 4651 nationis
2294 4610 2470 4665 prava:
2500 4605 2549 4649 et
2587 4610 2868 4664 peruersis,
2910 4595 3009 4649 hoc
3029 4605 3113 4649 est
3139 4594 3356 4649 dicere:
3383 4595 3584 4661 Quam-

1992 4690 2101 4746 ‘vis
2145 4691 2356 4744 inﬁnita
2392 4704 2489 4743 vos
2541 4689 2720 4759 cingat
2774 4687 3114 4759 peccantium
3164 4688 3475 4746 multitudo.
3530 4696 3587 4739 ct

2018 4782 2303 4837 innumera
2350 4782 2459 4835 sint
2517 4781 2764 4847 exempla
2811 4780 3107 4835 vitiorum:
3146 4793 3243 4833 vos
3288 4789 3465 4831 latttcn
3510 4782 3583 4832 ita

2020 4876 2259 4931 caelestia
2289 4873 2584 4928 nativitatis
2619 4886 2887 4925 memores
2920 4883 3041 4924 esse
3083 4869 3315 4929 debetis.
3360 4876 3418 4921 ut
3442 4871 3583 4921 inter

2023 4970 2195 5023 malos
2221 4967 2486 5031 viventes,
2521 4978 2682 5019 omne
2713 4964 2914 5016 malum
2942 4961 3192 5015 vincatis.
3251 4958 3401 5013 Inter
3451 4976 3586 5030 quos

2021 5062 2229 5127 lucetis,
2280 5059 2377 5124 ait,
2438 5058 2577 5111 sicut
2638 5056 2924 5108 luminaria
2969 5055 3024 5108 in
3079 5057 3175 5107 hoc
3228 5053 3443 5106 mundo.
3520 5050 3586 5104 Et

2025 5167 2238 5207 rnrsmn
2274 5152 2326 5204 in
2354 5148 2644 5218 Evangelia
2685 5148 2948 5216 legimus:
2985 5143 3132 5199 Tunc
3158 5144 3285 5209 iusti
3319 5144 3586 5214 fulgebant

2023 5242 2158 5297 sicut
2191 5241 2272 5296 sol
2299 5243 2355 5295 in
2383 5256 2539 5310 regno
2572 5241 2741 5310 patris
2788 5253 2969 5293 eorum
3034 5236 3251 5301 (Matth.
3286 5251 3404 5299 stu,
3472 5237 3586 5301 45).

2023 5336 2380 5404 Comparatur
2431 5332 2544 5387 vita
2584 5331 2829 5401 praemio,
2887 5340 2946 5384 ut
2998 5329 3090 5398 qui
3150 5331 3202 5381 in
3229 5327 3416 5381 futuro
3459 5325 3589 5379 solis

2026 5426 2235 5497 fulgore
2261 5422 2497 5478 donandi
2521 5431 2669 5489 sunt,
2711 5423 2800 5477 hic
2823 5421 2937 5491 jam
2994 5420 3158 5475 simili
3197 5420 3421 5491 justitize
3473 5417 3590 5470 cla-

2027 5521 2185 5574 ritate
2216 5516 2619 5588 resplendeant,
2650 5525 2708 5570 et
2768 5512 3063 5568 inﬁdelium
3117 5512 3412 5567 caecitatem
3456 5523 3592 5572 ope-

2027 5613 2181 5666 ribus
2209 5608 2515 5665 sanctitatis
2555 5606 2885 5663 illuminent.
2937 5606 3075 5659 ﬂuic
3101 5605 3225 5658 loco
3258 5602 3350 5658 ille
3396 5612 3593 5656 sensus

2030 5704 2300 5772 aptandus
2337 5710 2442 5768 est,
2476 5715 2637 5769 quem
2664 5701 2728 5755 ad
2763 5699 3076 5756 Corinthios
3100 5697 3243 5756 idem
3300 5698 3589 5769 Apostolus
