4054 6206
449 383 523 444 ᾶΊ
1323 377 1632 436 Ρειιωιι
1678 376 1778 433 AD
1823 372 2029 432 DEME

2138 370 2220 429 lA
2235 369 2391 428 DEM
2437 366 2827 426 ΕΡίΞΤΟιΑ.
3625 359 3696 426 34

447 471 746 553 ιιιςειεέριιε,
779 492 882 544 ait:
919 491 1034 546 Alia
1065 492 1285 545 claritas
1315 492 1465 552 solis,
1491 490 1601 543 alia
1621 488 1841 542 claritas
1870 488 2032 548 lumc,
2065 499 2102 546 Α
2139 484 2415 538 interdum
2478 484 2848 548 triduumque,
2894 478 2978 533 vix
3009 483 3230 548 caperet
3287 479 3698 548 ftactajejuniis

449 583 559 634 alia
586 583 807 634 claritas
841 582 1140 635 stellarum.
1182 581 1348 636 Stella
1381 590 1555 634 autem
1589 599 1618 631 α
1650 579 1802 632 stella
1849 579 2025 646 di/fert

449 671 507 723 in
529 671 790 735 claritate,
817 673 893 726 sic
913 683 961 725 et
992 675 1302 726 resurrectio
1349 682 1680 725 mortuorum
1710 669 1763 738 (I
1786 669 1911 724 Cor.
1939 683 2026 731 xv,

449 764 541 824 M,
592 763 701 832 ιθ).
738 763 994 831 Dispares
1019 776 1147 817 sunt
1178 767 1228 815 in
1267 778 1433 831 regno
1469 763 1728 818 malorum
1763 777 1860 830 per
1909 761 2027 812 sin-

406 907 416 915 ,
450 854 700 920 gulorum
768 853 962 906 merita
1001 853 1330 907 mansiones.
1369 852 1666 906 Diversitas
1707 852 1852 905 enim
1895 863 2026 916 ope-

452 959 594 1006 rum,
643 942 1011 998 diversitatem
1045 943 1175 998 facit
1203 945 1585 1012 prcemiorum;
1647 947 2025 1012 Quantumque

454 1035 650 1104 aliquis
691 1036 778 1089 hic
807 1036 858 1089 in
878 1037 1163 1090 sanctitate
1201 1036 1433 1099 fulserit,
1466 1045 1672 1088 tantum
1702 1035 1771 1088 ibi
1802 1035 2030 1102 fnloebit

455 1130 507 1181 in
535 1132 757 1182 honore.
777 1127 928 1182 Nunc
944 1145 1072 1198 ergo
1089 1130 1151 1181 ad
1169 1145 1383 1181 onmem
1411 1145 1617 1180 morum
1640 1127 2026 1196 perfectionem

462 1219 658 1272 mentis
682 1220 854 1271 aciem
889 1219 1128 1281 intende,
1157 1227 1211 1271 et
1252 1218 1317 1272 ad
1347 1218 1567 1276 calcate
1604 1218 1881 1286 pra-mium
1914 1232 2029 1269 ete-

455 1308 653 1362 lestem
675 1312 842 1362 vitam
875 1326 1029 1378 para.
1073 1309 1716 1378 Respiendeatomnibns
1742 1309 2030 1364 clarissimi

459 1401 511 1454 in
549 1401 764 1454 modum
793 1401 988 1454 sideris
1018 1403 1286 1455 sanctitas
1322 1401 1580 1469 virginis:
1612 1413 1664 1455 et
1696 1400 1864 1454 futuri
1896 1416 2032 1468 pra:-

460 1492 554 1545 mii
639 1493 1088 1561 magnitudinem,
1162 1493 1230 1546 de
1292 1493 1530 1546 novitate
1602 1494 2032 1546 conversationis

457 1583 733 1638 ostendat.
770 1583 888 1638 Tibi
927 1583 1143 1637 facilior
1203 1585 1254 1638 in
1303 1586 1458 1639 bonis
1488 1600 1682 1640 cursus
1727 1596 1832 1650 est,
1869 1601 2030 1653 quam

461 1679 726 1731 malorum
759 1679 926 1731 animi
969 1680 1307 1734 consuetudo
1333 1696 1438 1734 non
1478 1680 1696 1734 retinet.
1737 1679 1847 1734 Nec
1875 1682 2032 1734 time—

468 1783 586 1822 mus
612 1785 678 1822 ne
721 1779 770 1822 te
799 1787 828 1821 a
858 1772 1154 1826 virtutibus
1185 1771 1314 1824 vitia
1353 1772 1653 1835 retardent,
1705 1782 1758 1826 et
1795 1771 2028 1837 maligna

2131 576 2435 646 vigiliisque
2477 574 2742 636 membra,
2807 573 3042 625 letuenta
3095 571 3268 623 balnei
3329 580 3698 631 contemnere,

2129 667 2470 722 necessarias
2506 681 2592 719 res
2624 679 2822 734 negare
2856 663 3121 733 corporis,
3155 671 3210 717 et
3239 664 3345 716 vim
3410 663 3700 731 quamdam

2131 759 2334 813 lnfcrre
2359 761 2594 812 naturai!
2625 759 2695 812 Da
2728 769 2929 812 tantam
2961 759 3013 810 in
3039 757 3248 811 caneris
3279 755 3700 825 magnitudinem

2131 851 2318 913 animi,
2352 861 2405 903 et
2436 850 2554 903 vide
2606 851 2732 918 quid
2771 865 2876 902 non
2925 850 3102 916 possis
3132 848 3365 902 ellicere.
3402 847 3506 899 Sed
3578 858 3698 905 nos,

2131 943 2268 1010 proh
2298 943 2504 1010 pudor!
2544 943 2774 1011 quadam
2815 940 3175 994 delectatione
3218 939 3450 1008 peccati,
3490 953 3613 989 cum
3649 936 3700 986 in

2133 1033 2458 1102 quibusdam
2485 1033 2826 1087 ostendimus
2849 1033 3138 1100 quamdam
3200 1031 3305 1083 vim
3348 1039 3554 1082 natura:
3605 1045 3702 1078 ιιο-

2137 1135 2284 1189 stra‘,
2319 1125 2369 1177 in
2402 1125 2519 1178 aliis
2547 1127 2767 1178 omnino
2792 1123 3172 1192 torpeseimus,
3194 1133 3245 1174 et
3280 1121 3370 1189 qui
3405 1120 3704 1186 voluptates

2137 1218 2408 1284 corporis,
2476 1218 2732 1269 virtutum
2787 1231 2970 1269 amore
3001 1215 3446 1282 mntempsin'tus,
3491 1227 3703 1264 rursum

2134 1325 2320 1362 amore
2367 1311 2619 1363 vitiormn
2677 1320 2942 1363 tormenta
2997 1309 3349 1376 suscipimus.
3393 1308 3572 1374 Atque
3631 1307 3704 1356 ita

2136 1403 2294 1455 matis
2322 1405 2525 1458 nostris
2559 1404 2827 1464 cedimus,
2854 1411 2910 1455 ut
2944 1417 3004 1456 ea
3031 1415 3128 1454 nec
3149 1411 3398 1468 putemus
3426 1412 3583 1465 posse
3608 1397 3704 1449 de-

2137 1498 2284 1564 poni.
2317 1491 2470 1560 Quod
2504 1496 2625 1558 hoc,
2683 1510 2886 1562 quaeso,
2946 1493 3256 1556 consilium,
3287 1505 3535 1560 quamam
3593 1489 3708 1542 hate

2134 1604 2272 1642 nova
2333 1589 2546 1642 vivemli
2587 1589 2726 1642 ratio
2779 1589 2900 1642 est?
2941 1586 3047 1642 Res
3095 1584 3340 1640 difficiles
3396 1591 3450 1638 et
3504 1581 3706 1635 laboris

2138 1683 2322 1751 plenas
2347 1699 2578 1736 set-mus
2607 1682 2920 1752 aggredior,
2979 1692 3033 1736 et
3089 1678 3330 1735 faciliora
3393 1692 3499 1730 non
3539 1681 3708 1741 posse

2139 1774 2256 1828 fieri
2319 1777 2504 1830 credo.
2546 1775 2714 1828 Viuco
2767 1774 3026 1834 maxima,
3064 1771 3362 1825 vincendus
3417 1784 3448 1823 a
3498 1770 3704 1837 parvis.

461 1860 657 1914 diaboli
687 1862 893 1915 semina
923 1860 1130 1916 Christi
1157 1862 1363 1933 frugem
1391 1873 1608 1917 necent.
1632 1861 1762 1914 Nam
1797 1862 1846 1916 si
1871 1863 2034 1916 etiam
2067 1851 2110 1906 Β
2143 1867 2369 1922 Excelsa
2395 1878 2448 1923 ct
2473 1870 2643 1922 ardua
2699 1865 3002 1921 indefessus
3037 1880 3324 1935 exsupero,
3360 1873 3415 1917 et
3452 1877 3575 1917 cum
3618 1873 3710 1911 ve-

469 1951 544 2004 illi
593 1954 682 2020 qui
726 1953 885 2022 longe
919 1953 1182 2021 peccandi
1234 1970 1355 2018 usu,
1392 1954 1592 2008 bonum
1627 1953 2034 2022 quodammodo

461 2043 690 2097 obruere
714 2045 1237 2110 natura-,instaurari
1262 2061 1355 2114 per
1374 2045 1748 2115 paenitentiam
1771 2053 2038 2112 possunt:

466 2146 522 2188 et
543 2145 745 2187 mutata
781 2135 1056 2188 voluntate
1078 2135 1315 2201 vivendi,
1340 2137 1784 2190 consuetudinem
1806 2149 2037 2188 consue-

466 2216 652 2279 tudi'ne
673 2228 1044 2290 extinguere,
1070 2244 1131 2278 ac
1153 2228 1342 2296 optimi
1364 2228 1559 2296 quique
1579 2227 1687 2298 (Al.
1710 2225 1946 2296 quoque]
1974 2227 2040 2280 de

468 2318 717 2382 pessimis
745 2317 893 2368 fieri:
924 2330 1125 2384 quanto
1149 2318 1318 2388 magis
1343 2327 1396 2371 tu
1431 2328 1582 2384 potes
1606 2318 1694 2370 illa
1724 2333 1983 2386 superare
2009 2333 2037 2370 a

475 2408 671 2474 quibus
726 2419 977 2475 superata
1017 2426 1120 2461 non
1174 2426 1270 2463 es:
1304 2411 1388 2462 cui
1427 2427 1529 2462 non
1583 2419 1686 2463 tam
1723 2409 2036 2478 capellenda

466 2510 594 2552 sunt
631 2499 956 2568 vitia,quam
991 2500 1312 2554 refellenda!
1351 2501 1482 2564 Quae
1518 2503 1703 2568 utique
1733 2517 1833 2553 non
1862 2503 2037 2555 susti-

465 2604 592 2658 pere
625 2591 832 2642 facilius
869 2602 970 2655 est,
1004 2593 1166 2659 quam
1191 2591 1358 2645 semel
1389 2605 1637 2660 susCepta
1669 2592 1961 2660 deponere.

537 2683 666 2736 Cn.
702 2682 884 2736 XVIII.
939 2684 1137 2738 —Nec
1194 2699 1320 2738 vero
1352 2700 1538 2738 eorum
1591 2694 1740 2738 tanta
1795 2686 2032 2739 dulcedo

465 2783 570 2836 est,
608 2787 665 2828 ut
691 2791 750 2826 ca
795 2776 1085 2829 debeamus
1128 2775 1387 2842 praeferre
1425 2776 1739 2842 virtutibus,
1780 2794 1899 2831 cum
1937 2794 2035 2832 nec

469 2870 522 2920 in
557 2867 804 2920 omnibus
826 2869 895 2920 sit
926 2868 1300 2921 delectationis
1324 2868 1600 2930 illecebra,
1626 2881 1725 2938 etp
1763 2870 2034 2938 plerisque

465 2976 529 3014 ea
554 2961 708 3013 etiam
742 2976 861 3028 qua:
896 2961 1143 3013 videntur
1161 2961 1500 3026 duleiSsizna,
1532 2973 1890 3032 respuantur.
1915 2962 2033 3016 Duo

467 3066 697 3119 namque
721 3062 846 3103 sunt
886 3067 950 3104 ex
981 3052 1233 3106 omnibus
1283 3052 1432 3114 vitia,
1469 3069 1590 3122 qua:
1648 3057 1879 3108 maxime
1936 3055 2032 3107 lto-

2143 1963 2293 2014 nitnr
2341 1961 2406 2012 ad
2464 1961 2644 2029 plana,
2678 1959 2894 2013 deficio.
2947 1959 3204 2012 Libenter
3257 1957 3403 2025 fugio
3433 1953 3576 2024 Quod
3621 1953 3710 2005 de.

2140 2051 2325 2112 lectat.
2349 2060 2402 2103 et
2434 2049 2557 2104 nolo
2585 2049 2758 2104 vitare
2789 2050 2930 2117 quod
2981 2051 3208 2102 cruciat.
3247 2045 3441 2099 Verum
3473 2048 3584 2098 haec
3614 2056 3709 2096 eo-

2141 2158 2262 2197 rum
2302 2151 2451 2205 sunt,
2473 2143 2588 2211 qui,
2623 2142 2712 2196 Dei
2741 2142 3020 2197 voluntate
3069 2149 3320 2209 contemp
3354 2151 3426 2202 ta,
3455 2137 3507 2192 id
3536 2138 3708 2190 solum

2140 2245 2347 2302 petunt,
2369 2237 2509 2303 quod
2536 2235 2740 2287 laudem
2762 2234 2971 2289 facilius
2991 2234 3368 2302 invenit,quod
3390 2233 3498 2286 cito
3519 2231 3628 2283 exit
3657 2231 3709 2282 in

2142 2326 2376 2379 famam:
2409 2341 2620 2378 morum
2656 2342 2788 2380 vero
2823 2328 2960 2380 bona
2989 2341 3110 2394 quae
3131 2325 3422 2379 secretiora
3449 2332 3574 2375 sunt
3620 2339 3711 2374 ne-

2142 2417 2372 2488 gligunt.
2402 2414 2480 2470 Tu
2507 2432 2653 2481 vero,
2685 2432 2804 2485 quae
2827 2418 3045 2471 calcasti
3075 2418 3325 2468 mundum
3358 2425 3412 2466 et
3449 2413 3709 2479 cont-upi-

2144 2509 2385 2561 srentias
2411 2508 2554 2575 ejus,
2587 2517 2666 2570 ut,
2687 2509 2892 2560 caleato
2921 2522 3005 2570 eo,
3035 2510 3259 2576 gradum
3294 2507 3388 2558 tibi
3422 2507 3707 2572 quemdam

2139 2602 2462 2654 ascendendi
2488 2602 2553 2653 ad
2589 2601 2783 2653 castum
2805 2600 3035 2662 faceres,
3061 2601 3244 2652 mutuli
3273 2599 3498 2669 gloriam
3529 2613 3595 2650 ne
3624 2613 3710 2650 re-

2143 2694 2327 2762 quiras
2355 2691 2466 2764 [ΑΙ.
2500 2692 2784 2763 requires].
2819 2693 2898 2746 Illi
2925 2701 3130 2745 tantum
3163 2694 3374 2761 placere
3410 2696 3584 2756 stude,
3621 2689 3708 2743 cui

2139 2799 2284 2854 stepe
2314 2785 2584 2853 displicet,
2620 2787 2760 2852 quod
2799 2788 3112 2839 hominibus
3150 2786 3343 2852 placet,
3375 2798 3426 2838 et
3467 2786 3557 2853 qtti
3595 2785 3705 2851 ipsa

2139 2876 2418 2931 hominum
2443 2879 2643 2946 judicia
2668 2879 3013 2948 judicaturus
3041 2888 3141 2932 est.
3170 2876 3505 2932 Abstinentia
3543 2891 3629 2928 tua
3655 2885 3710 2929 et

2131 2969 2402 3037 jejunium
2439 2983 2502 3022 eo
2537 2970 2710 3036 magis
2742 2971 2846 3023 Deo
2887 2979 3037 3038 grata
3093 2979 3238 3029 sunt,
3289 2982 3394 3034 quo
3430 2984 3549 3020 cum
3586 2983 3710 3018 sau-

2137 3057 2242 3112 Ctis
2278 3059 2518 3112 moribus
2565 3057 2887 3126 offeruntur,
2919 3071 2975 3111 ut
3007 3074 3127 3129 quae
3161 3060 3213 3110 in
3250 3059 3369 3111 alits
3422 3069 3547 3111 sunt
3585 3072 3707 3110 um-

472 3146 641 3198 tnines
664 3147 937 3213 decipiunt
966 3147 1048 3199 sui
1069 3146 1362 3213 voluptate,
1385 3147 1505 3215 gula
1529 3147 1733 3201 scilicet
1759 3162 1820 3202 ac
1843 3149 2027 3213 libido,
2059 3178 2100 3232 ο
2138 3151 2354 3206 bracula
2406 3154 2678 3213 vitiorum,
2717 3152 2768 3204 in
2799 3162 2850 3206 te
2901 3153 3009 3204 sint
3065 3162 3382 3204 ornamenta
3421 3150 3702 3202 virtutum.

467 3252 586 3304 qua:
616 3237 885 3304 deponere
918 3252 981 3290 eo
1005 3236 1272 3291 difﬁcilius
1295 3247 1396 3300 est,
1432 3253 1541 3306 quo
1581 3238 1660 3292 eis
1692 3242 1766 3290 uti
1807 3240 2026 3294 dulcius

466 3337 582 3391 est;
617 3337 668 3379 et
693 3339 867 3381 tamen
900 3328 1013 3383 hanc
1037 3331 1164 3382 vitia
1207 3339 1315 3382 tam
1349 3331 1595 3392 molesta,
1653 3342 1872 3398 tamque
1927 3335 2025 3384 de-

463 3419 750 3473 lectatione
777 3422 859 3473 sui
898 3419 1216 3488 periculosa,
1246 3421 1315 3472 ita
1354 3435 1380 3470 a
1409 3421 1594 3474 multis
1633 3421 1831 3476 calcari
1889 3423 2028 3476 vidi-

469 3527 607 3574 mus,
640 3520 694 3561 ttt
727 3522 831 3564 tota
855 3521 1011 3565 aetate
1048 3512 1278 3580 virgines
1300 3514 1698 3580 permanserint
1733 3515 1783 3565 in
1817 3529 2028 3567 sntnma

465 3603 811 3655 abstinentia;
849 3600 914 3654 Ut
945 3603 1010 3655 de
1040 3603 1145 3657 illis
1177 3613 1408 3667 taceam,
1435 3620 1553 3672 qua:
1573 3599 2028 3672 postdeliciafum

469 3693 686 3764 longum
719 3693 921 3746 ﬂuxum
955 3693 1066 3763 (Al.
1099 3693 1330 3763 luxum),
1365 3703 1420 3748 et
1472 3697 1832 3748 inveteratum
1872 3712 2027 3749 usttm

467 3785 726 3848 libidinis,
763 3787 998 3839 castitati
1033 3802 1096 3839 ac
1135 3789 1508 3854 temperantia:
1542 3802 1598 3840 se
1630 3786 1923 3853 dederint;
1975 3796 2030 3840 et

467 3888 754 3943 utrumque
779 3879 989 3943 vitium,
1016 3881 1289 3934 contraria
1311 3879 1411 3932 sibi
1443 3880 1643 3932 virtute
1676 3881 2026 3932 mutaverint.

467 3969 710 4020 Aliontm
744 3985 872 4022 vero
903 3969 1152 4024 vitiorum
1189 3982 1270 4023 est
1303 3971 1457 4039 longe
1485 3972 1692 4024 diversa
1725 3973 1881 4035 ratio,
1909 3987 2030 4040 qua:

466 4076 585 4112 cum
613 4061 745 4112 nihil
771 4062 1395 4130 liabeantjucunditatis,
1419 4074 1595 4116 tamen
1614 4064 1723 4134 (Al.
1748 4065 1878 4132 tam)
1897 4066 2033 4117 mul-

467 4162 577 4203 tum
609 4153 987 4206 amaritudinis
1006 4155 1226 4218 habent,
1255 4171 1478 4224 quaeque
1509 4171 1630 4208 cum
1653 4157 1717 4209 ad
1751 4156 2028 4210 vitandum

465 4247 634 4296 tnulto
665 4247 771 4297 sint
797 4245 1064 4309 faciliora,
1097 4262 1222 4300 rato
1257 4264 1284 4300 a
1335 4251 1532 4320 quibus
1565 4249 1828 4310 vitentur,
1871 4249 2025 4302 inve-

467 4337 607 4386 nies.
645 4336 806 4399 Quid,
859 4351 956 4389 oro
995 4345 1064 4401 te,
1120 4338 1322 4403 invido,
1377 4339 1760 4393 delectationis
1806 4348 2032 4410 praestat

467 4425 690 4490 i..vidia,
716 4441 872 4494 quem
900 4430 1129 4480 secretis
1172 4429 1492 4496 quibusdam
1521 4435 1871 4486 conscientia:
1924 4448 2031 4485 un-

2210 3247 2340 3299 Cn.
2379 3244 2521 3299 XIX.
2551 3275 2620 3284 —
2659 3242 2908 3312 Respice,
2959 3243 3206 3307 obsecro,
3249 3241 3314 3295 ad
3367 3245 3557 3311 ipsam,
3603 3256 3707 3308 qua

2139 3339 2281 3406 apud
2322 3339 2485 3392 Deum
2537 3339 2802 3393 illustrata
2844 3354 2926 3404 es,
2963 3339 3301 3408 dignitatem,
3341 3355 3442 3405 qua
3490 3353 3584 3406 per
3619 3337 3712 3389 ba-

2141 3434 2393 3497 ptismum
2432 3431 2482 3481 in
2534 3430 2626 3483 Dei
2679 3430 2842 3483 ﬁliam
2898 3440 3084 3484 renata
3119 3444 3200 3492 es,
3245 3444 3568 3495 rursumque
3615 3443 3710 3496 per

2139 3523 2606 3575 consecrationem
2691 3511 3019 3593 virginitatis
3083 3537 3278 3590 sponsa
3329 3520 3531 3575 Christi
3587 3534 3709 3574 esse

2139 3615 2376 3682 Cthisli.
2421 3615 2493 3667 l‘lx
2543 3627 2793 3683 utroque,
2829 3617 2913 3668 lite
2963 3625 3084 3667 tnns
3122 3614 3292 3667 ltonor
3335 3623 3382 3665 te
3416 3616 3479 3664 ad
3511 3612 3708 3665 solliei-

2141 3707 2379 3760 tudiuem
2432 3707 2503 3760 tui
2552 3710 2812 3776 propositi
2870 3709 3178 3759 admoneat.
3220 3707 3289 3758 At
3336 3697 3508 3757 nullus
3550 3706 3708 3756 debet

2139 3813 2258 3851 esse
2310 3798 2379 3850 ibi
2426 3799 2766 3866 negligentiae
2816 3799 2986 3862 locus,
3022 3799 3110 3852 ubi
3147 3808 3256 3852 tam
3297 3798 3550 3866 prmi-Iura
3589 3811 3707 3849 ser-

2142 3889 2310 3942 vanda
2364 3899 2513 3943 sunt.
2559 3889 2860 3943 Pretiosior
2909 3892 3212 3943 custoditur
3263 3887 3367 3959 [ΑΙ.
3419 3889 3709 3950 pretiosior

2138 3993 2356 4047 quoque
2391 3983 2557 4032 vestis
2596 3980 2872 4048 diligentia
2901 3979 3170 4034 titnidiore
3205 3977 3528 4048 custoditur]
3562 3994 3707 4046 (μιξε-

2139 4087 2244 4141 que
2281 4072 2448 4126 vestis
2490 4071 2733 4125 timidius
2769 4088 2796 4124 a
2841 4071 3074 4125 macula.
3110 4071 3274 4124 Multo
3303 4072 3525 4139 qttrcsita
3573 4086 3708 4123 auro

2139 4179 2372 4233 gemma,
2411 4163 2602 4231 majori
2638 4164 2999 4218 sollicitudine
3033 4164 3364 4233 possidetur,
3395 4172 3449 4215 et
3481 4177 3704 4229 geuma-

2140 4257 2263 4310 litcr
2307 4255 2499 4323 grandi
2548 4270 2675 4308 cura
2718 4269 2908 4322 magna
2948 4269 3174 4323 quasque
3214 4264 3519 4307 servantur.
3555 4250 3708 4305 Unde

2138 4357 2194 4400 et
2229 4355 2282 4398 tu
2317 4346 2362 4398 si
2399 4345 2622 4413 teipsam
2656 4346 2792 4399 bene
2825 4344 3098 4398 custodire
3129 4347 3302 4412 t'ttpis,
3331 4345 3496 4398 debes
3531 4347 3706 4396 bunu-

2142 4451 2253 4489 rem
2286 4445 2434 4488 tuum
2470 4450 2685 4504 semper
2715 4437 2945 4504 pretium
2980 4438 3237 4504 cogitare.
3269 4435 3444 4486 Taele
3476 4435 3614 4486 enim
3648 4448 3709 4484 se

467 4517 606 4585 gulis
664 4520 800 4570 livor
834 4519 945 4585 ipse
1007 4521 1272 4588 decerpit,
1315 4532 1368 4573 et
1420 4522 1650 4575 alienam
1711 4523 2028 4577 felicitatem
2066 4531 2107 4584 D
2139 4526 2510 4593 unusquisque
2555 4524 2915 4594 negligentius
2953 4526 3144 4589 utitur,
3180 4534 3381 4591 quanto
3427 4539 3483 4576 se
3525 4523 3707 4574 existi-

469 4619 792 4660 ιυιιιιετιιιιιιιι
853 4611 968 4676 ejus
1029 4611 1204 4664 facit?
1245 4611 1382 4676 Quid
1435 4627 1561 4666 vero
1616 4614 1753 4666 alter
1804 4613 1870 4667 ab
1912 4615 2036 4667 odio

470 4700 734 4750 mercedis
781 4700 995 4765 accipit,
1057 4702 1158 4754 nisi
1193 4702 1484 4756 horribiles
1519 4703 1714 4756 anima:
1755 4704 2031 4765 tenebras,

467 4802 518 4842 et
553 4790 786 4844 confusae
825 4792 1023 4846 mentis
1078 4796 1406 4847 horrorem?
1464 4795 1554 4864 qui
1610 4797 1758 4848 vultu
1818 4809 2038 4864 semper

467 4883 756 4949 animoque
794 4894 1079 4948 moerente,
1123 4895 1244 4938 voto
1304 4902 1414 4952 quo
1470 4886 1624 4939 alteri
1659 4889 1774 4940 vult
1811 4901 2032 4951 nocere,

465 4989 699 5034 sctpsutn
727 4974 974 5026 cruciat!
1004 4973 1144 5040 Quid
1171 4991 1346 5029 autem
1377 4979 1642 5032 iracundo
1697 4977 1852 5032 furor
1906 4994 2036 5032 suus

463 5063 698 5127 Confert,
780 5081 937 5131 quem
1019 5070 1333 5123 saevissimis
1388 5076 1722 5137 exagitatum
1799 5073 2037 5126 stimulis

465 5155 836 5217 cutis‘t'lcnlite,
868 5156 938 5207 ita
965 5158 1032 5208 ab
1067 5161 1211 5211 omni
1247 5160 1478 5214 concilio
1506 5176 1570 5214 nc
1602 5171 1781 5214 mente
1841 5165 2033 5215 detur-

463 5241 574 5303 bat,
610 5254 666 5293 nt
694 5249 820 5296 dum
848 5247 1124 5312 irascitur,
1169 5251 1407 5306 insanire
1438 5235 1735 5308 credatur!
1771 5256 2038 5310 Similiter

461 5349 618 5386 curre
654 5351 748 5401 per
795 5338 1025 5404 singula,
1080 5341 1327 5397 invenies
1378 5354 1456 5398 tot
1519 5348 1714 5400 anima:
1771 5358 2035 5405 tormenta

461 5434 594 5490 quot
621 5427 784 5480 vitia:
817 5445 934 5496 quae
967 5431 1154 5499 utique
1214 5448 1280 5487 eo
1330 5434 1546 5491 facilius
1583 5440 1720 5492 vinci
1782 5450 2032 5508 possunt,

463 5531 567 5582 quo
607 5518 750 5570 nulla
779 5519 1009 5574 illteiunt
1041 5539 1138 5578 nos
1163 5526 1457 5595 voluptate.
1501 5528 1716 5595 Quanto
1759 5531 1887 5585 illttd
1931 5533 2036 5584 dif-

465 5605 682 5670 (icilius,
716 5618 917 5677 quanto
961 5614 1174 5683 durius,
1203 5625 1259 5669 ut
1291 5621 1354 5672 de
1409 5624 1675 5674 castitatis
1705 5622 1890 5674 labore
1953 5634 2032 5675 tae

465 5711 640 5762 ceam,
704 5701 974 5757 abstinere
999 5721 1025 5756 a
1060 5706 1184 5761 vino
1237 5710 1622 5779 carnibnsque,
1667 5712 1784 5780 ipso
1817 5728 2036 5780 quoque

461 5788 633 5886 «iam
675 5791 817 5861 oleo,
852 5806 906 5850 et
959 5796 1269 5872 vilem_sine
1304 5801 1392 5855 bis
1424 5803 1601 5856 cibum
1636 5815 1757 5871 post
1813 5804 2033 5857 biduum

2139 4626 2250 4669 mat
2289 4616 2560 4670 viliorem.
2602 4615 2718 4669 Non
2763 4617 2831 4669 ob
2881 4615 3038 4668 aliam
3081 4629 3298 4667 causam
3345 4614 3512 4681 magis
3555 4613 3708 4665 nobis

2139 4706 2192 4759 in
2240 4704 2538 4774 Scripturis
2581 4705 2781 4760 divinis
2833 4714 2940 4756 tam
2990 4703 3301 4771 frequenter
3347 4702 3572 4754 filiorum
3615 4700 3706 4753 Dei

2138 4810 2334 4849 nemen
2366 4796 2687 4864 imponitur,
2718 4807 2769 4848 et
2796 4795 2922 4847 illud
2955 4796 3096 4862 quod
3128 4795 3325 4847 dicitur
3354 4808 3446 4860 per
3472 4793 3709 4860 proplie-

2139 4897 2245 4940 tam
2274 4905 2287 4940 :
2320 4886 2386 4938 Et
2423 4904 2514 4955 ego
2546 4902 2634 4939 ero
2678 4885 2818 4938 vobis
2861 4885 2914 4937 in
2947 4896 3168 4954 patrem,
3195 4895 3240 4937 et
3283 4901 3368 4937 ros
3400 4887 3548 4936 eritis
3582 4882 3711 4933 mihi

2139 4977 2192 5028 in
2225 4975 2366 5042 ﬁlios
2403 4984 2450 5028 et
2482 4977 2626 5042 ﬁlias
2669 4974 2776 5044 [AL
2815 4987 2917 5029 tae.
2970 4985 3017 5027 et
3059 4973 3250 5044 ﬁlias],
3285 4975 3410 5026 dicit
3456 4973 3709 5026 Dominus

2140 5068 2484 5136 oumipotens.
2525 5067 2588 5121 Et
2627 5067 2921 5134 Apostolus
2969 5083 2983 5122 :
3035 5065 3213 5120 Estote
3260 5068 3549 5118 imitatores
3587 5064 3705 5128 Dei,

2138 5161 2271 5215 sicut
2321 5160 2422 5227 ﬁlii
2469 5161 2771 5214 citatissimi
2818 5159 3070 5228 (Philipp.
3115 5176 3204 5223 ιιι,
3254 5158 3360 5226 17).
3411 5158 3471 5210 Et
3521 5160 3710 5209 beatus

2139 5251 2376 5306 Joannes
2416 5253 2591 5321 inqut
2626 5271 2638 5306 :
2676 5251 3010 5315 Charissimi,
3047 5268 3184 5304 nunc
3229 5250 3330 5317 ﬁlii
3365 5248 3458 5301 Dei
3505 5264 3709 5311 sumus,

2140 5355 2186 5395 rt
2230 5348 2458 5395 nondum
2506 5345 2753 5411 apparuit
2801 5344 2927 5411 quid
2978 5345 3192 5395 crinitis.
3227 5339 3433 5393 Scimus
3465 5342 3711 5408 quoniam

2141 5452 2256 5487 cum
2292 5446 2671 5502 apparuerunt,
2705 5435 2902 5488 similes
2947 5436 2993 5486 ci
3032 5436 3248 5496 erimus,
3285 5434 3531 5502 quoniam
3575 5435 3715 5485 vitle-

2141 5526 2312 5578 bimus
2341 5544 2454 5579 eum
2488 5530 2644 5580 sicuti
2675 5536 2771 5592 est,
2811 5538 2862 5578 ut
2897 5528 2984 5596 qui
3023 5526 3174 5578 habet
3207 5527 3342 5578 lianc
3373 5541 3515 5593 spem
3546 5524 3598 5578 in
3628 5539 3710 5587 eo,

2141 5620 2430 5687 sancti/iret
2464 5638 2536 5684 se,
2567 5622 2703 5672 sicut
2732 5628 2779 5672 et
2813 5619 2898 5671 illc
2929 5626 3139 5669 sanctus
3169 5625 3244 5669 cst
3278 5615 3326 5684 (l
3351 5616 3508 5670 Joan.
3543 5632 3624 5679 ιιι,
3651 5613 3713 5681 2,

2141 5714 2219 5778 '5‘).
2264 5712 2383 5765 γηιι
2440 5715 2592 5765 nobis
2641 5711 2877 5765 co-lestis
2925 5709 3186 5762 doctrinae
3240 5710 3555 5778 dignitatem
3604 5719 3713 5774 qua

2147 5806 2328 5860 donati
2387 5821 2607 5869 sttmtts,
2661 5805 2976 5873 frequenter
3026 5801 3302 5874 ingerere,
3353 5812 3406 5855 ct
3455 5800 3715 5855 honorent
