4054 6206
378 366 454 433 35
1327 367 1386 428 S.
1428 365 1869 427 HIEllONYMl
1915 369 2234 431 OPERL'M
2280 371 2689 430 M.-'\NTISS.\.
3432 431 3443 440 ,
3569 376 3635 435 3i

380 489 631 538 nostrum
687 477 944 549 peccandi
1004 477 1263 548 pudorem
1316 479 1512 531 fat-ere.
1573 476 1724 533 Unde
1789 480 1952 534 etiam
1987 491 2029 542 Α
2065 482 2209 535 tione
2241 483 2396 535 debet
2432 483 2599 550 quui,
2635 483 2720 536 cui
2766 497 2869 535 non
2915 482 3090 538 solum
3127 481 3320 550 malus,
3350 486 3442 540 sed
3476 489 3638 542 etiam

380 574 643 628 Dominus
688 572 802 640 ipse
851 572 914 624 ad
966 569 1262 639 perfectam
1307 587 1404 624 nos
1437 571 1828 639 benignitatem
1866 587 1958 624 vo-

381 683 532 732 cans,
571 667 643 719 ait
677 684 691 719 :
727 665 944 734 Diligite
996 664 1237 716 inimicos
1289 673 1505 729 vestros,
1544 665 1831 732 benefacite
1877 664 1957 718 his

379 763 470 832 qui
539 762 764 813 oderunt
815 771 935 822 ros;
991 767 1040 811 et
1096 764 1242 809 orate
1285 772 1378 824 pro
1427 759 1854 826 persequentibus
1909 765 1957 808 et

381 853 827 908 calumniantibus
862 851 1022 916 vobis,
1054 857 1111 902 ut
1150 849 1265 920 sitis
1306 849 1405 917 ﬁlii
1446 849 1614 916 patris
1659 849 1835 912 rostri,
1869 847 1958 916 qui

381 945 437 998 in
475 947 610 998 cwlis
655 952 729 996 cst
773 939 991 1010 (Matth.
1027 955 1076 1002 ν,
1111 939 1201 1004 45,
1230 939 1344 1007 ‘6).
1378 938 1496 992 Non
1525 947 1609 992 est
1638 940 1778 992 enim
1814 941 1956 1008 quod

381 1036 461 1091 sic
493 1037 739 1090 homines
776 1035 886 1088 Deo
923 1033 1094 1085 faciat
1117 1032 1396 1095 amabiles,
1431 1040 1491 1084 ut
1530 1032 1701 1102 pictas
1759 1030 1959 1086 mentis

380 1137 436 1182 et
479 1129 712 1191 bonitas,
749 1143 868 1194 qua:
902 1133 1051 1178 tanta
1090 1126 1141 1178 in
1181 1124 1499 1178 Christiano
1529 1140 1650 1177 esse
1685 1126 1863 1186 debet,
1903 1132 1960 1178 ut

381 1219 543 1272 etiam
577 1219 630 1270 in
672 1214 1134 1270 malisbbundet.
1189 1213 1391 1283 Deique
1440 1214 1682 1268 imitetur
1719 1215 1955 1270 benevo-

382 1311 631 1374 lentiam,
664 1310 756 1378 qui
790 1309 958 1362 solem
991 1323 1149 1361 suum
1183 1309 1311 1360 oriri
1346 1306 1473 1360 facit
1509 1321 1674 1374 super
1703 1308 1876 1362 bonos
1906 1316 1962 1361 et

382 1404 577 1459 malos.
613 1413 662 1454 et
703 1402 838 1465 pluit
872 1415 1038 1468 super
1075 1399 1255 1467 justos
1303 1407 1357 1451 et
1395 1397 1622 1468 injustos
1652 1396 1826 1468 (Rom.
1860 1414 1956 1463 xu,

384 1493 494 1562 I3).
531 1493 646 1547 Hoc
679 1493 861 1560 itaque
891 1492 987 1545 tibi
1041 1490 1122 1544 vel
1156 1493 1206 1543 in
1244 1491 1434 1559 primis
1465 1491 1625 1553 absit,
1661 1500 1714 1542 ut
1759 1492 1956 1544 nemini

380 1585 465 1637 vel
500 1584 550 1636 in
583 1585 748 1637 verbo
782 1583 942 1636 etiam
981 1597 1202 1644 noceas,
1249 1593 1308 1638 ut
1357 1587 1408 1636 in
1453 1585 1706 1636 omnibus
1738 1585 1960 1651 quibus-

383 1689 599 1742 cunque
667 1674 907 1744 poteris,
957 1673 1217 1742 prodesse
1273 1675 1528 1736 stmleas,
1569 1685 1623 1728 et
1672 1689 1740 1726 ne
1788 1675 1956 1727 vicem

384 1766 600 1833 quidem
633 1765 754 1816 mali
787 1765 1040 1826 reddens,
1070 1779 1167 1831 pro
1199 1762 1352 1816 malis
1381 1764 1542 1827 bona,
1569 1763 1785 1818 dicente
1815 1764 1958 1833 Apo-

384 1857 546 1919 stolo,
579 1856 857 1910 rtstituas.
890 1855 1178 1924 Nunquam
1211 1855 1476 1909 detractio
1507 1872 1569 1909 ex
1605 1873 1698 1909 ore
1732 1856 1956 1924 virginis

385 1948 665 2017 procedat.
705 1946 900 2000 Vilium
933 1949 1065 2001 satis
1103 1947 1380 2000 hominum
1425 1957 1528 2010 est,
1565 1957 1615 2001 ct
1651 1963 1801 2000 suam
1841 1949 1960 2001 lau-

385 2039 505 2092 dem
545 2041 928 2108 qurerentium,
966 2041 1099 2093 alios
1140 2041 1275 2094 viles
1316 2039 1525 2107 facere;
1567 2039 1691 2109 quia
1736 2039 1961 2093 alterius

384 2130 783 2198 vituperatione
820 2145 878 2184 se
913 2131 1124 2185 laudari
1178 2140 1407 2200 putant;
1449 2140 1496 2183 et
1547 2131 1670 2199 quia
1715 2145 1813 2184 suo
1852 2145 1962 2186 me-

384 2225 490 2277 rito
523 2223 738 2291 placere
775 2238 882 2277 non
913 2234 1164 2289 possunt,
1196 2223 1411 2290 placere
1439 2222 1626 2276 volunt
1657 2222 1710 2276 in
1743 2237 1962 2291 compa-

386 2312 598 2366 ratione
644 2313 915 2383 pejorum.
963 2311 1160 2366 Parum
1208 2314 1462 2376 diximus,
1499 2327 1606 2365 non
1641 2312 1811 2366 solum
1847 2314 1961 2382 ipsa

385 2419 494 2458 non
520 2406 824 2472 pertrahas,
851 2407 943 2459 sed
979 2421 1044 2459 ne
1079 2405 1384 2459 detrahenti
1420 2405 1638 2472 quidem
1671 2403 1962 2475 aliquando

385 2498 598 2550 credas.
655 2496 954 2550 Pessimum
1010 2507 1096 2552 est
1137 2497 1240 2550 hoc
1288 2499 1500 2558 vitium,
1539 2495 1680 2563 quod
1731 2496 1962 2552 alterum

384 2589 545 2644 vilem
581 2588 709 2643 facit
740 2588 933 2644 videri.
970 2587 1086 2642 Non
1116 2591 1300 2642 minus
1328 2589 1554 2641 auribus
1584 2603 1749 2657 quam
1783 2588 1962 2657 lingua

385 2683 559 2751 fugias
599 2684 1009 2737 detractionem.
1078 2681 1370 2748 Scriptura:
1403 2695 1612 2733 memor
1641 2691 1781 2746 esto,
1842 2697 1962 2750 qme

385 2777 513 2826 dicit
553 2793 566 2826 :
599 2773 721 2826 Non
758 2776 861 2827 eris
895 2783 1277 2827 consentaneus
1309 2773 1682 2842 derogantibus
1719 2774 1965 2828 adversus

383 2868 686 2935 proximum
719 2878 889 2933 tuum,
919 2875 968 2922 et
997 2883 1100 2920 non
1133 2867 1354 2935 accipies
1385 2882 1540 2934 super
1569 2866 1662 2920 illo
1689 2882 1961 2936 peccatum

385 2957 574 3030 (Leuit.
607 2976 681 3023 ιχ,
719 2960 831 3025 18).
864 2957 928 3012 Et
967 2958 1094 3011 alibi
1129 2973 1144 3014 :
1175 2956 1299 3028 Scpi
1343 2974 1499 3012 aures
1533 2967 1652 3011 tuas
1694 2960 1878 3027 spinis,
1911 2969 1959 3014 ct

385 3051 495 3103 noli
527 3051 709 3102 audire
735 3051 971 3120 linguam
1002 3065 1226 3118 nequam
1261 3048 1457 3118 (Eccli.
1497 3065 1691 3114 xsvm,
1716 3051 1832 3122 '55).
1865 3052 1968 3105 Ac-

2060 574 2268 628 otiosus
2301 588 2480 627 sermo
2514 573 2768 628 vitandus
2803 583 2906 630 est.

2127 664 2259 719 CAP.
2301 663 2421 719 XX.
2469 695 2540 705 —
2584 665 2806 719 Summa
2861 667 2954 720 ubi
3008 668 3234 723 scientia
3286 670 3396 738 sit,
3451 672 3642 726 notitia

2060 773 2291 821 smnma,
2328 758 2456 812 vitia
2519 758 2858 826 virtutesque
2899 760 3255 829 distinguere,
3293 777 3413 832 quae
3474 779 3643 834 quan-

2059 864 2220 917 quam
2263 864 2478 918 semper
2520 851 2795 903 contraria
2831 849 2935 903 sibi
2981 853 3112 912 sint,
3143 852 3320 920 aliqua
3365 862 3540 910 tamen
3574 871 3642 908 ex

2059 941 2139 996 eis
2184 950 2332 995 tanta
2379 943 2682 1010 junguntur
2728 941 3104 1008 similitudine,
3142 955 3199 996 ιιι
3243 945 3480 1000 discerni
3521 963 3644 1000 om-

2061 1031 2192 1084 nino
2234 1031 2321 1084 vix
2373 1032 2602 1099 possint.
2636 1031 2808 1096 Quam
2857 1033 3006 1085 multi
3041 1035 3184 1088 enim
3227 1037 3539 1105 superbiam
3573 1036 3642 1092 li-

2058 1124 2288 1178 bertatis
2339 1123 2458 1178 loco
2507 1127 2742 1192 ducunt,
2783 1124 3150 1181 adulationem
3196 1143 3294 1197 pro
3335 1129 3642 1186 humilitate

2060 1216 2404 1283 suscipiunt,
2499 1215 2759 1268 malitiam
2851 1219 3154 1286 prudentia:
3245 1220 3644 1288 amplectuntur

2059 1306 2198 1371 vice,
2249 1318 2305 1360 et
2359 1307 2631 1375 stultitimh
2656 1301 3022 1376 simplicuatis
3080 1325 3272 1364 nomen
3315 1309 3424 1382 [Αἰ.
3461 1313 3639 1366 Stulti-

2063 1399 2189 1451 tiam
2282 1397 2650 1466 simplicitatis
2744 1397 2992 1470 nomini]
3078 1400 3401 1467 imponunt,
3480 1414 3641 1472 atque

2062 1489 2235 1543 fallaci
2289 1505 2351 1542 ac
2403 1491 2640 1559 pessima
2691 1490 2894 1557 decepti
2942 1491 3322 1558 similitudine,
3357 1492 3502 1547 vitiis
3545 1509 3642 1560 pro

2061 1581 2355 1636 virtutibus
2428 1582 2750 1652 gloriantur.
2805 1580 2873 1635 Et
2927 1597 3238 1652 quanquam
3297 1584 3413 1639 haec
3462 1588 3638 1638 omnia

2061 1676 2419 1729 subtilissima
2460 1675 2817 1744 intelligentia
2850 1677 3048 1730 debeas
3077 1692 3353 1746 separare,
3385 1688 3642 1733 cunctas-

2061 1781 2168 1834 que
2199 1767 2426 1822 virtutes
2455 1781 2578 1819 cum
2621 1765 2733 1818 suis
2772 1765 2950 1819 lineis
2977 1765 3336 1835 insequendo,
3372 1782 3636 1836 nusquam

2063 1874 2287 1926 prorsus
2320 1858 2610 1913 abscedere
2643 1875 2656 1912 :
2690 1858 2958 1927 pracipue
3000 1868 3178 1912 tamen
3215 1858 3390 1912 fictam
3428 1859 3640 1912 hmnili-

2063 1955 2226 2001 tatem
2275 1949 2506 2022 fugiens,
2543 1950 2688 2003 illam
2739 1959 2950 2003 sectare
2998 1964 3118 2019 qua:
3165 1964 3290 2003 vera
3339 1960 3439 2015 est,
3476 1965 3638 2016 quam

2059 2041 2313 2098 Christus
2345 2043 2553 2108 docuit,
2582 2043 2966 2105 humilitatem,
2994 2043 3044 2094 in
3077 2058 3180 2111 qua
3214 2057 3318 2095 non
3350 2043 3421 2094 sit
3450 2056 3640 2109 snper-

2063 2135 2150 2189 bia
2206 2135 2440 2189 inclusa.
2496 2134 2646 2188 Multi
2705 2136 2847 2188 enim
2899 2134 3056 2200 hujus
3100 2135 3314 2187 virtutis
3368 2135 3636 2194 umbram,

2063 2227 2346 2279 veritatem
2380 2225 2500 2293 ejus
2531 2236 2837 2294 sequuntur
2866 2227 3043 2294 pauci.
3086 2222 3350 2277 Perfacile
3381 2231 3464 2277 est
3494 2223 3638 2276 enim

2063 2315 2298 2384 aliquam
2346 2325 2551 2370 vestem
2600 2315 2800 2370 habere
2853 2325 3186 2376 contentam,
3233 2314 3472 2366 salutare
3516 2315 3642 2366 sub-

2063 2409 2308 2472 missius,
2355 2423 2548 2461 manus
2593 2419 2646 2460 et
2693 2423 2864 2477 genua
2919 2407 3249 2469 deoswlari,
3284 2405 3541 2459 inclinato
3585 2407 3639 2458 in

2066 2509 2262 2554 terram
2309 2500 2505 2568 capite,
2538 2499 2818 2567 oculisque
2864 2499 3124 2567 dejectis,
3171 2499 3528 2552 humilitatem
3577 2513 3641 2551 ac

2066 2592 2533 2646 mansuetudinem
2575 2592 2839 2660 polliceri,
2875 2591 3016 2645 lenta
3062 2606 3188 2644 voce
3219 2591 3484 2668 tenuique
3522 2606 3640 2644 ser-

2066 2703 2258 2742 mones
2305 2687 2626 2754 infringere,
2659 2689 2940 2752 suspirare
2981 2686 3246 2747 crebrius,
3279 2697 3332 2738 et
3369 2687 3432 2738 ad
3480 2699 3643 2741 cuine

2067 2779 2292 2832 verbum
2330 2790 2674 2844 peccatorem
2720 2796 2780 2832 ac
2818 2778 3074 2832 miserum
3115 2793 3173 2830 se
3214 2778 3470 2830 clamare.
3502 2776 3568 2829 Et
3596 2779 3641 2830 si

2067 2871 2151 2928 vel
2203 2872 2304 2926 levi
2357 2886 2612 2926 sermone
2664 2869 2905 2926 otiensus
2955 2871 3052 2932 sit,
3098 2870 3351 2924 continuo
3399 2869 3643 2924 attollere

2068 2966 2440 3036 supercilium,
2481 2965 2664 3020 levare
2720 2966 3011 3026 cervicem,
3052 2974 3104 3017 et
3149 2963 3440 3018 delicatum
3491 2964 3641 3018 illum

2069 3060 2180 3111 oris
2214 3074 2404 3112 sonum
2454 3058 2646 3112 insano
2684 3067 2902 3124 repente
2929 3056 3168 3109 clatnore
3201 3065 3430 3110 mutare.
3466 3056 3639 3110 Aliam

379 3154 604 3195 cusator
634 3149 717 3195 est
745 3142 885 3195 enim
917 3140 1155 3206 auditor,
1183 3141 1274 3210 qui
1306 3142 1435 3196 facit
1461 3141 1844 3208 detractorem,
1871 3143 1960 3212 qui

2070 3166 2169 3204 nos
2197 3150 2557 3203 humilitatem
2591 3148 2844 3203 Christus
2879 3148 3080 3213 docuit,
3113 3148 3202 3216 qui
3238 3164 3335 3202 nos
3365 3147 3431 3200 ad
3465 3163 3643 3200 exom-

383 3235 430 3287 si
476 3244 688 3286 avertat
733 3249 914 3297 aures,
951 3243 1007 3286 et
1058 3234 1262 3286 vultum
1317 3235 1627 3300 contrahat,
1663 3249 1727 3289 ac
1776 3237 1961 3290 oculos

385 3325 674 3379 abnuendo
705 3325 1004 3390 contineat,
1045 3325 1183 3378 male
1219 3324 1530 3393 loquentem
1564 3327 1729 3380 etiam
1779 3339 1962 3382 tacens

384 3417 582 3486 arguit,
615 3429 674 3469 ut
706 3417 877 3471 discat
914 3432 1019 3468 non
1063 3416 1296 3470 libenter
1325 3417 1534 3479 dicere,
1566 3417 1712 3486 quod
1752 3417 1956 3473 didice-

385 3511 456 3563 rit
502 3527 608 3563 non
659 3510 896 3564 libenter
944 3509 1142 3563 audiri.
1197 3507 1501 3564 Sollicitam
1555 3513 1691 3566 satis
1743 3513 1823 3566 ori
1871 3521 1962 3567 tuo

387 3603 690 3656 custodiam
725 3617 884 3669 pone.
918 3599 1034 3655 Non
1071 3603 1216 3657 enim
1249 3613 1330 3656 est
1369 3603 1662 3672 quidquam
1693 3603 1749 3658 in
1781 3604 1960 3670 nobis,
2013 3615 2018 3620 '

385 3713 493 3768 quo
539 3697 755 3753 facilius
791 3712 1018 3768 peccare
1059 3697 1332 3767 possimus
1364 3713 1528 3768 quam
1567 3699 1768 3768 lingua.
1808 3695 1964 3753 Unde

387 3801 608 3846 sanctus
641 3789 878 3845 Jacobus
921 3791 1072 3844 illum
1121 3805 1246 3846 esse
1277 3791 1580 3862 perfectum
1620 3791 1840 3856 asserit,
1871 3791 1962 3861 qui

386 3899 489 3936 non
512 3884 730 3951 o/feudit
757 3884 808 3936 in
834 3884 987 3936 verba
1015 3883 1158 3955 (Jac.
1185 3898 1266 3950 ιιι,
1293 3882 1374 3952 2).
1402 3882 1469 3936 Et
1495 3881 1771 3951 Scriptura
1796 3883 1960 3939 dicit:

384 3972 534 4029 Mors
582 3984 631 4029 et
671 3978 776 4029 vita
822 3986 897 4029 est
949 3977 1003 4029 in
1055 3975 1296 4029 manibus
1335 3975 1530 4041 lingua:
1575 3973 1733 4046 (Sap.
1773 3993 1812 4038 ι,
1855 3977 1960 4043 Η).

387 4069 607 4124 Mcntiri
646 4080 850 4135 autem,
889 4070 1212 4124 maledicere
1244 4077 1405 4140 atque
1430 4070 1620 4140 jurare
1658 4071 1839 4140 lingua
1874 4079 1962 4124 tua

378 4165 618 4217 uiesciat.
647 4160 785 4228 Quia
812 4173 867 4216 et
897 4176 958 4215 os
984 4162 1126 4231 quod
1155 4163 1438 4225 mentitur,
1463 4161 1666 4216 occidit
1692 4164 1961 4216 animam:

381 4253 457 4308 -Ει
480 4256 570 4325 qui
590 4255 930 4320 maledicunt,
957 4270 1168 4325 regnum
1196 4253 1291 4308 Dei
1313 4244 1416 4308 non
1436 4254 1794 4320 possidebunt,
1811 4253 1963 4322 juxta

377 4349 706 4417 .Apostolum
743 4345 794 4418 (l
827 4346 951 4402 Cor.
986 4363 1038 4412 ν,
1075 4348 1184 4416 H).
1223 4345 1288 4399 Et
1329 4346 1520 4415 jurare
1561 4346 1674 4414 ipse
1714 4345 1963 4400 Christus

375 4440 686 4509 .prohibuit,
715 4440 804 4508 qui
838 4440 973 4493 dixit
1002 4455 1017 4492 ε
1055 4436 1167 4508 Ego
1192 4446 1370 4492 autem
1402 4439 1519 4490 dico
1550 4438 1710 4500 vobis,
1744 4453 1845 4491 non
1877 4437 1964 4506 iu-

379 4547 509 4584 vare
541 4533 776 4586 omnino.
827 4529 890 4586 Et
935 4546 1147 4584 rursum
1189 4544 1206 4584 :
1242 4529 1324 4584 Sit
1366 4539 1538 4582 autem
1574 4545 1745 4583 sermo
1780 4539 1962 4594 vester,

374 4634 488 4690 est,
523 4639 600 4676 est
622 4638 642 4678 :
665 4639 792 4688 non,
825 4639 927 4675 non
949 4635 968 4674 :
999 4623 1138 4692 quod
1175 4630 1350 4674 autem
1381 4621 1608 4688 atnplins
1641 4628 1740 4685 est,
1768 4637 1797 4670 a
1827 4619 1964 4671 malo

372 4725 468 4772 est
491 4715 710 4786 (Matth.
737 4732 788 4780 v,
821 4715 910 4781 δι,
941 4714 1052 4786 37).
1087 4712 1401 4782 Apostolus,
1430 4711 1672 4766 breviter
1697 4712 1809 4766 oris
1841 4713 1964 4764 vitia

380 4825 667 4874 seseCans,
701 4812 777 4863 ait
803 4824 820 4867 :
843 4809 1020 4864 Omnis
1051 4823 1221 4861 sermo
1250 4805 1419 4858 malus
1449 4823 1513 4858 ea:
1545 4822 1633 4858 orc
1665 4815 1832 4858 vestro
1864 4820 1964 4856 non

380 4902 672 4972 procedat;
703 4903 790 4955 sed
837 4901 883 4954 si
923 4901 1037 4968 quis
1071 4899 1235 4951 bonus
1267 4898 1336 4950 ad
1369 4898 1776 4966 a'diﬁcationem
1815 4895 1962 4964 ﬁdei,

387 5004 447 5047 ut
480 4994 563 5046 det
607 4993 839 5064 gratiam
879 4993 1208 5044 audientibus
1243 4989 1462 5062 (Ephcs.
1497 5005 1570 5054 tv,
1604 4989 1716 5059 29).
1749 4989 1832 5044 Sit
1870 5007 1966 5044 au-

378 5093 496 5138 tem
529 5099 708 5139 sermo
736 5083 958 5152 virginis
993 5083 1232 5152 prudens
1260 5082 1369 5154 [Αι.
1400 5080 1660 5152 pudens],
1690 5081 1966 5136 modestus

384 5187 442 5233 et
479 5193 651 5242 rarus,
687 5191 786 5229 nec
831 5185 935 5229 tam
983 5175 1294 5244 eloquentia
1340 5177 1612 5244 pretiosus
1656 5188 1819 5243 quam
1862 5189 1962 5243 pu-

387 5272 542 5324 dore.
577 5272 834 5324 blirentnr
867 5283 1056 5322 omnes
1099 5279 1266 5335 tuam,
1317 5277 1368 5322 te
1420 5277 1652 5332 tacente,
1697 5281 1961 5320 verecun-

387 5362 564 5428 diam;
610 5371 658 5415 ιθ
690 5361 942 5430 loquente
1004 5361 1374 5430 prudentiam.
1420 5359 1549 5415 Mite
1591 5375 1650 5414 ac
1694 5358 1960 5430 placidum

387 5467 603 5522 semper
633 5453 907 5522 eloquium
943 5463 1112 5507 tuum.
1144 5452 1314 5507 Ornet
1346 5453 1504 5506 mista
1542 5467 1664 5506 cum
1698 5452 1964 5522 gravitate

388 5547 650 5612 suavitas,
683 5561 804 5600 cum
841 5546 1047 5615 pudore
1078 5545 1368 5614 sapientia.
1413 5544 1470 5599 Si
1506 5555 1653 5597 certa
1692 5553 1853 5612 atque
1896 5543 1963 5596 li-

384 5638 578 5704 brata,
635 5640 828 5708 suique
881 5641 1291 5709 opportunitate
1350 5637 1700 5707 gratissima,
1757 5636 1961 5690 silentii

383 5731 642 5802 verbique
671 5733 832 5786 ratio.
866 5729 976 5786 Nec
1011 5719 1248 5798 unquam
1281 5730 1504 5783 omnino
1535 5729 1758 5798 virginis
1791 5745 1852 5783 os
1886 5730 1964 5784 lo-

381 5818 604 5892 quatur,
642 5833 701 5882 ut
747 5823 984 5880 tacuisse
1031 5823 1229 5878 melius
1276 5824 1366 5878 sit.
1402 5821 1534 5879 Cum
1584 5820 1790 5891 ingenti
1827 5834 1956 5876 cau-

2069 3241 2213 3310 plum
2235 3257 2392 3295 suum
2414 3242 2682 3306 hortatur,
2705 3239 2893 3292 dicens
2914 3255 2928 3292 :
2953 3237 3142 3292 Discite
3165 3256 3195 3291 a
3222 3254 3322 3302 me,
3339 3240 3462 3309 quia
3500 3239 3642 3292 mitis

2068 3350 2184 3388 sum
2207 3343 2254 3387 et
2278 3332 2492 3385 humilis
2519 3332 2671 3386 corde
2701 3330 2920 3403 (.tlatth.
2951 3347 3027 3396 ιι,
3048 3332 3162 3402 29).
3196 3333 3296 3398 Qui
3327 3348 3447 3386 cum
3481 3333 3645 3385 male-

2069 3427 2361 3490 diceretur,
2411 3440 2516 3479 non
2576 3425 2963 3489 maledicebat;
3014 3441 3138 3479 cum
3189 3434 3483 3495 pateretur,
3539 3442 3643 3478 non

2070 3519 2527 3571 comminabatur.
2587 3515 2758 3582 Quam
2819 3517 2978 3571 nobis
3031 3516 3392 3571 humilitatem
3454 3516 3646 3571 beatus

2071 3608 2263 3665 Petrus
2315 3607 2557 3664 insinuat
2592 3624 2606 3664 :
2643 3606 3034 3675 Miscricordes,
3067 3607 3258 3678 inquit,
3306 3619 3352 3661 et
3399 3607 3644 3672 humiles,

2071 3719 2174 3757 non
2202 3703 2470 3757 reddentes
2519 3701 2712 3754 malum
2747 3718 2840 3770 pro
2879 3701 3039 3768 malo,
3068 3717 3158 3754 nec
3185 3701 3521 3755 maledictum
3551 3717 3644 3767 pro

2073 3795 2346 3848 maledicto
2371 3791 2422 3862 (1
2443 3790 2593 3845 Petr.
2613 3808 2674 3858 ιι,
2693 3792 2810 3860 22).
2836 3789 3166 3842 Auferantur
3187 3790 3366 3843 omnia
3393 3789 3643 3858 lignuenta

2073 3889 2383 3951 verborum,
2411 3894 2626 3939 cessent
2657 3881 2896 3938 simulati
2924 3891 3131 3948 gestus,
3163 3889 3216 3931 et
3249 3891 3374 3933 ante
3399 3881 3648 3935 occasio-

2074 3995 2198 4032 nem
2247 3992 2424 4031 sermo
2473 3974 2737 4044 placidus.
2783 3970 2982 4028 Verum
3019 3969 3128 4043 [ΑΙ.
3161 3970 3356 4043 virum]
3392 3971 3644 4026 humilem

2074 4067 2328 4138 patientia
2369 4065 2610 4120 ostendit
2653 4063 2891 4132 injuriae.
2936 4062 3129 4118 Nullus
3165 4078 3294 4134 ergo
3327 4080 3558 4131 unquam
3591 4063 3644 4116 in

2077 4169 2255 4213 mente
2301 4169 2390 4212 tua
2439 4157 2583 4211 illius
2619 4157 2691 4210 sit
2735 4156 2850 4210 vitii
2889 4155 3058 4210 locus.
3110 4155 3251 4209 Nihil
3289 4156 3341 4208 in
3379 4167 3426 4208 te
3457 4168 3652 4224 super-

2073 4252 2234 4317 bum,
2299 4249 2438 4303 nihil
2491 4234 2785 4318 arrogins,
2835 4248 2966 4301 nihil
3011 4249 3242 4316 denique
3281 4247 3646 4302 fastidiosmtt.

2071 4344 2230 4414 Apud
2273 4341 2443 4396 Deum
2491 4358 2598 4396 non
2644 4352 2725 4395 est
2773 4341 3070 4409 quidquam
3121 4339 3426 4393 humilitate
3482 4339 3650 4392 subli-

2073 4439 2236 4492 mius.
2273 4436 2395 4507 ipse
2439 4435 2679 4505 loquitur
2731 4449 2825 4503 per
2869 4433 3187 4502 prophetam
3229 4447 3243 4486 :
3281 4430 3450 4498 Super
3497 4446 3648 4499 quem

1999 4525 2044 4580 D
2075 4531 2241 4583 aliunt
2281 4529 2596 4597 requiescam
2639 4525 2747 4598 [AL
2786 4525 3106 4596 respiciam],
3145 4525 3248 4577 nisi
3285 4539 3442 4592 super
3473 4522 3648 4575 humi-

2071 4623 2194 4687 lem,
2227 4632 2276 4676 ct
2309 4623 2562 4689 quietum,
2602 4629 2652 4672 et
2703 4628 3002 4671 trementem
3038 4632 3300 4669 sermones
3345 4629 3482 4666 meos
3517 4611 3649 4680 (Ira.

2072 4730 2217 4777 ιινι,
2251 4711 2342 4782 2)?
2379 4712 2442 4766 lit
2475 4724 2751 4780 nunquam
2797 4709 2847 4762 in
2893 4708 3026 4760 iram
3063 4706 3386 4761 exardescat
3415 4707 3651 4767 animus,

2073 4807 2216 4877 quod
2265 4813 2349 4861 est
2399 4803 2751 4858 seminarium
2794 4802 2923 4854 odii.
2961 4797 3170 4852 Tantus
3217 4810 3455 4852 tuentem
3509 4808 3653 4850 luant

2073 4900 2277 4966 repleat
2309 4896 2471 4950 timor
2507 4896 2623 4957 Dei,
2652 4903 2710 4947 ut
2740 4891 3009 4961 indignari
3043 4892 3262 4944 omnino
3287 4904 3398 4962 non
3427 4892 3652 4949 audeas.

2072 5001 2129 5048 ct
2171 4993 2304 5045 iram
2356 4999 2498 5044 metu
2549 4988 2760 5042 vincas.
2804 4986 3003 5038 Beatus
3030 4981 3350 5050 Apostolus,
3388 4980 3656 5032 mundans

2072 5086 2308 5137 animam
2342 5088 2612 5144 nostram,
2639 5094 2870 5146 eantque
2901 5077 2952 5129 in
2985 5073 3349 5129 habitaculum
3389 5072 3482 5124 Dei
3519 5086 3656 5141 pra:~

2073 5186 2290 5241 parans,
2331 5170 2528 5224 clamat
2570 5180 2625 5223 et
2664 5168 2794 5221 dicit
2831 5183 2844 5221 :
2880 5164 3063 5219 Omnis
3101 5163 3427 5226 amaritudo,
3466 5172 3514 5214 st
3550 5164 3650 5221 ira,

2071 5276 2118 5318 ct
2170 5265 2487 5334 indignatio,
2526 5273 2572 5314 ct
2620 5261 2840 5324 clamor,
2873 5268 2930 5324 ct.
2958 5257 3284 5326 blasphemia
3318 5253 3598 5321 auferatur
3624 5271 3654 5306 α

2073 5358 2214 5410 vobis
2242 5373 2357 5408 cum
2387 5355 2526 5407 omni
2552 5353 2758 5406 malitia
2791 5349 3005 5421 (Ephes.
3037 5347 3230 5416 H551).

2143 5449 2274 5503 CAP.
2313 5447 2456 5504 XXI.
2495 5473 2561 5486 ——
2591 5445 2915 5499 Adulatorss
2957 5452 3012 5494 ut
3051 5441 3305 5496 inimicos
3339 5455 3489 5504 cave,
3523 5457 3658 5508 quo-

2071 5557 2190 5596 rum
2243 5557 2530 5596 sermones
2591 5554 2752 5607 super
2805 5537 2983 5590 oleum
3041 5536 3247 5599 molles,
3285 5545 3337 5587 et
3381 5533 3480 5602 ipsi
3533 5544 3664 5587 sunt
3719 5595 3722 5598 ί

2067 5635 2270 5706 jacula.
2315 5635 2680 5703 Corrumpunt
2717 5631 2856 5686 fictis
2892 5628 3138 5683 laudibus
3173 5628 3315 5679 leves
3350 5628 3560 5680 animas
3604 5636 3657 5678 et

2073 5728 2218 5781 male
2266 5727 2502 5780 credulis
2557 5727 2826 5779 mentibus
2873 5726 3128 5778 blandum
3175 5722 3368 5774 vulnus
3419 5719 3666 5788 inﬂigunt

2083 5818 2196 5892 [ΑΙ.
2233 5819 2544 5892 intingunt.]
2588 5823 2772 5876 Crevit
2805 5820 2908 5874 hoc
2943 5817 3001 5873 in
3029 5830 3214 5874 nostra
3264 5827 3418 5872 artato
3453 5817 3661 5870 vilium.
