4054 6206
424 355 498 416 37
1304 349 1610 411 PELAGII
1653 352 1754 443 AD
1794 350 2367 410 DEMETRIADEM
2411 350 2812 414 EPISTOLA.

3630 360 3704 420 38

424 480 482 519 et
513 467 569 517 in
599 463 788 517 ultimo
839 462 944 516 tiae
991 460 1161 526 stetit,
1199 479 1296 518 nec
1325 467 1439 533 jam
1481 467 1668 535 augeri
1722 476 1918 536 potest.
1953 467 2008 520 lu
2043 474 2086 528 Α
2120 482 2217 533 pro
2244 475 2295 519 te
2322 477 2502 535 agant.
2537 468 2643 522 Illa:
2673 470 2984 524 thesaurum
3016 483 3168 526 tuum
3196 471 3250 525 in
3281 472 3471 526 coelum
3501 473 3698 526 levent.

427 559 571 611 hanc
605 570 794 608 oinnes
837 571 936 609 nos
976 555 1220 609 scholam
1263 557 1622 625 studiumque
1653 558 1921 619 dedimus,
1955 567 2012 610 ut

426 649 664 702 ottieinm
713 657 966 716 putemus
1022 647 1271 702 illudere.
1322 649 1590 716 Quodque
1634 649 1733 718 ipsi
1779 650 1847 702 ab
1891 649 2012 702 aliis

426 742 666 794 libenter
697 739 1022 806 arcipitnns,
1055 739 1104 792 id
1141 739 1263 792 aliis
1306 740 1464 808 quasi
1510 743 1778 809 quoddam
1814 754 2012 796 munus

429 834 737 888 oderimus.
777 831 844 886 Et
891 847 987 899 spe
1035 833 1362 900 recipienda.-
1405 833 1600 897 laudis,
1631 850 1724 888 eos
1759 851 1785 886 a
1819 835 2013 902 quibus

431 927 642 979 laudari
683 925 953 988 volumus,
988 934 1112 977 ante
1153 923 1458 980 laudamus.
1495 924 1647 994 Saepe
1676 926 2010 978 adulantium

432 1021 743 1070 resistimus
776 1017 958 1069 verbis
994 1017 1057 1068 ad
1102 1014 1321 1081 faciem,
1353 1027 1407 1068 et
1455 1018 1508 1070 in
1560 1025 1771 1071 secreto
1815 1017 2012 1070 mentis

432 1108 701 1171 fave-tuus,
739 1109 1144 1175 maximumque
1190 1106 1429 1161 fructum
1475 1109 1684 1176 cepisse
1725 1124 1822 1163 nos
1857 1110 2012 1162 duci-

435 1216 579 1263 inus,
609 1201 653 1253 si
689 1199 768 1252 vel
801 1199 946 1253 lictis
977 1199 1226 1252 laudibus
1256 1200 1636 1267 praedicantur.
1676 1199 1784 1254 Nec
1811 1201 2015 1269 cogita-

433 1307 555 1344 inus
587 1292 714 1358 quid
759 1290 860 1359 ipsi
907 1292 1078 1344 simus
1123 1289 1232 1363 [ΑΙ.
1270 1290 1508 1362 sumus],
1543 1293 1636 1346 sed
1670 1295 1797 1360 quid
1831 1293 2014 1346 alteris

431 1397 550 1435 esse
580 1383 859 1435 videamur
890 1379 1002 1452 [ΑΙ.
1032 1381 1324 1452 videmur].
1363 1381 1513 1437 Unde
1541 1398 1606 1437 eo
1633 1385 1892 1452 perducta
1926 1401 2013 1438 res

431 1485 534 1536 est,
571 1486 648 1539 ut,
689 1476 928 1543 neglecta
974 1475 1203 1529 veritate
1247 1475 1449 1536 meriti,
1484 1477 1548 1529 de
1592 1477 1708 1529 sola
1751 1477 2011 1544 opinione

427 1584 704 1631 curemus,
737 1569 825 1636 qni
861 1568 1235 1622 testimonium
1275 1570 1398 1622 vita:
1429 1579 1646 1631 nostrae,
1679 1583 1783 1622 non
1818 1583 1848 1622 a
1882 1581 2012 1622 con-

429 1662 656 1713 scientia
693 1668 902 1719 nostra.
937 1662 1032 1714 sed
1074 1675 1104 1713 a
1155 1659 1296 1712 fama
1342 1661 1598 1729 petimus.
1647 1661 1814 1715 Beata
1863 1676 2014 1716 mens

433 1761 539 1811 est,
571 1765 688 1818 qua:
720 1749 960 1818 perfecte
997 1751 1101 1804 hoc
1141 1751 1330 1804 vitium
1365 1753 1554 1817 vineit,
1589 1762 1644 1807 et
1685 1747 1784 1807 nec
1827 1753 2013 1807 adula-

431 1850 520 1894 tur
551 1841 864 1908 aliquando,
899 1858 996 1894 nee
1023 1840 1272 1896 adulanti
1299 1843 1494 1896 credit.
1527 1842 1656 1909 Quae
1684 1857 1782 1897 nec
1811 1843 2010 1911 decipit
2043 1825 2086 1884 Β

430 1935 688 1997 alterum,
724 1949 819 1986 nec
852 1933 965 2000 ipsa
991 1933 1284 2001 decipitur,
1320 1943 1637 2002 tantumque
1671 1935 1773 1988 hoc
1805 1935 2008 1988 malum

429 2042 532 2081 nec
577 2027 710 2080 farit
755 2027 1075 2095 aliquando,
1113 2042 1212 2080 nec
1248 2027 1468 2095 patitur.
1505 2024 1648 2080 Nihil
1687 2041 1919 2096 unquam
1955 2027 2009 2081 in

433 2123 484 2166 le
519 2115 701 2168 tietum
735 2117 824 2179 sit,
861 2117 995 2168 nihil
1037 2117 1265 2168 oninino
1308 2115 1573 2169 fucatum.
1607 2105 2010 2171 Conscientiam

431 2217 601 2270 tuam,
634 2223 752 2274 qua:
793 2219 942 2262 certe
976 2207 1085 2260 Deo
1117 2223 1334 2276 semper
1367 2217 1537 2276 patet,
1573 2208 1626 2262 in
1666 2207 2011 2261 multitudine

432 2302 638 2352 \‘et‘Snri
689 2309 841 2368 puta.
892 2299 1175 2370 Nunquam
1227 2301 1373 2354 aliud
1414 2302 1577 2356 corde
1625 2309 1829 2364 teneas,
1867 2299 2012 2354 aliud

432 2408 527 2446 ore
553 2394 794 2462 proferas
821 2392 936 2465 [ΑΙ.
963 2395 1146 2457 corde,
1174 2395 1318 2448 aliud
1346 2409 1440 2448 ore
1467 2391 1818 2464 praetendas].
1843 2394 2014 2459 Quid-

432 2484 562 2551 quid
588 2487 748 2554 pudet
776 2488 980 2545 dicere,
1008 2485 1208 2552 pudeat
1236 2489 1399 2539 etiam
1425 2487 1686 2556 cogitare.
1716 2485 1852 2540 lllud
1885 2499 2013 2540 vero

435 2590 622 2631 notum
667 2577 780 2645 jam
823 2577 1076 2631 omnibus
1117 2587 1280 2646 atque
1325 2577 1660 2646 divulgatum
1705 2585 1786 2632 est
1851 2593 2011 2646 quam

434 2670 584 2722 utilis
616 2685 887 2738 quamque
921 2671 1042 2722 huic
1072 2670 1354 2738 ιτα-θροδὶιο
1389 2671 1693 2724 necessaria
1734 2680 1842 2734 est,
1872 2671 2016 2740 jeju-

435 2764 650 2816 niorum
685 2771 742 2814 et
773 2762 1116 2815 abstinentiae
1147 2764 1341 2827 virtus,
1371 2764 1606 2816 maxime
1636 2762 1688 2815 in
1717 2763 1802 2816 his
1835 2764 2012 2828 annis,

441 2858 500 2910 in
528 2855 723 2924 quibus
759 2853 974 2924 corpori
1021 2854 1192 2922 major
1234 2866 1400 2907 aestus
1448 2855 1608 2908 inest.
1639 2853 1753 2909 Non
1787 2854 2016 2907 mandu-

435 2965 564 3004 care
595 2951 778 3017 itaque
812 2962 1055 3010 carnein,
1093 2962 1271 3014 neque
1325 2947 1512 3001 bibere
1563 2946 1766 3010 vinum,
1801 2956 2018 3014 apostoa

440 3041 545 3095 lica
579 3057 710 3096 voce
745 3041 1020 3096 laudatum
1047 3049 1134 3104 est,
1157 3038 1328 3109 (Reus.
1356 3055 1453 3106 stt,
1487 3039 1574 3105 15,
1599 3038 1712 3108 21).
1741 3038 2015 3107 Quidquid

439 3134 570 3188 illud
605 3143 690 3187 est
723 3133 866 3200 quod
913 3133 1251 3186 inﬂammare
1286 3146 1488 3201 corpus
1522 3140 1715 3202 potest,
1751 3135 1897 3201 quod
1937 3132 2015 3185 fo-

438 3237 683 3280 mentum
717 3225 960 3293 suggerit
990 3221 1274 3291 voluptati,
1301 3224 1572 3278 castitatis
1595 3239 1782 3277 amore
1809 3223 2018 3292 fugien-

437 3321 568 3373 dum
605 3328 708 3373 est.
754 3315 867 3371 Nec
904 3326 1085 3370 tamen
1142 3316 1214 3369 ita
1267 3331 1465 3384 magno
1511 3315 1670 3385 hujus
1711 3317 1786 3368 rei
1833 3315 2019 3368 labore

437 3410 651 3478 gravari
693 3419 742 3462 te
775 3408 1022 3461 volumus
1053 3425 1067 3461 :
1097 3415 1155 3459 ut
1189 3407 1292 3461 sub
1325 3406 1442 3476 ipso
1486 3407 1667 3460 statim
1701 3409 1866 3460 onere
1893 3421 2022 3459 sue-

439 3499 687 3561 cumbas,
723 3514 814 3568 per
837 3499 981 3566 (μιοά
1015 3496 1170 3550 multi
1202 3496 1326 3550 dum
1365 3495 1534 3550 nimio
1571 3494 1785 3548 fervore
1823 3495 2018 3550 mentis

439 3595 704 3646 rationem
733 3607 955 3644 suarum
982 3591 1176 3642 virium
1204 3604 1311 3644 non
1338 3589 1605 3642 haberent
1634 3587 1736 3658 [ΑΙ.
1770 3586 2017 3658 habent],

441 3683 624 3736 subito
655 3684 1034 3744 conciderunt,
1065 3689 1118 3736 et
1149 3694 1284 3750 pene
1318 3689 1443 3734 ante
1473 3683 1830 3743 debilitatem,
1858 3695 2018 3747 quam

442 3776 786 3828 sanctitatem
821 3775 890 3827 de
923 3774 1202 3842 proposito
1237 3789 1334 3826 suo
1369 3773 1649 3826 consecuti
1689 3783 1837 3826 sunt.
1872 3772 2022 3840 Opti-

441 3882 566 3920 mus
611 3875 694 3920 est
738 3868 789 3919 iu
841 3867 990 3920 omni
1037 3881 1095 3920 re
1147 3865 1354 3929 modus,
1392 3873 1448 3917 et
1492 3864 1778 3918 laudabilis
1821 3864 2022 3933 ubique

443 3976 718 4013 mensura.
767 3959 979 4028 Corpus
1025 3973 1131 4011 non
1183 3956 1563 4025 frangendum,
1595 3958 1686 4009 sed
1727 3956 2019 4024 regendum

441 4063 545 4105 est.
597 4050 719 4103 Sint
773 4065 904 4117 ergo
963 4051 1239 4103 moderata
1297 4058 1507 4112 sancta,
1546 4057 1599 4102 et
1652 4047 1919 4116 simplicia
1967 4047 2021 4100 in

441 4148 587 4197 omni
622 4144 819 4198 mentis
863 4142 1170 4195 humilitate
1203 4142 1430 4212 jejunia,
1464 4157 1584 4211 qua
1627 4142 1701 4194 ita
1741 4150 2024 4193 attenuent

441 4249 678 4302 eorpus,
732 4249 798 4287 ne
852 4234 1092 4286 animum
1139 4234 1390 4296 elevent,
1446 4249 1512 4285 ne
1561 4247 1650 4286 res
1702 4231 2023 4287 humilitatis

443 4327 628 4394 gignat
681 4325 1018 4394 superbiam,
1062 4333 1117 4378 et
1171 4325 1296 4378 vitia
1352 4324 1418 4378 de
1467 4323 1667 4378 virtute
1709 4332 2022 4376 nascantur.

447 4417 590 4486 Ego,
642 4417 851 4485 inquit,
907 4433 1024 4470 cum
1074 4417 1200 4470 mihi
1257 4416 1462 4471 molesti
1510 4423 1720 4480 essent,
1769 4414 2026 4468 induebar

2116 557 2333 612 illarum
2388 560 2458 612 sit
2507 561 2816 615 esurientes
2864 563 3012 616 alere
3065 565 3207 628 cibo,
3253 565 3449 617 vestire
3503 563 3697 627 lilldlh,

2117 651 2338 704 visitare
2399 651 2662 715 inﬁrmos,
2717 657 3039 724 peregrinos
3097 666 3240 710 tecto
3293 657 3591 723 suscipere,
3646 673 3699 709 et

2115 742 2304 795 πεδί-υἱ
2339 757 2434 811 spe
2465 743 2695 810 praemii,
2735 745 2961 799 Christo
2995 747 3045 799 iu
3081 748 3407 817 pauperibus
3442 747 3696 811 fenerari,

2115 835 2204 900 qui
2245 833 2384 885 dixit
2415 850 2428 884 :
2467 833 2822 904 Quodcunque
2858 837 3055 905 fecistis
3099 841 3190 890 imi
3243 855 3308 892 ex
3337 841 3414 892 his
3445 840 3698 908 fratribus

2118 929 2245 978 meis
2298 927 2555 989 minimis,
2594 929 2722 980 mihi
2775 929 2970 994 fecistis
3017 931 3222 999 (Matth.
3258 949 3381 997 xxv,
3418 933 3528 998 45).
3578 930 3696 984 Tibi

2116 1036 2268 1087 vero,
2299 1021 2532 1076 maxime
2565 1021 2693 1076 dum
2721 1023 2773 1074 in
2802 1035 3081 1090 proposito
3112 1033 3438 1078 maturescat
3462 1027 3696 1089 animus,

2116 1112 2186 1164 ab
2240 1113 2496 1166 omnibus
2554 1115 3003 1182 occupationibus
3057 1117 3421 1169 recedendum
3478 1123 3593 1174 est.
3645 1127 3698 1168 et

2116 1221 2276 1260 omne
2306 1207 2545 1260 studium
2577 1208 2866 1275 omnisque
2902 1223 3032 1262 cura
3071 1209 3121 1261 in
3157 1210 3418 1262 ornandis
3457 1207 3698 1260 moribus

2116 1299 2448 1353 exhibenda.
2488 1300 2695 1366 Quibus
2745 1301 2816 1352 ita
2867 1316 3060 1353 vacare
3105 1303 3288 1366 debes,
3321 1310 3374 1355 et
3409 1311 3574 1354 totam
3607 1319 3698 1354 oe-

2115 1404 2316 1458 cupare
2363 1401 2622 1454 mentem,
2668 1400 2725 1442 ut
2780 1407 2883 1444 non
2935 1391 3155 1444 divitem
3205 1404 3257 1445 te
3305 1393 3509 1446 sentias
3551 1407 3695 1456 esse,

2117 1496 2219 1536 nec
2253 1482 2549 1536 dominam.
2587 1479 2901 1535 Nobilitatis
2937 1483 3005 1536 ad
3049 1485 3148 1536 hoc
3183 1492 3396 1536 tantum
3440 1485 3698 1536 memine-

2119 1574 2225 1637 ris,
2278 1583 2336 1626 ut
2385 1589 2508 1628 cum
2558 1575 2804 1630 claritate
2853 1577 3086 1643 generis,
3142 1592 3353 1628 morum
3409 1577 3699 1629 sam-litate

2117 1667 2452 1733 contendas;
2475 1676 2530 1719 et
2552 1682 2674 1719 eum
2712 1667 2994 1721 nobilitate
3022 1670 3286 1734 corporis,
3308 1669 3472 1720 animi
3501 1670 3698 1720 virtute

2119 1759 2349 1811 nobilior
2369 1759 2624 1827 proficias
2649 1774 2665 1813 ε
2689 1759 2966 1827 magisque
2991 1759 3079 1811 illa
3109 1760 3393 1811 nobilitate
3417 1759 3695 1828 glorieris,

2116 1861 2236 1915 quae
2280 1847 2420 1900 filios
2448 1848 2540 1900 Dei
2575 1857 2630 1901 et
2663 1848 2974 1900 colum-edes
3006 1847 3390 1900 Cbristi‘farit.
3426 1846 3502 1897 Att
3535 1862 3696 1913 quant

2116 1941 2161 1994 si
2193 1953 2409 2008 semper
2446 1940 2698 2007 inspicias
2732 1956 2746 1995 :
2785 1941 2908 1992 dum
2937 1941 3112 1992 credis
3142 1942 3390 2010 gaudium
3417 1950 3468 1991 te
3496 1939 3698 1992 habete

2115 2031 2260 2100 quod
2279 2031 2453 2099 majus
2470 2040 2574 2094 est,
2597 2031 2802 2085 desinis
2825 2033 2968 2086 deco
2989 2033 3134 2100 quod
3158 2033 3334 2084 minus
3353 2041 3429 2084 est
3455 2031 3696 2098 gloriari.

2117 2123 2305 2178 Omnis
2361 2123 2463 2175 ista
2519 2121 2762 2190 pra-clari
2813 2123 3032 2191 generis
3085 2124 3347 2188 dignitas,
3382 2133 3438 2174 et
3489 2123 3697 2172 illustre

2117 2213 2295 2266 Anicii
2351 2214 2636 2280 sanguinis
2665 2215 2848 2276 de’eus,
2887 2214 2952 2266 ad
2989 2214 3223 2266 animam
3271 2214 3694 2267 transferantur.

2119 2305 2213 2359 ltle
2249 2305 2449 2368 clarus,
2485 2305 2573 2356 ille
2621 2304 2892 2368 sublimis,
2932 2306 3020 2359 ille
3070 2307 3140 2359 sit
3193 2307 3406 2368 nobilis,
3442 2308 3528 2358 ille
3571 2315 3698 2357 tunc

2120 2398 2384 2466 integrant
2437 2397 2774 2450 nobilitatem
2828 2412 2982 2450 suam
3038 2412 3262 2451 servare
3309 2411 3365 2450 se
3411 2406 3598 2466 putt't,
3650 2399 3696 2450 si

2121 2490 2443 2556 dedignetur
2486 2488 2691 2541 servire
2714 2488 2882 2552 vitiis,
2923 2489 2990 2541 ab
3025 2490 3213 2556 eisque
3255 2505 3362 2542 non
3398 2491 3644 2556 superari
3679 2505 3695 2543 :

2120 2585 2163 2635 Α
2217 2599 2318 2651 quo
2374 2581 2508 2633 enim
2560 2582 2676 2648 quis
2729 2591 3031 2648 superatur,
3074 2581 3231 2647 huius
3286 2591 3332 2633 et
3389 2597 3565 2633 servus
3619 2589 3698 2632 est

2125 2673 2208 2747 (II
2243 2674 2391 2726 Petr.
2426 2687 2486 2736 it,
2525 2672 2637 2738 15).
2689 2673 2828 2737 Quid
2875 2674 3020 2725 enim
3074 2674 3173 2727 hac
3220 2673 3482 2726 servitute
3533 2673 3694 2724 annui

2124 2768 2419 2837 indignius,
2468 2765 2667 2834 quidve
2719 2764 2951 2832 turpius,
2988 2779 3151 2832 quam
3203 2778 3328 2818 cum
3377 2766 3426 2816 in
3473 2778 3559 2827 eo,
3607 2771 3701 2814 aut

2123 2860 2436 2912 dominatur
2478 2858 2681 2922 odium,
2723 2865 2816 2909 aut
2859 2866 3050 2926 regnat
3098 2856 3340 2910 invidia?
3371 2871 3530 2924 quam
3574 2869 3695 2906 rum

2124 2967 2246 3006 emn
2297 2959 2392 3004 ant
2445 2949 2674 3002 avaritia
2721 2951 2981 3017 pOSsidet,
3014 2959 3106 3002 aut
3143 2960 3355 3012 captum
3405 2950 3482 3002 ira
3527 2957 3696 3014 teret,

2126 3045 2208 3099 vel
2238 3051 2386 3099 certe
2424 3052 2616 3095 cetera
2648 3044 2750 3095 sibi
2783 3043 2911 3094 vitia
2945 3042 3259 3096 vindicant?
3287 3040 3400 3094 Non
3432 3050 3514 3094 est
3556 3043 3697 3107 quot

2126 3137 2226 3191 sibi
2270 3135 2465 3204 aliquis
2499 3135 2564 3189 de
2601 3136 2880 3189 nobilitate
2913 3134 3130 3202 generis
3164 3133 3472 3186 blandiatur
3501 3173 3515 3198 ,
3547 3134 3592 3185 si
3634 3143 3697 3184 ex

2123 3231 2342 3284 meliore
2371 3239 2520 3299 parte
2548 3230 2617 3283 sit
2645 3229 2906 3283 famulus.
2933 3228 3095 3280 Multo
3119 3239 3200 3280 est
3226 3227 3496 3292 indignius
3523 3235 3700 3277 mente

2121 3323 2348 3387 servire,
2384 3336 2542 3390 quam
2581 3337 2827 3390 corpore.
2859 3319 3195 3389 Superﬂnnm
3235 3320 3470 3373 arbitror
3497 3331 3544 3371 te
3578 3335 3698 3370 mo-

2120 3430 2273 3478 nere,
2302 3429 2459 3484 quam
2490 3429 2651 3482 parca
2686 3415 2738 3468 in
2772 3414 3114 3482 procedendo
3139 3413 3338 3483 debeas
3365 3427 3508 3474 esse,
3535 3429 3696 3477 quam

2120 3523 2242 3561 rara
2275 3525 2288 3560 :
2320 3523 2439 3559 cum
2489 3517 2540 3561 te
2583 3508 2686 3560 hoc
2716 3507 2880 3559 etiam
2912 3505 3187 3558 saecularis
3221 3504 3290 3557 ab
3331 3503 3555 3556 infantia
3601 3504 3698 3556 ho-

2123 3609 2302 3654 nestas
2348 3599 2616 3662 docuerit,
2653 3607 2707 3652 et
2758 3599 2913 3652 facile
2964 3597 3233 3666 intelligas
3287 3597 3334 3650 id
3387 3599 3481 3648 tibi
3532 3601 3704 3648 multo

2123 3694 2296 3762 magis
2327 3693 2379 3744 in
2414 3692 2516 3745 hac
2553 3691 2657 3743 vita
2707 3701 2828 3744 esse
2875 3695 3226 3751 servandum,
3263 3705 3423 3758 quam
3469 3690 3698 3740 maxime

2124 3794 2396 3838 secretum
2442 3782 2621 3836 decet.
2679 3781 2808 3834 lllud
2859 3782 3146 3843 admoneo,
3195 3788 3252 3832 ut
3305 3781 3436 3848 ipsis
3483 3795 3698 3848 quoque

2123 3873 2563 3938 salutationibus,
2595 3887 2714 3940 qua:
2753 3872 2846 3924 tibi
2889 3872 2940 3923 in
2982 3870 3232 3923 cubiculo
3262 3878 3352 3922 tuo
3378 3871 3706 3924 exhibenda:

2123 3978 2270 4031 sunt,
2303 3965 2665 4019 certissimum
2697 3965 2915 4016 modum
2951 3977 3122 4031 ponas
3152 3979 3166 4017 :
3205 3977 3311 4015 non
3347 3961 3457 4014 sint
3491 3963 3704 4024 nimim,

2126 4073 2298 4128 neque
2340 4057 2691 4126 quotidianae,
2727 4069 2794 4110 ne
2835 4071 2939 4108 non
2985 4066 3089 4108 tam
3132 4054 3387 4119 cilicium,
3421 4069 3581 4123 quam
3617 4058 3697 4108 in-

2125 4149 2493 4222 quietudinem
2529 4158 2789 4218 prtestare
2819 4148 3128 4202 videantur.

2195 4239 2328 4294 CAP.
2357 4237 2717 4292 XXlll.-Et
2741 4254 3046 4308 quanquam
3074 4252 3236 4292 omne
3272 4237 3395 4292 vita:
3425 4245 3527 4290 tua:
3563 4246 3700 4290 tem-

2125 4350 2228 4404 pus
2259 4335 2444 4386 divino
2469 4334 2666 4386 debeas
2717 4333 2867 4400 operi
2942 4345 3318 4388 consecrare:
3379 4341 3433 4385 et
3495 4331 3697 4384 nullam

2127 4440 2350 4495 prorsus
2382 4425 2573 4477 horam
2607 4439 2634 4476 a
2661 4426 2931 4492 spirituali
2998 4412 3245 4492 prol‘ecm
3302 4439 3524 4477 vacuam
3578 4438 3701 4477 esse

442 4510 654 4575 cilicio,
701 4519 750 4563 et
797 4511 1141 4562 humiliabam
1196 4510 1249 4563 in
1298 4510 1508 4578 jejunio
1563 4511 1800 4562 animum
1851 4524 2018 4560 meam

2131 4522 2441 4583 conveniat,
2473 4532 2595 4571 cum
2635 4519 2728 4571 tibi
2765 4519 2815 4571 in
2855 4518 2970 4586 lege
3001 4517 3213 4571 Domini
3271 4517 3357 4572 die
3421 4533 3483 4570 ac
3537 4529 3705 4570 noue

445 4600 620 4670 (leaf.
669 4617 833 4666 xxxv,
882 4600 997 4670 15).
1046 4600 1222 4655 Vestis
1266 4600 1520 4671 abjectio,
1557 4602 1662 4655 cibi
1709 4601 1911 4664 vilitas,
1942 4601 2025 4668 je-

443 4694 581 4760 junii
637 4692 937 4758 lassitudo,
996 4694 1345 4761 exstinguere
1399 4690 1766 4757 debent,non
1815 4691 2026 4746 nutrire

444 4783 773 4851 superbiam.
821 4781 954 4848 Quis
1005 4798 1118 4837 rem
1173 4783 1454 4838 medicina:
1500 4785 1691 4838 vulnus
1739 4783 2024 4838 faciatiet

446 4878 566 4928 inde
607 4891 740 4928 sana
794 4875 953 4928 laedat
996 4891 1245 4944 quaeque,
1283 4875 1426 4930 unde
1461 4877 1572 4946 jam
1607 4876 1734 4930 latsa
1780 4878 2024 4931 curanda

445 4967 604 5020 sunt?
635 4973 743 5021 Aut
770 4983 892 5036 qua:
919 4971 1188 5035 supererit
1218 4982 1342 5036 spes
1371 4955 1588 5033 salutis,
1621 4969 1668 5022 si
1699 4970 1802 5024 ista
1831 4971 2024 5023 animae

447 5062 681 5114 remi-dia
719 5061 830 5112 sint
861 5059 1110 5112 venena?

513 5157 643 5209 (ιη’.
681 5153 848 5208 χχιι.
879 5183 947 5196 --
982 5154 1250 5209 Laborem
1277 5154 1470 5224 jejunii
1506 5155 1603 5222 tui,
1639 5153 2026 5210 misericordiae

444 5265 608 5317 opera
658 5249 1064 5309 commendent,
1096 5256 1150 5301 et
1197 5248 1526 5302 abstinentia
1575 5260 1689 5313 tua,
1724 5263 2022 5317 pauperum

445 5339 742 5394 refectione
783 5339 851 5392 sit
893 5339 1122 5406 gratior.
1177 5337 1437 5393 Dominus
1477 5339 1720 5408 loquitur
1759 5355 1857 5408 per
1896 5354 2026 5409 pro-

446 5433 665 5501 phetam
712 5449 727 5485 :
775 5430 1192 5484 Misericordia":
1249 5431 1394 5495 volo,
1443 5441 1490 5484 et
1546 5448 1652 5484 non
1699 5431 2023 5499 sacriﬁcium

445 5519 600 5590 (Usu
629 5536 704 5585 v1,
734 5521 811 5590 6).
845 5521 900 5574 ln
947 5519 1245 5588 Evangelia
1294 5521 1496 5576 Christi
1541 5523 1704 5576 verba
1743 5523 1974 5591 legimus
2005 5540 2022 5577 ε

445 5611 599 5666 Beati
629 5615 1011 5679 misericordes,
1044 5617 1294 5685 quoniam
1323 5618 1424 5682 ipsi
1458 5617 1869 5670 misericordiam
1899 5634 2024 5670 con-

443 5718 726 5776 sequentur
765 5709 986 5779 (Jlatth.
1025 5725 1077 5773 ν.
1130 5711 1204 5776 7).
1257 5709 1363 5764 Sed
1414 5725 1598 5778 quaeso
1648 5711 1785 5764 hanc
1835 5725 2022 5764 curam

446 5800 569 5856 vice
609 5811 696 5857 tua
735 5803 854 5858 avia
893 5813 1175 5873 materque
1202 5803 1524 5872 suscipiant.
1563 5802 1670 5858 Illae
1711 5803 1810 5858 has
1837 5812 2021 5873 partes

2127 4611 2491 4686 meditandum
2553 4611 2624 4665 sit
2683 4610 2952 4682 (PsaLt)
2987 4627 3002 4664 :
3044 4611 3202 4665 debet
3268 4619 3449 4664 tamen
3501 4610 3712 4686 aliquis-

2125 4715 2245 4755 esse
2271 4683 2662 4754 determinatus
2691 4714 2744 4755 et
2769 4702 3374 4754 constitutushurarum
3406 4683 3704 4762 numerus,

2126 4808 2231 4862 quo
2257 4792 2465 4858 plenius
2495 4791 2604 4847 Deo
2631 4808 2811 4854 vaces,
2844 4805 2896 4845 et
2925 4795 3013 4863 qui
3050 4803 3100 4846 te
3134 4794 3199 4847 ad
3242 4809 3510 4846 summam
3573 4792 3703 4845 ani-

2127 4890 2200 4942 mi
2236 4889 2612 4950 intentiOnetn,
2640 4887 2783 4941 velut
2809 4889 3038 4956 quadam
3069 4889 3187 4955 lege
3216 4887 3510 4940 contineat.
3535 4882 3698 4952 Opti-

2129 4995 2272 5034 mum
2336 4988 2421 5033 est
2473 4992 2602 5045 ergo
2664 4978 2788 5032 huic
2853 4980 2998 5046 operi
3063 4979 3384 5032 matutinum
3446 4977 3694 5044 deputari

2129 5083 2360 5140 tempus,
2394 5071 2443 5125 id
2477 5081 2560 5124 est
2594 5071 2869 5122 meliorem
2898 5070 3002 5123 diei
3033 5079 3264 5138 partem,
3301 5078 3354 5124 et
3411 5082 3583 5136 usque
3630 5067 3710 5120 ad

2127 5162 2316 5215 horam
2361 5162 2573 5214 tertiam
2607 5161 2840 5214 animum
2869 5163 3110 5230 quotidie
3141 5163 3190 5214 in
3265 5160 3468 5214 ccelcsti
3523 5171 3710 5228 agone’

2128 5263 2453 5315 certantem,
2485 5253 2589 5306 hoc
2621 5255 2767 5306 velut
2798 5255 3098 5324 spiritualis
3149 5253 3383 5320 quodam
3446 5251 3697 5317 palestra:

2127 5344 2373 5398 exerceri
2407 5343 2714 5413 gymnasio.
2747 5343 2842 5398 llis
2875 5355 2929 5398 tu
2969 5361 3064 5414 per
3094 5344 3338 5410 singulos
3372 5341 3488 5395 dies
3543 5341 3700 5395 hotis

2128 5434 2180 5488 in
2208 5434 2514 5488 secretioris
2575 5428 2768 5488 domus
2816 5446 2967 5504 parte
3026 5451 3140 5498 ora,
3203 5434 3391 5487 clauso
3446 5433 3708 5486 cubiculo

2130 5525 2585 5592 lUO(MaU/t.ﬂ,
2637 5525 2734 5595 6).
2805 5525 3017 5580 Adhibe
3084 5524 3178 5578 tibi
3233 5525 3401 5579 etiam
3457 5525 3509 5576 in
3565 5525 3699 5577 urbe

2129 5617 2252 5690 [ΑΙ.
2289 5619 2460 5692 orbe‘]
2491 5621 2864 5682 solitudinem,
2914 5629 2969 5673 ct
3030 5627 3237 5673 remota
3293 5617 3570 5687 paulisper
3627 5614 3702 5670 ab

2127 5713 2462 5776 hominibus,
2491 5711 2709 5780 propius
2743 5711 2852 5763 Deo
2879 5711 3141 5778 iungere:
3167 5711 3524 5779 aspectuique
3580 5716 3706 5761 tuo-

2129 5819 2248 5858 rum
2285 5803 2517 5870 reddita,
2543 5802 2790 5858 lectionis
2814 5800 3053 5857 fructum
3077 5812 3132 5859 et
3160 5802 3424 5861 orationis
3445 5795 3698 5858 ostende;
