4054 6206
2511 99 2548 128 \

423 314 493 377 39
1355 312 1416 373 S.
1457 310 1903 373 ΗῘΕΒΟΝΥΜΙ
1944 315 2268 376 OPERUM
2309 305 2722 376 MANTISSA.
3593 314 3664 379 40

416 422 562 478 Nihil
585 420 728 475 enim
765 421 817 476 in
848 421 952 476 hoc
977 426 1188 475 secreto
1209 419 1384 489 magis
1414 431 1577 488 agere
1605 419 1792 482 debes.
1822 434 1983 489 quam
2029 429 2069 481 Α
2103 421 2188 474 cui
2219 419 2538 490 placendum
2567 430 2670 476 est.
2696 417 2891 473 Saecuti
2912 431 3039 473 vero
3059 416 3322 489 virgines,
3341 432 3460 490 quae
3487 434 3547 476 se
3570 437 3666 476 uu-

417 515 656 569 animam
693 512 892 568 divinis
919 513 1151 580 eloquiis
1201 506 1444 580 pascere.
1490 511 1554 562 Et
1621 516 1883 578 quantum
1935 506 1986 562 ei

416 621 514 673 per
545 615 706 658 totam
749 602 996 658 sufﬁcere
1024 604 1196 672 possit
1227 601 1410 666 diem,
1467 600 1569 654 hoc
1633 614 1756 654 eam
1819 599 1983 654 veluti

417 697 539 750 cibo
578 695 861 764 pinguiore
893 695 1118 750 satiare.
1153 694 1230 746 lta
1263 691 1586 761 Scripturas
1615 705 1807 746 sacras
1838 691 1980 758 lege,

417 797 476 839 ut
509 801 722 856 semper
750 787 1064 840 memineris
1083 784 1178 838 Dei
1206 785 1293 837 illa
1325 783 1485 837 verba
1513 795 1659 844 esse,
1688 781 1776 849 qui
1812 781 1983 846 legem

417 894 568 930 suam
602 893 707 931 non
739 877 915 931 solum
951 878 1100 938 sciri.
1154 877 1246 928 sed
1319 875 1484 926 etiam
1548 873 1757 941 impleri
1807 873 1979 942 jubet.

343 976 346 979 '
413 965 556 1019 Nihil
584 967 726 1020 enim
763 969 982 1034 prodest
1013 965 1258 1018 iacienda
1291 963 1583 1028 didicisse,
1620 972 1674 1017 et
1738 978 1852 1042 nou
1901 962 1984 1015 fa-

413 1073 557 1112 cere.
589 1057 800 1125 Optime
848 1057 1016 1110 uteris
1069 1055 1302 1110 lectione
1371 1055 1575 1117 divina,
1630 1054 1676 1108 si
1720 1069 1839 1106 eam
1891 1052 1982 1106 tibi

411 1149 672 1202 adhibeas
693 1147 901 1216 speculi
953 1149 1091 1212 vice,
1128 1156 1186 1198 ιιι
1240 1146 1311 1200 ibi
1367 1146 1512 1199 velut
1577 1146 1642 1197 ad
1695 1144 1982 1214 imaginem

411 1255 564 1294 suam
601 1241 780 1292 anima
821 1240 1098 1308 respiciat,
1125 1247 1178 1293 et
1207 1239 1286 1290 vel
1335 1236 1476 1292 fmda
1531 1251 1754 1306 quaeque
1808 1237 1984 1291 corri-

412 1340 521 1398 gat,
560 1331 638 1383 vel
669 1329 890 1398 pulchra
924 1331 1045 1397 plus
1073 1338 1253 1382 ornet.
1288 1327 1602 1381 Lectionem
1671 1326 1985 1394 frequenter

418 1422 775 1489 interrumpat
805 1423 1003 1482 oratio,
1073 1429 1124 1473 et
1151 1422 1389 1472 animam
1438 1419 1644 1485 iugiter
1705 1419 1983 1473 adhaeren-

417 1522 521 1566 tem
548 1513 678 1579 Deo,
714 1521 864 1581 grata
897 1511 1213 1566 vicissitudo
1247 1510 1422 1564 saneti
1482 1509 1662 1579 operis
1701 1511 1979 1566 accendat.

411 1604 564 1659 Nunc
602 1614 652 1658 te
703 1605 867 1671 igitur
922 1603 1058 1656 ordo
1106 1603 1342 1656 instruat
1402 1601 1646 1656 caelestis
1699 1592 2024 1657 historias:-

410 1711 551 1750 nunc
569 1706 811 1750 sanctum
831 1696 997 1748 David
1019 1695 1249 1748 oblectet
1282 1694 1556 1748 canticum
1581 1711 1595 1748 :
1627 1709 1772 1747 nunc
1821 1694 1980 1748 Salo-

2088 510 2216 590 ptiis
2265 521 2590 580 praeparant,
2631 517 2685 564 et
2734 509 3124 578 indulgentiam
3173 511 3346 580 magis
3400 510 3668 580 Apostoli,

2087 615 2249 669 quam
2281 601 2562 656 consilium
2585 601 2738 672 sequi
2763 600 2992 666 malunt,
3029 601 3304 671 magisque
3333 602 3492 671 ampli
3513 613 3668 656 ctun-

2088 700 2173 745 tur
2214 692 2620 746 incontinentiae
2662 692 2984 757 remedium,
3024 707 3184 761 quam
3205 692 3666 762 pratmiumconti-

2088 785 2306 843 mentite.
2339 794 2397 837 ut
2443 784 2658 852 sponsis
2687 783 2951 852 placeant,
2980 799 3179 852 eosque
3212 785 3264 838 in
3305 798 3540 837 amorem
3585 783 3666 835 sui

2091 877 2263 942 magis
2285 875 2674 940 ineitent,tuira
2699 891 2758 930 se
2779 876 3141 932 sollicitudine
3165 877 3400 931 formare
3423 877 3666 941 student,

2095 973 2152 1018 et
2178 966 2476 1018 naturalem
2511 969 2756 1036 corporis
2783 967 3233 1034 pulchritudinem
3274 967 3500 1022 ornandi
3549 976 3667 1021 arte

2090 1049 2490 1112 com'memlaut.
2522 1059 2645 1113 Haec
2669 1069 2752 1113 est
2788 1059 2891 1112 illis
2923 1075 3018 1129 per
3051 1061 3164 1114 dies
3219 1060 3465 1129 singulos
3531 1076 3662 1113 cura

2087 1149 2403 1218 praecipua:
2432 1150 2754 1204 docentibus
2785 1150 2926 1205 lucis
2984 1151 3228 1205 colorare
3289 1153 3504 1216 faciem,
3560 1154 3662 1204 im-

2087 1240 2288 1307 plicare
2320 1255 2454 1294 auro
2484 1243 2714 1306 crinem,
2741 1251 2794 1295 et
2827 1243 3082 1296 ardentes
3137 1242 3466 1296 concharum
3531 1243 3666 1312 lapi-

2087 1332 2202 1395 des,
2229 1331 2418 1398 capitis
2456 1332 2712 1386 honorem
2749 1333 2946 1398 facere,
2977 1335 3311 1401 suspendere
3379 1348 3444 1386 ex
3512 1334 3662 1388 auri-

2089 1422 2188 1477 bus
2216 1424 2561 1492 patrimonia,
2591 1425 2810 1480 brachia
2837 1440 3036 1478 ornare
3071 1425 3364 1480 monilibus
3387 1428 3457 1479 ac‘
3471 1426 3659 1490 latera,

2087 1523 2142 1566 et
2163 1514 2400 1568 inclusas
2430 1529 2564 1570 auro
2587 1530 2830 1583 gemmas
2860 1531 2890 1569 a
2921 1516 3062 1569 collo
3102 1517 3157 1568 in
3221 1525 3413 1586 pectus
3459 1519 3660 1572 demit-

2087 1612 2224 1658 tere.
2255 1603 2371 1659 Non
2406 1605 2671 1658 minorem
2699 1619 2934 1672 sponsus
2969 1615 3094 1658 tuus
3133 1605 3364 1672 requirit
3382 1616 3657 1672 ornatum,

2089 1694 2324 1759 quicum
2357 1689 2663 1748 universam
2723 1693 3020 1748 Ecclesiam
3075 1695 3330 1750 salutaris
3368 1711 3522 1766 aqua:
3574 1697 3661 1750 la-

408 1791 586 1842 menis
615 1788 827 1841 erudiat
849 1787 1123 1854 Sapientia
1150 1802 1163 1838 :
1198 1800 1342 1838 nunc
1365 1785 1430 1837 ad
1458 1786 1706 1839 timorem
1737 1784 1975 1850 Domini,
2009 1776 2050 1829 Β
2081 1799 2244 1838 vacro
2273 1784 2612 1852 puriﬁcatam
2640 1786 2758 1840 sine
2793 1785 3001 1840 macula
3030 1801 3272 1856 rugaque
3334 1789 3652 1856 reddiderit,

405 1881 808 1948 iucrepationes
870 1878 1101 1930 incitent
1150 1877 1536 1946 prepbetarum
1569 1893 1583 1929 :
1613 1891 1758 1930 nunc
1817 1890 1978 1930 evan-

405 1971 575 2038 gelica
607 1969 976 2038 etapostolica
1005 1967 1270 2037 perfectio
1329 1975 1379 2022 te
1428 1967 1648 2022 Christo
1711 1968 1764 2020 iu
1825 1968 1975 2021 omni

409 2063 937 2116 tnerumsanctitale
959 2061 1278 2129 conjungat.
1343 2059 1473 2126 Quae
1527 2059 1766 2125 paranda
1821 2068 1973 2123 sunt,

411 2151 685 2206 memoriae
720 2151 940 2219 penitus
980 2150 1158 2203 insere
1191 2165 1204 2203 :
1236 2164 1408 2216 eaque
1449 2149 1564 2218 jugi
1625 2147 1977 2204 meditatione

406 2243 1170 2307 conserva.Qn;ematuranda
1206 2251 1352 2305 sunt,
1391 2240 1707 2309 frequenter
1734 2244 1974 2304 revolre,

407 2345 464 2386 ιιι
493 2333 733 2387 divinum
778 2335 876 2386 hoc
931 2333 1193 2395 studium,
1258 2343 1310 2383 et
1365 2331 1604 2385 cmlestis
1649 2332 1858 2394 schola,
1923 2341 1978 2383 et

405 2440 584 2477 mores
607 2423 770 2476 simul
804 2424 1031 2491 virginis
1077 2431 1276 2475 ornent
1317 2431 1369 2474 et
1423 2435 1662 2481 sensum,
1728 2423 1976 2472 tradant-

403 2531 509 2584 que
536 2516 626 2570 tibi
655 2530 775 2568 cum
811 2517 1072 2579 sapientia
1099 2511 1465 2566 sanctitatem.
1501 2509 1659 2564 Unde
1694 2509 1974 2577 Scriptura

407 2607 569 2659 dicit:
591 2606 694 2669 Qui
725 2614 963 2671 quint-ant
1001 2602 1187 2667 Deum,
1223 2602 1488 2654 invenient
1520 2602 1832 2667 sapientiam
1853 2617 1974 2654 cum

403 2697 611 2765 iustitia
642 2694 840 2766 (ΡΙ-ου.
866 2697 964 2763 ιι).
993 2695 1074 2746 Sit
1107 2703 1284 2747 autem
1307 2695 1418 2759 ipsa
1448 2691 1610 2745 lectio
1647 2703 1972 2761 temperata,

407 2790 492 2841 cui
531 2789 686 2840 linem
723 2787 1028 2847 consilium,
1062 2800 1166 2837 nun
1222 2785 1484 2837 lassuudo
1533 2786 1792 2851 impetrat.
1841 2782 1976 2837 Nam

409 2889 466 2931 ut
487 2877 1078 2945 imtuoderatajejunia,
1097 2885 1150 2929 et
1179 2878 1339 2929 ardor
1359 2877 1720 2940 abstinentiae,
1738 2887 1792 2930 et
1823 2890 1980 2930 enor-

407 2986 523 3026 mes
587 2972 1010 3036 illordinalthue
1069 2970 1284 3037 vigilite,
1347 2969 1778 3038 intemperantia:
1827 2984 1978 3023 coaro

406 3071 663 3132 guuntur,
691 3062 852 3129 idque
894 3061 1170 3114 nimietate
1198 3063 1277 3114 sui
1316 3061 1555 3129 pariunt,
1591 3070 1647 3112 ιιι
1674 3061 1786 3115 [nec
1851 3061 1973 3129 ipsa

405 3168 738 3224 postea,nee
775 3154 1119 3207 mediocriter
1173 3154 1386 3221 quidem
1437 3153 1554 3206 fieri
1610 3155 1824 3222 possint
1859 3154 1973 3207 :ita

410 3250 650 3303 studium
703 3245 954 3299 lectionis
988 3245 1037 3296 in
1079 3243 1554 3311 reprehensionem
1605 3244 1974 3309 intemperans

409 3338 571 3402 cadit,
613 3336 864 3403 quodque
889 3333 1160 3392 laudabile
1192 3345 1272 3386 est
1317 3335 1370 3386 ιιι
1438 3341 1683 3400 tempore
1741 3348 1861 3398 suo,
1918 3334 1978 3386 lit

407 3426 474 3480 de
496 3427 770 3478 nimietate
799 3425 884 3477 sui
921 3424 1213 3491 culpabile.
1505 3468 1516 3474 -

494 3518 626 3569 CAP.
662 3515 846 3569 XXIV.
866 3544 932 3553 —
953 3513 1290 3568 Generaliter
1319 3515 1558 3582 quidem,
1591 3514 1685 3568 sed
1743 3516 1978 3569 breviter

411 3610 750 3676 strictimque
787 3608 1069 3659 dicendum
1101 3616 1220 3658 est:
1256 3606 1308 3658 in
1339 3607 1494 3658 bonis
1543 3623 1756 3675 quoque
1818 3612 1976 3662 rebus

409 3699 665 3767 quidquid
692 3699 909 3751 modum
942 3699 1270 3761 excesserit,
1305 3699 1493 3750 vitium
1528 3708 1630 3750 est.
1663 3699 1848 3767 Magna
1871 3709 1974 3764 est,

411 3808 622 3860 magna,
660 3791 900 3859 inquam,
941 3800 1132 3860 etquae
1168 3790 1355 3859 grandi
1387 3793 1569 3844 studio
1589 3801 1825 3857 constat,
1861 3809 1978 3862 per-

413 3884 569 3936 fectu:
601 3886 723 3938 vitae
755 3885 915 3949 ratio,
980 3892 1478 3952 consutumataique
1527 3886 1810 3952 sapientia:
1873 3897 1977 3951 est,

410 3975 554 4028 seire
611 3975 737 4040 quid
793 3989 901 4042 quo
961 3974 1267 4041 insequaris
1325 3976 1505 4037 modo,
1541 3985 1593 4028 et
1641 3975 1705 4028 ad
1760 3991 1976 4028 omnem

410 4075 586 4120 actum
609 4063 940 4132 praeferendo
961 4065 1266 4117 COIISiillllll:
1287 4064 1613 4130 nihilfacere
1629 4071 1770 4133 quod
1791 4065 1981 4120 iecisse

409 4165 685 4226 ptemteat.
715 4154 858 4208 intra
883 4154 1042 4208 unius
1085 4155 1229 4207 horae
1282 4165 1516 4221 spatium
1579 4163 1820 4207 mutatur
1883 4157 1980 4209 ita-

410 4248 880 4319 bituszjejuuare,
903 4250 1201 4309 abstinere,
1235 4246 1490 4312 psallere,
1551 4246 1798 4316 vigilare,
1860 4264 1967 4302 non

412 4352 520 4395 tam
552 4343 729 4395 studio
762 4356 896 4409 Opus
921 4340 1141 4404 habent,
1199 4353 1358 4408 quam
1416 4339 1716 4392 voluntate.
1771 4338 1978 4404 Quidli-

2077 1881 2490 1949 quotidiecupit
2522 1895 2640 1934 eam
2671 1882 2784 1936 lieri
2831 1883 3222 1952 pulchriorem,
3285 1895 3343 1939 ut
3389 1885 3560 1940 semel
3624 1901 3652 1938 ει

2079 1973 2224 2024 vitiis
2257 1971 2606 2040 peccatisque
2638 1975 2914 2038 mundata,
2959 1987 3171 2043 semper
3210 1987 3434 2031 ornetur
3463 1977 3659 2033 decore

2078 2061 2340 2114 virtutum
2374 2063 2609 2131 (Ep/tes.
2643 2079 2694 2129 v,
2723 2061 2815 2128 26,
2844 2064 2914 2117 27
2938 2067 2979 2134 ).
3011 2065 3144 2122 Etsi
3184 2069 3285 2122 hoc
3314 2082 3343 2120 a
3398 2079 3508 2122 tota
3569 2083 3658 2124 re-

2078 2153 2246 2221 quirit
2271 2151 2535 2219 Ecclesia,
2563 2155 2615 2210 in
2640 2169 2743 2224 qua
2775 2163 2830 2209 et
2861 2156 3035 2209 vidua:
3065 2157 3414 2213 continentur
3455 2167 3508 2213 et
3559 2173 3658 2212 nu-

2078 2253 2192 2312 plac
2221 2261 2234 2309 ;
2273 2255 2560 2314 quantum,
2591 2256 2770 2316 putas,
2803 2257 3134 2316 exspectata
3163 2249 3390 2318 virgine,
3421 2265 3542 2320 qua:
3591 2265 3658 2306 ex

2079 2335 2441 2403 pulcherrimo
2473 2337 2576 2392 hoc
2639 2339 2874 2406 quodam
2935 2338 3191 2394 Ecclesia:
3237 2350 3448 2408 parato,
3509 2343 3658 2397 velut

2079 2426 2360 2493 augustior
2380 2429 2597 2495 quidam
2626 2428 2727 2484 llos
2753 2429 2972 2484 videtur
3024 2429 3194 2485 electa
3219 2431 3232 2484 l
3254 2429 3486 2486 Assume
3526 2447 3657 2500 ergo

2079 2529 2295 2570 omnem
2337 2517 2493 2571 illum
2523 2528 2798 2584 ornatum,
2824 2534 2920 2588 per
2951 2534 3113 2591 quem
3161 2521 3376 2587 placere
3433 2522 3653 2578 Christo

2079 2615 2253 2674 potes.
2279 2606 2425 2662 Satis
2450 2609 2731 2676 pulchram
2762 2611 2871 2665 Deo
2901 2615 3064 2668 crede
3129 2614 3320 2669 faciem
3376 2626 3546 2679 tuam,
3603 2615 3653 2670 si

2081 2698 2390 2754 hominibus
2447 2702 2674 2770 pulchra
2732 2717 2993 2771 apparere
3038 2719 3146 2759 non
3203 2707 3444 2764 studeas.
3494 2706 3648 2762 Istud

2079 2802 2458 2846 ornamentum
2493 2808 2648 2848 serva
2679 2798 2895 2865 capitis.
2925 2798 3068 2864 quod
3093 2799 3433 2868 acquisivisti
3461 2799 3653 2855 Curis.

2083 2886 2242 2939 matis
2265 2896 2634 2950 sacramento.
2662 2904 2783 2942 cum
2827 2889 2924 2944 tibi
2959 2891 3012 2944 in
3043 2890 3288 2946 ccelestis
3315 2893 3466 2962 regni
3532 2907 3654 2962 my-

2081 2977 2330 3044 sterium,
2360 2979 2608 3034 diadema
2639 2983 2908 3050 quoddam
2945 2983 3142 3054 regalis
3179 2987 3449 3040 ttnctionis
3483 2987 3654 3056 impo-

2002 3107 2043 3161 ο
2085 3069 2250 3122 situm
2283 3081 2388 3124 cst.
2422 3069 2636 3140 Optima
2684 3086 3005 3130 ornamenta
3037 3085 3166 3130 sunt
3220 3079 3457 3144 aurium,
3488 3079 3652 3134 verba

2080 3160 2194 3214 Dei.
2221 3162 2376 3215 Adea
2406 3163 2518 3217 sola
2541 3174 2760 3230 paratus
2783 3180 2910 3220 esse
2933 3168 3090 3222 debet
3121 3168 3342 3224 auditus
3385 3171 3650 3241 virginis:

2077 3268 2245 3322 eaque
2269 3256 2674 3322 pretiosissimis
2700 3258 2966 3326 lapidibus
2985 3261 3478 3316 antelerre.0ninia
3504 3279 3655 3333 pror-

2078 3359 2170 3397 sus
2204 3349 2440 3399 membra
2462 3345 2802 3404 decorentur
2843 3353 3104 3422 operibus
3130 3355 3444 3410 sanctitatis
3473 3373 3488 3412 :
3517 3363 3653 3410 t0ta—

2079 3451 2183 3504 quc
2204 3436 2482 3505 virginalis
2509 3441 2674 3494 animi
2701 3443 3064 3510 pulchritudo,
3117 3448 3373 3515 gemmati
3434 3448 3652 3503 monitis

2083 3528 2272 3589 instar,
2309 3530 2454 3583 vario
2508 3531 2765 3586 virtutum
2814 3531 3022 3606 fulgore
3075 3538 3436 3607 resplendeat.
3500 3540 3652 3592 Tunc

2080 3631 2207 3670 vere
2235 3625 2583 3689 concupiscet
2613 3640 2704 3677 rex
2730 3624 2978 3680 decorem
3025 3635 3200 3692 tuum,
3230 3629 3476 3698 dicetque
3512 3629 3646 3683 tibi:

2083 3708 2212 3762 Tata
2233 3711 2466 3777 formosa
2506 3730 2579 3776 es.
2621 3717 2864 3781 proxima
2896 3733 3034 3779 mea,
3072 3729 3120 3771 et
3151 3721 3360 3772 macula
3411 3735 3512 3772 non
3564 3730 3647 3774 est

2080 3800 2132 3852 in
2151 3809 2200 3853 te
2231 3800 2423 3870 (Cant.
2448 3820 2520 3868 tv,
2554 3804 2642 3874 7).
2668 3805 2732 3857 Et
2760 3808 2873 3859 haec
2901 3807 2990 3860 tibi
3023 3820 3342 3863 ornamenta
3369 3825 3486 3878 tina:
3512 3811 3648 3878 dixi,

2081 3893 2242 3946 etiam
2270 3905 2431 3948 erunt
2465 3898 2795 3948 munimenta
2840 3900 3070 3950 maxima
3103 3909 3191 3953 :et
3246 3917 3364 3970 quae
3425 3904 3542 3973 ipsa
3597 3914 3650 3960 te

2082 3987 2210 4057 [Αἰ.
2245 3987 2767 4060 teipsam]ornare
2827 3992 2951 4057 Deo,
3011 4005 3065 4047 et
3119 4005 3306 4050 contra
3371 3997 3650 4053 diabolum

2083 4093 2299 4132 artnare
2355 4081 2584 4147 possint,
2618 4082 2709 4150 qui
2742 4097 2837 4150 per
2886 4082 3004 4139 leve
3055 4085 3326 4140 interdum
3369 4092 3651 4158 quodcun-

2084 4183 2189 4236 que
2214 4169 2398 4222 vitium
2425 4174 2489 4224 ad
2525 4173 2759 4226 animam
2790 4175 3140 4244 ingreditur:
3173 4187 3227 4231 et
3285 4181 3331 4234 si
3390 4181 3651 4235 virtutum

2085 4266 2484 4332 propugnacula
2517 4280 2624 4318 non
2647 4267 2921 4333 resistant,
2948 4279 3131 4324 nostro
3155 4286 3256 4326 nos
3281 4273 3493 4340 repellit
3509 4275 3650 4341 loco,

2085 4365 2137 4408 et
2171 4357 2433 4408 continuo
2465 4358 2530 4410 de
2557 4359 2714 4413 hoste
2774 4361 2834 4413 lit
2894 4362 3171 4416 dominus.
3238 4363 3464 4431 Propter
3510 4368 3650 4434 quod

409 4434 800 4501 betiucipieus,
833 4432 1012 4484 statim
1055 4441 1113 4481 ut
1142 4431 1394 4491 voluerit,
1421 4429 1486 4482 ad
1523 4431 1636 4497 ipsa
1698 4430 1979 4497 perfectus

2095 4448 2374 4514 Scriptura
2412 4464 2511 4500 nos
2548 4450 2890 4515 adhortatur,
2928 4461 2983 4506 et
3006 4452 3254 4509 dicit:Si
3299 4456 3513 4522 spiritus
3562 4473 3654 4524 po-

409 4527 653 4578 esttitno
707 4525 784 4576 illi
843 4526 946 4575 hoc
978 4522 1194 4576 facilius
1218 4523 1398 4575 iacere
1431 4531 1680 4590 possunt,
1729 4523 1821 4591 qui
1887 4538 1975 4576 re-

411 4627 592 4670 centes
622 4617 864 4685 corporis
894 4616 1036 4669 vires
1065 4617 1130 4668 dc
1167 4619 1368 4667 sat-culo
1401 4615 1465 4666 ad
1518 4617 1852 4682 propositum
1898 4616 1978 4669 ai-

410 4708 614 4762 ferunt.
673 4707 850 4762 Mores
912 4723 1042 4762 vero
1079 4722 1306 4768 mutare,
1354 4708 1699 4775 singulasque
1747 4711 1975 4763 virtutes

411 4801 830 4855 animilot‘mate
893 4803 1024 4854 inse
1063 4814 1222 4868 atque
1254 4801 1534 4868 perlicere,
1594 4801 1814 4867 grandis
1861 4812 1976 4853 stu-

333 4937 338 4943 .
409 4897 701 4956 ditest,et
749 4897 920 4961 longz
978 4895 1413 4946 consuetudinis.
1465 4894 1649 4961 Itaque
1716 4895 1868 4946 multi
1921 4894 1978 4946 in

409 4985 424 5057 ξ
451 4986 536 5038 Al.
567 4986 690 5038 add.
726 4984 859 5056 hoc]
885 4988 1159 5055 proposito
1188 5000 1545 5047 senescimus,
1573 4997 1626 5038 et
1652 5000 1738 5046 ea,
1759 4999 1979 5053 propter

409 5094 527 5148 qua:
560 5084 624 5131 ad
663 5083 835 5149 ipsum
874 5081 1207 5146 prepositttm
1245 5083 1512 5140 venimus,
1551 5095 1653 5130 nun
1693 5080 1975 5136 habemus.

410 5169 520 5223 Tua
559 5187 684 5224 vero
719 5175 1056 5226 conversatio
1113 5185 1248 5223 nova
1283 5185 1406 5223 esse
1440 5170 1618 5231 debet,
1675 5172 1810 5223 mira
1852 5186 1978 5240 gra-

410 5265 566 5328 vitas,
595 5266 874 5330 patientia,
905 5269 1290 5322 mansuetudo,
1314 5264 1521 5328 pietas:
1546 5261 1808 5330 quidquid
1857 5278 1979 5315 san-

409 5357 550 5407 ctius
574 5365 656 5407 est
698 5365 859 5422 atque
894 5352 1204 5422 pellet-tius,
1235 5352 1496 5421 quidquid
1556 5353 1725 5421 magis
1767 5352 1874 5407 Deo
1931 5365 1982 5408 te

411 5449 792 5500 commendare
823 5456 1018 5514 potest,
1051 5454 1105 5498 et
1137 5449 1393 5511 majorem
1416 5446 1466 5495 in
1520 5444 1658 5497 coelo
1691 5443 1891 5508 facere,
1929 5447 1980 5498 id

411 5552 624 5606 semper
667 5554 913 5606 sequere,
945 5539 994 5592 id
1023 5553 1239 5606 semper
1285 5536 1608 5604 amplectere
1639 5533 1701 5604 (ι
1732 5533 1855 5590 Cor.
1887 5551 1979 5604 vit,

335 5622 340 5628 ’
409 5629 526 5695 3i).
552 5633 758 5698 Sponsa
785 5632 984 5686 Christi
1009 5632 1144 5684 nihil
1172 5631 1332 5685 debet
1369 5643 1492 5683 esse
1516 5631 1780 5683 ornatius.
1805 5628 1985 5682 Tanto

411 5722 618 5794 majore
636 5725 881 5794 placendi
905 5727 1081 5781 studio
1105 5732 1366 5795 opu'est,
1385 5731 1588 5792 quanto
1609 5723 1780 5790 major
1799 5732 1879 5777 est
1900 5723 1985 5778 ille

2079 4537 2580 4590 testatemhaben/is
2612 4541 2903 4594 ascenderit
2927 4559 3084 4612 super
3131 4553 3200 4609 te,
3249 4543 3420 4597 locum
3475 4561 3538 4598 ne
3564 4547 3652 4600 di-

2080 4626 2286 4679 miseris
2319 4629 2337 4698 (
2366 4627 2539 4682 Iz'ccie.
2572 4646 2624 4694 ι,
2651 4631 2684 4683 4
2707 4633 2746 4700 ).

2154 4718 2284 4772 Cap.
2322 4720 2578 4776 XXV.—
2614 4723 2695 4776 Ab
2725 4723 2915 4793 eojam
2958 4736 3222 4794 tempore,
3265 4740 3374 4796 quo
3417 4728 3651 4796 primum

2082 4821 2178 4876 per
2232 4810 2564 4878 virginitatis
2617 4811 3007 4880 professionem
3058 4816 3288 4868 Domino
3336 4829 3664 4872 consecrata-

2081 4915 2164 4963 es,
2199 4903 2502 4956 adversarii
2539 4905 2593 4956 in
2631 4893 2681 4958 ie
2713 4907 2887 4958 crevit
2939 4906 3146 4962 odium.
3209 4907 3270 4960 Et
3323 4907 3416 4976 qui
3475 4909 3651 4964 aliena

2083 4991 2232 5045 lucra
2266 5008 2362 5060 pro
2394 4996 2508 5048 suis
2541 4998 2753 5050 damnis
2818 4998 3000 5064 habet,
3045 5014 3104 5052 se
3179 5000 3430 5054 amisisse
3479 5003 3648 5069 ducit,

2083 5087 2344 5152 quidquid
2371 5096 2423 5141 te
2483 5103 2857 5154 possessuram
2891 5091 3057 5144 dolet.
3111 5091 3316 5145 Grandi
3363 5093 3458 5147 tibi
3514 5109 3650 5162 Opus

2083 5188 2166 5231 est
2199 5180 2499 5248 vigilantia,
2534 5183 2840 5252 grandique
2871 5199 3000 5237 cura
3031 5193 3116 5238 :et
3149 5193 3301 5238 tanto
3359 5187 3648 5241 sollicitius

2083 5273 2356 5324 cavendus
2382 5283 2462 5326 est
2493 5273 2768 5337 inimicus,
2799 5285 3005 5342 quanto
3063 5279 3203 5344 apud
3259 5275 3428 5330 Deum
3488 5277 3650 5332 ditior

2084 5374 2204 5414 esse
2231 5364 2470 5431 caapisti.
2499 5366 2708 5419 Vacuus
2767 5368 2942 5420 viator
3001 5379 3053 5421 et
3111 5372 3291 5423 nudus
3343 5385 3448 5424 non
3502 5374 3652 5426 timet

2085 5451 2314 5508 latronis
2348 5456 2593 5510 insidias.
2629 5456 2871 5512 Securus
2899 5475 2928 5514 a
2967 5464 3248 5517 nocturnis
3271 5461 3482 5516 furibus
3527 5463 3655 5518 dor-

2087 5544 2184 5598 mit
2214 5560 2437 5613 paupcr,
2466 5550 2627 5600 etiam
2665 5550 2711 5603 si
2739 5551 2971 5605 claustra
3026 5569 3130 5607 non
3195 5554 3424 5608 muniat.
3489 5553 3652 5610 Diviti

2088 5651 2218 5690 vero
2249 5654 2382 5707 opes
2413 5654 2521 5694 suae
2557 5643 2785 5699 latronis
2812 5660 3028 5715 semper
3055 5647 3428 5715 imaginantur
3449 5662 3654 5702 occur-

2090 5741 2235 5794 sum,
2269 5740 2322 5784 et
2365 5731 2478 5802 jugi
2513 5733 2899 5800 sollicitudine.
2939 5741 3177 5794 noctium
3235 5751 3482 5792 somnum
3537 5740 3653 5794 adi-
