4054 6206
276 379 348 444 41
1173 377 1482 437 ΡΕΖΛΟΙΙ
1529 381 1626 437 AD
1669 376 1878 438 DEME

1997 376 2235 435 lADEM
2277 373 2668 434 El'lSTOLA.
3475 381 3542 440 42

281 500 475 548 linunt.
514 489 666 546 Unde
696 498 801 547 tua;
826 500 1044 557 quoque
1075 486 1306 555 divitiae,
1341 489 1589 543 caelestis
1641 488 1865 543 thesau-
1897 503 1944 556 Α
1973 499 2171 554 Spucre
2205 487 2350 554 quod
2411 496 2725 554 suggerunt.
2763 483 2879 541 Non
2934 488 3076 540 enim
3133 491 3394 556 cogendo,
3445 495 3541 547 sed

278 602 412 649 rus,
456 591 558 640 ism
593 583 1107 651 cautioneindigeut
1137 592 1302 651 atque
1351 584 1625 640 custodia.
1679 583 1872 648 Quan-

283 690 344 732 to
382 679 548 733 ditior
580 692 658 742 es,
695 686 849 728 tanto
872 675 1038 729 debes
1069 690 1191 730 esse
1217 675 1549 742 vigilantior.
1579 675 1680 742 Qui
1728 677 1870 730 enim

283 770 416 839 plus
440 769 702 838 possidet,
730 768 849 836 plus
867 769 1029 822 debet
1083 767 1274 822 timere
1301 783 1367 821 ne
1395 769 1602 837 perdat.
1629 767 1872 832 Invidere

283 876 406 915 non
438 869 616 915 cessat
642 868 832 913 auctor
859 857 1097 911 invidiae.
1127 857 1193 911 Et
1222 859 1318 928 qui
1352 860 1520 916 semel
1545 875 1573 912 a
1616 861 1724 914 Deo
1755 859 1873 925 ipse

283 954 572 1023 proiectus
598 960 700 1014 est,
729 959 881 1004 tanto
902 949 1094 1018 majori
1123 950 1296 1008 livore
1329 958 1628 1020 torquetur,
1662 962 1873 1020 quanto

285 1045 533 1112 aliquem
563 1042 702 1112 apud
733 1056 861 1095 eum
897 1041 1096 1095 viderit
1135 1041 1444 1095 clariorem.
1522 1041 1626 1108 Qui
1675 1041 1872 1097 invidit

288 1136 426 1190 Eva:
459 1135 793 1205 paradisum,
828 1141 1041 1202 quanto
1069 1132 1242 1202 magis
1271 1133 1472 1188 invidet
1503 1134 1599 1188 tibi
1651 1148 1873 1203 regnum

288 1227 565 1282 caelorum
596 1226 862 1289 lCuncta,
899 1224 1033 1278 mibi
1066 1227 1252 1289 crede,
1287 1223 1374 1278 ille
1403 1239 1548 1279 nunc
1595 1224 1870 1289 circumit,

293 1329 360 1374 ut
393 1319 581 1372 beatus
611 1317 806 1372 Petrus
836 1317 935 1378 ait,
971 1317 1268 1370 det-orandi
1301 1326 1353 1369 te
1383 1316 1612 1384 cupidus
1635 1315 1700 1385 (1
1724 1315 1870 1370 Petr.

292 1427 324 1462 ν
350 1412 412 1480 )ι
445 1412 496 1464 in
520 1411 738 1464 modum
774 1411 1035 1480 rugientis
1059 1410 1232 1464 leonis
1263 1409 1586 1480 ingreditur,
1615 1410 1692 1464 vel
1723 1424 1873 1464 more

293 1501 479 1556 dolosi
515 1502 692 1556 hostis
721 1501 974 1554 universa
1001 1501 1359 1569 perlustrans,
1393 1501 1649 1569 explorat
1685 1515 1873 1555 omnes

297 1592 488 1645 aditus
504 1591 695 1644 animae
724 1599 829 1648 tute
863 1591 1063 1644 :ansit
1086 1591 1288 1660 aliquid
1316 1590 1586 1644 inlirtnum
1617 1601 1672 1644 et
1693 1597 1875 1645 minus

302 1691 512 1743 tutum,
544 1697 637 1749 per
657 1681 799 1749 quod
873 1682 1048 1749 possit
1097 1682 1361 1750 irrepere.
1421 1680 1671 1736 Rimatur
1732 1699 1875 1736 nunc

301 1774 405 1828 ille
431 1776 630 1836 omnia,
659 1783 713 1827 et
741 1773 951 1842 singula
984 1788 1212 1842 quasque
1271 1781 1613 1842 pertentans,
1673 1776 1875 1843 quaerit

1975 573 2252 628 suadendo
2283 581 2502 626 nocent.
2532 571 2647 627 Non
2677 583 2998 644 extorquent
3032 593 3059 628 a
3095 576 3252 632 nobis
3312 592 3545 635 consen-

1973 663 2228 726 sum,se:l
2260 673 2540 730 expetunt.
2601 663 2752 719 Unde
2803 666 2967 720 etiam
3026 669 3250 722 Ananiae
3295 669 3546 724 dicitur:

1976 754 2155 818 Quare
2187 754 2404 805 tentavit
2444 770 2534 806 cor
2560 763 2707 808 tuum
2731 755 2962 812 Satanas
3001 761 3212 812 mentiri
3235 770 3285 814 te
3319 762 3548 828 Spiritui

1973 855 2159 900 sancto
2186 849 2200 912 (
2223 846 2343 900 Act.
2366 862 2415 911 v,
2439 846 2472 898 5
2495 848 2514 912 )
2545 847 2740 911 ?Qnod
2767 852 2951 917 utique
2983 850 3057 902 illi
3105 853 3379 919 apostolus
3411 870 3551 908 nun-

1974 951 2138 1003 quam
2172 936 2485 1005 imputaret,
2517 939 2560 991 si
2600 940 2649 994 id
2675 939 2880 1007 absque
2913 940 3088 1008 ipsius
3115 942 3396 998 voluntate
3421 945 3548 1003 dia-

1975 1028 2130 1082 bolus
2161 1029 2400 1082 fecisset.
2441 1028 2558 1098 ipsa
2587 1030 2748 1083 etiam
2789 1033 2896 1084 Eva
2920 1032 3040 1088 ideo
3069 1031 3088 1102 [
3101 1033 3189 1088 Al.
3235 1033 3347 1104 jam
3375 1035 3550 1106 leon-

1976 1121 2260 1174 demnatur
2288 1136 2316 1173 a
2345 1121 2571 1176 Domino
2600 1122 2618 1190 (
2643 1121 2774 1176 Gen.
2811 1139 2844 1176 ιι
2875 1124 2888 1178 )
2917 1163 2932 1188 ,
2979 1125 3104 1192 quia
3131 1127 3201 1180 ab
3257 1143 3322 1181 eo
3381 1143 3545 1198 quem

1977 1221 2187 1277 poterat
2207 1227 2488 1282 superare,
2521 1222 2776 1282 sup-rata
2813 1225 2914 1269 est.
2936 1212 3048 1271 Nec
3084 1219 3228 1272 enim
3258 1223 3552 1276 meruisset

1976 1321 2004 1357 a
2042 1303 2286 1371 Domino,
2311 1306 2589 1374 iniustitiae
2621 1307 2797 1374 puniri
2823 1323 2940 1376 qute
2965 1309 3104 1364 victa
3153 1321 3259 1378 cst,
3286 1312 3388 1366 nisi
3438 1313 3551 1368 viu-

1977 1413 2101 1452 cere
2141 1398 2257 1467 ipsa
2289 1402 2576 1466 potuisset.

2047 1491 2177 1555 Cap.
2217 1489 2680 1562 XXVl.-—liujus
2712 1497 3028 1565 nequissimi
3093 1497 3267 1552 hostis
3319 1509 3403 1553 est
3459 1503 3546 1554 illa

1978 1583 2059 1638 vel
2091 1586 2265 1652 prima
2295 1585 2582 1649 calliditas,
2608 1596 2767 1642 etars
2801 1590 2907 1648 doli
2932 1589 3109 1658 plena,
3168 1591 3398 1659 fatigare
3453 1608 3545 1648 co-

1973 1677 2328 1744 gitationibus
2355 1678 2516 1732 rudes
2549 1680 2757 1734 animas
2808 1690 2904 1736 :et
2953 1683 3184 1738 novellis
3235 1685 3287 1737 in
3351 1701 3548 1754 propo-

1978 1767 2086 1822 sito
2109 1768 2379 1822 mentibus
2401 1768 2464 1822 de
2484 1770 2598 1837 ipsa
2644 1772 2908 1826 interdum
2929 1776 3336 1830 conversatione
3356 1775 3550 1834 allerrc

303 1866 516 1920 τυιιιειιί
553 1866 761 1922 locum;
789 1867 945 1936 cujus
1000 1877 1056 1920 ω
1111 1866 1339 1922 insidia.
1410 1867 1646 1922 sollicite
1705 1869 1873 1924 debes
1909 1878 1948 1933 Β
1978 1873 2302 1916 ιιιωτοιθιιιε
2327 1872 2383 1915 ut
2405 1860 2564 1918 facile
2595 1863 2664 1918 ab
2695 1865 2850 1932 lntjus
2870 1866 2947 1920 rei
2987 1867 3231 1933 profectu
3262 1870 3542 1922 deter-rea-

299 1961 611 2029 providere,
637 1971 694 2012 ut
723 1975 844 2030 qua:
873 1975 994 2014 cum
1035 1959 1205 2013 Paulo
1238 1975 1344 2014 non
1377 1961 1594 2030 ignores
1647 1962 1876 2015 astutias

297 2055 418 2122 ejus
445 2051 551 2123 (II
577 2051 703 2107 Cur.
733 2067 768 2106 ιι
797 2053 839 2121 ).
871 2053 974 2120 Qui
1007 2068 1128 2107 cum
1160 2054 1430 2109 terribiles
1460 2053 1662 2108 diaboli
1721 2062 1878 2123 pote-

306 2156 483 2203 states
518 2149 961 2218 principatusque
1000 2149 1288 2215 describat,
1361 2163 1462 2204 nos
1526 2147 1879 2202 nihilominus

301 2239 556 2292 hortatur
581 2239 648 2292 ad
686 2254 941 2308 pugnam,
993 2239 1344 2308 hostiumque
1409 2241 1514 2294 vim
1571 2238 1779 2308 pandit,
1824 2247 1882 2292 ut

302 2331 943 2398 augeatsollicitudinem
976 2333 1230 2387 militum.
1262 2331 1375 2386 Non
1399 2332 1542 2387 enim
1601 2331 1715 2386 vult
1781 2345 1880 2386 nos

304 2436 428 2476 esse
461 2422 700 2488 timidos,
732 2423 828 2477 sed
872 2434 1112 2491 paratos.
1141 2424 1387 2493 Denique
1416 2439 1524 2478 non
1547 2425 1726 2493 fugam
1755 2439 1881 2478 sua-

304 2513 419 2578 det,
449 2514 541 2568 sed
575 2528 726 2567 arma
753 2515 1030 2584 suggerit:
1064 2513 1374 2583 Propterea,
1408 2516 1605 2586 inquit,
1654 2517 1879 2584 accipite

305 2621 460 2658 arma
489 2605 609 2670 Dei,
639 2614 696 2658 ut
721 2607 935 2674 possitis
959 2608 1205 2660 resistere
1224 2608 1279 2660 in
1309 2607 1571 2671 diemalo,
1597 2623 1659 2660 ac
1687 2609 1743 2661 in
1769 2623 1881 2659 om-

307 2698 458 2751 nibus
480 2698 698 2766 perfeeti
729 2696 1116 2768 stare(Epltcs.
1150 2714 1226 2764 vt,
1260 2699 1390 2767 15).
1445 2702 1522 2754 Ac
1572 2701 1751 2754 statim
1796 2700 1883 2752 in.

310 2799 616 2843 Strumenta
649 2790 861 2860 singula
884 2791 1187 2858 Spiritualis
1218 2805 1408 2860 pugna:
1452 2792 1689 2855 tradens,
1731 2791 1884 2844 addi-

309 2883 464 2938 ditet
495 2886 627 2935 dixit
663 2900 677 2939 :
704 2883 854 2938 State
877 2900 999 2955 ergo
1033 2885 1288 2938 succincti
1345 2886 1548 2940 lumbos
1598 2894 1794 2940 vestros
1822 2886 1878 2938 in

311 2977 530 3028 veritate
553 2992 572 3029 .'
596 2985 644 3028 et
675 2977 842 3028 induti
876 2975 1095 3028 loricam
1147 2976 1392 3039 iustitiw,
1428 2985 1478 3029 et
1525 2976 1740 3031 calceati
1797 2991 1884 3044 pe-

310 3067 402 3120 des
433 3069 484 3119 in
507 3070 894 3134 prreparatione
926 3067 1200 3136 Evangelii
1243 3071 1412 3138 pacis,
1469 3069 1525 3124 in
1579 3068 1881 3124 nominibus

312 3172 634 3214 assumentes
658 3172 866 3214 scutum
895 3161 1042 3228 ﬁdei,
1067 3162 1122 3215 in
1153 3178 1254 3232 quo
1278 3164 1490 3232 possitis
1538 3165 1716 3216 omnia
1768 3161 1874 3216 tela

315 3255 614 3322 nequissimi
649 3255 797 3322 ignea
829 3255 1196 3322 exstinguere:
1231 3266 1278 3308 et
1306 3255 1516 3323 galeam
1551 3254 1747 3308 salutis
1789 3270 1879 3306 as-

316 3345 520 3411 sumite,
553 3356 599 3398 et
659 3346 897 3413 gladium
931 3347 1170 3414 spiritus,
1217 3348 1354 3416 quod
1383 3355 1458 3400 est
1499 3347 1710 3400 verbum
1763 3345 1882 3411 Dei,

316 3455 409 3509 per
434 3454 634 3492 omnem
653 3439 907 3492 rationem
935 3448 984 3492 ct
1019 3437 1429 3493 obsecrationem
1469 3437 1630 3510 (Ibid.
1669 3435 1882 3506 1448).

321 3530 386 3585 Et
412 3533 672 3601 quoniam
714 3531 778 3586 de
797 3533 901 3586 hoc
925 3531 1067 3586 bello
1105 3531 1228 3586 licet
1255 3530 1420 3586 etiam
1460 3531 1676 3586 feminis
1697 3530 1888 3584 trium-

319 3625 506 3694 pltare,
541 3622 758 3692 suscipe
786 3622 902 3676 lucc
927 3636 1078 3675 arma
1107 3621 1282 3688 Pauli,
1307 3632 1362 3676 et
1403 3621 1540 3676 tanti
1569 3621 1885 3676 hortatione

319 3715 470 3768 ducis
500 3725 703 3768 certam
731 3727 996 3781 praesume
1045 3712 1359 3767 victoriam.
1413 3710 1539 3766 Huic
1557 3712 1704 3765 enim
1741 3709 1788 3764 si
1827 3721 1882 3764 tu

319 3805 497 3859 omnia
529 3807 886 3860 instrumenta
921 3803 1224 3873 possideas,
1263 3817 1456 3858 secura
1519 3804 1783 3873 procedes
1817 3801 1884 3855 ad

323 3893 566 3960 preliqu
601 3890 910 3960 spirituale,
943 3905 1042 3944 nec
1069 3890 1292 3960 pavebis
1315 3891 1588 3946 diabolum
1619 3906 1744 3946 cum
1774 3900 1886 3945 toto

317 3983 556 4037 exercitu
571 3996 695 4037 suo.
715 3979 918 4036 Cadent
942 3982 1078 4036 enim
1094 3999 1125 4036 a
1143 3981 1307 4037 latere
1322 3994 1413 4037 tuo
1434 3984 1599 4049 mille,
1630 3993 1683 4038 et
1709 3983 1885 4038 decem

322 4073 493 4127 millia
521 4091 552 4126 α
573 4074 778 4127 dextris
809 4073 914 4127 tuis
941 4087 962 4127 :
985 4073 1055 4126 ad
1087 4083 1136 4129 te
1154 4085 1331 4130 autem
1365 4092 1466 4128 non
1495 4076 1885 4146 approPinquc-

318 4163 440 4217 bunt
479 4162 668 4233 (Psol.
702 4179 789 4230 xc,
825 4163 916 4234 7).
962 4163 1166 4220 Beatus
1223 4181 1440 4236 quoque
1502 4167 1740 4224 Jacobus
1797 4167 1886 4223 ille

315 4254 516 4311 Christi
547 4256 704 4308 miles
723 4255 981 4310 emeritus
1013 4271 1119 4310 non
1155 4257 1336 4312 minor
1357 4258 1518 4314 nobis
1561 4259 1888 4316 auctoritate

322 4348 389 4398 de
419 4350 519 4399 hoc
547 4346 688 4400 bello
712 4347 1003 4400 victoriam
1031 4348 1352 4416 pollicetur:
1405 4349 1642 4414 Subditi,
1685 4353 1886 4422 inquit,

315 4444 478 4490 estote
507 4435 888 4492 Deo:re.sistite
916 4448 1092 4490 autem
1113 4437 1347 4505 diabolo,
1368 4449 1416 4493 et
1468 4440 1634 4511 fugiet
1651 4459 1684 4495 a
1743 4445 1887 4498 uobis

1982 1963 2067 2010 tur
2096 1954 2332 2016 animus,
2351 1955 2508 2024 cujus
2550 1957 2702 2012 initia
2741 1972 2928 2014 atuara
2963 1962 3302 2030 cognoverit.
3355 1962 3551 2032 itaque

1978 2048 2113 2102 solet
2151 2058 2258 2106 tam
2296 2049 2549 2104 sordidas
2609 2065 2995 2120 nonnunquam
3051 2064 3106 2108 et
3163 2055 3354 2123 impias
3407 2058 3556 2125 cOgi-

1978 2142 2212 2218 tationes
2244 2141 2488 2196 inserere
2516 2141 2703 2206 menti,
2739 2153 2797 2195 ut
2828 2143 2916 2210 qui
2951 2152 3212 2210 tentatur,
3241 2147 3370 2200 dum
3395 2162 3556 2201 suum

1977 2233 2108 2287 illud
2129 2243 2284 2302 putat
2313 2249 2440 2290 esse
2465 2236 2608 2304 quod
2661 2236 2882 2306 cogitat,
2943 2239 3269 2292 deteriorem
3331 2255 3391 2294 se
3450 2256 3551 2309 per

1979 2327 2224 2394 spiritum
2255 2327 2596 2382 immundum
2624 2332 2906 2396 proposito
2923 2345 3026 2383 suo
3081 2332 3372 2387 arbitretur
3424 2336 3560 2389 elle-

1984 2431 2134 2474 ctum
2170 2418 2484 2488 ;multoquc
2517 2420 2789 2488 puriorem
2815 2422 3048 2476 animam
3067 2422 3322 2480 habuisse
3359 2443 3419 2482 se
3446 2444 3560 2483 cre-

1981 2511 2095 2575 dat,
2124 2524 2248 2564 cutn
2271 2510 2450 2566 adhuc
2481 2526 2568 2564 res
2595 2513 2777 2566 saeculi
2806 2525 3039 2567 amaret.
3065 2513 3188 2569 Vult
3234 2517 3378 2571 enim
3442 2519 3552 2586 bis,

1981 2603 2176 2670 quibus
2239 2602 2446 2658 invidet
2500 2602 2887 2660 callidissimus
2950 2605 3206 2662 inimicus
3266 2607 3551 2664 horrorem

1981 2694 2240 2762 propositi
2263 2710 2328 2748 ex
2365 2695 2745 2764 desperatione
2775 2696 2957 2754 facere
2995 2699 3324 2764 sancti-tatis,
3354 2712 3414 2755 ut
3430 2717 3549 2769 eos,

1982 2788 2271 2844 obsidente
2295 2788 2540 2854 tristitia,
2593 2799 2651 2843 et
2698 2790 2798 2845 sia
2833 2793 3113 2861 proposito
3155 2809 3268 2848 non
3311 2809 3552 2862 revocat,

1983 2890 2130 2936 certe
2165 2881 2399 2936 retineat
2432 2895 2462 2934 a
2507 2880 2774 2950 proiectu.
2839 2880 3068 2950 Propter
3119 2887 3261 2954 quod
3319 2889 3555 2944 maxime

1985 2979 2298 3025 Sanctarum
2331 2970 2427 3025 tibi
2481 2969 2888 3040 Scripturarum
2929 2975 3163 3030 studium
3218 2977 3546 3048 diligendum

1984 3067 2068 3112 est
2096 3056 2488 3113 :illuminanda
2520 3059 2720 3115 divinis
2745 3062 2978 3130 eloquiis
3009 3065 3186 3120 anima
3219 3084 3234 3121 :
3288 3078 3346 3122 et
3397 3085 3556 3125 coru-

1987 3157 2176 3202 srante
2203 3150 2290 3202 Dei
2323 3152 2510 3217 verbo,
2541 3152 2742 3207 diaboli
2775 3157 3093 3222 repellenda:
3139 3170 3270 3220 sunt
3295 3164 3553 3220 tenebrae.

1987 3237 2108 3294 Cito
2131 3240 2274 3294 enim
2306 3240 2443 3310 fugit
2469 3243 2560 3296 ille
2589 3245 2656 3298 ab
2693 3259 2753 3299 ea
2786 3246 2988 3311 anima,
3026 3264 3186 3318 quam
3243 3266 3424 3308 sermo
3472 3259 3551 3310 di-

1989 3331 2148 3388 vinus
2180 3331 2470 3397 illuminat,
2504 3349 2626 3404 quae
2665 3338 2983 3395 coelestibus
3013 3356 3230 3412 semper
3276 3349 3560 3418 cegitatio-

1985 3423 2150 3478 nibus
2175 3435 2493 3494 occupatur,
2524 3427 2576 3482 in
2607 3445 2712 3496 qua
2747 3433 3024 3488 assiduum
3049 3448 3130 3490 est
3161 3437 3250 3493 Dei
3307 3443 3556 3502 verbum.

1987 3514 2146 3585 cujus
2167 3517 2270 3574 vim
2295 3533 2526 3588 nequam
2581 3523 2802 3590 spiritus
2863 3539 2974 3580 non
3039 3537 3214 3596 potest
3277 3531 3442 3588 ferre.
3490 3535 3559 3589 Et

1989 3604 2194 3663 idcirco
2219 3609 2410 3664 beatus
2443 3610 2568 3664 illud
2594 3615 2883 3683 Apostolus
2933 3619 3194 3688 spiritalis
3254 3622 3380 3676 belli
3416 3627 3559 3678 inter

1988 3709 2184 3754 caetera
2239 3703 2602 3758 instrumenta
2636 3706 2816 3774 gladio
2871 3713 3206 3780 comparavit
3265 3714 3552 3784 (Ephesw,

1990 3793 2121 3860 l7).
2147 3792 2243 3848 Est
2269 3804 2448 3848 autem
2515 3798 2846 3854 tutissimum
2904 3811 3070 3870 atque
3131 3803 3450 3875 perfectura,
3497 3821 3558 3864 ut

1987 3897 2268 3941 assuescat
2301 3889 2516 3943 animus
2547 3891 2780 3946 sollicita
2803 3907 3021 3963 semper
3041 3898 3398 3968 pervigilique
3453 3921 3555 3957 cu-

1987 3979 2167 4033 stodia
2204 3980 2516 4036 discernere
2547 3983 2903 4052 cogitationes
2940 3992 3255 4044 suostetad
3319 3994 3554 4060 primum

1987 4070 2154 4123 animi
2181 4081 2386 4126 motum
2416 4071 2545 4141 [ΔΙ.
2573 4073 2752 4127 deerat
2787 4077 3016 4148 motum]
3049 4080 3128 4132 vel
3161 4080 3413 4149 probare,
3471 4087 3558 4140 vel

1989 4161 2301 4230 reprobarc,
2331 4165 2472 4230 quod
2491 4167 2687 4231 c0gitat
2716 4181 2732 4220 :
2758 4176 2813 4218 ιιι
2839 4167 2918 4221 vel
2971 4168 3142 4223 bonas
3195 4174 3556 4242 cogitationes

1989 4251 2119 4316 alat,
2154 4252 2240 4306 vel
2302 4254 2484 4307 statim
2542 4255 2857 4324 exstinguat
2913 4257 3102 4311 malas.
3154 4256 3257 4314 Hic
3319 4277 3559 4329 namque

1988 4345 2110 4400 lous
2133 4355 2218 4399 est
2236 4345 2362 4400 boni
2386 4345 2400 4416 [
2427 4345 2513 4399 Al.
2548 4343 2775 4401 Hinc....
2803 4358 2859 4400 et
2886 4349 3029 4416 quod
3065 4347 3287 4420 origo],
3309 4361 3364 4404 et
3401 4353 3557 4420 origo

1991 4437 2269 4509 peccandi,
2305 4439 2588 4506 omnisque
2613 4432 2852 4506 ingentis
2878 4439 3062 4493 delicti
3087 4440 3138 4493 in
3180 4442 3346 4496 corde
3401 4443 3557 4510 prin-

320 4528 571 4595 (Jac.tv,
606 4531 682 4598 '1).
703 4528 952 4585 Ostendit
988 4530 1260 4600 quomodo
1290 4533 1544 4588 resistere
1589 4533 1884 4591 debeamus
1914 4552 1962 4612 υ
1988 4532 2186 4601 cipium
2215 4541 2298 4584 est
2352 4531 2609 4596 cOgitatio
2667 4531 2788 4601 [ΔΙ.
2850 4531 3179 4600 cogitatione
3233 4532 3554 4601 principium

317 4619 554 4686 diabolo,
583 4621 630 4675 si
654 4620 843 4689 utique
873 4620 1047 4675 simus
1076 4622 1276 4676 subditi
1327 4621 1460 4688 Deo,
1520 4623 1748 4694 eiusque
1800 4624 1882 4680 fa-

318 4714 514 4768 ciendo
547 4714 898 4778 voluntatem,
925 4723 985 4769 ut
1045 4715 1287 4770 divinam
1337 4718 1501 4772 etiam
1573 4733 1886 4775 mereamur

319 4809 544 4876 gratiam
571 4817 664 4862 :et
691 4805 907 4862 facilius
945 4822 1174 4877 nequam
1197 4809 1433 4877 spiritui,
1454 4812 1658 4866 auxilio
1711 4813 1884 4868 sancti

322 4898 553 4967 Spiritus
575 4899 916 4954 resistamus.
943 4898 1127 4968 Neque
1153 4915 1282 4954 vero
1312 4910 1502 4970 aperta
1525 4911 1718 4957 contra
1784 4919 1882 4960 nos

319 5001 520 5060 pugnat
540 4993 678 5054 acie,
713 5006 813 5045 nec
843 4991 1057 5060 publica
1099 4993 1382 5047 nobiscum
1419 4994 1598 5048 fronte
1657 5011 1887 5066 congre-

318 5085 484 5149 ditur,
523 5085 618 5138 sed
651 5085 776 5137 dolo
811 5084 977 5138 vincit
1005 5099 1071 5138 ac
1104 5083 1313 5147 fraude,
1347 5095 1641 5154 nostraque
1694 5099 1884 5141 contra

319 5190 418 5231 nos
445 5175 615 5228 utitur
643 5175 938 5228 voluntate.
972 5176 1044 5228 De
1067 5189 1340 5230 consensu
1379 5185 1565 5230 nostro
1615 5177 1885 5232 adversa-

321 5267 433 5319 rius
473 5271 613 5321 vires
645 5265 770 5336 [ΑΙ.
802 5267 868 5319 de
899 5266 1167 5320 consensu
1199 5269 1639 5323 adversariorum
1699 5269 1882 5340 vires]

319 5354 536 5424 accipit,
560 5365 860 5422 nostroque
885 5370 1004 5418 nos,
1037 5366 1096 5408 ut
1121 5357 1227 5411 dici
1253 5358 1412 5425 solet,
1435 5356 1649 5426 jugulat
1679 5358 1881 5427 gladio.

321 5447 570 5501 Inﬁrmus
611 5448 782 5502 hostis
815 5458 897 5502 est
945 5449 1036 5516 qui
1090 5466 1198 5503 non
1265 5458 1444 5518 potest
1494 5451 1717 5504 vincere
1781 5452 1885 5506 nisi

320 5539 608 5592 volentem.
649 5539 841 5593 Procul
872 5557 899 5592 a
927 5541 1094 5608 nobis,
1121 5543 1450 5612 desperatio,
1491 5545 1684 5611 procul
1711 5549 1888 5598 cuiuis

319 5629 388 5683 ab
415 5631 597 5683 animo
622 5637 840 5685 recedat
860 5648 1025 5700 pavor
1053 5635 1513 5689 adversariorum.
1532 5635 1649 5691 Non
1669 5637 1892 5704 adjuve-

320 5736 456 5788 mus,
485 5722 580 5777 sed
607 5723 885 5777 vincamus
919 5726 1282 5780 adversarios.
1345 5724 1488 5780 Dant
1532 5727 1608 5781 illi
1665 5728 1884 5796 quidem

317 5815 743 5880 consilium,sed
773 5829 1014 5872 nostrum
1042 5829 1126 5874 est
1194 5820 1277 5875 vel
1331 5819 1558 5890 eligere,
1634 5821 1721 5877 vel
1796 5837 1886 5877 rc-

635 5911 904 5971 PATROL.
949 5914 1138 5975 XXX.

1985 4634 2092 4688 est,
2125 4639 2247 4692 qua:
2273 4624 2315 4695 ],
2347 4637 2466 4692 quae
2493 4623 2919 4691 unumquodque
2954 4638 3090 4690 Opus
3118 4624 3266 4678 velut
3303 4626 3354 4678 in
3419 4642 3558 4695 qua-

1986 4717 2108 4770 dam
2143 4718 2322 4771 cordis
2359 4715 2537 4769 tabula
2563 4716 2822 4782 depingit,
2852 4725 3144 4784 antequam
3197 4717 3384 4772 faciat.
3417 4717 3550 4773 Nam

1986 4807 2102 4860 sive
2131 4805 2222 4860 ille
2248 4815 2428 4869 actus,
2456 4808 2571 4859 sive
2604 4821 2786 4860 sermo
2813 4807 2906 4869 sit,
2933 4816 2991 4860 ut
3025 4807 3360 4876 proferatur,
3423 4823 3554 4864 ante

1986 4897 2311 4964 disponitur,
2379 4908 2436 4952 et
2494 4897 2882 4966 cogitationum
2946 4899 3173 4953 consilio
3229 4901 3558 4955 discernitur

1986 4987 2128 5057 quod
2156 4987 2395 5040 futurum
2467 4999 2571 5042 est.
2641 4986 2802 5042 Vides
2857 5003 3020 5055 quam
3081 4990 3228 5043 brevi
3283 4990 3551 5046 interdum

1988 5091 2264 5133 momento
2287 5095 2515 5148 quaeque
2548 5081 2651 5134 ista
2673 5083 2794 5149 quis
2815 5082 3036 5150 cogitet,
3069 5083 3412 5152 cogitataque
3430 5099 3549 5152 per-

1989 5170 2133 5221 lictut
2152 5183 2167 5220 :
2189 5184 2286 5221 nec
2311 5170 2605 5238 quidquam
2638 5172 2883 5238 omnino,
2906 5172 2986 5226 vel
3013 5173 3214 5242 lingua,
3250 5173 3334 5226 vel
3367 5189 3552 5232 tuanu.

1988 5264 2309 5329 caeterisque
2353 5262 2614 5316 membris
2650 5265 2849 5333 agitur.
2905 5266 3008 5321 nisi
3043 5265 3401 5332 cogitationes
3428 5278 3555 5321 ante

1989 5355 2334 5410 dictaverint.
2353 5354 2507 5410 Unde
2535 5367 2588 5408 et
2613 5355 2873 5412 Dominus
2895 5358 2946 5410 in
2974 5357 3269 5425 Evangelio
3291 5359 3456 5412 dicit:
3485 5358 3558 5410 De

1987 5450 2142 5500 cor/lc
2179 5449 2402 5500 hominis
2431 5449 2718 5515 procedunt
2753 5451 3101 5519 cogitationes
3166 5449 3343 5515 multa,
3401 5452 3564 5504 attul-

1992 5540 2201 5599 terium,
2243 5542 2556 5606 fornicatio,
2592 5542 2899 5603 homicidia,
2939 5540 3107 5609 furta,
3146 5541 3284 5608 {alea
3325 5543 3559 5594 testimo-

1991 5633 2101 5697 nia,
2134 5632 2386 5694 avurizia,
2420 5633 2677 5700 nequitia,
2735 5634 2913 5694 dolus,
2973 5632 3333 5701 impudicitia,
3381 5633 3563 5685 oculos

1991 5724 2188 5790 malus,
2221 5725 2574 5794 blasphemia,
2639 5726 2906 5792 superba,
2959 5728 3212 5780 stultitia.
3275 5725 3400 5780 llazc
3440 5738 3561 5778 sunt

1991 5832 2108 5886 qua:
2138 5817 2484 5886 coinquinant
2515 5819 2753 5872 homines
2779 5817 2796 5870 l
2825 5818 3018 5874 Matth.
3047 5837 3134 5886 xv,
3171 5821 3252 5880 l9,
3283 5817 3565 5889 20).0.n-

3169 5913 3206 5973 2
