4054 6206
504 388 576 454 t3
1438 392 1501 451 s.
1549 390 1984 452 HIERONYMI
2046 392 2364 452 oration
2410 390 2814 450 MANTISSA.
3692 357 3786 433 ιι·

502 508 589 559 nis
617 519 748 573 ergo
779 503 1091 559 sollicitudo
1124 515 1236 569 tua,
1271 506 1450 560 omnis
1475 508 1706 560 intentio
1740 508 1903 563 debet
1951 524 2071 562 esse

2196 537 2255 581 est
2287 544 2300 579 :
2332 537 2385 581 et
2420 526 2631 579 vivendi
2680 523 2835 579 nobis
2869 521 2971 576 hoc
3024 520 3145 581 iter,
3178 532 3281 571 non
3338 516 3405 569 de
3465 523 3757 578 transacto,

500 598 554 649 in
587 596 829 651 custodia
868 595 994 667 [ΑΙ.
1028 597 1211 650 cordis
1233 598 1474 650 custodia
1503 596 1543 667 ].
1600 598 1672 650 lbi
1739 608 1792 652 te
1845 600 2075 653 maxime

504 697 719 755 oportet
748 691 1039 742 observare
1069 700 1375 757 peccatum,
1397 690 1482 741 nhi
1546 691 1691 741 nasci
1754 693 1888 745 solet
1916 730 1931 755 ,
1960 701 2075 745 sta-

506 780 713 845 timque
748 781 810 832 atl
846 781 1074 848 primam
1106 780 1423 834 tentationis
1480 795 1785 849 repugnare.
1833 782 2023 836 faciem
2061 798 2075 837 :

502 886 555 926 «ιι
590 874 791 926 malum
813 885 1104 943 antequam
1138 886 1375 940 crescat,
1399 876 1768 946 t'Xslittgucre.
1803 875 1913 930 Nec
1932 878 2075 930 enim

501 967 927 1033 exspectandum
952 975 1030 1019 est
1054 975 1397 1035 augmentum
1440 966 1557 1032 ejus
1590 967 1687 1032 ri-i,
1755 983 1873 1037 qua!
1900 968 2079 1023 timeri

505 1058 723 1110 debeta
785 1073 955 1126 parvo
991 1068 1083 1113 :et
1152 1072 1271 1125 qua:
1325 1070 1474 1113 tanto
1540 1059 1756 1113 facilius
1822 1060 2078 1124 vincitur,

507 1164 712 1220 quanto
734 1153 780 1205 ei
818 1154 986 1207 citius
1018 1164 1378 1221 repugnatur.
1414 1153 1539 1207 Ideo
1562 1154 1762 1207 clamat
1800 1154 2081 1223 Scriptura

508 1245 692 1297 divina
730 1262 743 1297 :
779 1242 937 1295 Omni
970 1242 1211 1296 custodia
1243 1261 1393 1298 serva
1431 1262 1522 1299 cor
1551 1255 1697 1298 tuum
1723 1262 1740 1298 :
1764 1262 1829 1300 ex
1853 1262 1912 1300 eo
1944 1248 2080 1300 enim

507 1335 681 1387 exitus
720 1335 838 1386 vita:
867 1335 884 1401 (
910 1334 1063 1387 Prov.
1096 1350 1169 1399 ιν,
1208 1334 1268 1387 21
1301 1335 1341 1404 ).

576 1426 711 1495 Cap.
742 1426 956 1481 XXVll.
984 1455 1053 1466 --
1082 1426 1531 1497 Distinguendum
1574 1438 1656 1484 est
1710 1440 1889 1485 autem
1945 1432 2086 1483 inter

506 1521 639 1573 istas
669 1518 1045 1579 cogitationes,
1094 1519 1292 1586 quibus
1322 1518 1566 1573 voluntas
1594 1520 1758 1588 favet,
1793 1535 1928 1589 quas
1959 1537 2082 1575 cum

507 1609 795 1662 dilectione
850 1608 1219 1673 ampleCtitur,
1267 1619 1322 1663 et
1364 1610 1507 1664 inter
1556 1626 1650 1666 eas
1702 1611 2082 1680 cogitationes,

507 1716 629 1769 quae
671 1700 850 1754 tenuis
901 1700 1106 1753 umbra:
1138 1701 1297 1755 modo
1326 1703 1708 1769 praetervolans
1737 1714 1971 1758 mentem
1999 1719 2086 1758 so-

506 1792 642 1853 lent,
697 1786 927 1859 seseque
981 1792 1355 1845 tantummodo
1411 1792 1492 1846 vel
1548 1794 1881 1848 transeundo
1932 1809 2085 1848 mon-

505 1894 721 1937 strare:
761 1899 895 1951 quas
928 1881 1098 1937 Gra‘ci
1128 1884 1333 1947 τύπους
1377 1895 1572 1939 vocant
1606 1902 1623 1941 :
1652 1886 1734 1941 vel
1758 1894 1904 1942 certe
1947 1888 2087 1941 inter

500 1977 627 2031 illas
663 1993 783 2046 qute
835 1977 1160 2045 repugnanti
1218 1992 1280 2031 ac
1329 1963 1499 2031 inviio
1536 1980 1717 2033 animo
1767 1988 2084 2048 suggerunt,

498 2071 706 2138 quibus
737 2085 887 2122 mens
940 2086 1062 2123 cum
1098 2069 1326 2124 horrore
1358 2071 1591 2139 quodam
1630 2072 1882 2126 renititur
1914 2088 1977 2127 ac
2003 2088 2086 2127 re—

506 2163 654 2216 sistit
686 2179 700 2216 :
745 2163 940 2231 quibus
971 2170 1026 2213 ut
1068 2163 1425 2215 contristatur
1478 2162 1756 2226 admissis,
1788 2163 1859 2215 ita
1890 2164 2087 2234 gaudet

506 2254 765 2321 expulsis.
793 2255 845 2305 ln
874 2252 978 2305 illis
1022 2252 1237 2319 quidem
1264 2268 1381 2321 quae
1408 2267 1465 2307 se
1508 2253 1699 2307 leviter
1717 2256 1881 2308 menti
1905 2267 2089 2309 osten-

505 2345 663 2410 dunt,
697 2354 751 2399 et
789 2345 945 2412 quasi
1000 2345 1252 2411 fugiendo
1279 2345 1658 2398 demonstrant
1713 2361 1794 2410 se,
1824 2362 1921 2403 nec
1964 2357 2086 2416 pee-

505 2450 689 2493 catuin
752 2438 997 2498 omnino,
1040 2450 1140 2490 nec
1174 2451 1351 2504 pugna
1401 2447 1508 2490 est.
1542 2436 1597 2489 In
1634 2438 1700 2492 iis
1735 2448 1935 2505 autem,
1963 2456 2086 2493 cuin

504 2529 710 2597 quibus
740 2527 1052 2595 aliquandiu
1102 2527 1282 2579 anima
1337 2529 1593 2591 luctatur,
1630 2529 1827 2597 quibus
1885 2532 2090 2585 resistit

514 2623 769 2674 voluntas
804 2618 918 2689 [AL
949 2617 1241 2689 voluptas].
1270 2618 1474 2686 aequale
1535 2629 1811 2675 certamen
1846 2632 1950 2676 est.
1984 2626 2085 2675 Aut

510 2718 655 2769 enim
687 2712 1086 2777 consentimus,
1122 2720 1179 2766 et
1208 2710 1476 2764 vincimur
1504 2729 1519 2769 :
1557 2722 1649 2765 aut
1698 2714 2005 2783 respuiinus
2034 2726 2087 2768 et

416 2852 419 2855 γ
508 2808 798 2869 vincimus,
823 2812 877 2858 et
909 2801 1243 2873 acquirimus
1289 2802 1356 2857 de
1388 2818 1560 2873 pugna
1589 2802 1695 2875 [ΑΙ.
1737 2804 2088 2875 pugnatione]

511 2895 818 2951 victoriam.
846 2893 903 2948 In
927 2894 1016 2948 illa
1053 2909 1183 2964 ergo
1209 2893 1582 2947 tantummodo
1609 2894 1935 2965 cogitatione
1965 2911 2087 2964 pec-

511 2999 695 3043 eatum
717 2997 818 3050 est,
844 3003 964 3057 qua:
983 2986 1311 3055 suggestioni
1330 3000 1659 3040 consensum
1685 2988 1881 3041 mentis
1906 2988 2086 3042 dedit:

513 3096 635 3151 qum
667 3080 868 3133 malum
921 3094 1078 3133 suum
1132 3077 1324 3131 blande
1377 3076 1568 3131 fovet:
1606 3092 1726 3145 qua:
1773 3078 1824 3131 in
1886 3079 2084 3133 factum

2180 618 2273 673 sed
2304 618 2371 671 de
2412 617 2621 681 reliquo
2675 612 3029 667 metiendum.
3062 609 3311 675 Quandiu
3347 620 3535 661 sumus
3565 606 3617 657 in
3651 604 3753 657 hoc

2180 720 2433 776 corpore,
2468 719 2741 772 nunquam
2801 716 2899 755 nos
2932 702 2999 755 ad
3046 700 3343 768 perlectum
3388 696 3601 750 venisse
3631 710 3753 747 cre-

2184 799 2415 851 damus:
2452 798 2531 850 sic
2579 797 2721 848 enim
2781 794 2970 848 melius
3018 790 3351 861 pervenitur.
3393 788 3601 841 Tandiu
3650 803 3760 841 non

2187 887 2480 941 relabimur
2505 894 2674 949 telro,
2706 886 2941 955 quandin
2969 884 3035 938 ad
3068 884 3248 951 priora
3273 879 3671 935 contendimus.
3698 878 3765 932 At

2187 979 2275 1030 ubi
2330 980 2657 1044 ceperimus
2715 987 2882 1039 stare,
2934 976 3311 1027 descendimus
3355 988 3369 1025 :
3407 982 3765 1038 nostrumque

2186 1083 2292 1121 non
2325 1068 2597 1137 progredi.
2618 1068 2731 1136 jam
2763 1067 2959 1119 reverti
2986 1076 3087 1118 est.
3118 1064 3303 1118 Cesset
3323 1065 3501 1117 omnis
3528 1063 3763 1131 ignavia,

2186 1169 2239 1212 et
2267 1159 2473 1212 inutilis
2498 1158 2565 1212 de
2593 1159 2863 1227 przrterito
2890 1158 3073 1209 labore
3117 1158 3401 1211 securitas.
3431 1154 3484 1210 Si
3519 1159 3768 1208 volumus

2189 1262 2292 1298 non
2322 1246 2519 1309 redire,
2556 1248 2879 1300 currendum
2907 1258 3009 1300 est.
3038 1243 3235 1298 Beatus
3262 1245 3555 1311 Apostolus
3578 1246 3645 1297 de
3680 1246 3766 1297 die

2188 1337 2241 1389 in
2277 1337 2418 1391 diem
2451 1339 2636 1390 vivens
2668 1335 2775 1390 Deo
2796 1351 2898 1389 non
2931 1336 3059 1405 quid
3086 1346 3211 1389 ante
3244 1334 3480 1396 fecisset,
3510 1334 3603 1388 sed
3636 1334 3763 1400 quid

2190 1428 2368 1483 facere
2399 1430 2620 1484 deberet
2642 1444 2861 1497 semper
2885 1428 3197 1492 attendens,
3229 1429 3443 1480 iticeliat
3480 1445 3492 1479 :
3530 1426 3763 1486 Fratres,

2187 1538 2279 1591 ego
2318 1520 2396 1574 mc
2433 1538 2534 1573 non
2584 1522 2812 1574 arbitror
2850 1520 3303 1587 comprehendisse
3335 1520 3552 1588 aliquid.
3590 1518 3765 1572 L'num

2190 1620 2385 1673 autem,
2414 1629 2529 1681 qua
2556 1612 2761 1680 quidem
2791 1622 2913 1664 sunt
2948 1622 3089 1665 retro
3110 1613 3440 1675 Oblivisceris,
3468 1616 3535 1664 ad
3561 1629 3623 1664 ea
3648 1628 3766 1666 vero

2189 1718 2306 1767 qua:
2336 1712 2457 1754 sunt
2485 1703 2661 1769 priora
2692 1718 2771 1755 me
2802 1703 3102 1764 extendens,
3141 1703 3208 1754 ad
3251 1703 3569 1755 destinatum
3597 1719 3765 1771 perse-

2189 1810 2322 1862 quor
2356 1794 2596 1847 bravium
2631 1809 2869 1858 superine
2914 1793 3202 1846 vocationis
3264 1794 3355 1845 Dei
3396 1793 3648 1860 (Philipp.
3688 1809 3765 1858 ιιι,

2194 1886 2279 1948 l3,
2324 1885 2432 1952 ll).
2468 1886 2524 1941 Si
2576 1887 2768 1938 beatus
2822 1884 3021 1938 Paulus
3071 1899 3162 1937 vas
3213 1884 3513 1946 elietionis,
3548 1884 3640 1949 qui
3696 1884 3768 1935 ita

2188 1975 2463 2029 Christum
2499 1976 2719 2029 indutus
2746 1984 2887 2037 erat,
2926 1985 2986 2028 ut
3014 1975 3217 2027 diceret
3252 1990 3265 2026 :
3310 1973 3432 2027 i’ii-o
3459 1983 3636 2025 autem
3653 1974 3768 2040 jam

2189 2083 2428 2137 noncgo,
2464 2068 2586 2120 vivit
2619 2083 2737 2121 vero
2792 2067 2845 2119 in
2901 2083 2983 2119 me
3042 2065 3277 2121 Christus
3314 2063 3515 2135 (Calot.
3547 2084 3608 2130 ll,
3634 2067 3725 2133 20)
3753 2107 3766 2128 ,

2188 2159 2365 2212 adlmc
2394 2167 2571 2213 tamen
2602 2175 2662 2212 so
2690 2158 2954 2222 extendit,
2986 2158 3164 2210 adhuc
3199 2158 3396 2211 crescit
3424 2167 3477 2211 et
3509 2158 3727 2227 proﬁcit
3754 2175 3767 2210 :

2189 2251 2318 2320 quid
2350 2267 2448 2305 nos
2476 2251 2656 2305 facere
2689 2251 2971 2312 debemus,
3012 2250 3208 2317 quibus
3251 2249 3545 2317 aptandum
3569 2258 3671 2310 est,
3714 2259 3770 2301 ιιι

2192 2349 2242 2399 in
2280 2347 2384 2401 line
2440 2354 2626 2399 nostro
2684 2343 2834 2397 Pauli
2872 2342 3139 2411 principio
3186 2342 3607 2408 cOmparemur?
3633 2340 3770 2410 Ergo

2194 2447 2248 2489 tu
2292 2437 2443 2490 hunc
2473 2436 2687 2489 imitare
2728 2435 2821 2503 qui
2874 2434 3008 2487 dixit
3043 2449 3057 2486 :
3094 2431 3395 2485 lmitatores
3454 2434 3554 2485 mei
3585 2442 3768 2494 estote,

2190 2534 2320 2584 sicut
2348 2541 2393 2583 et
2421 2546 2510 2597 ego
2538 2528 2730 2582 Christi
2754 2526 2806 2595 (I
2836 2526 2957 2582 Cor.
2984 2542 3057 2589 tv,
3100 2526 3209 2594 ιι).
3247 2524 3579 2580 Obliviscere
3610 2542 3770 2579 onme

2191 2621 2545 2691 prxteritum,
2611 2631 2662 2674 et
2701 2618 2943 2688 quotidie
2990 2619 3250 2672 inchoare
3296 2629 3346 2670 te
3377 2630 3545 2686 puta:
3584 2633 3651 2671 ne
3676 2635 3771 2685 pro

2193 2711 2448 2781 przesenti
2504 2710 2611 2776 die,
2656 2724 2762 2778 quo
2806 2708 2969 2762 debes
3010 2710 3218 2761 servire
3275 2708 3406 2772 Deo,
3441 2711 3771 2774 praeteritum

2193 2809 2442 2870 imputes.
2473 2802 2687 2870 Optime
2720 2801 2956 2869 quaesita
3008 2799 3302 2862 custodies,
3344 2800 3389 2854 si
3415 2815 3631 2869 semper
3687 2802 3773 2853 in-

2193 2894 2397 2963 quiras.
2432 2892 2699 2981 Damnum
2757 2901 2941 2962 parata
2978 2890 3235 2952 sentient,
3263 2890 3307 2944 si
3360 2906 3554 2961 parare
3586 2905 3768 2946 cessa-

2196 3002 2363 3040 veris.

2262 3078 2397 3148 Cap.
2458 3075 2966 3132 XXVlll.—Dicas
3022 3074 3296 3133 t‘orsizan:
3341 3075 3572 3130 Grandis
3622 3075 3773 3130 labor

510 3172 675 3242 gestit
719 3184 1028 3239 erumpere.
1082 3166 1408 3238 llujostnodi
1448 3168 1707 3236 cogitatio
1763 3168 1977 3222 etiamsi
2028 3185 2089 3223 ex
2123 3188 2165 3243 ε
2201 3179 2303 3225 e5t.
2340 3169 2442 3224 Sed
2468 3170 2680 3237 respice
2730 3169 2871 3238 quod
2909 3170 3229 3236 promissum
3268 3176 3349 3221 est
3389 3183 3405 3223 :
3442 3182 3601 3220 omne
3637 3184 3771 3235 opus

514 3265 696 3331 aliquo
726 3261 984 3331 impedita
1010 3275 1160 3324 casu,
1193 3276 1301 3313 non
1332 3258 1566 3326 impleat
1614 3258 1972 3322 voluntatem,
2006 3260 2092 3313 ni-

516 3353 815 3408 hilominus
837 3352 1046 3406 actione
1075 3350 1321 3405 criminis
1360 3350 1751 3404 coadeninatur
1770 3366 1800 3403 a
1826 3351 2050 3406 Domino
2077 3371 2090 3407 :

519 3458 581 3500 ut
602 3446 726 3499 illud
751 3446 802 3498 in
821 3443 1113 3512 Evangelia
1134 3443 1381 3511 legimus:
1404 3441 1507 3506 Qui
1530 3443 1733 3505 riderit,
1758 3442 1950 3512 inquit,
1977 3461 2094 3495 mu-

519 3538 695 3591 lierem
718 3535 786 3588 ad
808 3534 1272 3600 concupiscendum
1297 3548 1433 3595 eam,
1453 3533 1565 3601 jam
1588 3533 1869 3587 moechatus
1889 3544 1963 3586 cst
1979 3550 2091 3587 cum

518 3631 570 3682 in
598 3631 751 3681 corde
783 3642 876 3680 suo
901 3625 1116 3694 (Matth.
1151 3641 1207 3689 v,
1242 3624 1355 3694 28).
1391 3626 1540 3694 Apud
1602 3625 1790 3689 Deum,
1829 3627 1911 3678 cui
1966 3636 2092 3681 nota

519 3728 649 3772 sntit
678 3719 858 3771 omnia
898 3717 1063 3771 etiam
1099 3726 1390 3784 antequam
1434 3718 1583 3783 liant,
1646 3718 1901 3772 voluntas
1969 3733 2092 3786 per-

518 3812 657 3866 lecta
685 3811 938 3876 faciendi,
978 3820 1256 3878 reputatur
1298 3824 1396 3878 pro
1424 3823 1588 3876 Opere
1620 3810 1773 3863 l‘acti.
1805 3809 1919 3875 Qua
1945 3810 2009 3863 de
2038 3824 2095 3863 re

515 3905 682 3959 debes
717 3902 881 3972 (saepe
901 3904 1045 3956 enim
1073 3914 1256 3969 repeto
1285 3903 1425 3969 quod
1457 3900 1575 3956 ﬁeri
1620 3917 1835 3965 semper
1864 3901 1971 3973 [ΑΙ.
2002 3918 2093 3956 se-

517 3994 644 4068 mcl]
697 3997 842 4061 volo)
894 4006 1109 4049 sanctas
1165 3993 1479 4061 Scripturas
1521 3995 1639 4047 sine
1687 3995 2092 4048 intermissione

519 4089 790 4153 meditari,
833 4087 1024 4155 hisque
1078 4098 1224 4139 tuam
1272 4087 1479 4154 replere
1504 4098 1735 4139 mentem
1774 4104 1788 4138 :
1827 4095 1881 4139 et
1935 4085 2091 4139 malis

513 4180 943 4251 cogitationibus
998 4178 1176 4231 locum
1241 4178 1520 4241 auferens,
1567 4178 1767 4231 divinis
1849 4178 2090 4229 animum

510 4275 772 4327 sensibus
799 4284 1106 4340 occupare:
1141 4279 1521 4339 quantumque
1576 4269 1739 4321 Deum
1770 4268 1983 4337 diligas,
2023 4282 2087 4321 ex

520 4367 807 4421 dilectione
833 4365 965 4433 legis
989 4363 1108 4433 ejus
1125 4363 1427 4416 ostendere.
1459 4360 1607 4416 Unde
1631 4359 1907 4426 Scriptura
1928 4361 2089 4413 dicit:

504 4459 830 4524 .Quitimcnt
861 4455 1164 4519 Dominum,
1207 4454 1466 4522 inquirent
1510 4453 1648 4521 quod
1709 4452 2089 4520 beueplacitum

2197 3260 2314 3315 leve
2351 3261 2464 3315 ﬁeri
2494 3261 2651 3325 solet,
2674 3276 2795 3314 cum
2826 3262 2942 3330 ejus
2971 3262 3203 3329 pretium
3233 3259 3501 3328 cogitatur
3537 3271 3624 3313 :et
3647 3276 3772 3329 spes

2199 3353 2403 3421 prmiuii
2429 3352 2679 3407 solatium
2710 3362 2793 3406 est
2818 3351 3040 3407 laboris.
3074 3351 3163 3405 Sic
3194 3351 3362 3406 durus
3386 3351 3621 3419 agricola
3653 3352 3767 3404 ina~

2201 3456 2372 3499 ratum
2401 3447 2489 3500 diu
2526 3460 2798 3514 campum,
2826 3454 2879 3500 et
2912 3445 3223 3514 pinguiores
3268 3445 3381 3498 otio
3426 3445 3609 3515 glebas
3659 3446 3772 3498 vio-

2198 3538 2343 3592 lento
2374 3553 2591 3592 v0mere
2652 3538 2878 3592 scidisse
2902 3553 2960 3591 se
2998 3540 3216 3604 gaudet,
3262 3549 3314 3592 ct
3348 3540 3538 3592 mirum
3577 3542 3628 3592 in
3657 3555 3770 3593 mo~

2199 3630 2327 3684 dum
2359 3630 2474 3698 ipsa
2505 3630 2685 3698 operis
2717 3629 3028 3684 diﬂicultate
3065 3631 3215 3683 laetus
3265 3645 3412 3699 spem
3467 3632 3661 3698 segetis
3708 3633 3774 3683 de

2199 3721 2387 3775 labore
2419 3721 2660 3775 metitur.
2695 3722 2785 3775 Sic
2851 3722 3155 3788 negotiator
3185 3720 3376 3774 avidus
3415 3723 3579 3774 maria
3636 3736 3770 3775 con-

2201 3815 2418 3876 temnit,
2467 3824 2713 3881 spectare
2734 3828 2902 3867 ausus
2926 3811 3184 3865 ﬂuctuum
3217 3827 3438 3879 spumas
3462 3812 3773 3881 rabiemque

2198 3917 2513 3961 ventorum.
2557 3907 2802 3974 Dumque
2865 3905 2918 3957 in
2983 3906 3128 3958 Omni
3172 3905 3352 3959 labore
3405 3920 3467 3958 ac
3529 3907 3773 3974 periculo

2200 4000 2410 4052 lucrum
2478 3997 2702 4064 cogitat,
2731 4006 2780 4048 et
2817 3995 3186 4050 lassitudinem
3219 3996 3374 4049 simul
3434 3996 3775 4051 obliviscitur

2196 4100 2251 4144 et
2276 4090 2543 4144 timorem.
2587 4088 2910 4151 Considera,
2936 4105 3140 4157 qua'so,
3180 4093 3599 4159 magnitudinem
3640 4107 3775 4157 pra:-

2199 4181 2290 4235 tnii
2331 4180 2431 4244 ttti,
2463 4181 2506 4233 si
2542 4191 2718 4233 tamen
2750 4180 3079 4233 considerari
3115 4190 3290 4248 potest
3353 4180 3617 4248 quidquid
3676 4183 3775 4234 im-

2199 4288 2443 4327 mensum
2475 4280 2576 4325 est.
2632 4269 2760 4325 Post
2813 4270 3127 4325 :tbSCCSstLu
3178 4271 3392 4335 animm,
3428 4283 3546 4341 post
3593 4278 3774 4327 carnis

2198 4369 2501 4430 interitum,
2534 4376 2655 4435 post
2709 4365 2923 4418 favillas
2984 4377 3036 4418 et
3087 4368 3344 4429 cinerem,
3388 4369 3436 4419 in
3499 4369 3772 4421 ιιιιιΙὶυιϊιιι

2195 4470 2391 4511 statum
2418 4458 2568 4527 virgo
2590 4458 2883 4526 reparanda
2902 4472 2980 4510 es.
3003 4456 3306 4509 Mandatum
3328 4469 3482 4511 tet-ne
3506 4473 3704 4524 corpus
3724 4460 3774 4511 in

516 4561 591 4605 est
627 4550 709 4604 illi
739 4567 758 4604 :
791 4560 838 4604 et
868 4548 958 4617 qui
994 4547 1221 4616 diligunt
1265 4562 1403 4612 cum,
1442 4546 1778 4615 replebuntur
1823 4547 1930 4613 lege
1972 4544 2083 4610 ejus
2121 4541 2162 4594 Ι)
2192 4548 2819 4602 ρωιιιηιοιενθιιόιιιιιοιι
2843 4565 2856 4600 :
2879 4560 2929 4601 et
2960 4547 3182 4602 mortale
3205 4549 3779 4604 tuumimmoitalitatis

520 4642 716 4712 (Eccli.
746 4657 803 4706 tt,
836 4642 944 4709 19).
974 4637 1126 4692 Tunc
1150 4640 1396 4691 sentiens
1423 4649 1686 4708 quantum
1713 4640 1778 4692 ad
1795 4639 1913 4703 ejus
1943 4651 2095 4688 amo-

524 4750 633 4789 rettt
660 4733 874 4802 adjuvet
907 4741 957 4785 te
978 4730 1278 4799 sapientia:
1313 4738 1574 4797 quantum
1629 4729 1701 4782 sit
1733 4729 1785 4781 in
1813 4739 1863 4782 te
1906 4727 2098 4781 divina}

524 4827 655 4896 legis
685 4824 969 4887 auxilium,
1000 4833 1053 4875 et
1082 4821 1314 4875 Domino
1335 4836 1457 4874 cum
1492 4820 1657 4873 David
1690 4822 1805 4873 beta
1831 4817 2095 4880 cantabis,

526 4916 591 4969 In
619 4915 772 4969 corde
804 4929 916 4968 meo
945 4910 1194 4967 abscondi
1241 4911 1449 4979 eloquia
1486 4921 1600 4973 tua,
1635 4920 1693 4963 ut
1746 4926 1845 4962 non
1895 4924 2097 4976 peccent

525 5009 619 5063 tibi
647 5007 821 5077 (Psul.
849 5020 1040 5067 cxvttt,
1081 5006 1189 5073 Η).
1220 5003 1547 5057 Excitandus
1567 5013 1649 5057 est
1673 5004 1814 5055 cnim
1844 5001 2099 5069 spiritua-

527 5099 668 5151 libus
721 5094 950 5149 stimulis
982 5109 1194 5160 Semper
1249 5093 1484 5156 animus,
1537 5101 1591 5145 et
1628 5090 1821 5159 majori
1858 5089 2098 5158 quotidie

524 5190 719 5243 ardore
752 5187 1119 5241 renovandus.
1153 5182 1434 5238 Orationis
1467 5182 1743 5245 instantia,
1777 5180 2099 5234 illnminatio

524 5281 792 5344 lectionis,
829 5276 1138 5332 sollicitudo
1184 5274 1516 5343 vigiliarum.
1576 5282 1628 5326 ct
1661 5272 1854 5326 diurna
1911 5282 1964 5326 et
2000 5288 2099 5324 no-

522 5381 718 5427 cturna
746 5370 1231 5439 ejusincitainenta
1263 5376 1409 5419 sunt.
1437 5364 1581 5418 Nihil
1602 5367 1741 5419 enim
1765 5366 1818 5417 in
1850 5364 1949 5417 hoc
1980 5379 2102 5431 pro-

526 5470 700 5533 posito
739 5467 847 5520 otio
875 5465 1113 5519 deterius
1146 5474 1230 5517 est
1259 5480 1272 5515 :
1304 5463 1446 5530 quod
1484 5477 1586 5514 non
1624 5460 1966 5513 solummodo
1996 5475 2098 5513 non

526 5559 759 5627 acquirit
791 5572 955 5621 noxa,
1010 5558 1104 5611 scd
1126 5556 1284 5607 ciam
1322 5569 1472 5623 parta
1501 5551 1609 5624 [.41.
1649 5549 1855 5621 parata]
1899 5566 2101 5603 consu-

527 5652 644 5703 mit.
682 5650 895 5703 Saucta:
934 5651 1056 5701 vita:
1094 5648 1231 5701 ratio
1265 5660 1525 5715 processu
1558 5645 1759 5711 gaudet
1784 5652 1837 5695 et
1866 5641 2097 5695 crescit:

523 5743 836 5795 cessatione
873 5743 1129 5809 torpescit
1174 5751 1252 5795 set
1279 5736 1480 5793 deﬁcit.
1516 5734 1855 5801 Quotidianis
1910 5748 1973 5786 ac
2024 5748 2105 5786 re-

518 5835 779 5888 centibus
836 5834 1088 5888 virtutum
1138 5833 1488 5888 incrementis
1542 5844 1694 5884 incus
1749 5826 2101 5882 instauranda

2202 4643 2411 4695 honore
2450 4642 2763 4694 mutandum
2798 4652 2904 4694 est.
2938 4639 3069 4695 Post
3105 4642 3216 4694 lucc
3246 4643 3558 4710 angelorum
3597 4659 3653 4695 es
3686 4648 3779 4693 ilo-

2204 4732 2379 4786 tianda
2413 4734 2689 4787 consortio
2729 4749 2742 4784 :
2785 4749 3014 4801 regnum
3067 4744 3355 4800 acceptura
3396 4736 3675 4795 imlornm,
3716 4749 3778 4785 an

2208 4824 2258 4874 in
2291 4832 2605 4890 perpetuum
2633 4837 2884 4875 maiisora
2915 4838 3034 4877 cum
3062 4822 3300 4876 Christo.
3331 4823 3465 4887 Quid
3500 4839 3629 4891 ergo
3690 4840 3772 4891 re-

2207 4913 2407 4966 tribues
2448 4912 2692 4968 Domino
2746 4929 2842 4983 pro
2891 4916 3144 4968 omnibus
3204 4930 3325 4982 qua:
3385 4916 3631 4969 retribuit
3685 4916 3775 4969 tibi

2208 5000 2381 5071 (Paul.
2418 5004 2540 5072 ευ)
2570 5004 2593 5055 ?
2619 5004 2755 5070 Quid
2793 5016 2942 5058 tanto
2987 5016 3391 5059 remuneratore
3429 5007 3648 5075 digium
3682 5023 3777 5075 ριι-

2213 5095 2368 5157 tabis,
2399 5096 2555 5162 cujus
2590 5106 2731 5149 tanta
2766 5108 2887 5150 sunt
2921 5098 3137 5161 prxmia
3166 5098 3187 5148 ?
3223 5096 3372 5150 Unde
3425 5098 3612 5151 beatus
3639 5100 3780 5166 Apo-

2206 5185 2394 5248 s:olns,
2427 5184 2627 5249 Nulla,
2662 5185 2853 5253 inquit,
2885 5196 3002 5239 sunt
3030 5187 3305 5256 condigna:
3327 5190 3594 5253 passiones
3621 5187 3778 5255 hujus

2206 5279 2452 5345 temprris
2500 5279 2567 5329 ad
2628 5277 2863 5344 futurum
2915 5280 3161 5348 gloriam,
3213 5277 3666 5345 qua'ret'etnbitur
3726 5281 3777 5330 in

2205 5374 2347 5424 nobis
2375 5370 2543 5439 (Rom.
2569 5388 2684 5434 viti,
2722 5372 2827 5441 lS).
2861 5372 3001 5438 Quid
3024 5378 3166 5428 enim
3220 5378 3440 5446 dignum
3472 5376 3550 5428 vel
3577 5376 3774 5441 facere,

2206 5462 2284 5513 Vel
2321 5462 2424 5529 pati
2465 5477 2744 5528 possumus
2787 5479 2837 5515 ιιι
2887 5464 3033 5516 brevi
3066 5466 3169 5518 hoc
3226 5475 3464 5533 tempore
3519 5469 3637 5518 riu
3688 5483 3782 5518 no-

2212 5561 2358 5615 Slt'tt’,
2411 5567 2532 5604 Ctlttl
2575 5552 2625 5604 id
2673 5554 3075 5608 i.tttttorl.ililatc
3106 5569 3173 5609 szt
3204 5560 3660 5623 ttOtttpcnSattJttttt
3690 5559 3713 5612 ἳ

2232 5700 2235 5701 ν
2277 5643 2410 5710 Cap.
2442 5643 2629 5698 XXIX.
2673 5676 2731 5685 —
2763 5648 2947 5717 Propti
2972 5666 2995 5701 r
3024 5651 3165 5719 quod
3192 5651 3331 5703 idem
3356 5652 3642 5719 Apostolus
3673 5652 3781 5703 ait:

2210 5733 2273 5785 Id
2300 5737 2435 5786 enim
2473 5739 2608 5804 quod
2638 5739 2687 5789 in
2719 5755 2881 5807 prius.
2904 5743 2977 5791 nti
3006 5744 3199 5794 sa'culo
3228 5752 3304 5793 est
3367 5752 3785 5794 mommtanenm

2207 5843 2268 5878 ac
2298 5827 2401 5880 lere
2435 5829 2788 5884 trilrnlu'ionis
2829 5843 3021 5887 nostrtr
3053 5848 3255 5899 :supra
3293 5837 3503 5889 modum
3536 5837 3587 5887 in
3621 5835 3785 5887 subii.
