4054 6206
292 325 360 391 45
1167 328 1481 389 I’ELAGII
1523 331 1626 389 AD
1678 329 2250 391 DEMETRIADEM
2284 323 2684 386 EPlSTOLA.
3495 316 3568 380 46

288 449 491 508 unitate,
517 451 776 495 mternnm
840 438 1026 511 gloria
1056 440 1263 509 pondus
1321 457 1571 510 operatur
1615 444 1670 496 in
1732 443 1889 496 nobis
1923 460 1962 506 Α
1994 457 2114 497 eam
2141 438 2518 502 timebantllli,
2551 437 2746 506 quibus
2795 435 2971 490 fuerat
3016 433 3122 488 vita
3158 432 3468 502 jucundior.
3510 426 3568 484 Si

288 537 366 607 (ll
400 533 529 591 Cor.
569 550 644 596 tv,
681 534 794 603 l7).
835 533 1182 600 Respuantur
1218 538 1476 598 honores,
1506 535 1883 603 deSpiciantur

287 628 510 683 divitize.
538 626 660 694 lpsa
681 640 901 694 quoque
919 624 1029 678 vita
1059 637 1242 680 nostra
1263 627 1504 697 martyrii
1531 642 1716 682 amore
1752 642 1883 681 con-

290 728 590 772 temnatur.
628 717 691 768 Et
726 716 840 769 hrce
888 717 1070 769 omnia
1098 719 1262 771 etiam
1312 719 1357 772 si
1405 733 1503 788 pro
1553 720 1881 775 teternitatis

286 809 511 881 pramio
567 823 669 861 non
730 807 1021 872 darentur,
1069 819 1254 862 essent
1313 819 1494 864 tamen
1548 811 1882 881 quandoque

287 903 551 972 peritura.
576 899 850 954 Amittunt
867 901 1032 954 etiam
1062 900 1161 954 hoc
1182 901 1254 954 illi
1275 900 1368 971 qui
1416 917 1631 970 semper
1655 904 1884 972 cupiunt

289 995 592 1063 possidere.
635 991 810 1057 Quam
860 991 1060 1046 mullos
1118 993 1380 1046 memoria
1430 1003 1616 1048 nostra
1686 997 1884 1049 retinet

290 1085 344 1140 in
376 1086 628 1140 maximis
674 1083 974 1138 honorilms
1029 1098 1092 1137 ac
1152 1083 1357 1138 divitiis
1417 1084 1768 1149 constitutos,
1797 1101 1884 1141 re-

291 1189 452 1246 pente
485 1178 552 1230 de
583 1191 796 1231 summo
829 1175 919 1229 illo
969 1177 1229 1244 potentia:
1262 1175 1480 1247 fastigio
1519 1176 1832 1232 concidisse
1863 1195 1877 1232 :

293 1281 346 1323 et
375 1285 474 1324 eos
502 1269 595 1338 qui
632 1279 848 1324 tumore
877 1269 1025 1334 elati,
1049 1269 1194 1323 aliud
1225 1270 1481 1338 quiddam
1517 1285 1681 1341 quam
1710 1272 1884 1324 homi-

295 1377 391 1416 nes
416 1377 538 1416 esse
573 1376 634 1416 se
683 1364 963 1430 putabant,
996 1361 1143 1414 exitu
1199 1360 1417 1415 tandem
1478 1377 1580 1416 suo
1631 1361 1885 1417 docuisse

295 1468 394 1508 nos
427 1454 555 1520 quid
586 1453 803 1506 iuerint.
824 1452 965 1518 Quid
1000 1452 1143 1504 enim
1175 1452 1227 1504 in
1253 1451 1358 1506 hoc
1407 1453 1610 1508 mundo
1651 1451 1886 1507 stabile?

295 1547 422 1614 quid
475 1559 603 1599 vero
633 1543 848 1596 [irinum
907 1542 1203 1611 est?Qnid
1254 1558 1417 1613 porro
1468 1559 1574 1598 non
1639 1545 1801 1599 breve
1834 1553 1888 1598 et

295 1641 593 1697 incertum,
615 1647 670 1690 et
694 1635 974 1690 casui'non
997 1635 1285 1690 serviens?
1309 1635 1479 1701 Quale
1507 1635 1651 1691 istud
1685 1636 1885 1690 bonum

293 1737 396 1791 est,
434 1725 582 1796 quod
613 1740 828 1794 semper
863 1728 1056 1780 timeas
1101 1725 1402 1779 amittere?
1437 1726 1580 1795 quod
1629 1725 1710 1779 vel
1741 1724 1890 1780 aufe-

1985 534 2062 588 ita
2120 530 2363 586 mortalis
2418 531 2676 583 timemus
2733 528 2906 582 hostis
2963 525 3257 581 lmmanam
3305 540 3570 587 manum,

1988 625 2119 696 quid
2153 622 2421 678 faciemus
2452 637 2575 676 cum
2613 621 2870 688 clangore
2897 619 3129 674 terribili
3157 619 3284 672 tuha
3320 617 3573 670 intonare

1988 719 2055 772 de
2107 717 2250 772 ctelo
2299 714 2526 782 coeperit
2561 728 2578 767 :
2608 723 2663 767 et
2710 713 2776 767 ad
2814 711 2958 764 illam
3000 709 3310 780 archangeli
3360 723 3572 768 vocem,

1987 812 2136 867 omni
2165 809 2390 863 buccina
2417 805 2726 868 clariorem,
2758 811 2904 858 totus
2931 802 3093 856 simul
3116 800 3380 871 remugiet
3415 816 3572 854 mun-

1988 905 2088 958 dus
2113 903 2276 956 ?cum
2307 899 2601 954 viderimus
2649 910 2932 966 supernos
2957 910 3062 949 non
3089 893 3396 948 manufacta
3426 909 3576 946 arma

1988 993 2228 1058 concuti.
2271 993 2364 1046 sed
2397 1001 2451 1045 et
2478 991 2708 1044 virtutes
2761 989 3028 1044 ctelorum
3057 988 3409 1048 commoveri,
3438 987 3580 1038 sicut

1987 1087 2248 1158 propheta
2275 1086 2405 1140 dicit
2439 1101 2452 1139 :
2495 1082 2625 1139 Cum
2671 1089 2863 1136 venerit
2901 1081 3155 1135 Dominus
3181 1096 3370 1149 ponere
3402 1080 3580 1132 orbem

1988 1191 2143 1234 terra:
2178 1180 2468 1241 desertum,
2528 1188 2574 1232 et
2627 1188 2924 1246 peccatores
2964 1184 3178 1244 perdere
3227 1191 3291 1229 ea:
3329 1191 3387 1228 eo
3443 1173 3574 1243 (Isa.

1989 1287 2110 1334 xui,
2142 1271 2199 1340 4)
2239 1288 2256 1327 ;
2291 1271 2415 1340 quis
2462 1279 2592 1323 tunc
2629 1269 2787 1323 nobis
2840 1281 3027 1335 pavor,
3059 1281 3179 1336 qua:
3231 1266 3427 1335 caligo,
3458 1281 3581 1334 qua:

1990 1367 2250 1427 tenebrat,
2283 1378 2406 1416 eum
2460 1376 2560 1416 nos
2595 1363 2796 1431 saepius
2845 1375 2911 1414 ac
2971 1359 3128 1413 toties
3176 1359 3502 1419 admonitos,
3527 1368 3582 1411 et.

1991 1466 2169 1510 tamen
2214 1454 2512 1523 imparatos
2545 1453 2662 1507 dies
2707 1451 2798 1505 ille
2839 1450 3104 1519 repererit
3133 1449 3156 1501 ?
3187 1447 3352 1511 Tunc,
3384 1446 3580 1515 inquit,

1989 1546 2240 1617 plangent
2280 1560 2437 1612 super
2480 1561 2535 1598 se
2560 1559 2740 1597 omnes
2793 1544 2962 1596 tribus
2993 1551 3146 1596 teme
3172 1554 3190 1591 :
3231 1551 3278 1593 et
3335 1538 3580 1592 uidebunt

1990 1638 2191 1694 Filium
2211 1640 2439 1692 hominis
2473 1640 2754 1691 venientem
2783 1637 2837 1689 in
2868 1635 3088 1689 nubibus
3111 1635 3365 1688 calicum
3392 1635 3583 1685 virtute

1994 1731 2161 1786 multa
2205 1739 2255 1784 et
2313 1730 2607 1798 majestate.
2644 1726 2789 1781 Tunc
2843 1728 3015 1780 dicent
3051 1729 3358 1780 montibus:
3401 1724 3584 1778 Cadite

295 1819 647 1872 rendttntabs
673 1829 722 1872 te
745 1825 971 1882 metuas,
1011 1819 1096 1872 vel
1127 1834 1158 1873 a
1197 1827 1248 1873 te
1272 1818 1688 1886 relinquendum
1705 1817 1887 1873 scias?
1922 1805 1965 1862 Β
1997 1839 2156 1894 super
2185 1838 2279 1875 nos
2312 1837 2330 1876 :
2366 1832 2414 1876 et
2455 1821 2695 1886 collibus,
2741 1820 2954 1889 Operite
2985 1835 3121 1874 nos:
3149 1829 3195 1872 et
3231 1819 3414 1888 petris,
3446 1818 3587 1882 Ape-

296 1910 432 1964 Nam
463 1921 515 1964 et
551 1910 595 1963 si
635 1911 780 1963 nullo
821 1911 869 1963 id
919 1912 1186 1978 eripiatur
1216 1926 1368 1976 casu,
1404 1911 1486 1965 vel
1521 1921 1696 1964 morte
1747 1920 1894 1964 certe

299 2005 632 2074 perdendqu
652 2013 756 2057 est.
787 2003 852 2056 Et
879 2004 923 2056 si
958 2005 1066 2057 vita
1130 2011 1316 2057 nostra
1347 2001 1602 2057 tendatur
1628 2018 1724 2072 per
1750 2002 1895 2054 mille

297 2111 476 2150 annos
505 2112 518 2148 :
555 2104 607 2146 et
638 2095 704 2147 ad
735 2107 1038 2147 estrenmm
1072 2093 1220 2148 illum
1283 2095 1448 2148 totius
1495 2095 1635 2147 diem
1695 2093 1892 2156 aetatis,

299 2187 621 2253 quotidiana
677 2169 1002 2239 deliciarum
1062 2186 1346 2256 voluptate
1381 2185 1705 2238 veniamus:
1742 2184 1898 2252 quale

301 2279 431 2341 bor,
475 2293 683 2346 qumso.
717 2278 807 2332 diu
841 2287 947 2343 est,
984 2278 1130 2348 quod
1181 2278 1287 2332 line
1319 2277 1569 2332 deleturi
1612 2276 1718 2329 Aut
1777 2275 1899 2345 quis

303 2367 451 2424 illius
480 2368 774 2437 voluptatis
801 2368 1010 2423 fruetus
1042 2377 1148 2432 est,
1187 2367 1277 2438 qui
1317 2368 1502 2422 statim
1544 2376 1602 2420 nt
1649 2381 1896 2422 cessave-

305 2464 402 2528 rit,
435 2462 708 2515 videbitur
748 2461 842 2515 tibi
874 2477 981 2516 non
1012 2459 1184 2515 fuisse
1213 2461 1236 2514 ἲ
1268 2459 1529 2530 Agejam,
1565 2469 1900 2514 transactum

305 2554 568 2607 vincture
627 2561 839 2622 tempus
871 2553 1056 2605 animo
1109 2552 1574 2608 revolve.Nonne
1637 2551 1904 2605 videbitur

307 2646 407 2699 tibi
441 2648 633 2698 umbra
668 2643 912 2713 quicdam
942 2643 1110 2698 fuisse
1137 2645 1278 2714 quod
1325 2645 1586 2704 transiit:
1641 2657 1694 2700 et
1719 2645 1786 2700 ad
1813 2646 1894 2698 in-

307 2749 428 2792 star
451 2738 645 2791 somnii
671 2736 872 2800 tenuis,
895 2736 1162 2790 incertum
1181 2751 1297 2790 esse
1321 2752 1482 2791 omne
1498 2739 1640 2808 quod
1659 2737 1906 2793 videtur?

309 2830 426 2885 Hoc
451 2832 588 2885 idem
617 2843 673 2885 et
734 2833 1046 2900 decrepitus
1111 2846 1276 2884 senex
1331 2831 1536 2884 sentire
1580 2840 1783 2900 potest,
1820 2835 1906 2886 cui

309 2927 568 2977 convenit
601 2925 785 2978 dicere
815 2940 939 2978 cum
989 2925 1267 2992 PrOphrta
1302 2938 1315 2976 :
1355 2923 1476 2977 Dies
1507 2926 1606 2977 mei
1625 2926 1757 2978 sicut
1789 2941 1908 2978 unt—

311 3023 410 3072 bra
441 3020 855 3081 declinaverunt,
895 3029 940 3070 et
981 3035 1074 3087 ego
1130 3023 1266 3070 sicut
1315 3017 1508 3086 foenum
1556 3019 1675 3071 arui
1730 3016 1903 3088 (Psal.

312 3125 386 3173 ct,
425 3110 534 3177 12).

385 3203 522 3270 Cap.
562 3198 730 3253 XXX.
759 3230 823 3240 —
850 3201 1001 3268 Quod
1036 3201 1078 3253 si
1121 3201 1236 3256 han:
1269 3204 1431 3257 etiam
1473 3204 1560 3258 hic
1613 3218 1902 3273 possumus

317 3296 503 3351 (icere
523 3312 540 3353 :
561 3296 649 3349 ubi
673 3295 925 3364 quamvis
953 3296 1157 3362 brevis,
1185 3306 1365 3351 tamen
1395 3298 1519 3365 quia
1552 3311 1792 3368 praesens
1815 3306 1901 3350 est

322 3390 432 3442 vita
464 3388 589 3450 ista,
625 3388 803 3456 magni
830 3388 1084 3456 penditur
1116 3388 1242 3457 :qui
1273 3391 1326 3442 in
1361 3390 1546 3444 futuro
1579 3389 1777 3444 dicturi
1803 3405 1901 3443 su-

325 3495 468 3542 mus,
493 3480 586 3533 ubi
614 3480 819 3548 majore
839 3481 1166 3534 aeternitatis
1186 3483 1471 3550 praesentia
1514 3481 1626 3552 [ΑΙ.
1651 3479 1900 3552 scientia]

325 3582 660 3626 transactum
688 3587 850 3625 omne
883 3587 980 3641 pro
1011 3573 1182 3627 nihilo
1214 3581 1301 3628 est
1326 3573 1350 3628 2
1378 3573 1500 3629 Haec
1535 3583 1589 3628 ιιι
1621 3584 1800 3629 tecum
1823 3575 1902 3628 di-

323 3661 560 3732 ligenter
596 3663 904 3726 revolvens,
938 3671 992 3716 et
1024 3664 1343 3718 brevitatem
1375 3667 1500 3717 vita:
1555 3663 1716 3733 hujus
1749 3674 1906 3717 aeter-

322 3755 516 3808 nitatis
568 3753 1034 3824 contemplatione
1086 3756 1418 3824 despiciens,
1451 3757 1626 3826 ipsutu
1687 3771 1906 3825 queque

322 3856 693 3914 contemptum
714 3847 920 3910 mundi,
948 3847 1141 3916 majori
1163 3849 1328 3901 animi
1371 3849 1568 3903 virtute
1588 3861 1901 3904 contemne:

325 3951 380 3991 ct
405 3940 472 3992 ad
499 3938 648 3992 illum
675 3947 883 3992 tantum
907 3939 1046 3993 diem
1079 3948 1246 3993 totam
1276 3939 1384 4011 [ΑΙ.
1412 3950 1517 3994 tac.
1552 3940 1742 4011 totam]
1772 3955 1905 4010 para

325 4040 400 4091 te.
425 4030 480 4085 in
507 4032 809 4099 quomundi
841 4033 1011 4101 gloria
1060 4030 1295 4086 ﬁnienda
1325 4044 1429 4088 est.
1453 4033 1628 4100 Illum,
1664 4035 1907 4102 inquam,

329 4122 504 4187 diem,
549 4138 708 4191 quem
748 4123 1000 4176 Salvator
1026 4125 1229 4179 diluvio
1261 4126 1596 4192 comparavit
1627 4125 1751 4193 :qui
1773 4124 1910 4177 mul-

324 4221 413 4265 tos
449 4213 630 4265 lallaci
659 4213 952 4266 securitate
986 4214 1264 4282 deceptos,
1301 4215 1521 4276 furtivo,
1579 4224 1634 4267 ut
1665 4217 1741 4267 ait
1767 4217 1910 4284 Apo-

323 4305 524 4364 stolus,
544 4307 964 4373 comprehendet
981 4307 1214 4359 adventu
1233 4306 1282 4376 (1
1304 4304 1481 4360 Thess.
1506 4306 1578 4376 v).
1600 4307 1770 4371 Quem
1791 4310 1909 4361 bea-

325 4406 416 4450 tus
445 4411 660 4464 quoque
697 4393 892 4450 Petrus
926 4397 1240 4451 describens
1273 4398 1348 4450 ait
1378 4413 1394 4452 :
1428 4398 1679 4451 Adveniet
1731 4411 1905 4450 autem

323 4486 440 4541 dies
465 4485 674 4538 Domini
713 4491 848 4541 sicut
903 4487 992 4556 fur
1020 4502 1042 4543 :
1072 4488 1128 4541 in
1170 4505 1275 4558 qua
1308 4489 1424 4542 οωιὶ
1476 4507 1664 4558 magno
1714 4492 1908 4559 impetu
1945 4513 1986 4566 υ

322 4578 629 4632 transibunt
659 4596 676 4632 :
710 4579 966 4634 elementa
995 4598 1111 4634 vero
1145 4599 1178 4635 a
1208 4583 1379 4635 calore
1411 4586 1748 4637 resolvantur.
1775 4585 1908 4640 Cum

321 4672 492 4740 igitur
519 4670 630 4741 [ΑΙ.
665 4681 810 4726 tacet
846 4671 1028 4744 igitur]
1053 4675 1164 4727 lucc
1197 4676 1376 4727 omnia
1419 4675 1756 4729 dissoluenda
1783 4677 1910 4743 sint,

321 4765 515 4835 quales
559 4774 756 4832 oportet
812 4781 906 4820 nos
951 4767 1136 4820 essein
1169 4768 1372 4820 sanctis
1426 4769 1911 4822 conoersationibns

319 4872 372 4912 et
407 4858 692 4926 pietutibus
721 4867 1079 4926 exspectantes
1104 4869 1152 4911 et
1179 4869 1520 4928 properantes
1548 4861 1599 4911 in
1632 4860 1910 4913 adventum

321 4950 553 5004 Domini
589 4949 702 5013 Dei,
739 4952 792 5001 in
831 4965 933 5018 quo
967 4950 1080 5002 cazli
1132 4953 1373 5004 ardentes
1418 4952 1703 5016 solventur,
1736 4963 1784 5003 et
1814 4952 1917 5005 cle-

321 5054 510 5094 mcnta
535 5040 666 5108 ignis
685 5040 1124 5093 calorelabesceul
1148 5039 1228 5110 (Il
1260 5041 1408 5095 Petr.
1440 5058 1518 5107 ιιι,
1551 5041 1736 5110 lO-l'l)
1769 5043 1919 5094 Πιε-

320 5149 463 5188 cens
501 5131 702 5184 factum
727 5143 832 5196 est,
864 5143 918 5186 et
939 5135 1234 5202 quodjpsa
1265 5133 1490 5198 audisti,
1525 5135 1646 5187 cuin
1690 5136 1756 5188 ad
1786 5136 1916 5188 stri-

320 5225 476 5278 dula
539 5225 780 5278 buccina:
828 5239 1067 5289 sonum,
1111 5226 1522 5296 Gothorumqne
1576 5229 1917 5295 clamorem,

323 5316 548 5383 lugubri
596 5330 856 5383 oppressa
913 5326 1055 5370 metu
1111 5319 1330 5372 domina
1385 5321 1535 5373 orbis
1585 5319 1754 5373 Roma
1790 5336 1920 5374 c0n-

325 5406 580 5461 tremuit.
615 5403 715 5459 Ubi
746 5418 873 5461 tunc
923 5409 1222 5462 nobilitatis
1243 5410 1377 5464 ordo
1404 5410 1426 5462 ?
1451 5412 1540 5464 ubi
1567 5413 1703 5466 certi
1735 5425 1788 5467 et
1811 5414 1923 5468 dis-

323 5501 493 5553 tincti
533 5500 678 5553 illius
705 5501 989 5570 dignitatis
1025 5505 1222 5570 gradus
1261 5504 1575 5574 ?_Permista
1627 5507 1808 5559 omnia
1863 5517 1919 5561 et

324 5591 534 5642 timore
585 5590 832 5652 confusa,
870 5593 1015 5642 omni
1071 5594 1254 5645 domui
1309 5593 1556 5660 planctus
1613 5605 1664 5648 et
1699 5596 1964 5663 mquahs.

322 5681 438 5734 fuit
463 5695 560 5747 per
584 5694 806 5735 cunetos
837 5697 1027 5751 pavor.
1062 5682 1235 5737 Unum
1262 5697 1380 5738 erat
1405 5703 1600 5741 snrvus
1625 5698 1677 5741 et
1701 5689 1918 5741 nobilis.

321 5778 541 5830 Latent
583 5775 837 5829 onimbus
895 5777 1073 5845 imago
1131 5780 1502 5836 mortisznisi
1561 5782 1689 5851 quia
1748 5781 1919 5850 magis

1998 1917 2101 1968 rite
2132 1931 2220 1968 vos
2267 1914 2418 1968 nobis
2472 1913 2697 1982 (Matth.
2735 1929 2884 1977 χειν,
2918 1913 2988 1966 50
3013 1921 3060 1965 et
3084 1927 3224 1980 seqq.
3256 1907 3433 1976 ;Luc.
3472 1923 3586 1970 ut,

1996 2009 2065 2062 27
2114 2019 2164 2062 et
2205 2023 2344 2077 seqq.
2379 2006 2424 2076 ).
2455 2006 2654 2060 Verum
2710 2005 2826 2060 ba'c
2882 2019 3069 2059 eorum
3115 2001 3368 2070 sint,qui
3421 1999 3588 2052 variis

2001 2101 2160 2173 hujus
2190 2101 2372 2156 mundi
2409 2100 2614 2155 detenti
2668 2099 2839 2162 curis,
2877 2099 2942 2152 de
2965 2097 3152 2150 mundi
3209 2111 3313 2149 non
3348 2093 3589 2162 cogitant

1999 2198 2128 2252 line.
2154 2195 2232 2249 Tu
2265 2209 2395 2249 vero
2417 2193 2506 2248 cui
2540 2194 2805 2247 adventus
2835 2189 3036 2246 Christi
3070 2179 3280 2242 dierum
3312 2187 3587 2240 noctium—

2000 2304 2107 2359 que
2164 2287 2449 2342 meditatio
2499 2294 2604 2348 est,
2635 2285 2721 2339 cui
2776 2299 2872 2354 pro
2921 2282 3268 2338 conscientia!
3329 2272 3593 2349 puritate,

2001 2381 2214 2438 Domini
2264 2389 2348 2436 est
2377 2380 2616 2448 optanda
2642 2377 2927 2448 praesentia
2957 2392 2974 2430 :
3007 2391 3128 2445 quae
3161 2375 3590 2428 consummatio-

2001 2494 2126 2532 nem
2161 2475 2344 2532 saculi
2379 2475 2531 2543 quasi
2580 2482 2788 2526 certum
2857 2471 3067 2540 prtcmii
3099 2471 3176 2522 tui
3229 2479 3442 2536 tempus
3495 2482 3594 2520 ex-

2003 2579 2238 2638 spectas,
2262 2566 2680 2624 exsultationem
2704 2564 2768 2618 de
2785 2563 2926 2618 coelo
2943 2564 3146 2631 capies,
3178 2575 3284 2615 non
3315 2561 3592 2614 timorem.

2005 2661 2159 2717 Tunc
2189 2661 2334 2717 enim
2374 2669 2428 2713 tu
2489 2669 2803 2714 sanctorum
2857 2657 3018 2710 mista
3049 2656 3255 2716 choris,
3288 2663 3342 2708 et
3387 2651 3594 2707 sanctis

2005 2753 2258 2807 comitata
2292 2749 2620 2819 virginibus,
2652 2762 2856 2816 sponso
2909 2746 3124 2798 obviam
3178 2744 3512 2802 subvolabis.
3543 2751 3598 2794 et

2007 2849 2156 2900 dices
2191 2861 2204 2897 :
2240 2843 2422 2898 Inveni
2456 2858 2610 2911 quem
2649 2841 2890 2910 qumsioit
2917 2840 3100 2892 anima
3139 2855 3252 2892 mea
3301 2835 3482 2902 (Cant.
3511 2851 3596 2894 ιιι,

2008 2939 2086 3006 4).
2123 2939 2232 2992 Nec
2263 2937 2425 2990 ullius
2451 2937 2562 3004 jam
2612 2935 2872 3001 temporis
2929 2931 3327 2998 soparationem
3355 2929 3592 2985 timebis.

2008 3045 2128 3100 qure
2165 3029 2332 3083 semel
2367 3025 2794 3080 iimuortalitatis
2851 3024 3044 3092 gloria,
3078 3034 3130 3075 et
3167 3020 3594 3090 incorruptionis

1927 3153 1971 3212 ε
2009 3121 2296 3190 Splendore
2339 3116 2592 3172 donanda
2623 3131 2680 3170 es
2715 3133 2728 3168 :
2764 3123 2817 3167 et
2857 3130 2978 3167 cum
3026 3113 3245 3167 Christo
3267 3127 3480 3176 semper
3509 3109 3593 3163 fn-

2006 3219 2126 3264 tura
2163 3225 2244 3271 es.
2278 3208 2536 3277 Apostolo
2578 3207 2796 3261 dicente
2829 3223 2843 3260 :
2883 3205 3146 3269 Quoniam
3183 3205 3291 3271 ipse
3337 3201 3593 3256 Dominus

2005 3306 2060 3357 in
2086 3305 2246 3372 jussu
2277 3310 2326 3354 et
2351 3303 2404 3355 in
2432 3315 2551 3354 voce
2591 3297 2924 3368 archangeli,
2953 3308 3002 3351 et
3033 3297 3086 3349 in
3153 3297 3281 3350 tuba
3353 3295 3444 3348 Dei
3501 3296 3596 3348 de-

2005 3394 2212 3447 scendet
2238 3393 2302 3446 de
2324 3392 2482 3446 caelo:
2513 3400 2562 3444 et
2597 3393 2792 3444 mortui
2823 3391 2912 3459 qui
2937 3391 2991 3443 in
3008 3389 3218 3446 Christo
3246 3399 3390 3451 sunt,
3424 3404 3598 3441 resur-

2005 3497 2125 3557 gent
2152 3486 2330 3554 primi.
2359 3485 2552 3539 Deinde
2577 3501 2666 3538 nos
2691 3486 2781 3552 qui
2812 3485 3031 3538 vivimus
3055 3522 3070 3547 ,
3112 3483 3201 3546 qui
3229 3482 3596 3550 relinquimur,

2007 3577 2167 3631 simul
2193 3582 2462 3646 rapientur
2504 3592 2622 3629 cum
2651 3577 2756 3629 illis
2788 3578 2842 3628 in
2877 3574 3103 3628 nubibus
3131 3575 3335 3627 obviam
3373 3573 3597 3626 Domino

2009 3672 2065 3725 in
2097 3687 2216 3724 aere
2245 3687 2264 3725 :
2289 3679 2337 3722 et
2377 3671 2454 3724 ita
2497 3685 2702 3736 semper
2731 3684 2849 3721 cum
2875 3666 3084 3722 Christo
3110 3667 3304 3720 erimus
3343 3666 3389 3736 (Ι
3412 3665 3596 3720 Thess.

2010 3779 2084 3826 tv,
2116 3762 2333 3830 15-17).
2375 3761 2500 3814 Hmc
2560 3761 2630 3813 sit
2687 3761 2852 3828 igitur
2905 3773 3035 3812 cura
3081 3769 3169 3811 tua
3226 3772 3459 3824 semper,
3498 3759 3600 3808 hoc

2009 3855 2423 3911 studium:haec
2473 3855 2674 3924 jttgilel‘
2719 3850 2944 3920 virginis
2985 3851 3148 3904 corde
3199 3849 3504 3902 volvantur.
3540 3849 3596 3900 In

2013 3949 2100 4003 his
2143 3947 2308 4001 totius
2332 3947 2441 4001 diei
2476 3954 2724 3999 versetur
2747 3945 2920 3997 labor.
2958 3941 3018 3995 In
3052 3941 3135 3994 his
3157 3949 3454 3993 nocturnus
3484 3938 3595 4010 [ΑΙ.

2013 4038 2211 4110 noctis]
2247 4053 2470 4092 somnus
2502 4045 2816 4106 reponatur.
2855 4035 2914 4088 ιιι
2953 4035 3067 4088 hinc
3115 4021 3226 4104 [ΑΙ.
3265 4030 3594 4102 hoc].an'una

2013 4150 2203 4188 rursus
2263 4133 2504 4201 evigilet.
2551 4130 2762 4184 Etenim
2821 4131 3002 4184 nullus
3039 4129 3194 4183 labor
3221 4129 3392 4182 durus
3429 4167 3445 4190 ,
3477 4112 3599 4179 ιῖιιΙ-

2009 4229 2122 4282 lum
2161 4237 2370 4295 tempus
2396 4227 2612 4293 longqu
2675 4225 2846 4279 videri
2904 4225 3079 4291 debet,
3114 4239 3222 4292 quo
3275 4223 3444 4291 gloria
3479 4220 3591 4292 [ΑΙ.

2012 4317 2174 4390 dona]
2206 4319 2530 4372 :eternitatis
2559 4316 2886 4384 acquiritur.

2120 4468 2436 4526 MONITU.“
2476 4467 2542 4522 IN
2580 4466 2970 4523 EPIS'l'OLAil
3003 4466 3421 4533 SEQUENTE.“

2089 4587 2315 4640 Gaudeo
2351 4587 2402 4639 in
2441 4601 2548 4657 [me
2590 4593 2779 4657 notum
2831 4586 3094 4640 hactenus
3129 4585 3347 4657 nemini
3404 4584 3594 4636 subse-

2015 4658 2234 4726 quentis
2290 4655 2566 4712 auctorem
2637 4656 2896 4722 Epistolas
2955 4655 3590 4726 deprehendissezquod

2017 4729 2162 4780 enirn
2200 4726 2332 4780 false
2371 4727 2643 4797 tribuatur
2682 4727 3036 4797 Hieronymo,
3065 4727 3238 4792 palam
3269 4737 3374 4781 est.
3403 4735 3458 4777 et
3483 4735 3591 4794 sty-

2019 4798 2104 4850 lns
2135 4798 2249 4864 ipse
2280 4799 2476 4850 clamat
2507 4797 2574 4848 ah
2603 4793 3022 4865 llieronym'iano
3047 4801 3318 4848 dissulen';
3353 4793 3589 4848 immane

2019 4879 2304 4935 quantum.
2339 4868 2534 4935 Accepi
2563 4881 2744 4918 autem
2781 4883 2808 4916 a
2844 4866 3149 4929 tiennadio,
3185 4881 3308 4932 quis
3343 4867 3432 4917 ilte
3469 4867 3584 4916 fue-

2021 4940 2089 4990 rit
2119 4953 2135 5003 ;
2173 4952 2273 4990 nec
2316 4952 2448 4990 Sane
2482 4937 2650 4989 intimi
2683 4938 2924 4990 subsellii
2978 4939 3236 5004 scriptor,
3286 4937 3379 4989 sed
3413 4936 3589 5002 magni

2020 5007 2306 5077 Augustini
2334 5009 2632 5077 discipulus
2662 5017 2906 5074 repertus
2931 5019 3030 5059 est.
3069 5005 3356 5075 Eutropius
3378 5011 3590 5072 presby-

2023 5075 2226 5144 terlatt
2258 5079 2345 5129 Ille
2369 5082 2459 5128 lio.
2498 5080 2560 5130 de
2598 5075 2730 5129 Viris
2763 5077 3085 5140 illustribus,
3117 5093 3236 5146 cap.
3265 5077 3354 5140 49)
3383 5079 3592 5141 scripsit

2023 5163 2088 5201 att
2117 5153 2254 5202 duas
2288 5163 2527 5208 sorores,
2566 5149 2789 5200 ancillas
2842 5150 3060 5212 Christi,
3091 5163 3206 5215 qua:
3264 5151 3326 5197 ob
3361 5153 3588 5196 devotio-

2023 5235 2138 5270 nem
2163 5219 2452 5286 pudicitiae,
2474 5228 2521 5270 et
2549 5235 2780 5270 amorem
2811 5219 3077 5287 religionis
3105 5217 3453 5268 extimredato-
3473 5227 3593 5266 sunt

2024 5305 2055 5339 a
2092 5290 2420 5354 parentibus,
2479 5288 2748 5355 Epistolas
2803 5289 2958 5348 duas,
2999 5291 3053 5340 in
3100 5291 3307 5339 modum
3339 5288 3592 5337 librorum

2024 5358 2408 5411 consolatorms
2446 5360 2668 5425 eleganti
2691 5368 2738 5410 et
2779 5369 2959 5424 aperto
2991 5372 3252 5416 sermone,
3291 5372 3390 5407 non
3426 5355 3593 5407 solum

2026 5431 2256 5492 ratione,
2288 5433 2375 5480 sed
2405 5439 2565 5482 etiam
2617 5431 2929 5481 testimoniis
2965 5428 3358 5491 Scriptor-arum
3414 5426 3589 5478 muni-

2029 5511 2131 5552 tas.
2192 5501 2360 5566 llnjus
2387 5502 2642 5551 nituit-qu
2675 5513 2756 5552 est
2786 5503 2992 5560 titulus,
3036 5499 3116 5550 Ad
3169 5496 3413 5548 Geruutii
3449 5496 3592 5563 filias

2027 5576 2090 5621 de
2120 5570 2498 5622 contemnendi
2539 5571 2862 5623 haereditate.
2927 5569 2983 5620 In
3045 5578 3218 5626 textu,
3261 5566 3341 5629 Si,
3398 5569 3595 5632 inqutt.

2029 5657 2191 5690 causa
2255 5641 2561 5706 0/]‘ettsionis
2613 5651 2690 5693 est
2725 5641 2995 5700 Christus,
3051 5637 3459 5702 amplt'xundttm
3519 5645 3598 5686 est

2030 5713 2176 5773 impii
2211 5723 2375 5777 patris
2427 5712 2693 5778 Elogium,
2730 5727 2828 5760 non
2867 5710 3177 5766 dolendum.
3203 5726 3262 5762 ne
3295 5709 3602 5759 recedamus

2030 5800 2059 5832 tt
2096 5780 2322 5844 Gltt'ts.o,
2357 5785 2439 5833 cui
2483 5801 2574 5832 nos
2610 5782 2699 5832 illa
2747 5781 3100 5833 exha’redulio
3135 5785 3479 5832 commendat.
3539 5778 3606 5828 Et
