4054 6206
311 374 394 436 49
1044 378 1418 440 EPISTOLA
1461 381 1544 445 Ιῐ.
1595 382 1696 442 DE
1739 383 2317 448 CONTEMNENDA
2359 387 2904 453 H/EREDITATE.
3509 395 3596 455 50‘

308 487 366 540 Is
421 488 614 557 utique
691 493 782 560 qui
843 491 1030 545 dixit:
1081 491 1141 546 Si
1201 493 1319 562 quis
1359 496 1618 549 amaverit
1695 507 1900 565 patrem
1933 495 2219 560 Adelibus
2277 497 2573 552 haberetis.
2617 497 2850 553 Mundus
2907 499 3009 555 iste
3041 515 3137 557 vos
3195 516 3318 557 cum
3356 501 3602 558 Domitio

308 591 411 632 aut
435 591 660 634 matrem
689 598 849 652 super
868 600 971 645 me,
1001 599 1106 637 non
1123 595 1201 639 est
1229 601 1313 638 me
1365 588 1559 657 dignus
1589 588 1809 658 (Hattlt.
1841 604 1897 652 ι.

307 672 433 740 37).
473 673 589 727 Hoc
621 687 721 728 vos
751 675 930 750 gladio
961 687 1202 741 utentes.
1240 678 1364 732 illos
1419 681 1708 734 imitamini
1743 680 1904 736 Levi-

311 774 428 829 tas,
460 765 528 818 ab
558 765 801 820 interiori
835 767 1054 822 homine
1077 785 1176 838 per
1203 772 1491 826 exterioris
1524 773 1688 827 vestri
1720 787 1899 829 casmt

306 865 630 919 currentes,
658 860 850 913 obvios
869 859 1092 916 allectus
1125 878 1226 932 pro
1263 863 1476 918 Domini
1520 879 1704 920 amore
1734 865 1898 936 jugu-

311 947 426 1000 iate
461 967 476 1003 :
515 949 676 1014 juxta
727 952 1056 1021 legislatoris
1105 954 1394 1022 imperium
1452 967 1898 1023 pertransenntes

312 1038 555 1106 primum
593 1043 852 1098 virtutum
887 1046 1192 1100 exercitum
1225 1062 1346 1099 cum
1391 1049 1563 1102 reditu
1602 1065 1616 1103 :
1646 1049 1900 1107 videlicet

311 1149 374 1192 ut
415 1138 696 1208 praeterita
743 1146 1116 1212 transeuntes,
1165 1154 1268 1194 nec
1316 1141 1495 1195 saeculi
1555 1141 1900 1197 mirabilibus

313 1230 649 1284 inhamentes
684 1246 698 1294 ;
735 1229 822 1282 ubi
857 1233 1092 1296 primum
1121 1229 1187 1284 ad
1224 1246 1370 1298 eum,
1411 1235 1508 1302 qui
1539 1249 1637 1288 nos
1665 1233 1809 1290 misit
1840 1235 1894 1289 in

314 1319 607 1385 mundum,
662 1335 786 1374 cum
833 1319 1080 1376 femorali
1136 1321 1320 1391 gladio
1363 1323 1694 1379 redeamus:
1764 1325 1900 1379 resi-

310 1423 530 1467 stentes
587 1412 770 1478 nobis,
841 1423 1292 1484 remorantesque
1326 1415 1448 1481 bos,
1505 1417 1894 1487 propinquum,

313 1504 652 1571 proximum.
722 1503 1086 1574 fratremque,
1153 1521 1222 1562 ne
1281 1523 1378 1577 per
1435 1508 1533 1562 hos
1614 1509 1899 1580 ciongetur

313 1609 511 1651 nostra
567 1598 961 1666 peregrinatio,
1001 1599 1331 1668 perimamus
1367 1615 1381 1654 :
1412 1609 1468 1655 et
1510 1603 1630 1656 haec
1657 1617 1685 1654 a
1738 1612 1896 1670 porta

314 1690 588 1745 faciamus
615 1693 683 1744 ad
715 1699 930 1760 portam
957 1707 973 1746 :
1003 1692 1054 1746 id
1087 1702 1192 1756 est,
1227 1707 1294 1748 ne
1325 1709 1448 1749 cum
1480 1695 1531 1748 in
1565 1702 1720 1764 porta
1749 1695 1896 1749 oculi

310 1779 544 1832 fratrem
618 1780 773 1834 fuero
815 1791 1156 1849 persecutus,
1215 1794 1428 1852 portam
1468 1784 1706 1840 fortasse
1746 1787 1896 1840 auris

2009 597 2194 642 vestro
2217 603 2324 641 non
2362 590 2606 658 agnovit.
2637 590 2694 644 Si
2745 591 2811 644 de
2840 591 3038 644 smeulo
3069 595 3288 658 essetis,
3325 594 3582 649 sarculum

2011 697 2106 736 vos
2137 693 2369 738 amaret.
2404 682 2580 752 Reges
2625 683 2809 738 steculi
2835 698 2864 737 a
2895 685 3020 738 filiis
3065 687 3178 738 suis
3213 685 3414 740 tributa
3477 703 3603 740 non-

2011 784 2263 842 poscunt.
2292 775 2356 829 In
2386 775 2630 829 domibus
2677 793 2857 844 regum
2915 779 3154 846 sunt,qui
3201 778 3443 832 mollibus
3504 795 3587 832 ve-

2006 867 2242 919 stiuntur
2273 865 2494 936 (Matth.
2525 883 2600 928 χι,
2627 865 2706 936 8).
2733 868 3026 923 Zehedzetts
3053 867 3312 923 Jacobutn
3345 879 3400 924 et
3423 867 3588 924 Joan-

2006 970 2128 1010 nem
2161 973 2266 1010 non
2315 958 2582 1026 sequitur.
2622 957 2797 1012 Sinite
2851 958 3179 1014 Gerontium
3216 962 3271 1015 in
3331 963 3583 1015 navicula

2005 1061 2291 1101 remanere
2338 1063 2463 1102 cum
2511 1050 2740 1111 retibus,
2792 1049 3090 1104 dummodo
3134 1066 3267 1104 cum
3321 1053 3586 1121 apostolis

2001 1137 2204 1192 Christi
2246 1139 2480 1208 iaceatis
2509 1141 2560 1194 in
2594 1150 2839 1209 pectore.

2079 1229 2142 1283 γ.
2185 1229 2276 1285 Vae
2312 1232 2590 1297 divitibus,
2645 1235 2900 1301 quoniam
2947 1244 3271 1302 receperunt
3335 1235 3588 1290 consola-

2005 1322 2202 1377 tionem
2235 1337 2388 1378 suam
2416 1324 2435 1392 (
2469 1323 2602 1378 Luc.
2634 1339 2709 1390 vt,
2739 1325 2832 1395 25)
2872 1328 2884 1378 i
2920 1324 3086 1380 Vobis
3117 1335 3324 1394 autem,
3361 1327 3504 1391 ﬁlim,
3529 1327 3584 1382 in

2001 1411 2188 1468 futuro
2243 1413 2548 1470 consolatio
2584 1426 2760 1470 vestra
2796 1415 3026 1469 debetur
3074 1417 3272 1472 :vobis
3332 1417 3583 1471 ealtmre-

2001 1504 2149 1567 datio
2211 1503 2302 1557 illa
2364 1504 2557 1560 futura
2624 1502 2964 1558 hareditatis
3006 1505 3403 1561 iucmlestibus
3446 1505 3582 1560 fecit

1999 1607 2348 1665 augmentum
2381 1615 2395 1650 :
2431 1597 2586 1651 vobis
2619 1612 2717 1652 sua
2752 1597 2987 1650 mundus
3015 1597 3134 1664 ipse
3169 1597 3456 1660 subduxit,
3489 1598 3582 1652 ubi

2000 1702 2099 1742 vos
2137 1703 2244 1741 nou
2267 1703 2396 1741 suas
2419 1702 2540 1742 esse
2578 1689 2837 1756 cognovit
2864 1703 2880 1742 :
2929 1688 3037 1741 imo
3068 1689 3202 1742 diris
3227 1687 3384 1743 dives
3409 1691 3576 1743 ardo-

2003 1779 2173 1840 ribus.
2199 1778 2405 1833 Lazaro
2437 1779 2488 1834 in
2527 1779 2646 1835 sinu
2701 1780 2883 1848 patris
2923 1780 3160 1834 Abrabte
3213 1781 3584 1846 recumbente,

310 1873 588 1936 obsideat,
612 1883 666 1928 et
702 1888 799 1943 per
825 1875 984 1929 aliam
1018 1885 1228 1944 portam
1262 1877 1662 1947 praetermissus
1699 1893 1899 1934 occur-
1930 1859 1973 1918 Β
2005 1879 2290 1940 torquetur
2317 1869 2468 1942 (Luc.
2503 1887 2617 1936 xvt,
2650 1871 2767 1940 25).
2797 1870 2860 1924 Et
2887 1870 3019 1940 quid
3045 1871 3244 1924 mirum
3272 1872 3315 1924 si
3347 1887 3583 1942 pauper-

313 1973 422 2017 rat.
461 1962 554 2018 lia:
581 1964 854 2033 siquidem
905 1977 1034 2021 sunt
1087 1977 1256 2036 portae
1289 1962 1485 2023 animae
1522 1977 1747 2036 nostrae,
1800 1984 1897 2040 per

310 2070 458 2124 quas
510 2056 577 2109 ad
624 2055 772 2110 illam
800 2056 983 2110 saeculi
1019 2056 1386 2113 blandimenta
1418 2057 1786 2124 descendunt,
1843 2070 1900 2115 et

313 2163 414 2217 per
443 2162 578 2216 quas
604 2162 801 2204 sensus
845 2148 1030 2203 carnis
1066 2149 1350 2206 introeunt
1385 2163 1400 2206 :
1453 2166 1549 2221 per
1578 2165 1716 2220 quas
1769 2152 1918 2228 nisi,

316 2241 428 2294 late
452 2249 636 2310 strage
657 2238 820 2305 laeta,
853 2240 995 2294 viam
1030 2241 1327 2296 virtutibus
1355 2246 1589 2311 quadam
1622 2243 1901 2312 impietate

315 2332 617 2386 fecerimus
638 2372 655 2398 ,
687 2343 971 2403 nunquam
1003 2333 1076 2388 ad
1113 2349 1294 2405 regem
1326 2349 1470 2390 verte
1507 2335 1736 2404 pietatis
1769 2350 1895 2406 pcr-

319 2423 508 2476 venire
523 2423 852 2492 poterimus.

389 2515 480 2570 iV.
515 2515 670 2583 Quod
718 2516 811 2572 ubi
843 2532 942 2586 pro
973 2526 1164 2572 vestra
1196 2517 1486 2574 devotione
1515 2515 1734 2574 fueritis
1759 2517 1901 2574 viri-

321 2607 450 2662 liter
494 2618 785 2675 exsecutze,
835 2609 1021 2664 statim
1060 2610 1211 2666 vobis
1261 2611 1334 2666 ab
1385 2613 1507 2680 ipso
1539 2611 1721 2683 Moyse
1775 2612 1901 2668 talis

318 2697 450 2752 ficti
509 2699 790 2754 laudatore
852 2701 1116 2757 dicetur:
1150 2700 1420 2771 Implestis
1476 2703 1639 2759 hodie
1701 2718 1898 2758 manus

320 2789 602 2846 Domino:
639 2794 738 2847 hoc
793 2802 880 2848 est
940 2793 1202 2848 mundum
1237 2793 1346 2867 [ΔΙ.
1407 2794 1662 2851 saeculum
1697 2794 1745 2869 ],
1803 2798 1896 2866 qui

319 2883 482 2938 vobis
537 2885 849 2940 conditione
913 2887 1094 2940 carnis
1122 2897 1176 2942 et
1209 2886 1530 2944 substantia:
1559 2889 1900 2959 propinquus

315 2984 426 3042 est,
482 2987 535 3030 et
588 2979 868 3047 proximus
904 2995 919 3036 :
950 2980 1266 3036 occidentes
1317 2990 1472 3038 actus
1505 2992 1742 3049 vestros,
1804 2983 1898 3052 qui

317 3084 516 3123 manus
553 3080 702 3136 sunt,
737 3071 1002 3140 implestis
1043 3071 1297 3138 Domino,
1331 3087 1455 3127 eum
1489 3073 1622 3128 nulli
1657 3083 1892 3140 przeter-

2002 1963 2157 2016 culus
2213 1972 2268 2017 et
2321 1963 2643 2033 peregrinus
2688 1963 2741 2016 iu
2803 1972 2944 2017 terra
2999 1963 3220 2031 quidem
3274 1964 3454 2018 aliena
3495 1978 3585 2018 se-

2001 2055 2248 2124 pulcrum
2294 2055 2428 2110 emit
2473 2054 2752 2110 Abraham
2808 2071 2837 2108 a
2871 2055 2998 2110 liliis
3047 2056 3184 2110 lieth
3208 2056 3233 2109 ?
3258 2053 3304 2111 0
3335 2055 3582 2110 reritasl

2003 2160 2216 2214 nequeo
2272 2147 2414 2200 enim
2476 2146 2664 2210 silere,
2704 2147 2836 2215 quin
2895 2146 3296 2210 exclamem,0
3349 2145 3583 2200 altitudo

1999 2239 2272 2302 sapientia
2293 2246 2342 2291 et
2369 2238 2603 2292 scientia:
2631 2237 2726 2293 Dei
2749 2238 2927 2309 (Rom.
2954 2253 3046 2300 xv,
3082 2238 3174 2306 55)
3207 2239 3221 2292 ι
3256 2236 3580 2309 Sepulcrum

1999 2329 2106 2386 sibi
2134 2331 2444 2400 patriarcha
2494 2332 2820 2400 peregrinus
2856 2330 3206 2398 emit‘iQuid
3255 2342 3339 2385 est
3402 2329 3580 2398 σορωιε

1997 2436 2152 2476 erum
2179 2422 2203 2477 i
2227 2421 2403 2479 Locus
2426 2431 2512 2478 est
2542 2423 2765 2494 quietis,
2824 2423 2939 2486 ubi,
2971 2422 3126 2491 juxta
3188 2422 3376 2478 tnundi
3410 2423 3582 2477 ratio-

2000 2530 2150 2580 nem,
2185 2515 2562 2572 defunctorum
2589 2531 2820 2585 corpora
2851 2516 3216 2572 collocantur.
3260 2513 3404 2570 Voca
3443 2518 3581 2586 erg’o

2002 2609 2384 2682 intelligentia,
2421 2612 2600 2667 locum
2651 2613 2756 2667 sibi
2796 2612 3154 2682 requietionis
3189 2622 3344 2682 pater
3399 2612 3580 2667 Abra-

2001 2701 2127 2757 ham
2179 2703 2284 2757 iide
2335 2718 2434 2758 sua
2469 2713 2524 2758 ct
2571 2712 2890 2774 contemptu
2949 2703 3192 2772 pecunia:
3241 2703 3581 2772 cumparavit

2001 2793 2160 2864 (Gen.
2192 2809 2350 2861 xxttt,
2384 2796 2494 2861 17).
2527 2796 2670 2850 Istud
2699 2797 2802 2850 sibi
2858 2795 3168 2865 sepulcrum
3209 2807 3262 2851 et
3317 2795 3580 2852 Paulinus

2001 2895 2188 2942 noster
2221 2903 2400 2957 nuper
2453 2889 2569 2958 ipse
2612 2888 2820 2944 divitiis
2852 2903 2974 2943 cum
3010 2903 3106 2942 sua
3165 2888 3578 2944 matrefamilias

2000 2979 2360 3046 comparavit,
2391 2978 2482 3048 qui
2513 2979 2935 3034 conversatione
2968 2980 3152 3035 saeculi
3193 2980 3519 3048 morientes,
3543 2995 3575 3036 a

2001 3069 2376 3124 mundialibus
2407 3071 2666 3139 operibus
2683 3071 2796 3140 iam
2829 3049 3144 3140 quiescunt,
3177 3073 3400 3128 dicente
3430 3075 3579 3139 Apoc

315 3176 482 3228 quam
541 3162 772 3216 Domino
830 3162 1124 3234 imperanti
1179 3167 1387 3220 servire
1438 3165 1731 3221 annuistis.
1801 3165 1893 3222 Sic
1919 3205 1964 3264 ο
1997 3162 2134 3217 stolo
2158 3179 2174 3218 :
2201 3163 2404 3218 Μογιιή
2433 3165 2569 3218 enim
2596 3165 2746 3231 estis,
2774 3173 2825 3218 et
2865 3166 2972 3218 vita
3008 3174 3187 3220 vestra
3255 3167 3577 3221 abscondita

316 3254 590 3308 Abraham
613 3255 846 3311 Domino
873 3258 1153 3312 dexteram
1178 3272 1356 3322 suam,
1381 3258 1508 3312 dum
1535 3259 1888 3327 parricidium

316 3344 499 3400 facere
550 3361 659 3400 non
716 3357 958 3413 recusat,
989 3348 1238 3416 implevit
1271 3349 1428 3414 (Gen.
1463 3351 1623 3420 xxu).
1655 3351 1758 3416 Qui
1795 3349 1889 3405 ﬁlii

315 3437 426 3502 sui,
459 3438 588 3492 dum
624 3438 771 3493 illam
801 3437 911 3494 Deo
943 3448 1140 3504 armat,
1197 3438 1400 3495 oblitus
1439 3451 1548 3506 est,
1580 3451 1634 3495 et
1664 3442 1716 3495 iu
1748 3455 1890 3510 prte-

313 3532 457 3601 cepti
491 3534 794 3602 respiciens
852 3534 1216 3604 maiestatem,
1243 3537 1585 3591 atrocitatem
1615 3539 1896 3607 operatio-

311 3624 398 3679 nis
420 3641 529 3680 non
568 3627 823 3698 dignatus
846 3637 931 3683 est
958 3637 1280 3684 retrectare.
1318 3627 1625 3700 implentur
1657 3645 1893 3700 namque

312 3733 506 3772 manus
535 3717 789 3785 Domino,
819 3735 940 3775 cum
974 3719 1186 3776 Domini
1222 3732 1564 3791 occupantur
1601 3722 1844 3792 imperiis
1873 3739 1888 3778 :

309 3824 436 3862 cum
493 3809 704 3864 Domini
743 3812 958 3867 tradita:
1005 3813 1296 3877 voluntati,
1327 3829 1435 3868 non
1477 3813 1716 3868 hominis
1753 3813 1890 3870 inci-

310 3902 468 3970 piunt
500 3915 644 3967 esse,
705 3905 800 3958 sed
837 3903 976 3961 Dei:
1007 3909 1227 3976 quando
1292 3923 1400 3962 non
1441 3907 1664 3962 all'ectui
1711 3908 1893 3962 carnis

305 3991 714 4060 obtemperant,
772 3995 866 4049 sed
924 3995 1126 4050 divinat
1175 3997 1424 4052 serviunt
1475 3996 1736 4066 iussioni.
1799 3996 1891 4054 Sic

305 4083 496 4140 Iudith
526 4087 596 4140 ob
622 4088 934 4143 libertatem
981 4090 1186 4145 civium
1239 4091 1324 4144 vel
1375 4090 1630 4157 salutem,
1684 4105 1745 4146 se
1787 4092 1889 4147 sub

305 4180 491 4250 specie
533 4179 917 4236 fornicationis
980 4182 1228 4252 implevit
1262 4181 1396 4248 Deo,
1424 4193 1478 4238 et
1514 4182 1742 4238 inermis
1802 4198 1890 4238 ar-

307 4283 540 4336 matum,
575 4283 630 4327 ct
680 4274 855 4327 virum
911 4274 1110 4330 mulier
1136 4275 1341 4330 occidit
1376 4273 1615 4345 (Iudith,
1649 4290 1746 4341 xu,
1774 4275 1888 4344 l5).

305 4365 402 4420 Sic
427 4380 522 4420 vos
548 4366 778 4421 Domino
797 4367 969 4436 plena:
991 4365 1174 4420 carnis
1196 4365 1481 4421 aifectibus
1499 4367 1886 4436 triumphatis:

309 4445 419 4514 non
452 4459 718 4526 qmeratis
745 4459 1009 4526 refugam,
1038 4473 1132 4525 qui
1166 4474 1196 4512 a
1231 4458 1411 4521 vobis,
1449 4458 1665 4514 etiamsi
1699 4473 1888 4514 occur-

1996 3265 2074 3309 est
2138 3271 2259 3310 eum
2311 3255 2520 3312 Christo
2553 3258 2608 3310 in
2641 3259 2752 3312 Deo
2819 3258 3154 3326 (Coloss.nt.
3209 3262 3289 3329 3).
3359 3260 3426 3315 Et
3475 3263 3576 3317 ite-

1995 3362 2154 3402 runt:
2184 3346 2242 3402 Si
2294 3357 2471 3403 autem
2497 3353 2694 3404 mortui
2717 3367 3032 3406 motuscum
3052 3351 3282 3417 Christo,
3310 3354 3576 3408 credits-us

1992 3440 2118 3506 quia
2151 3440 2312 3494 simul
2350 3443 2582 3496 vivemus
2625 3461 2743 3497 cum
2798 3445 3013 3500 Christo
3069 3443 3244 3513 (Rom.
3307 3460 3428 3512 vttt,
3462 3445 3573 3515 l0).

1996 3532 2108 3589 Hoc
2133 3543 2218 3590 est
2253 3534 2384 3590 illud
2432 3535 2628 3605 duplex
2662 3537 2994 3606 sepulcrum,
3023 3538 3314 3594 exterioris
3338 3538 3581 3596 hominis

1992 3632 2050 3680 et
2077 3625 2358 3682 interioris
2395 3627 2554 3696 quies
2582 3642 2712 3686 una.
2763 3626 2902 3683 Nam
2952 3628 2997 3682 si
3042 3628 3203 3684 homo
3235 3643 3300 3683 ex
3359 3629 3575 3684 duabus

1992 3718 2314 3773 substantiis
2372 3729 2609 3784 constat,
2648 3723 2846 3776 merito
2893 3731 2950 3776 et
2997 3722 3306 3790 sepulcrum
3377 3722 3578 3791 duplex

1993 3809 2198 3865 habere
2235 3811 2456 3866 debebit
2499 3829 2516 3872 :
2563 3821 2621 3867 ut
2659 3827 2783 3868 cum
2836 3812 3096 3866 alterutra
3161 3812 3468 3866 substantia
3517 3811 3572 3866 in

1993 3918 2146 3958 suam
2190 3912 2441 3958 naturam
2477 3903 2774 3959 dissociata
2806 3904 3154 3966 remeaverit,
3182 3903 3402 3972 requies
3435 3905 3572 3956 utri-

1993 4011 2101 4066 que
2127 4011 2236 4051 non
2267 3996 2430 4052 desit.
2487 3995 2754 4061 Quoniam
2787 4010 2909 4050 cum
2941 4010 3008 4049 ex
3041 4008 3275 4063 corpore
3303 4004 3358 4047 et
3393 3994 3574 4047 anima

1997 4091 2161 4144 homo
2188 4088 2260 4144 sit
2297 4105 2313 4146 :
2344 4098 2528 4143 tamen
2592 4101 2694 4142 nec
2734 4087 2919 4141 anima
2957 4088 3079 4142 sine
3131 4100 3360 4156 corpore
3411 4085 3576 4142 homo

1993 4182 2098 4237 dici
2136 4191 2334 4252 potest,
2369 4195 2472 4235 nec
2504 4195 2706 4249 corpus
2759 4181 2878 4234 sine
2907 4181 3088 4234 animo
3117 4179 3276 4233 homo
3299 4185 3382 4233 est
3409 4196 3424 4233 :
3450 4192 3573 4232 cum

1995 4283 2177 4327 tamen
2208 4273 2390 4327 anima
2421 4283 2478 4328 et
2511 4289 2711 4342 corpus
2744 4275 2932 4329 homo.
2957 4271 3062 4326 Sed
3097 4271 3186 4326 ubi
3224 4270 3326 4324 hoc
3349 4283 3572 4330 nomen,

1991 4367 2139 4435 quod
2167 4381 2234 4421 ex
2256 4366 2468 4422 duobus
2529 4365 2847 4422 nominibus
2911 4365 3049 4428 suis,
3079 4363 3297 4434 proprie
3352 4363 3573 4416 tertium
3601 4415 3619 4432 ο

1991 4459 2224 4514 duorum
2281 4459 2661 4514 commistione
2725 4459 3028 4528 perﬁcitur,
3079 4470 3267 4510 eorum
3344 4453 3575 4508 dissidio

311 4560 480 4612 reret,
512 4548 650 4603 foret
709 4550 1064 4605 occidendus.
1099 4549 1379 4604 Remittite
1407 4549 1625 4618 pallium
1652 4550 1888 4603 tunicam
1924 4550 1968 4607 D
1998 4551 2164 4606 fuerit
2232 4563 2546 4622 vacuatum,
2601 4567 2699 4606 sua
2756 4551 2985 4620 singulis
3047 4551 3162 4605 loca
3216 4549 3282 4604 ad
3329 4549 3571 4617 requiem

305 4643 620 4697 detrahenti
676 4641 853 4712 (Luc.
903 4657 978 4707 ιι,
1035 4641 1154 4710 '19).
1205 4640 1442 4697 Pecunia
1509 4655 1705 4697 eorum
1765 4657 1888 4696 cum

307 4738 445 4808 ipsis
467 4738 539 4792 sit
567 4738 618 4791 in
654 4738 954 4802 interitum,
992 4735 1320 4806 quiChristo
1342 4737 1627 4806 pecuniam
1689 4746 1892 4806 praetu-

307 4830 493 4883 lerunt
525 4829 542 4897 (
570 4829 689 4882 Act.
719 4843 836 4894 vm,
869 4827 984 4898 20).
1021 4827 1292 4882 Exeuntes
1318 4828 1490 4881 semel
1525 4829 1591 4882 de
1627 4826 1888 4893 Sodoma,

305 4932 506 4975 cuncta
573 4922 948 4990 relinquamus
1007 4920 1298 4976 incendiis.
1343 4919 1502 4974 Videt
1544 4918 1646 4973 Lot
1701 4919 1890 4974 uxoris

304 5013 562 5081 exemplo
587 5013 725 5066 iram
759 5011 993 5074 Domini,
1030 5027 1150 5081 quae
1175 5011 1228 5065 in
1259 5012 1418 5076 iram,
1462 5013 1588 5079 quia
1617 5023 1892 5081 retrospe-

308 5105 410 5163 sit,
447 5102 698 5157 incurrit.
749 5101 936 5157 Noluit
967 5103 1250 5158 vobiscum
1287 5103 1587 5158 Gerontius
1637 5103 1689 5157 in
1723 5103 1890 5158 cccle-

305 5197 484 5251 Slibtts
515 5195 717 5249 habere
769 5206 975 5264 partem
1007 5212 1020 5253 :
1052 5211 1150 5249 cur
1205 5211 1302 5250 vos
1355 5204 1563 5265 partem
1594 5209 1659 5250 ex
1721 5211 1888 5264 censu

303 5289 429 5356 ejus
463 5287 789 5343 desideratis
823 5288 875 5342 in
908 5289 1113 5342 terris?
1137 5287 1282 5356 quod
1352 5288 1398 5341 si
1423 5287 1515 5342 ille
1561 5296 1742 5342 vestra
1773 5288 1889 5356 glo-

306 5383 458 5436 riosa
515 5390 795 5450 tantopere
841 5383 1221 5451 contempsit,
1254 5397 1356 5436 cur
1413 5397 1517 5435 non
1587 5395 1684 5435 vos
1742 5380 1890 5435 illius

310 5474 633 5527 inhonorata
667 5472 1016 5528 contemnitis
1045 5473 1070 5526 Ἰ
1099 5473 1281 5536 Ferte,
1313 5487 1412 5526 oro
1442 5487 1563 5534 vos,
1609 5473 1888 5542 patienter

311 5562 435 5614 tidei
467 5571 644 5624 notas,
676 5565 933 5630 Stigmata
960 5561 1296 5625 Christiana,
1339 5561 1595 5620 Ecclesiae
1650 5577 1888 5632 pauper-

310 5663 502 5707 tatem.
563 5652 745 5721 Ferte,
769 5671 1017 5726 Inquam,
1051 5655 1447 5724 impudicorum
1476 5654 1681 5725 elogia,
1721 5655 1888 5724 virgi-

309 5748 503 5802 nitatis
533 5749 798 5806 hmrcdes.
854 5751 1110 5805 Visitatas
1166 5764 1261 5804 vos
1293 5763 1416 5805 esse
1466 5753 1800 5820 cognoscite,
1832 5760 1886 5805 et

311 5849 465 5895 tanta
498 5843 807 5899 visitationc
858 5844 1209 5908 clariticatas,
1245 5859 1310 5898 ne
1345 5852 1554 5912 partem
1585 5859 1706 5898 cum
1766 5844 1889 5898 inli-

1994 4655 2287 4700 censentur
2328 4645 2640 4714 :quoniam
2690 4652 2984 4712 utrumque
3044 4642 3195 4707 vivit,
3252 4650 3306 4695 et
3341 4640 3573 4695 moritur

1996 4746 2322 4806 utrumque.
2357 4735 2493 4789 Nam
2531 4737 2673 4790 sicut
2704 4746 2904 4806 praeter
2930 4736 3071 4789 hanc
3100 4735 3292 4796 vitam,
3330 4733 3436 4786 alia
3461 4735 3569 4784 vita

1993 4841 2077 4886 est
2100 4834 2382 4888 beatorum
2424 4847 2440 4888 :
2470 4831 2543 4885 ita
2570 4842 2770 4901 praeter
2802 4831 2942 4883 banc
2997 4837 3250 4893 mortem,
3284 4841 3432 4880 mors
3467 4824 3571 4878 alia

1994 4925 2282 4993 impiorum
2313 4932 2419 4978 est.
2453 4922 2560 4977 Sed
2593 4925 2732 4978 inter
2755 4923 2897 4976 hanc
2930 4922 3095 4974 vitam
3121 4929 3176 4975 et
3208 4927 3461 4981 mortem,
3485 4923 3568 4966 at-

1993 5030 2100 5083 que
2151 5015 2300 5069 illam
2363 5015 2532 5068 vitam
2589 5024 2644 5066 et
2683 5022 2936 5077 mortem,
2980 5013 3211 5066 interest
3237 5009 3362 5073 hoc,
3422 5003 3567 5076 quod

1995 5108 2114 5160 ista:
2145 5117 2354 5161 natura:
2388 5116 2537 5171 sunt,
2572 5106 2675 5160 illa:
2705 5113 2833 5159 sunt
2875 5105 3212 5158 meritorum.
3269 5101 3444 5168 Atque
3494 5097 3566 5150 ita

1992 5200 2190 5268 duplex
2233 5200 2545 5267 sepulcrum
2599 5206 2654 5253 et
2696 5210 2906 5252 natura:
2964 5195 3191 5249 debetur
3224 5200 3278 5246 et
3332 5191 3563 5244 meritis.

1995 5294 2108 5349 Hoc
2141 5294 2452 5364 sepulcrum
2511 5293 2614 5346 sibi
2646 5292 2842 5362 duplex
2895 5285 3314 5358 patrcsfamilias
3349 5282 3458 5350 isti,
3499 5283 3568 5336 de

1990 5387 2186 5454 quibus
2228 5387 2392 5440 locuti
2425 5401 2639 5449 sumus,
2695 5384 3047 5452 providerunt
3079 5395 3092 5433 :
3124 5377 3216 5447 qui
3291 5384 3564 5438 senatum,

1993 5479 2254 5540 honores,
2291 5479 2512 5532 divitias
2542 5476 2919 5545 relinquendo,
2953 5471 3149 5526 mortui
3177 5469 3282 5522 illis
3305 5467 3567 5522 videban-

1993 5581 2100 5634 tur,
2129 5569 2326 5637 quibus
2359 5583 2482 5624 8858
2512 5570 2763 5623 videntur
2785 5566 2946 5620 etiam
2971 5567 3099 5616 dum
3129 5561 3315 5614 vivunt
3341 5559 3560 5615 mortui.

1993 5660 2131 5715 Ecce
2175 5677 2342 5715 unum
2366 5661 2701 5731 sepulcrum,
2737 5660 2790 5713 iu
2839 5671 2945 5724 quo
2975 5655 3320 5709 conversatio
3360 5650 3564 5706 veteris

1995 5752 2234 5808 hominis
2266 5769 2392 5807 cum
2415 5751 2728 5821 crepundiis
2760 5765 2872 5803 sua:
2901 5733 3202 5800 nobilitatis
3265 5741 3554 5798 abscondi-

1994 5855 2098 5899 tur.
2131 5842 2264 5901 illud
2293 5845 2398 5900 erit
2425 5843 2570 5900 aliud
2606 5858 2728 5898 cum
2756 5841 2932 5912 ipsum
2971 5852 3194 5909 corpus,
3231 5835 3562 5906 quod'uatu-
