4054 6206
430 383 494 447 ειι
1361 376 1423 437 S.
1463 362 1912 436 IllERONYMi.
1948 368 2271 430 OPERUM
2314 363 2714 426 MANTISSA.

3623 353 3694 420 52

440 517 510 554 ne
537 499 654 568 lege
682 497 942 552 caducum
975 507 1080 561 est,
1103 495 1420 550 dissolutum
1461 500 1762 546 revertetur
1788 492 1837 543 in
1899 499 2010 546 ter-
2045 495 2086 550 Α
2119 488 2169 539 in
2208 486 2307 539 hac
2359 491 2524 543 terra,
2579 480 2837 551 quoniam
2870 493 3028 533 nemo
3058 477 3148 548 qui
3202 490 3325 530 eum
3376 479 3696 542 sequeretur

435 609 546 643 ram
577 604 593 644 :
631 595 695 644 de
721 606 825 660 qua
862 590 1124 658 scriptum
1153 596 1275 641 est:
1316 585 1478 640 Terra
1513 602 1589 648 es,
1619 594 1666 636 et
1697 587 1747 638 in
1802 588 2002 636 terram

430 687 529 738 ibi:
561 682 713 752 (Cen.
739 700 821 745 nt,
853 683 938 750 l9)
974 701 988 738 :
1022 682 1200 736 anima
1256 691 1436 734 tamen
1476 680 1528 733 itt
1588 676 1872 746 rifrigerio
1923 691 2002 727 rc-

433 778 768 845 quiesccntc.
797 773 930 830 Nam
964 775 1054 842 qui
1078 775 1272 839 duplex
1303 771 1406 825 sibi
1437 769 1741 839 sepulcrum
1772 766 2006 821 noluerit

435 883 770 935 comparare,
806 867 1027 922 habebit
1054 867 1283 920 forsitan
1310 863 1464 931 juxta
1501 861 1872 916 conditionem
1905 873 2006 910 na-

435 974 587 1022 torte,
640 960 729 1014 ubi
777 975 977 1028 corpus
1005 959 1232 1012 mortale
1272 955 1542 1010 condatur
1576 970 1591 1007 :
1643 967 1752 1007 non
1789 949 2010 1004 habebit

430 1055 584 1124 juxta
617 1051 794 1105 metiti
855 1053 1048 1119 legem,
1102 1049 1192 1103 ubi
1231 1049 1408 1102 anima
1470 1046 1792 1115 requiescat.
1855 1042 2010 1108 Quod

437 1149 654 1216 quidem
695 1147 770 1200 ita
806 1146 1168 1200 constitutum
1209 1154 1314 1205 est,
1354 1152 1411 1196 ut
1437 1156 1581 1194 mors
1607 1139 1732 1201 ista,
1762 1152 1884 1206 quae
1916 1149 2012 1204 per

437 1240 855 1294 dissolutionem
891 1238 1084 1288 animae
1123 1245 1417 1303 generatur
1449 1242 1501 1284 et
1535 1231 1802 1297 corporis,
1833 1225 2010 1280 media

439 1334 513 1388 sit
545 1343 600 1388 et
659 1333 888 1385 duarum
941 1331 1196 1382 mortium
1233 1338 1286 1380 et
1324 1327 1552 1380 duarum
1609 1324 1865 1377 vitarum.
1921 1319 2013 1370 Bis

437 1423 582 1476 enim
611 1422 891 1477 hominem
919 1434 1141 1474 necesse
1169 1427 1252 1470 est
1287 1416 1443 1479 mori,
1483 1425 1536 1468 et
1575 1414 1657 1468 bis
1691 1412 1742 1467 ei
1773 1411 1884 1464 vita
1921 1409 2016 1462 de-

440 1517 624 1568 betur.
672 1513 807 1567 Nam
848 1525 904 1567 et
936 1512 1130 1564 beatus
1159 1509 1359 1564 Paulus
1417 1508 1552 1560 duas
1587 1504 1825 1558 breviter
1877 1501 2016 1554 vitas

442 1609 769 1673 designavit,
804 1607 1038 1660 dicendo
1067 1621 1081 1657 :
1108 1603 1291 1656 Pietas
1337 1612 1511 1652 autem
1540 1598 1608 1652 ad
1639 1595 1813 1650 omnia
1840 1593 2016 1654 'valet,

443 1700 841 1769 promissionem
875 1700 1068 1752 habens
1090 1699 1230 1758 vitm,
1260 1706 1305 1750 et
1335 1695 1448 1764 ejus
1502 1707 1619 1760 qua:
1651 1706 1789 1744 nunc
1823 1698 1922 1751 est,
1967 1694 2018 1739 et

446 1794 642 1860 futura:
667 1791 717 1859 (Ι
746 1791 880 1847 Tim.
915 1807 985 1856 tv,
1026 1789 1142 1860 1⁸5).
1192 1789 1259 1844 Et
1291 1789 1482 1842 beatus
1504 1783 1741 1838 Joannes
1786 1783 1839 1834 in
1873 1781 2020 1847 Apo-

448 1885 653 1954 calypsi
683 1885 819 1937 duas
857 1891 1067 1937 moxtes
1084 1880 1341 1946 ostendit,
1371 1877 1606 1932 dicendo
1631 1893 1645 1929 :
1678 1872 1743 1927 In
1775 1889 1862 1926 eos
1887 1886 2024 1925 mors
2054 1851 2101 1911 Β

450 1979 680 2034 secunda
709 1994 814 2032 non
843 1981 997 2030 habet
1029 1985 1338 2044 potestatem
1374 1971 1561 2041 (Ai-oc.
1591 1985 1682 2034 xx,
1713 1966 1789 2036 6).
1815 1964 2028 2019 Secun-

451 2075 578 2128 dam
607 2073 748 2127 enim
779 2071 936 2134 dixit,
975 2072 1101 2135 quia
1137 2078 1218 2122 est
1244 2066 1518 2136 etprima.

528 2163 710 2219 VL—
773 2162 878 2216 Sed
950 2162 1078 2216 illud
1131 2160 1290 2214 nobis
1341 2171 1536 2225 magna
1623 2151 1832 2207 ratione
1925 2157 2036 2201 tta-

453 2258 738 2320 ctandum,
771 2266 827 2310 et
882 2253 1129 2324 diligenti
1185 2248 1688 2319 circumspectione
1743 2241 2036 2314 providen-

453 2354 582 2408 dum
608 2362 712 2418 est,
735 2367 801 2402 an
823 2361 947 2404 ante
972 2349 1132 2401 istam
1161 2357 1415 2407 mortem,
1449 2356 1568 2411 quae
1587 2336 1951 2408 separatione,
1981 2341 2040 2385 ut

454 2449 589 2514 dixi,
636 2447 832 2500 anima:
889 2441 1244 2509 corporisque
1289 2444 1604 2506 generatur,
1659 2431 1794 2484 tnori
1841 2426 2040 2482 Sat-culo

459 2540 587 2596 huic
613 2534 1140 2610 (anathematizatis,
1175 2531 1220 2584 si
1259 2537 1439 2600 potest
1469 2527 1598 2589 dici,
1633 2523 1890 2578 omnibus
1921 2520 2040 2585 ejus

457 2632 852 2702 voluptatibus,
898 2643 1018 2698 qius
1066 2625 1233 2680 nobis
1278 2636 1432 2678 extra
1480 2621 1676 2674 lineam
1705 2615 1883 2670 vitalis
1913 2613 2046 2668 sub—

459 2726 676 2781 stantim
734 2721 922 2776 mundi
976 2717 1154 2788 copiis
1192 2711 1581 2786 suggeruntur)
1631 2709 1886 2766 malimus
1922 2723 1936 2763 :
1974 2720 2042 2758 an

463 2826 586 2887 post
609 2817 920 2872 naturalem
955 2812 1265 2874 interitum,
1294 2810 1421 2878 quia
1459 2807 1694 2859 animam
1737 2813 2046 2869 corpusque

463 2912 746 2967 discernit.
777 2909 934 2964 Unde
959 2917 1014 2962 et
1048 2905 1304 2960 inleritus
1335 2901 1560 2963 dicitur,
1591 2898 1732 2967 quod
1765 2896 1906 2948 inter
1932 2895 2047 2962 ipsa

463 3015 579 3070 eat,
615 3021 678 3059 ac
741 3003 975 3058 medium
1027 3015 1085 3054 se
1121 3000 1264 3053 inter
1322 2996 1460 3050 duas
1522 2989 1877 3054 substantias,
1931 3000 2050 3054 qum

467 3102 745 3158 hominem
779 3097 860 3152 sui
899 3092 1287 3162 conjugatione
1326 3088 1622 3148 faciebant,
1649 3082 1866 3138 tertium
1897 3078 2047 3133 illutn

467 3196 690 3264 gradum
722 3190 980 3264 perfecta:
1013 3184 1337 3240 substantiae
1371 3179 1688 3236 sublaturus
1743 3175 2046 3241 immergat.

467 3289 735 3356 Quoniam
778 3284 869 3354 qui
928 3282 1016 3336 hic
1070 3290 1320 3332 mortuus
1351 3273 1538 3336 fuerit,
1570 3265 1757 3322 mundi
1795 3264 2044 3330 volupta-

472 3385 617 3437 tibus
644 3396 749 3435 non
793 3377 1014 3440 utendo,
1044 3383 1096 3428 et
1142 3368 1390 3437 corporis
1419 3363 1668 3421 stimulos
1721 3355 2047 3416 obterendo,

471 3475 826 3544 consepultus
861 3485 980 3525 esse
1025 3467 1240 3522 videtur
1268 3479 1390 3520 cum
1415 3461 1634 3514 Christo
1655 3454 1808 3525 (Rom
1830 3466 1902 3512 vt,
1932 3449 2047 3514 ll):

472 3571 586 3628 etsi
608 3565 984 3635 consepultus,
1002 3559 1253 3628 tuiquein
1275 3551 1665 3624 sepulcro,sine
1685 3562 1793 3616 quo
1809 3557 1927 3598 esse
1945 3555 2052 3594 non

473 3672 654 3734 potest
682 3659 985 3731 sepultura.
1022 3654 1156 3707 Huic
1198 3660 1251 3704 et
1287 3663 1434 3704 mors
1487 3644 1591 3699 alia
1624 3636 1930 3696 communis
1961 3634 2052 3689 illa

476 3758 724 3820 debetur,
755 3768 873 3822 qum
903 3749 1137 3802 animam
1187 3759 1214 3798 a
1249 3739 1476 3796 vinculis
1511 3734 1757 3804 corporis
1809 3728 1970 3786 solvit
2000 3735 2055 3779 et

481 3851 698 3911 liberal,
729 3845 813 3898 cui
850 3840 1064 3909 corpori
1097 3852 1254 3903 atque
1287 3847 1445 3889 suum
1505 3827 1813 3898 sepulcrum
1872 3828 1928 3874 et
1958 3833 2056 3871 sua

485 3943 770 4013 sepultura
797 3938 1045 3991 debetur.
1089 3929 1183 3984 llis
1227 3926 1442 3980 duabus
1475 3917 1737 3974 mortibus
1773 3920 1900 3982 post
1959 3922 2058 3978 ge-

487 4035 692 4090 ntinum
726 4029 1064 4099 sepulcrum,
1097 4024 1254 4099 beata
1290 4019 1376 4072 illa
1407 4024 1463 4070 et
1495 4019 1754 4082 perpetua
1789 4008 1896 4060 vita
1936 4017 2065 4057 suc-

488 4127 656 4183 cedit.
687 4125 960 4177 Czeternm
989 4119 1080 4187 qui
1105 4096 1278 4169 totum
1308 4109 1568 4164 mundum
1596 4103 1682 4157 hic
1711 4095 2064 4158 lucrilecerit,

491 4217 802 4279 ambiendo,
818 4213 1076 4281 rapiendo
1101 4229 1113 4262 :
1132 4207 1382 4276 quoniam
1407 4201 1492 4254 hic
1513 4199 1654 4252 facta
1672 4193 1853 4248 carnis
1874 4188 2064 4244 morti-

490 4315 654 4366 licare
666 4303 1015 4372 contempsit,
1035 4308 1153 4370 post
1173 4299 1324 4351 istam
1343 4289 1640 4346 naturalem
1658 4292 2070 4348 ntortetn,quam

431 4432 441 4443 -
483 4405 728 4461 transire
749 4415 857 4454 non
881 4409 1190 4466 possumus,
1210 4391 1410 4442 dicitur
1430 4383 1623 4438 merito
1643 4393 1751 4432 uno
1769 4383 1824 4429 ct
1841 4368 2070 4440 simplici

492 4498 745 4568 sepulcro
789 4507 911 4546 esse
963 4486 1236 4547 conditus,
1272 4481 1357 4534 vel
1405 4477 1587 4546 potius
1617 4465 2074 4526 commendatus:

2119 577 2367 633 inventus
2398 586 2503 630 est.
2539 574 2608 627 At
2655 589 2798 628 nunc
2835 587 2951 638 vos,
2986 570 3130 634 ﬁliae,
3161 567 3443 626 conﬁdite,
3475 579 3596 632 qua:
3628 578 3692 615 ex

2115 685 2180 726 eo
2231 667 2517 737 vestigium
2551 666 2786 720 Abrahze
2837 663 2990 728 estis,
3024 678 3089 717 ex
3122 675 3235 731 quo
3282 658 3350 712 de
3401 667 3542 711 terra
3588 669 3696 706 non

2116 777 2239 817 esse
2265 759 2526 829 coepistis.
2560 755 2932 824 Obsequimini
2981 753 3246 810 voluntati
3281 751 3449 819 patris
3494 747 3694 812 vesui,

2115 853 2272 922 cujus
2304 849 2626 920 corruptelae
2657 851 2932 904 obsecuta:
2973 863 3081 900 non
3127 846 3260 899 estis
3293 862 3306 899 :
3343 843 3431 912 qui
3478 839 3635 895 vobis
3668 853 3694 892 a

2120 946 2246 1000 ﬁliis
2292 943 2430 998 lletlt
2486 942 2796 1010 sepulcrum
2855 940 3012 1001 emit,
3047 940 3190 1008 quod
3219 936 3322 990 sibi
3382 943 3435 988 et
3485 932 3698 986 creteris

2120 1038 2235 1093 suis
2271 1036 2440 1098 noluit
2476 1048 2796 1103 comparare
2827 1051 2839 1087 :
2873 1032 3010 1101 apud
3053 1045 3192 1100 quos
3235 1028 3421 1095 utique
3469 1035 3697 1078 mortuae

2119 1130 2272 1192 estis,
2309 1127 2526 1197 quando
2551 1141 2670 1180 cum
2698 1126 2778 1180 eis
2806 1123 2856 1176 id
2883 1124 3026 1192 quod
3054 1121 3157 1176 vivi
3191 1123 3242 1173 in
3275 1118 3474 1173 mundo
3510 1130 3697 1186 posse-

2123 1219 2324 1282 derint,
2353 1233 2459 1272 non
2499 1217 2711 1271 tenetis.
2764 1215 3093 1283 Gratiasqne
3145 1211 3219 1266 illi
3265 1224 3480 1277 semper
3533 1207 3697 1274 agile,

2124 1311 2214 1379 qui
2240 1326 2337 1366 vos
2368 1311 2471 1365 hoc
2503 1309 2632 1364 fecit
2663 1307 2950 1380 vestigium
2979 1321 3084 1359 non
3115 1305 3312 1356 habere
3347 1319 3361 1355 :
3389 1309 3447 1353 ut
3478 1299 3547 1354 ibi
3575 1313 3699 1352 cum

2123 1403 2335 1459 Lazaro
2357 1403 2569 1472 signum
2593 1402 2822 1454 Abrahae
2845 1396 3143 1452 haberetis.
3164 1393 3444 1450 Possideat
3467 1405 3594 1459 ergo
3614 1389 3702 1441 ille

2127 1496 2434 1566 pecuniam,
2467 1509 2560 1548 vos
2593 1493 2900 1560 sepulcrum
2935 1505 2954 1551 :
3006 1489 3096 1542 ille
3130 1486 3393 1556 imagines
3422 1496 3702 1546 escarum,

2125 1601 2224 1642 vos
2251 1586 2495 1656 requiem
2529 1584 2942 1655 prophetarum.

2235 1743 2558 1802 MONITUM
2601 1742 2670 1798 IN
2718 1735 3108 1795 EPISTOLAM
3157 1727 3594 1800 SEQUENTE“.

2207 1862 2331 1917 "me
2360 1858 2594 1927 ascripta
2623 1864 2716 1927 est
2734 1855 2896 1927 etiam
2926 1851 3152 1927 Paulino
3171 1845 3422 1916 epistola,
3459 1843 3522 1923 ad
3548 1839 3707 1907 cujus

2138 1935 2433 1988 dictionem
2464 1911 2641 1983 doctis
2667 1926 2824 1982 viris.
2862 1935 3025 1992 atque
3054 1920 3153 1992 ipsi
3189 1911 3388 1992 nupera
3428 1911 3545 1979 ejus
3575 1923 3705 1977 ope-

2137 2019 2254 2058 rum
2287 1999 2487 2054 editori
2517 1999 2747 2050 maxime
2776 1983 3036 2048 accedere
3069 1983 3182 2042 visa
3205 1983 3306 2040 est.
3329 1983 3553 2058 Verum,
3580 1995 3705 2057 cum

2138 2073 2303 2127 multa
2329 2071 2381 2124 in
2407 2085 2472 2124 ea
2493 2068 2625 2131 sint,
2647 2048 2770 2134 quae
2799 2079 2920 2134 cum
2946 2060 3160 2134 Paulini
3191 2055 3421 2134 historia
3454 2048 3708 2114 coutponi

2138 2142 2286 2197 nullo
2319 2121 2476 2194 modo
2500 2121 2761 2203 possunt,
2786 2133 2860 2188 illi
2887 2132 3048 2203 etiam
3076 2137 3160 2182 est
3184 2130 3307 2194 jure
3334 2125 3488 2203 plane
3517 2121 3711 2200 merito

2139 2189 2484 2280 abjiidicat—a.
2505 2189 2639 2278 Ego,
2676 2189 2799 2266 nisi,
2834 2206 2976 2280 quod
3001 2189 3263 2280 Erasmus
3293 2189 3566 2280 putabat,"
3597 2189 3712 2280 inie-

2140 2256 2291 2350 pttim
2328 2288 2432 2345 est,
2473 2256 2707 2350 infante
2749 2256 3082 2350 scriptorum
3120 2256 3305 2350 turba;
3339 2277 3476 2331 quos
3514 2260 3601 2350 illa
3633 2256 3707 2309 fe-

2143 2332 2302 2406 ;ebat
2331 2332 2489 2411 aetas,
2516 2347 2785 2407 divinare,
2814 2332 2970 2409 cujus
2995 2341 3088 2411 sit,
3121 2337 3368 2411 Philippo
3397 2332 3713 2411 t‘tresltjitet'o

2144 2423 2306 2475 velim
2346 2397 2662 2486 ttfih-tiiiqui
2705 2397 2932 2486 optimas
2953 2397 3168 2486 auditor
3205 2397 3545 2486 lli-eranttum.
3571 2397 3715 2486 ϐιρ-

2146 2490 2306 2544 nadio
2738 2466 2849 2546 '6‘2,
2883 2481 3092 2545 scripsit
3123 2466 3427 2552 [ciuiliares
3466 2466 3716 2552 epistol‘as

2145 2560 2293 2613 ralde
2316 2535 2506 2628 falsos,
2545 2535 2776 2628 niosifime
2804 2535 3228 2628 aii‘paiiperl'atis
3251 2555 3298 2598 el
3321 2535 3562 2595 dolorum
3588 2535 3718 2590 tole-

2147 2619 2380 2683 rantiam
2403 2619 2818 2680 exhortatorias.
2853 2621 2927 2673 Ex
2969 2622 3052 2674 his
3083 2627 3230 2670 certe
3256 2630 3375 2682 quae
3421 2619 3534 2664 toto
3578 2621 3716 2683 con-

2154 2712 2302 2753 textu
2337 2701 2742 2758 edisseruntur,
2777 2692 2912 2746 nihil
2958 2688 3213 2758 occurrit
3251 2678 3426 2743 nobis,
3475 2678 3617 2758 quod
3652 2679 3719 2728 ab

2148 2772 2266 2840 ejus
2297 2747 2812 2840 Philippi,itemque
2845 2759 3127 2840 Marcellae,
3157 2756 3218 2808 ad
3246 2768 3408 2833 quam
3438 2747 3718 2840 scribitur,

2153 2820 2422 2910 p'ersonis,
2441 2820 2640 2890 'r'erunt
2669 2820 2830 2894 se'rie,
2859 2839 2924 2910 et_
2943 2820 3370 2910 circumstantiis
3402 2820 3717 2910 abh'ort'eat.

2154 2889 2422 2964 'Marcella'
2443 2917 2648 2967 autem,
2684 2919 2793 2956 non
2819 2889 2880 2953 ut
2909 2898 3180 2953 Lebrunio
3211 2895 3440 2954 videtur,
3474 2889 3582 2967 alia
3614 2892 3720 2948 est,

2154 2956 2757 3047 atq-uelim,adiuuant
2800 2985 2948 3047 saepe
2981 2969 3348 3043 Hieronymus
3393 2956 3633 3047 scripsit,
3667 2959 3722 3047 et

2153 3023 2311 3118 cuius
2346 3023 2508 3102 vita'nt
2538 3023 2764 3118 cpistola
2800 3023 2852 3092 in
2885 3023 3075 3118 itostra
3127 3023 3442 3118 recensione
3492 3023 3613 3118 {:27,
3657 3023 3723 3076 ad

2162 3098 2486 3187 Principiam
2510 3098 2788 3187 exposuit:
2816 3118 2873 3162 ut
2897 3110 3038 3161 enim
3062 3115 3257 3158 caetera
3291 3098 3722 3156 dissimulrmns,

2157 3172 2448 3248 manifesto
2505 3172 2650 3236 illam
2709 3181 2881 3248 ipsam
2931 3191 3053 3230 esse
3121 3182 3312 3248 auctor
3361 3172 3724 3223 demonstrat,

2159 3277 2280 3316 cum
2317 3261 2396 3312 ait
2427 3255 2584 3309 initio
2637 3244 2758 3318 cap.
2790 3264 2829 3302 Il
2863 3248 3002 3300 illam
3037 3261 3107 3318 se
3132 3244 3358 3318 vidisse,
3374 3256 3442 3318 eo
3477 3245 3726 3301 tempore,

2314 3309 2427 3402 eius
2462 3329 2674 3377 domum
2695 3309 2924 3402 O'rcgnalt's
2977 3315 3225 3402 afﬁnitas
3249 3309 3563 3402 Iambiebat,
3604 3316 3728 3355 euut

2157 3382 2276 3471 Ejus
2311 3382 2522 3452 scilicet
2553 3393 2770 3459 nuptias
2791 3382 3043 3444 'Cetealis
3075 3382 3260 3439 consul
3291 3385 3588 3449 expeteret.

2693 3545 3028 3604 EPISTOLA
3091 3543 3182 3598 lll.

2723 3679 2788 3720 AD
2831 3674 3170 3718 IARCELLAM.

2512 3782 2847 3838 Exhortatur
2877 3787 2930 3831 ut
2963 3775 3184 3829 adversa
3219 3767 3426 3824 toleret.

2242 3907 2284 3961 ι.
2335 3905 2584 3973 Magnam
2620 3894 2907 3952 humilitati
2947 3896 3144 3944 nostra:
3181 3882 3432 3940 ﬁduciam
3465 3873 3738 3935 scribendi

2173 4000 2237 4056 ad
2268 3972 2676 4054 venerationem
2714 4000 2885 4048 tuam,
2906 3981 3112 4038 Christi
3139 3976 3378 4033 charitas
3401 3972 3546 4026 dedit
3578 3987 3592 4024 :
3622 3982 3742 4036 qua:

2175 4105 2228 4148 te
2249 4089 2380 4147 fecit
2407 4085 2669 4141 humilem
2696 4079 2861 4135 corde
2891 4073 3136 4145 pietatis,
3165 4079 3219 4123 et
3243 4067 3462 4123 divitem
3489 4060 3744 4130 operibus

2171 4177 2589 4241 benedictionis.
2621 4171 2770 4227 Talis
2796 4169 2997 4224 etenim
3034 4166 3101 4218 de
3129 4158 3338 4214 sanctis
3378 4154 3499 4208 tldei
3525 4161 3628 4204 tuae
3663 4148 3746 4202 di-

2178 4276 2324 4332 vitiis
2364 4270 2506 4326 fama
2542 4264 2832 4338 processit,
2867 4268 2927 4314 ut
2957 4257 3023 4311 ad
3057 4269 3158 4310 nos
3193 4261 3410 4320 quoque
3446 4246 3499 4298 in
3533 4241 3746 4310 longiu-

2178 4384 2284 4438 quo
2325 4365 2535 4436 positos
2597 4351 2990 4430 penetraverit,
3040 4359 3096 4402 et
3150 4343 3339 4399 auditu
3387 4337 3570 4408 gratia-
3628 4329 3746 4394 Dei,

2182 4473 2438 4528 tanquam
2481 4455 2600 4508 oleo
2663 4447 2881 4509 laetitiae,
2923 4435 3340 4509 itnpinguaverit
3376 4445 3498 4485 ossa
3539 4431 3747 4480 nostra.

492 4528 745 4568 δεμυιιιυ
789 4528 910 4546 ιροῡυ
963 4528 1236 4547 ινιιν--υυ,
1285 4528 1357 4534 .--
1408 4528 1496 4546 ‘_-

492 4605 545 4647 ct
575 4595 631 4646 in
661 4587 954 4644 secundam
980 4591 1206 4635 mortem
1227 4576 1393 4627 miser
1415 4565 1790 4630 incurrit,qu-.e
1811 4557 1964 4626 plena
1993 4559 2078 4606 est
2115 4561 2158 4615 ι)
2191 4551 2395 4604 Notum
2419 4545 2562 4600 cnim
2605 4540 2806 4595 factum
2839 4543 2921 4589 est
2954 4531 3111 4586 nobis
3157 4528 3358 4582 bonum
3415 4531 3589 4580 tuum,
3621 4528 3754 4581 quo—

2221 4641 2232 4647 Δ
2355 4639 2406 4647 ⁶“¹
2513 4636 2521 4644 ⁹
2639 4630 2670 4647 ’⁸
2700 4625 3058 4647 nA--——---la.-...
3092 4634 3248 4647 ﬁll-IIII
3275 4627 3440 4647 nnnnr
3467 4620 3535 4647 In-

495 4695 549 4739 ct
577 4683 820 4737 dolorum
846 4673 1173 4733 aeternitate,
1201 4677 1255 4722 et
1281 4667 1643 4733 lacrymaruut
1679 4648 2072 4722 perpetuitate.

572 4773 682 4829 νη.
745 4799 813 4814 -—-
880 4767 1004 4822 Ilaec
1064 4773 1190 4818 sunt
1246 4759 1429 4825 itaque
1485 4754 1594 4805 duo
1647 4749 1922 4816 sepulcra,
1957 4752 2076 4807 qua:

501 4870 604 4926 sibi
637 4878 691 4920 ct
716 4863 976 4919 Paulinus
1004 4858 1089 4912 vir
1127 4849 1424 4918 singularis
1454 4831 2079 4910 adimaginem'patriar-

502 4963 618 5016 «hae
650 4952 1072 5012 sollicitissimus
1117 4938 1402 5013 requisivit
1435 4953 1451 4993 :
1482 4948 1668 4996 unum,
1731 4930 1818 4982 ubi
1855 4935 1906 4980 et
1935 4933 2078 4978 vete-

508 5070 620 5110 rem
651 5048 923 5104 hominem
947 5057 1068 5097 cum
1097 5037 1307 5092 actibus
1331 5031 1444 5086 suis
1467 5027 1736 5097 spoliatus
1760 5019 2032 5073 occuleret
2065 5029 2079 5066 :

507 5159 559 5203 et
611 5147 732 5200 licet
783 5139 1010 5194 necdum
1061 5144 1258 5201 corpus
1288 5123 1651 5192 deposuisset,
1705 5110 1942 5167 carnalia
1979 5122 2080 5160 non

510 5242 738 5295 haberet
774 5236 825 5288 iu
864 5244 1026 5285 carne
1062 5243 1077 5280 :
1141 5221 1306 5286 aliud,
1340 5218 1430 5272 ubi
1484 5225 1713 5280 corpore
1769 5207 1907 5274 ipso,
1957 5213 2082 5255 cum

516 5334 723 5391 tenerit
749 5327 1009 5382 Dominus
1030 5317 1378 5383 confringere
1405 5319 1604 5362 terram
1633 5303 1778 5368 ejus,
1813 5292 2082 5362 exposito,

515 5429 753 5482 animam
790 5418 1018 5475 collucet
1059 5413 1114 5465 in
1165 5406 1372 5476 quiete,
1410 5408 1466 5454 ut
1501 5396 1621 5450 ﬁdei
1655 5407 1782 5445 luttc
1815 5399 1966 5458 pater
2001 5384 2090 5436 ille

516 5525 629 5576 hzec
657 5516 781 5570 liliis
818 5513 1155 5572 contemptu,
1183 5509 1241 5551 ut
1275 5494 1540 5553 diximus,
1579 5482 1822 5556 pecunia:
1872 5491 2092 5543 compa.

517 5613 659 5668 ravit
695 5629 707 5664 :
735 5610 789 5660 in

521 5714 672 5763 hare.
725 5701 1062 5761 lluc,omncs
1114 5682 1434 5757 peregrinos
1466 5673 1671 5736 mundi,
1699 5669 1805 5722 huc
1853 5670 2092 5732 egentes,

527 5807 632 5853 huc
690 5794 854 5848 etiam

832 5619 939 5672 quo
975 5599 1125 5653 dives
1165 5605 1284 5645 cum
1323 5598 1561 5658 paupere
1593 5594 1699 5633 non
1735 5575 1907 5644 potuit
1943 5583 2095 5624 recu-

915 5752 1285 5840 exbmrcdatos
1342 5767 1693 5842 pro‘Gbristo
1747 5752 2097 5814 sa'cularibus

532 5889 754 5954 recipiet
789 5877 1142 5938 testamentis.
1178 5872 1409 5936 ldeolne
1440 5877 1540 5918 nec
1589 5852 1873 5922 vestigium
1910 5842 2098 5901 habuit

2179 4641 2326 4696 niam
2355 4630 2678 4692 illuminavit
2699 4629 2839 4683 Deus
2855 4625 3059 4679 vultum
3092 4634 3249 4673 suum
3275 4627 3440 4682 super
3467 4620 3540 4663 te.
3565 4606 3757 4672 Segre-

2183 4734 2327 4802 gavit
2353 4739 2403 4782 te
2441 4742 2506 4780 ex
2540 4733 2698 4778 utero
2739 4713 3082 4789 cognationis
3129 4718 3185 4764 et
3241 4718 3399 4772 terra:
3448 4713 3578 4764 tuae,
3647 4710 3754 4762 non

2191 4824 2434 4894 regione,
2470 4817 2560 4874 sed
2584 4815 2775 4884 spiritu
2827 4809 2981 4863 bona;
3011 4799 3305 4857 voluntatis
3339 4811 3358 4848 ι
3392 4803 3452 4848 ut
3485 4795 3552 4843 de
3586 4800 3757 4843 terre-

2189 4922 2275 4973 nis
2327 4914 2525 4986 opibus
2579 4907 2789 4962 ﬁdelem
2825 4903 2927 4956 sibi
2973 4896 3270 4952 constituat
3303 4889 3355 4943 in
3413 4879 3758 4940 coelesnbus,

2187 4975 2380 5064 eat-uni
2402 5002 2720 5076 participem
2745 4999 2812 5052 de
2842 4994 3046 5064 quibus
3075 4987 3336 5056 scriptum
3363 4989 3446 5036 est
3474 4995 3492 5034 :
3519 4975 3760 5032 Mulieres

2188 5106 2454 5172 sapientes
2483 5096 2878 5165 a'diﬁcaverunt
2910 5087 3012 5141 sibi
3042 5085 3222 5136 domos
3247 5077 3427 5150 (Prov.
3463 5087 3570 5131 xiv.
3599 5069 3622 5122 l
3656 5080 3760 5120 sec.

2193 5158 2386 5264 LXX).
2421 5193 2546 5244 Haec
2575 5158 2750 5240 autem
2779 5181 3065 5235 audientes
3099 5174 3164 5228 de
3196 5182 3286 5226 tua
3311 5166 3571 5224 felicitate
3604 5158 3764 5216 coale-

2192 5291 2284 5351 sti,
2319 5283 2610 5339 cﬂ‘uditnus
2648 5289 2836 5332 coram
2871 5271 2981 5325 Deo
3016 5266 3188 5324 corda
3229 5269 3435 5322 nostra,
3473 5266 3526 5310 et
3563 5255 3617 5307 in
3645 5264 3766 5305 voce

2193 5375 2563 5436 exsultationis
2597 5360 2868 5440 epulantes
2919 5363 3037 5428 (Ps.
3091 5373 3202 5420 xu,
3238 5357 3314 5423 5),
3345 5350 3581 5407 diximus
3612 5363 3626 5399 :
3660 5343 3767 5396 Do-

2197 5473 2370 5522 m'nus
2418 5435 2727 5527 mortiﬁcat,
2769 5454 3024 5507 Dominus
3066 5447 3315 5514 vieiﬁcat,
3344 5437 3550 5493 deducit
3581 5435 3648 5488 ad
3683 5437 3769 5484 in-

2200 5569 2360 5632 feros,
2407 5567 2454 5610 et
2500 5554 2727 5606 reducit.
2779 5546 3036 5600 Dominus
3089 5541 3274 5594 divites
3320 5545 3572 5602 pauperes
3615 5525 3764 5595 facit,

3306 5625 3316 5632 -
3514 5621 3522 5629 -
3653 5613 3669 5632 r
3696 5615 3711 5632 .
3732 5612 3744 5632 ι

2199 5612 2419 5705 humiles
2458 5641 2658 5698 exultat
2691 5635 2740 5708 (1
2800 5635 2928 5703 Reg.
2963 5649 3024 5694 tt.
3082 5631 3136 5697 6)
3171 5643 3189 5682 :
3227 5625 3316 5680 sed
3363 5621 3614 5692 quoniam
3653 5612 3762 5686 [AL

2201 5742 2321 5811 quin
2373 5735 2514 5790 calix
2548 5735 2598 5786 in
2645 5746 2802 5784 manu
2843 5725 3056 5804 Domini
3103 5731 3204 5781 est,
3237 5719 3374 5770 hunc
3421 5708 3692 5768 humiliat,
3722 5713 3770 5758 et

2203 5837 2338 5890 hunc
2389 5828 2613 5884 exultat.
2642 5824 2794 5891 Quod
2819 5821 2918 5875 etsi
2974 5817 3039 5871 ad
3072 5830 3232 5869 omne
3259 5805 3573 5879 IIl)‘:lCllUlIl
3610 5797 3763 5870 regni
