4056 6200
330 315 398 376 Si
619 313 992 374 EPISTULA
1031 314 1148 374 Ill.
1194 312 1692 374 EXHOBTATIO
1736 314 1833 373 AD
1875 310 2346 372 MARCELLAM
2390 310 2491 372 UT
2532 307 2881 372 ADVERSA
2919 307 3294 368 TOLERET.
3514 301 3585 366 Μ’

330 427 607 493 pertinere
645 427 884 490 videtur,
922 435 1162 482 attamen
1193 435 1246 480 et
1283 429 1348 480 ad
1397 438 1541 480 tuam
1594 426 1904 494 specialiter
1935 452 1978 506 Α
2007 429 2061 480 in
2088 427 2192 480 Deo
2217 437 2410 482 manet.
2449 426 2638 482 Sciens
2684 437 2865 482 autem
2911 435 2958 478 et
2997 423 3290 492 Propheta,
3321 422 3445 492 quia
3474 437 3586 473 mo-

327 517 563 582 gratiam
599 518 790 572 referri
834 527 1008 585 potest
1045 533 1205 586 :qute
1242 534 1436 588 magno
1475 518 1687 572 Domini
1734 519 1900 571 inise-

331 611 506 663 rantis
555 612 785 663 consilio
820 610 1062 663 exaltata
1103 625 1164 662 es
1197 621 1255 662 ut
1279 609 1669 674 humiliareris,
1704 619 1758 663 et
1811 608 1907 662 hu-

329 702 540 754 ntiliata
584 712 640 755 ut
677 703 1022 755 exaltareris.

405 794 468 846 ll.
512 794 631 856 Non
668 795 812 848 enim
871 794 1210 862 ignoramus,
1254 791 1583 848 venerabilis
1637 805 1796 846 soror
1855 798 1909 844 et

333 885 623 937 benedicta
657 885 787 948 lilia,
813 895 959 938 tuam
994 885 1322 952 pra-tet'itant
1355 885 1408 937 itt
1447 884 1547 938 hoc
1571 883 1768 938 saeculo
1800 882 1910 952 glo-

334 975 497 1027 riam.
529 972 663 1026 Nam
713 975 876 1028 etiam
933 976 1171 1030 vidimus
1203 985 1253 1028 te
1283 975 1334 1028 in
1371 985 1614 1042 tempore
1649 975 1761 1036 illo,
1804 986 1914 1040 quo

330 1065 556 1115 domum
588 1071 735 1116 tuam
766 1065 966 1132 regalis
993 1063 1229 1116 afﬁnitas
1252 1064 1545 1124 ambiebat,
1579 1065 1911 1116 eminentem
1968 1073 1976 1080 '

332 1159 388 1206 In
436 1155 522 1207 his
560 1155 881 1216 honoribus,
911 1155 1002 1223 qui
1039 1155 1400 1208 destrnnntur
1436 1170 1451 1207 :
1507 1154 1632 1222 quia
1675 1153 1775 1206 etsi
1811 1150 1910 1221 ipsi

332 1261 554 1316 quoque
585 1263 612 1298 a
650 1246 876 1299 Domino
907 1247 1176 1299 altissimo
1205 1247 1541 1310 tribuuntur,
1579 1245 1705 1313 quia
1740 1246 1914 1298 omnis

330 1349 564 1404 potestas
622 1354 654 1389 a
702 1335 922 1391 Domino
981 1338 1086 1390 Deo
1119 1344 1197 1389 est
1239 1334 1416 1404 (Rom.
1451 1350 1567 1397 λιιι,
1608 1335 1660 1402 1)
1699 1371 1718 1399 ,
1762 1345 1918 1386 atta-

337 1445 461 1485 men
478 1431 670 1484 caduci
685 1440 738 1484 et
759 1429 976 1498 fragiles
992 1438 1142 1493 sunt,
1163 1429 1256 1497 qui
1272 1428 1374 1482 sub
1410 1428 1510 1480 hoc
1533 1426 1734 1480 mundo
1753 1440 1920 1494 agun-

338 1532 431 1574 tur
477 1539 492 1574 :
551 1520 708 1587 cujus
764 1520 936 1586 figura
995 1529 1054 1572 ut
1105 1519 1296 1572 umbra
1352 1517 1613 1586 praeterit.
1659 1515 1815 1571 Unde
1866 1524 1923 1569 et

340 1613 648 1682 impensius
672 1612 1010 1665 admiramur
1039 1612 1268 1681 gratiam
1303 1623 1424 1678 quze
1461 1609 1553 1663 tibi
1579 1610 1702 1662 data
1727 1615 1831 1671 est,
1869 1614 1923 1659 et

340 1705 763 1774 magnificamus
806 1705 859 1758 in
895 1714 944 1758 te
988 1703 1300 1766 Dominum,
1337 1702 1430 1770 qui
1474 1710 1526 1754 te
1559 1703 1612 1754 in
1649 1699 1923 1753 laboribus

2005 529 2335 575 mentaneum
2375 520 2734 573 tribulationis
2767 518 2818 572 in
2873 519 2974 572 hoc
3031 516 3234 570 Strculo
3272 515 3582 566 immensum

2007 613 2247 679 perennis
2279 613 2480 682 gloritr,
2513 623 2571 666 ut
2602 612 2893 681 Apostolus
2936 611 3029 672 ait,
3059 608 3263 675 pondus
3301 615 3580 690 operatur:

2009 716 2230 759 sanetns
2253 706 2343 759 ille
2370 721 2462 759 rex
2496 706 2546 757 in
2574 705 2794 759 Psalmo
2822 714 2882 757 ιιι
2911 704 3108 772 dignus
3135 701 3398 756 habeatur
3422 695 3580 767 ignit'

2013 793 2370 847 tentationum
2399 795 2671 858 examine,
2701 794 2834 848 dicit
2867 811 2880 849 :
2917 791 3093 846 Proba
3124 809 3224 855 me,
3256 791 3496 852 Domine,
3534 794 3584 841 ct

2013 894 2154 938 tenta
2186 901 2266 938 me
2296 883 2473 956 (Psal.
2507 901 2636 951 xxv,
2665 884 2744 953 2).
2771 883 2925 940 Unde
2954 894 3008 937 et
3042 885 3233 937 iterum
3259 883 3399 936 idem
3428 881 3581 935 Psal-

2013 978 2343 1046 mographus
2388 988 2592 1044 noster,
2652 978 2806 1047 quasi
2857 978 3136 1048 ptenitt-ns
3183 975 3367 1029 mundi
3423 973 3590 1040 hujus-

2015 1068 2222 1137 εισι-ιω,
2251 1069 2558 1131 confitetur,
2580 1070 2842 1122 cnnriticit
2870 1085 2885 1125 :
2911 1069 3228 1138 Priusquam
3252 1067 3584 1125 humiliari’r,

2015 1175 2108 1228 ego
2139 1159 2340 1228 deliqui
2368 1159 2536 1230 (Psal.
2565 1175 2758 1225 cxvm,
2791 1160 2906 1228 67).
2943 1161 3005 1215 Et
3049 1161 3170 1228 quia
3209 1158 3584 1212 humiliatione

2019 1257 2243 1302 curatus
2271 1250 2362 1310 sit.
2402 1249 2583 1303 statim
2613 1250 2746 1303 dicit
2776 1266 2790 1306 :
2827 1248 3108 1317 Propterea
3135 1249 3401 1317 eloquium
3441 1257 3587 1299 tuum

2019 1341 2295 1395 custodivi.
2323 1339 2405 1394 0b
2440 1342 2540 1395 hoc
2571 1356 2782 1395 rursum
2817 1341 3086 1409 Propheta
3124 1359 3138 1394 :
3172 1341 3252 1392 Da
3286 1340 3455 1399 nobis,
3489 1339 3585 1396 ait,

2020 1433 2280 1486 auxilium
2314 1432 2379 1485 de
2430 1432 2792 1493 tribulatione,
2841 1442 2893 1486 et
2931 1447 2947 1490 :
2996 1431 3144 1486 Vana
3177 1431 3319 1485 salus
3367 1430 3589 1484 hominis

2021 1533 2098 1578 est
2151 1523 2322 1592 (Psal.
2357 1539 2468 1586 ιιι,
2502 1525 2614 1594 15).
2647 1524 2740 1579 Est
2767 1525 2912 1580 enim
2945 1539 3083 1577 vana
3113 1523 3258 1579 salus
3287 1523 3590 1584 hominum,

2023 1632 2142 1686 qua:
2172 1626 2393 1685 putatur
2429 1617 2483 1670 in
2521 1617 2624 1670 hac
2656 1625 2864 1670 tantum
2917 1617 3027 1670 vita
3071 1615 3284 1670 mortali
3321 1629 3440 1669 esse
3474 1630 3489 1671 :
3526 1613 3594 1667 de

2025 1723 2130 1775 qua
2195 1709 2401 1762 homini
2435 1709 2634 1763 dicitur
2669 1727 2684 1764 :
2728 1709 2893 1762 Homo
2931 1709 3068 1762 sicut
3098 1708 3292 1776 {mnum
3327 1707 3435 1760 dies
3479 1706 3594 1774 ejus

342 1797 627 1850 hominum
687 1797 886 1865 Ροευίίι
943 1804 997 1850 ει
1053 1795 1338 1849 salutifero
1393 1801 1634 1862 Palem“?
1693 1790 1918 1858 Ρῖθιθῑίε
1951 1825 1990 1878 Β
2024 1800 2327 1870 (Psal.cn,
2359 1802 2473 1870 15).
2515 1802 2577 1854 Et
2627 1803 2845 1871 quidem
2881 1811 2956 1864 ιιι,
3017 1809 3203 1856 sancta
3265 1801 3395 1859 lilia.
3429 1803 3591 1852 etiam

342 1888 571 1943 verbere
627 1887 912 1942 visitavit:
979 1896 1036 1940 ut
1077 1897 1128 1940 te
1183 1887 1232 1939 in
1295 1885 1485 1954 paucis
1545 1893 1818 1946 vexatam,
1860 1883 1915 1934 in

344 1981 532 2034 tnultis
580 1981 721 2034 bene
775 1980 1115 2048 disponeret,
1147 1987 1284 2032 lese
1335 1975 1599 2044 Apostolo
1643 1991 1658 2028 :
1706 1973 1763 2026 ln
1821 1974 1924 2028 hoc

345 2072 554 2127 tnnntlo
581 2073 920 2138 corripimur,
957 2087 1022 2124 ne
1064 2087 1183 2125 cum
1233 2072 1331 2124 hoc
1366 2069 1560 2122 mundo
1609 2068 1924 2120 damnentur

343 2163 400 2231 (I
441 2163 568 2218 Cor.
609 2179 684 2224 xl,
710 2164 820 2229 52).
877 2162 1030 2219 Unde
1073 2173 1129 2217 et
1161 2161 1326 2215 David
1370 2163 1438 2214 ait
1484 2176 1498 2214 :
1541 2159 1804 2227 Corripiet
1844 2172 1925 2209 me

338 2257 524 2325 justus
575 2258 629 2309 in
688 2255 1075 2318 misericordia,
1127 2263 1176 2308 et
1209 2254 1498 2321 increpabit
1570 2267 1648 2303 me
1698 2249 1924 2304 :oleum

343 2358 531 2401 autent
568 2350 857 2415 peccatoris
889 2364 992 2400 non
1037 2347 1320 2416 impiiiguet
1355 2356 1512 2413 caput
1543 2359 1712 2397 meum
1747 2342 1926 2412 (Psal.

345 2456 474 2501 cst,
517 2444 616 2507 5):
650 2441 720 2494 ita
765 2450 822 2495 et
870 2441 922 2495 in
973 2438 1266 2494 Salomone
1298 2439 1558 2506 scriptum
1613 2452 1755 2496 esse,
1813 2435 1929 2488 sine

348 2532 520 2586 dubio
547 2533 598 2586 in
626 2533 821 2588 studiis
851 2531 1228 2603 spiritualibus
1253 2531 1446 2600 posita,
1473 2529 1712 2583 didit-iSti
1744 2547 1756 2581 :
1786 2527 1930 2592 Quo-

349 2627 498 2676 ttiam
526 2622 780 2677 Dominus
797 2639 948 2690 quem
971 2623 1168 2692 diligit,
1193 2624 1404 2689 corripit
1425 2631 1470 2674 et
1492 2618 1724 2690 ﬂagellat
1744 2615 1924 2687 (Prov.

352 2730 442 2775 ιιι.
477 2715 753 2783 12,juxta
795 2712 976 2784 LXX).
1030 2713 1275 2782 Castigat
1313 2723 1487 2765 autem
1521 2726 1724 2764 omnem
1757 2709 1928 2775 ﬁlium

352 2822 510 2874 quem
541 2807 768 2873 recipere
792 2806 1046 2876 dignatur
1065 2806 1465 2875 disponendum
1495 2807 1559 2855 ad
1585 2805 1746 2855 vitam
1775 2810 1934 2856 mter-

355 2894 532 2964 nam(
573 2893 633 2948 ll
685 2895 809 2948 Cor.
864 2909 942 2959 ιι,
1007 2895 1124 2963 59).
1164 2895 1238 2949 Dc
1292 2909 1358 2948 eo
1415 2905 1470 2947 et
1502 2892 1790 2960 Apostolus
1825 2905 1932 2944 non

356 2987 736 3051 confunditur,
773 3002 873 3042 nec
907 2987 1160 3040 atteritur
1194 3001 1210 3043 :
1238 2985 1333 3039 sed
1364 2987 1535 3055 magis
1569 2983 1850 3052 gloriatur,
1880 2988 1936 3036 et

358 3091 557 3147 potens
584 3078 641 3131 fit
671 3079 728 3132 in
756 3078 1168 3132 infirmitatibus
1191 3079 1325 3142 suis,
1359 3079 1450 3146 qui
1477 3085 1535 3128 nt
1560 3091 1658 3130 nos
1681 3089 1779 3128 suo
1805 3088 1936 3127 con-

361 3173 530 3225 fortet
581 3171 850 3241 exemplo,
884 3171 1083 3226 fatetur
1126 3181 1180 3224 et
1211 3170 1470 3238 praedicat
1508 3169 1610 3223 sibi
1644 3167 1744 3236 ipsi
1781 3181 1796 3218 :

359 3262 526 3315 etiam
557 3275 732 3330 usque
765 3260 820 3314 in
855 3262 1077 3314 tertium
1117 3259 1312 3314 uelum
1341 3267 1587 3326 patuerat
1621 3268 1882 3308 ascensus
1912 3269 1927 3306 :

359 3363 414 3408 et
442 3369 604 3422 quem
621 3369 797 3422 neque
827 3353 986 3421 ignea
1010 3352 1101 3408 illa
1137 3351 1394 3421 rompbea
1428 3351 1496 3406 ab
1522 3351 1669 3405 aditu
1691 3345 1932 3419 paradisi

361 3457 611 3515 potuerat
638 3446 934 3500 excludere
962 3463 976 3498 :
1010 3445 1098 3499 tibi
1139 3445 1306 3499 etiam
1344 3440 1618 3497 ineffabile
1653 3440 1800 3495 omni
1832 3439 1936 3492 lin-

361 3554 484 3606 gua:
507 3538 756 3591 audierat
785 3552 1046 3591 arcanum
1071 3553 1087 3603 ;
1111 3539 1206 3591 sed
1244 3545 1444 3600 tamen,
1474 3548 1544 3589 ne
1583 3531 1939 3588 extolleretur

364 3641 594 3699 propter
642 3629 1025 3684 excellentiam
1063 3628 1478 3689 revelationnm,
1511 3627 1586 3681 ita
1622 3638 1682 3679 se
1713 3623 1881 3692 ipsius
1909 3639 1938 3676 a

363 3741 472 3796 quo
517 3726 570 3779 in
608 3735 818 3780 tantum
852 3723 1261 3796 glorifit‘abatur
1307 3719 1520 3778 Domini
1574 3716 1943 3773 moderamine

365 3819 726 3887 gubernatum
763 3817 949 3883 refert,
979 3827 1037 3872 ut
1077 3817 1326 3886 apposito
1388 3812 1578 3883 angelo
1623 3810 1840 3864 Salano:
1885 3808 1939 3862 in

365 3910 653 3965 stimulum
684 3911 868 3964 carnis
903 3924 1036 3972 sum,
1070 3909 1124 3962 id
1151 3919 1257 3972 est,
1291 3908 1344 3961 in
1379 3903 1788 3961 tribulationem
1815 3915 1939 3955 cor-

367 4001 523 4068 poris
539 4003 942 4071 deprimeretur
965 4000 1280 4062 salubriter,
1301 4013 1367 4052 ne
1384 3996 1666 4051 inllaretur
1682 3993 1941 4049 inaniter:

372 4092 602 4160 Pmpter
641 4093 802 4163 quod,
827 4093 1020 4161 inquit,
1053 4102 1131 4144 ter
1165 4091 1447 4143 Dominum
1473 4088 1676 4158 rogavi,
1707 4095 1765 4140 ut
1808 4100 1946 4138 rece-

368 4189 512 4243 deret
541 4205 574 4240 a
609 4204 688 4241 me
715 4203 734 4241 :
767 4198 816 4242 et
853 4189 989 4240 dicit
1022 4186 1148 4239 mihi
1178 4200 1198 4238 :
1226 4184 1428 4252 Sufﬁcit
1456 4184 1548 4236 tibi
1581 4182 1756 4251 gratia
1786 4195 1898 4232 mea
1931 4195 1947 4230 :

375 4305 501 4342 nam
527 4289 699 4356 rirtus
726 4289 779 4340 in
825 4286 1141 4355 inﬁrmitate
1176 4281 1451 4355 perﬁcitur
1491 4280 1539 4342 (Ι
1575 4279 1700 4335 Cor.
1727 4294 1827 4342 ιιι,
1869 4277 1946 4347 8).

445 4379 541 4432 111.
585 4357 952 4443 Quamobrem
1007 4390 1131 4430 cum
1181 4375 1274 4427 tali
1323 4371 1588 4439 magistro
1640 4379 1693 4423 et
1726 4378 1951 4422 auctore

2023 1894 2364 1947 documentis
2409 1893 2601 1947 educta
2658 1909 2718 1948 es
2773 1893 3006 1960 probare
3059 1892 3385 1946 sententiam
3424 1908 3438 1944 :
3471 1891 3595 1958 quia

2023 1987 2190 2039 omnis
2223 2001 2350 2039 caro
2390 1986 2616 2056 furnum,
2651 1994 2701 2039 et
2749 1987 2915 2038 omnis
2960 1985 3128 2054 gloria
3183 1983 3293 2054 ejus
3323 1984 3474 2050 quasi
3501 1985 3600 2052 [los

2024 2075 2149 2144 [teni
2184 2077 2318 2147 (lsa.
2361 2093 2450 2142 xx,
2485 2077 2619 2146 6-8).
2663 2077 2817 2130 Aruit
2857 2076 3082 2144 faenum,
3104 2085 3151 2129 et
3182 2079 3276 2145 [los
3309 2075 3420 2143 ejus
3451 2076 3598 2126 dei-i-

2025 2167 2101 2218 dit
2137 2183 2156 2230 ,'
2192 2166 2403 2220 verbum
2451 2177 2630 2222 autem
2667 2167 2898 2232 Domini,
2931 2176 2984 2221 et
3011 2167 3100 2235 qui
3137 2167 3265 2220 fecit
3307 2167 3454 2226 illud,
3489 2183 3600 2218 ma-

2028 2269 2109 2313 net
2145 2262 2198 2313 in
2238 2269 2514 2322 teternum,
2551 2259 2694 2313 sicut
2724 2258 2838 2326 ipse
2879 2258 3138 2311 Dominus
3171 2268 3349 2310 manet
3375 2259 3612 2310 innatet--

2029 2368 2181 2414 num,
2213 2351 2304 2419 qui
2337 2361 2420 2406 est
2452 2360 2578 2406 ante
2611 2351 2664 2404 in
2697 2351 2918 2406 saecula.
2953 2349 3036 2404 0b
3089 2351 3193 2404 hoc
3241 2365 3364 2403 vere
3397 2350 3602 2402 dictum

2029 2451 2149 2497 est:
2192 2442 2338 2497 Vana
2400 2442 2546 2496 salus
2599 2443 2846 2505 hominis,
2900 2441 3025 2509 quia
3079 2455 3214 2493 vana
3271 2440 3449 2492 omnia
3502 2440 3606 2494 sub

2029 2535 2190 2589 cmlo.
2229 2532 2384 2588 Unde
2410 2542 2465 2588 et
2499 2534 2550 2586 in
2586 2532 2820 2588 Psalmis
2855 2532 3023 2586 habes
3061 2549 3074 2586 :
3114 2529 3366 2585 Universa
3398 2532 3614 2584 vanitas

2032 2627 2202 2680 ontnis
2233 2629 2388 2680 homo
2417 2629 2593 2680 vivens
2625 2623 2803 2696 (Psal.
2837 2639 3066 2690 xxxvm,
3109 2623 3186 2693 6).

2107 2719 2197 2774 IV.
2239 2718 2346 2773 Sed
2381 2719 2450 2772 de
2494 2732 2599 2786 quo
2645 2733 2845 2787 genere
2874 2716 3158 2770 hominum
3208 2715 3312 2769 ista
3355 2715 3522 2777 dicat,
3556 2716 3610 2767 in

2033 2811 2496 2878 consequentibus
2521 2809 2678 2863 docet
2709 2826 2722 2863 :
2756 2810 2822 2862 de
2846 2812 2924 2862 eis
2949 2807 3158 2862 scilicet
3190 2807 3282 2875 qui
3317 2822 3453 2859 vane
3481 2821 3610 2860 con-

2037 2903 2322 2954 turbantur
2348 2914 2532 2955 amore
2556 2898 2873 2954 divitiarum
2911 2913 3155 2964 suarum,
3194 2899 3246 2952 in
3287 2912 3422 2966 quas
3468 2899 3610 2950 sicut

2035 2993 2226 3048 bellum
2253 3008 2410 3048 cacat
2447 2993 2660 3047 inhiant
2711 2992 2827 3046 sine
2881 2991 2986 3046 line
3021 2989 3274 3057 cupiendi
3315 2998 3370 3042 et
3416 3002 3615 3055 conge-

2041 3086 2214 3150 rendi,
2251 3084 2688 3138 thesaurizantes
2741 3083 2795 3135 in
2839 3091 3006 3146 terra,
3055 3089 3111 3132 et
3173 3077 3483 3148 ignorantes
3527 3075 3614 3131 cui

1843 3166 1930 3220 cui
1959 3165 2002 3226 C
2033 3181 2361 3244 congregem
2393 3187 2487 3226 eas
2537 3170 2702 3238 (Ibid.
2761 3170 2793 3222 ’ἶ
2834 3172 3000 3238 seqq).
3053 3165 3380 3235 Relinquent,
3413 3165 3613 3234 inquit,

2043 3263 2232 3318 alienis
2281 3264 2490 3317 divitias
2513 3277 2638 3316 suas
2665 3259 2848 3330 (Psal.
2884 3275 3068 3325 snvttt,
3102 3259 3213 3328 12),
3250 3268 3306 3312 et
3331 3265 3615 3327 postquam

2042 3355 2096 3408 in
2124 3355 2356 3408 vanitate
2385 3352 2668 3422 defecerint
2701 3351 2811 3404 dies
2837 3365 3044 3412 eorum,
3079 3349 3216 3416 rapti
3250 3349 3304 3402 itt
3339 3345 3617 3400 infernum

2040 3461 2240 3510 attines,
2255 3461 2360 3499 non
2382 3445 2607 3508 domini,
2627 3443 2722 3498 sed
2743 3443 2876 3497 servi
2899 3441 3199 3496 divitiarum
3217 3451 3435 3494 suarum
3455 3453 3470 3501 ;
3489 3433 3626 3490 nihil

2043 3542 2150 3595 illic
2183 3539 2443 3595 invenient
2482 3540 2535 3592 in
2570 3535 2812 3591 manibus
2829 3539 2937 3590 suis
2972 3533 3148 3603 (Psal.
3184 3547 3346 3592 Lxxv,
3386 3531 3462 3598 6),
3498 3528 3622 3596 quia

2041 3633 2178 3688 nihil
2235 3633 2630 3700 pranniserunt,
2688 3629 2791 3682 nisi
2843 3637 3174 3680 aaternarum
3213 3625 3400 3676 merita
3440 3633 3627 3689 paena-

2047 3741 2189 3780 rum.
2225 3725 2318 3778 Illa
2351 3733 2531 3777 autem
2558 3736 2665 3774 non
2694 3729 2774 3774 est
2805 3734 2940 3772 vana
2969 3717 3116 3770 salus
3147 3713 3394 3777 hominis,
3430 3713 3497 3766 de
3516 3725 3622 3779 qua

2045 3819 2246 3872 dicitur
2278 3830 2292 3869 :
2329 3814 2544 3868 Domini
2595 3822 2672 3866 est
2708 3810 2875 3873 salus,
2915 3819 2963 3862 et
2993 3821 3152 3875 super
3188 3803 3440 3871 populum
3475 3812 3628 3854 tuum

2049 3909 2332 3964 benedictio
2357 3917 2448 3959 tua
2485 3904 2660 3975 (Psal.
2693 3919 2774 3962 ιιι,
2800 3902 2892 3971 9);
2927 3907 2982 3952 et
3005 3898 3234 3952 iterum:
3266 3894 3424 3948 Salus
3453 3903 3628 3946 autem

2046 4005 2310 4072 iustorum
2379 4016 2411 4053 a
2455 3996 2676 4050 Domino
2731 4004 2806 4048 est
2841 3995 3050 4062 (nam.
3095 3989 3208 4054 59).
3245 3987 3374 4040 Ideo
3406 3995 3462 4038 et
3502 3999 3630 4052 spes

2054 4097 2106 4149 in
2141 4095 2251 4147 Deo
2279 4094 2453 4162 posita
2487 4106 2596 4144 non
2631 4085 2931 4142 confundet
2963 4083 3141 4152 (Rom.
3175 4095 3231 4144 v,
3262 4079 3342 4144 5),
3373 4079 3515 4131 sicut
3539 4090 3628 4129 sa-

2057 4188 2140 4240 lus
2172 4199 2308 4240 vana
2345 4197 2450 4237 non
2477 4189 2706 4250 estquae
2738 4187 2990 4245 speratur
3045 4175 3098 4228 in
3127 4171 3370 4234 Christo,
3419 4179 3476 4224 et
3504 4181 3634 4222 con-

2058 4281 2233 4334 fertur
2265 4292 2294 4328 a
2323 4274 2565 4330 Christo.

2133 4367 2192 4422 V.
2227 4366 2364 4437 Ergo
2391 4367 2517 4435 quia
2547 4363 2805 4433 accepisti
2841 4361 3107 4416 auxilium
3139 4359 3204 4412 de
3260 4352 3633 4413 tribulatione,

378 4474 674 4534 instructa,
742 4471 808 4522 ad
865 4469 1123 4522 virtutem
1157 4464 1433 4534 patientiae
1471 4473 1524 4516 et
1562 4476 1712 4530 spem
1761 4460 1950 4528 gloriae
1985 4497 2026 4552 ο
2061 4476 2126 4514 ne
2151 4457 2572 4526 concupisceres
2616 4453 2909 4508 humanam
2959 4453 3127 4515 diem,
3158 4457 3214 4503 et
3265 4461 3400 4500 vana
3461 4444 3639 4499 salute

376 4574 615 4625 aeternae,
653 4561 933 4616 conlidens
963 4567 1104 4634 esto,
1139 4556 1272 4619 lilia,
1309 4556 1450 4609 sicut
1471 4569 1591 4608 esse
1622 4551 1862 4620 cmpisti,
1897 4559 1952 4602 et

378 4655 612 4720 g'oriare
645 4655 698 4705 in
743 4650 1038 4721 prieteritis
1084 4646 1428 4717 passionibns
1465 4644 1596 4708 tuis,
1626 4642 1872 4696 recolens
1899 4648 1954 4694 et

378 4750 464 4800 illa
492 4747 738 4816 ejusdem
800 4741 1042 4798 doctoris
1081 4740 1320 4810 eloquia.
1391 4737 1651 4792 Fidi-liter
1701 4734 1845 4787 enim
1899 4741 1955 4784 ut

378 4841 630 4893 conscius
651 4852 976 4891 arcanorum
1002 4835 1307 4890 caelestium
1331 4838 1690 4893 contestatur,
1720 4843 1823 4880 non
1845 4840 1958 4880 esse

380 4932 672 5000 condignas
710 4930 978 4997 passiones
1017 4927 1172 4996 ltujus
1201 4924 1448 4990 temporis
1475 4921 1544 4974 ad
1584 4920 1818 4989 futuram
1850 4917 1962 4984 glo-

381 5025 538 5086 riam,
590 5037 707 5090 qua:
742 5020 1057 5074 revelabitur
1082 5023 1133 5070 in
1161 5017 1308 5070 nobis
1335 5015 1513 5085 (Rom.
1540 5028 1654 5075 vui,
1687 5011 1800 5081 18).
1840 5009 1959 5064 Trio

381 5113 592 5166 balatio
624 5113 786 5175 enim,
818 5114 1017 5179 inquit,
1054 5109 1365 5178 patientiam
1403 5115 1670 5172 aperatur,
1703 5102 1960 5171 patientia

377 5219 560 5259 autem
610 5205 972 5271 probationem
1001 5218 1022 5256 :
1059 5201 1302 5267 probatio
1360 5215 1480 5254 vero
1516 5213 1681 5266 spem,
1711 5211 1824 5262 spes
1866 5211 1964 5246 au-

378 5313 485 5354 tem
526 5317 632 5353 non
666 5298 940 5366 confundit
971 5313 988 5349 :
1023 5297 1147 5362 quia
1182 5293 1422 5348 cltttritas
1459 5291 1548 5345 Dei
1577 5289 1774 5358 diﬁ'usa
1805 5297 1878 5341 est
1911 5289 1966 5340 iu

381 5393 637 5446 cordibus
669 5400 862 5444 nostris
893 5390 1070 5459 (Rom.
1097 5406 1149 5452 v,
1184 5389 1274 5457 50)
1305 5406 1318 5441 :
1353 5390 1405 5441 in
1438 5402 1543 5454 qua
1591 5382 1862 5437 charitate
1887 5396 1970 5434 ra-

385 5486 555 5539 ttieati
595 5485 778 5539 omnia
813 5485 1168 5539 sustinemus.
1213 5481 1507 5549 Propterea
1549 5487 1605 5533 et
1641 5477 1808 5531 David
1838 5476 1915 5529 ait
1955 5489 1970 5531 :

385 5576 628 5644 Diligam
655 5587 724 5638 te,
760 5575 1000 5638 Dontinc,
1029 5577 1193 5628 virtus
1220 5590 1332 5626 mea
1369 5570 1546 5642 (Psal.
1575 5585 1703 5630 χιιι,
1727 5569 1784 5633 ‘2,
1812 5567 1972 5635 juxta

393 5667 616 5720 I’salm.
655 5666 831 5736 Rom.)
862 5667 1086 5721 llilectio
1110 5665 1257 5719 enim
1292 5664 1503 5718 Domini
1557 5662 1730 5715 virtus
1783 5660 1978 5714 salutis

382 5775 474 5816 cst
507 5779 521 5818 ς
553 5763 682 5830 quia
711 5761 847 5815 licus
874 5760 1085 5814 dilictio
1116 5767 1212 5823 est,
1233 5769 1277 5812 et
1307 5760 1394 5826 qui
1419 5765 1590 5810 manet
1625 5757 1674 5808 in
1702 5755 1976 5818 rltaritutr,

2062 4550 2297 4607 hominis
2323 4549 2625 4618 gauderes;
2662 4546 2893 4614 gloriare
2939 4542 2994 4597 in
3032 4541 3282 4602 Domino,
3317 4546 3374 4590 et
3407 4533 3636 4589 bencdic

2059 4659 2210 4708 eum,
2235 4643 2330 4711 qui
2359 4640 2455 4694 tibi
2490 4639 2670 4692 tribuit
2702 4634 3022 4690 intellectum
3051 4630 3222 4701 (Psal.
3253 4642 3341 4690 xv,
3369 4625 3450 4695 7),
3479 4639 3548 4678 ne
3586 4623 3638 4676 in

2062 4735 2146 4789 via
2171 4743 2522 4800 peccatorum
2555 4729 2730 4799 (Psal.
2769 4742 2809 4792 t,
2836 4725 2886 4793 1)
2922 4735 3073 4778 stare
3101 4722 3445 4790 persisteres,
3479 4727 3641 4779 neque.

2064 4830 2122 4882 in
2151 4827 2281 4896 ﬁliis
2313 4821 2680 4895 generationis
2709 4819 2870 4870 isti-ts
2892 4826 3278 4884 permaneres,
3317 4808 3504 4877 quibus
3536 4819 3641 4857 non

2063 4930 2140 4974 est
2172 4918 2319 4972 salus
2350 4914 2524 4987 (Psal.
2552 4926 2713 4975 θην,
2755 4909 2809 4972 5,
2835 4908 2992 4977 juxta
3019 4903 3182 4974 LXX)
3222 4918 3236 4956 :
3269 4901 3393 4970 quia
3421 4913 3636 4968 prtcva-

2069 5015 2268 5067 lescunt
2297 5012 2351 5064 in
2398 5008 2630 5062 vanitate
2660 5020 2779 5066 sua,
2813 4999 3064 5054 veritatis
3096 4998 3472 5050 immemores.
3503 4989 3649 5055 Quia
3696 4997 3702 5012 '

2067 5107 2194 5159 dum
2223 5100 2487 5169 conﬁdunt
2510 5099 2564 5149 in
2592 5093 2929 5148 multitudine
2950 5089 3281 5146 divitiarum,
3310 5099 3412 5137 non
3435 5086 3674 5149 ponunt“

2073 5199 2236 5252 Deum
2289 5194 2587 5262 adjutorem
2635 5201 2791 5241 suum
2847 5183 3024 5254 (Psal.
3068 5195 3141 5244 t.t,
3188 5178 3266 5244 9).
3291 5172 3409 5226 Tibi
3464 5180 3648 5262 autem

2073 5289 2214 5342 l’acta
2265 5295 2351 5340 est
2381 5298 2500 5338 sors
2551 5283 2607 5334 itt
2642 5277 2960 5333 haereditate
3003 5271 3194 5335 Jacob,
3243 5275 3298 5321 et
3356 5261 3654 5317 illuminati

2075 5389 2202 5435 sunt
2227 5377 2370 5432 oculi
2406 5374 2482 5429 ttti
2517 5374 2571 5426 in
2603 5371 2943 5440 agnitionem
2979 5360 3226 5420 veritatis
3257 5373 3272 5412 ;
3304 5364 3362 5409 ιιι
3387 5352 3648 5420 intellige-

2080 5487 2186 5535 τρε,
2215 5471 2341 5539 quia
2377 5467 2566 5522 melius
2619 5474 2694 5518 est
2728 5460 2986 5516 modicum
3030 5459 3203 5526 justo,
3238 5465 3394 5518 super
3441 5447 3654 5500 divitias

2078 5574 2411 5635 peccatorum
2471 5559 2666 5612 multas
2719 5553 2892 5626 (Psal.
2949 5544 3286 5615 xxxvr,16).
3330 5541 3458 5596 Ideo
3511 5539 3656 5591 enim

2081 5631 2381 5712 misericors
2412 5663 2460 5708 et
2493 5654 2776 5706 miserator
2807 5643 3062 5699 Dominus
3096 5639 3386 5711 (Psal.“,
3419 5634 3498 5704 ι),
3530 5631 3659 5702 quia

2087 5751 2284 5804 talibus
2310 5746 2424 5803 suis
2467 5753 2736 5814 prmparat
2779 5734 3204 5793 adinvcntiones
3226 5744 3354 5786 suas
3385 5727 3452 5780 ad
3496 5724 3662 5777 vitam
