4054 6206
295 301 373 367 57
678 305 1056 368 EPISTOLA
1099 304 1201 370 IV.
1237 307 1342 368 AD
1381 305 1788 404 VIRGIIFEM
1830 309 1911 371 IN
1949 310 2345 374 EXSlLlUM
2391 313 2684 374 MISSAM
2727 305 3230 380 CONSOLKTIO.
3529 317 3603 383 58

294 427 566 498 proxime
608 434 901 498 consonat,
935 426 1077 498 unde
1111 426 1226 480 haec
1256 425 1418 479 etiam
1469 424 1682 482 Paulini
1731 428 1902 486 videri
1933 435 1981 492 Α
2011 428 2154 497 quod
2215 429 2477 498 patimur,
2526 429 2841 498 judicemns
2889 452 2902 488 :

295 495 492 549 doctis
519 495 652 551 viris
680 496 857 562 potuit
882 497 1110 551 :eodem
1133 506 1458 565 argumento
1482 511 1590 566 quo
1612 498 1756 552 illam
1780 499 1906 555 Phi-

297 566 462 634 lippo
513 565 840 636 presbytero
924 566 1180 634 attribui,

295 651 472 704 posse
511 651 637 690 reor
672 635 898 691 ascribi.

871 745 1210 804 EPISTULA
1251 748 1338 814 Π,

377 859 482 900 seu
509 841 842 898 cossou'rio
863 858 934 897 AD
961 856 1216 897 vmcmnn
1248 855 1301 898 IN
1327 858 1581 900 sxsruuu
1608 859 1826 901 iussu.

1258 568 1395 622 banc
1453 581 1671 638 quoque
1721 569 1901 628 eidem

376 958 424 1014 l.
450 957 512 1014 Si
537 957 677 1013 Dens
696 972 759 1011 ac
783 956 1041 1012 Doiaus
1068 956 1514 1014 nosteerristus
1536 958 1702 1016 Jesus
1739 974 1901 1016 secu-

301 1050 561 1110 ritatem,
585 1063 799 1120 pacem,
835 1048 1309 1120 tranquillitatem,
1332 1048 1597 1117 quietem,
1623 1049 1905 1119 prosperi-

301 1152 507 1210 tatem,
541 1142 810 1208 laetitiam,
849 1153 905 1196 et
946 1155 1286 1212 quacunque
1321 1141 1430 1196 alia
1461 1155 1588 1198 esse
1641 1141 1904 1213 jucundi-

304 1246 486 1288 tatum
513 1249 712 1305 genera
745 1243 992 1302 possunt,
1034 1233 1212 1289 servis
1239 1240 1296 1287 et
1321 1234 1624 1290 cultoribus
1647 1233 1762 1290 suis
1793 1244 1901 1290 tam

304 1329 364 1381 in
403 1328 684 1394 praesenti,
715 1341 878 1396 quam
915 1328 971 1384 iu
1001 1326 1188 1382 futuro
1233 1327 1600 1396 promitteret,
1632 1337 1777 1385 esset
1808 1345 1906 1384 no-

305 1420 400 1475 bis
437 1435 546 1473 non
580 1420 857 1475 immerito
884 1420 1178 1475 dolendum
1229 1429 1392 1490 atque
1427 1419 1688 1489 ﬂendum,
1724 1422 1770 1478 si
1794 1437 1902 1492 qua

315 1512 375 1565 in
410 1512 668 1581 prasenti
695 1513 802 1566 vita
827 1513 1110 1567 contraria
1133 1521 1470 1582 pateremur,
1499 1529 1565 1570 eo
1588 1513 1736 1584 quod
1759 1529 1903 1584 prte-

303 1611 397 1656 ter
423 1603 752 1670 inspiratam
801 1602 1044 1658 dolorem
1068 1642 1084 1666 ,
1120 1602 1278 1674 cujus
1305 1619 1372 1660 eo
1408 1619 1628 1674 semper
1650 1604 1904 1660 acerbior

305 1695 394 1749 vis
431 1704 535 1760 est,
566 1709 676 1764 quo
699 1694 872 1766 magis
897 1695 1216 1764 repentinus
1245 1695 1528 1763 acciderit,
1553 1695 1738 1752 futura
1763 1711 1926 1767 quo-.

304 1802 420 1854 que
448 1787 739 1855 promissio
768 1799 917 1842 esset
946 1788 1220 1856 ambigua,
1245 1789 1502 1858 praesenti
1552 1788 1671 1856 spei
1700 1787 1904 1844 sollici-
1931 1791 1974 1848 Β

309 1878 528 1932 talione
575 1877 866 1932 frustrata.
905 1877 976 1933 At
1007 1893 1138 1934 vero
1174 1895 1296 1934 cum
1323 1880 1654 1935 econtrario
1692 1879 1896 1936 sollici-

309 1971 548 2035 tudines,
577 1969 742 2037 bella,
766 1979 1140 2038 tempestates,
1165 1971 1594 2042 inquietudines,
1621 1971 1900 2039 miserias,

310 2063 584 2126 tristitias,
613 2064 759 2130 odia,
794 2077 858 2117 ac
892 2063 1005 2118 alia
1053 2078 1393 2132 quaecunque
1427 2064 1900 2120 inconnnodorum

309 2167 482 2223 atque
510 2171 880 2210 aerumnarum
925 2169 1126 2227 genera
1154 2170 1278 2211 esse
1310 2157 1630 2224 creduntur,
1677 2157 1734 2211 in
1765 2172 1908 2228 prmo

309 2249 460 2300 senti
495 2261 593 2302 nos
624 2262 886 2316 passuros
906 2263 1031 2302 esas
1055 2247 1392 2318 praedixerit,
1415 2259 1602 2303 contra
1629 2249 1903 2320 praedictae

309 2341 765 2394 commorationis
805 2342 1051 2406 taedium,
1087 2341 1151 2395 de
1201 2342 1467 2410 promissa
1501 2357 1607 2397 non
1639 2343 1748 2397 erit
1777 2341 1899 2412 quis

315 2433 686 2503 prosperitate
735 2447 983 2489 securus.
1036 2413 1093 2490 Si
1131 2449 1264 2490 vero
1305 2434 1677 2490 commonitus
1704 2433 1898 2500 fueris,

313 2527 369 2579 in
399 2527 517 2596 ipsa
542 2529 969 2584 commonitione
995 2527 1225 2584 habebis
1247 2527 1522 2583 solatium.
1556 2526 1623 2582 Et
1648 2527 1897 2597 quamvis

307 2635 376 2674 ex
436 2620 699 2690 praedicto
751 2622 895 2677 malo
946 2622 1192 2678 adversa:
1234 2621 1568 2676 valetudinis
1621 2619 1893 2690 quispiam

309 2711 668 2767 acerbissime
720 2713 1073 2782 perturbetur
1135 2729 1151 2769 :
1198 2714 1663 2783 perturbationem
1715 2724 1894 2768 tamen

312 2820 422 2861 non
469 2806 676 2875 absque
709 2807 1084 2862 consolatione
1120 2808 1400 2876 suscipiet,
1441 2807 1534 2878 qui
1585 2808 1636 2862 in
1671 2823 1731 2864 ea
1763 2823 1895 2878 pro-

315 2901 499 2953 missae
545 2899 800 2954 sanitatis
828 2900 982 2968 signa
1006 2901 1158 2967 :esse
1188 2899 1490 2970 cognoscit.
1529 2899 1652 2954 Pari
1685 2901 1895 2954 ratione

315 3008 419 3048 nos
452 3009 670 3062 quoque
693 2994 964 3063 jucundos
1010 3009 1130 3048 esse
1159 3009 1223 3048 ac
1255 2996 1430 3060 laetos,
1487 2997 1616 3049 dum
1649 2996 1762 3064 spei
1795 3009 1895 3050 no-

2957 442 3016 486 et
3063 431 3248 487 verius
3299 430 3601 489 habeamus

2008 518 2285 586 speranda
2327 534 2494 588 quam
2525 519 2808 575 sensibilis
2837 538 2852 575 :
2885 530 2942 577 et
2991 530 3288 591 prmsentes
3315 524 3600 593 angustias

2009 623 2122 663 non
2166 609 2492 677 sentiamus,
2527 611 2656 666 dum
2705 612 2762 667 in
2819 613 3062 670 futuram
3099 630 3250 685 spem
3288 624 3402 670 tota
3425 616 3602 671 aitimi

2009 701 2317 757 intentione
2366 705 2773 773 protendimur.
2804 706 2885 762 Ac
2915 707 2961 762 si
2993 707 3223 763 bellator
3253 708 3454 776 aliquis
3492 709 3597 763 do-

2007 795 2180 852 lorem
2227 798 2478 854 vulneris
2508 809 2602 854 aut
2654 810 2992 866 contemnat,
3036 811 3132 856 aut
3185 802 3409 867 nesciat,
3461 802 3594 856 dum

2007 891 2270 948 omnibus
2294 893 2612 949 vivacitatis
2635 895 2889 950 sensibus
2913 899 3090 950 solam
3115 895 3328 950 videtur
3353 897 3600 966 cogitare

2005 981 2313 1038 victoriam.
2366 984 2504 1039 Nam
2548 997 2606 1041 et
2635 987 2726 1053 qui
2772 996 3016 1058 tempore
3062 988 3261 1043 hiemis
3320 989 3468 1042 vadit
3523 985 3594 1042 ad

2005 1074 2258 1140 balneas,
2304 1079 2462 1146 prius
2500 1081 2852 1148 asperitatem
2892 1079 3111 1149 frigoris
3168 1081 3347 1136 nudus
3376 1081 3592 1149 patien-

2006 1178 2090 1224 ter
2105 1170 2332 1239 ettcipit,
2362 1172 2487 1240 quia
2510 1187 2638 1228 eum
2657 1183 2912 1229 secutura
2949 1175 3232 1229 ealefactio
3252 1175 3590 1232 consolatur.

2005 1258 2086 1314 Ita
2119 1269 2272 1315 certa
2306 1277 2435 1332 spes
2474 1277 2596 1317 rem.
2623 1265 2792 1319 vincit
2841 1266 3160 1331 instantem,
3190 1273 3250 1320 ut
3293 1265 3422 1321 illud
3449 1281 3590 1334 quo-

2003 1350 2298 1408 dammodo
2322 1368 2446 1411 esse
2472 1355 2700 1424 incipiat
2720 1359 2868 1426 quod
2893 1358 3139 1413 imorum
3167 1367 3273 1422 est,
3301 1367 3358 1413 et
3374 1359 3589 1413 desinat

2002 1458 2126 1502 esse
2157 1449 2304 1514 quod
2348 1464 2590 1524 praesens
2613 1463 2715 1508 est.
2750 1452 2815 1507 In
2843 1469 2943 1517 me,
2976 1453 3148 1522 inquit
3177 1452 3459 1518 Dominus,
3491 1467 3590 1522 pa-

2003 1539 2114 1592 trm
2163 1542 2426 1608 habeatis,
2471 1543 2572 1598 hoc
2618 1553 2703 1599 est
2741 1545 2928 1599 dicere
2975 1560 2996 1598 ι
3046 1543 3290 1600 Firmius
3327 1545 3486 1600 vobis
3519 1545 3594 1600 sit

2003 1629 2149 1698 quod
2190 1632 2244 1683 in
2277 1645 2365 1686 me
2414 1640 2520 1696 est,
2562 1633 2654 1703 qui
2713 1647 2932 1702 semper
2985 1647 3127 1698 sum,
3162 1647 3328 1704 quam
3359 1631 3596 1702 quodin

2004 1722 2286 1790 temporali
2338 1713 2548 1794 geritur
2596 1725 2819 1780 mundo.
2856 1725 3000 1792 Quia
3026 1726 3258 1780 mundus
3309 1726 3594 1791 transibit,

2003 1823 2058 1868 et
2081 1814 2286 1868 malitia
2335 1830 2688 1886 quaecunque
2714 1817 2897 1884 agitur
2944 1817 2996 1870 in
3037 1816 3182 1886 ipso,
3214 1815 3450 1872 finietur.
3480 1815 3590 1870 Pax

2005 1918 2136 1958 vero
2167 1919 2286 1959 mea
2342 1906 2492 1960 nulla
2553 1922 2794 1976 unquam
2849 1907 3156 1963 defectione
3192 1908 3452 1976 temporis
3479 1907 3590 1962 sol-

2003 2005 2181 2051 vetur.
2209 1997 2274 2051 Et
2307 1998 2432 2054 alibi
2463 2000 2595 2054 dicit
2637 2018 2651 2055 :
2693 1998 2892 2054 Mulier
2946 2017 3064 2055 eum
3107 2001 3272 2069 parit,
3305 2001 3580 2053 tristitiam

2002 2086 2178 2151 habet,
2212 2090 2463 2158 quoniam
2493 2092 2630 2145 venit
2658 2093 2930 2165 dies'ejus.
2951 2093 3083 2158 Cum
3111 2100 3291 2145 autem
3321 2092 3586 2160 pepererit

1999 2191 2244 2244 puerum,
2286 2195 2387 2232 non
2422 2182 2656 2236 meminit
2691 2183 2809 2251 jam
2854 2199 3138 2249 pressurae,
3215 2192 3426 2250 propter
3451 2198 3588 2251 gau-

2001 2268 2172 2333 dium,
2208 2269 2332 2339 quia
2366 2281 2526 2328 uatus
2552 2281 2630 2326 est
2657 2274 2811 2326 homo
2847 2274 2900 2327 in
2932 2274 3210 2327 mundum.
3238 2273 3305 2326 Et
3335 2289 3420 2326 vos
3446 2289 3586 2327 nunc

1999 2359 2209 2428 quidem
2254 2364 2544 2417 tristitiam
2575 2365 2804 2432 habetis,
2860 2366 2950 2419 sed
2979 2366 3192 2418 tristitia
3225 2375 3398 2420 uestra
3416 2375 3584 2419 uerte-

2001 2459 2089 2506 tur
2112 2454 2164 2506 in
2189 2456 2465 2525 gaudium.
2493 2455 2882 2512 Iterumautcm
2909 2459 3090 2511 videbo
3116 2475 3226 2523 vos,
3255 2470 3305 2511 et
3327 2457 3582 2528 gaudebit

2001 2562 2092 2600 eor
2127 2561 2376 2612 uestrum,
2397 2560 2442 2602 et
2473 2549 2730 2622 gaudium
2759 2562 3154 2604 restrumnemo
3189 2548 3340 2604 tollet
3373 2564 3406 2603 a
3435 2547 3580 2604 vobis

2000 2636 2185 2711 (Joan.
2217 2657 2313 2707 ιιι,
2345 2640 2466 2710 2|).

2071 2731 2140 2786 ll.
2165 2733 2525 2802 Aptissimum
2555 2747 2796 2804 namque
2823 2733 2890 2788 ad
2920 2732 3388 2802 comparationem
3414 2732 3587 2789 tribu-

1999 2821 2262 2878 lationum
2288 2825 2632 2894 prtesentium
2656 2836 2711 2880 et
2742 2825 3048 2880 futurormn
3067 2825 3411 2893 gaudiorum,
3442 2841 3582 2895 pra:-

1999 2916 2218 2984 gnantis
2245 2916 2494 2970 mulieris
2525 2916 2738 2970 induxit
2774 2917 3088 2986 exemplum
3126 2933 3140 2970 :
3175 2931 3293 2984 qua:
3332 2918 3586 2985 quamvis

2000 3023 2224 3062 causam
2279 3020 2462 3077 partus
2522 3025 2625 3063 non
2679 3011 2886 3080 absque
2945 3010 3150 3079 ingenti
3199 3010 3338 3064 sciat
3390 3009 3580 3064 dolore

314 3102 340 3140 ε
371 3102 448 3140 rae
504 3087 655 3155 signa
691 3087 1082 3157 conspicimuS.
1127 3088 1622 3155 comprobmionem
1650 3089 1766 3159 eius
1801 3103 1895 3144 su-
1924 3133 1968 3192 ο
2004 3100 2236 3154 transire
2279 3099 2451 3170 :‘quia
2483 3101 2745 3156 aviditate
2783 3101 2947 3155 ttitttia
2993 3102 3197 3156 liberos
3225 3101 3392 3168 ευνῑι,
3429 3101 3582 3155 dolo-

313 3179 539 3245 mimus,
569 3195 695 3232 cum
727 3196 825 3249 per
851 3181 994 3234 mala
1018 3183 1332 3250 praesentia,
1361 3182 1544 3235 futura
1572 3182 1710 3236 bona
1738 3183 1898 3236 indu~

312 3268 499 3324 bitata
551 3271 672 3325 lidei
729 3273 982 3326 manibus
1011 3272 1125 3342 jam
1167 3282 1440 3328 tenemus.
1499 3273 1805 3342 Siquidem,
1840 3284 1899 3328 ut

314 3364 515 3417 dictum
570 3375 682 3428 est,
715 3365 861 3419 salus
915 3376 1098 3419 nostra
1153 3367 1208 3420 in
1259 3376 1492 3434 tempore
1539 3366 1896 3422 tribulationis

315 3454 489 3525 (Psal.
537 3472 784 3522 cxxxvtt,
831 3457 945 3526 59).
993 3456 1207 3512 Nullam
1241 3471 1372 3529 ergo
1425 3459 1587 3512 debet
1626 3473 1898 3526 generare

314 3549 592 3604 tristitiam
647 3551 1026 3618 qualecunque
1099 3550 1237 3604 illud
1269 3559 1377 3614 est,
1417 3553 1558 3617 quod
1604 3551 1896 3605 maximam

312 3637 530 3692 videtur
564 3638 874 3707 significare
909 3638 1174 3693 laetitiam.
1205 3637 1300 3693 Est
1343 3639 1486 3693 enim
1517 3639 1606 3694 ille
1630 3642 1898 3708 superbus

312 3743 377 3784 ac
401 3729 641 3794 invidus,
676 3740 767 3783 aut
796 3730 878 3785 sui
912 3729 1229 3786 fastidiosus
1257 3732 1405 3795 boni,
1434 3747 1594 3800 quem
1617 3733 1738 3803 ejus
1767 3749 1896 3802 pro-

312 3821 463 3873 batio
498 3819 676 3874 reddit
719 3821 1038 3875 tristiorem.
1068 3821 1204 3875 Dicit
1229 3823 1370 3876 enim
1402 3823 1456 3875 in
1477 3822 1769 3892 Evangelio
1788 3825 1898 3878 Do-

311 3918 525 3967 minus:
559 3913 654 3966 Vos
693 3916 934 3984 lugebitis
974 3927 1024 3969 et
1056 3916 1267 3983 ﬂebitis,
1290 3917 1515 3970 mundus
1547 3928 1728 3970 autem
1757 3935 1896 3985 gau-

309 4004 450 4056 debit
469 4020 489 4057 :
507 4019 596 4056 vos
613 4006 1080 4072 contristabimini,
1103 4005 1195 4058 sed
1218 4007 1437 4059 tristitia
1465 4017 1640 4060 vestra
1661 4017 1896 4060 vertetur

309 4097 366 4148 in
410 4097 670 4165 gaudium
703 4095 891 4166 (Joan.
925 4113 1038 4160 xw,
1069 4097 1184 4167 20).
1215 4099 1611 4166 Amplectenda
1647 4111 1731 4155 est
1763 4115 1895 4170 ergo

313 4190 538 4243 tristitia
579 4205 701 4258 quae
747 4191 1006 4260 gaudium
1046 4195 1238 4258 parit:
1277 4203 1332 4246 et
1367 4207 1473 4247 non
1501 4195 1620 4262 ejus
1661 4197 1893 4249 materia

310 4292 398 4336 est
411 4284 834 4338 consideranda.
858 4284 999 4350 Quia
1026 4302 1170 4355 stepe
1194 4301 1288 4355 per
1309 4287 1647 4342 dulcedinem
1677 4288 1698 4341 ί
1702 4300 1892 4344 ructus

309 4378 510 4446 placet,
539 4379 684 4446 quod
723 4393 970 4432 amarunt
1017 4380 1231 4433 horruit
1261 4381 1315 4434 in
1349 4382 1548 4436 radice.
1595 4380 1658 4435 Et
1696 4383 1889 4438 iterum

2007 3189 2079 3244 ris
2104 3200 2432 3247 tormentum
2455 3195 2684 3263 spernit,
2709 3194 2839 3248 dum
2877 3195 3020 3262 quod
3050 3195 3185 3248 satis
3221 3193 3415 3262 diligit,
3445 3205 3580 3247 con-

2001 3282 2252 3350 copiscil,
2288 3293 2489 3339 etante
2536 3284 2735 3354 gaudet
2790 3301 2856 3340 ex
2922 3285 3098 3354 prole,
3173 3299 3335 3354 quam
3373 3285 3581 3338 contri-

1979 3369 2177 3426 stetur
2212 3386 2280 3426 ex
2314 3382 2475 3442 partu
2513 3388 2661 3428 :nec
2711 3384 2928 3428 recusat
2952 3372 3304 3427 fecunditatis
3339 3371 3580 3435 exordia,

2000 3463 2248 3532 quamvis
2278 3474 2427 3518 certa
2468 3464 2541 3519 sit
2563 3480 2628 3520 ea
2661 3481 2770 3519 non
2805 3465 3010 3534 absque
3041 3463 3252 3534 magnis
3284 3465 3582 3534 angoribus

1999 3563 2261 3608 eventura
2316 3571 2333 3610 ς
2377 3557 2635 3625 quoniam
2675 3557 2808 3610 dum
2857 3557 3030 3626 majus
3064 3557 3320 3626 gaudium
3354 3557 3577 3625 cogitat,

2002 3646 2238 3701 tristitiae
2266 3662 2460 3703 causas
2475 3648 2842 3716 amplectitur.
2873 3648 2966 3703 Sic
2992 3658 3046 3703 et
3074 3649 3126 3702 in
3159 3649 3416 3704 ou'uibus
3443 3663 3582 3718 pene

1999 3739 2162 3793 rebus
2191 3739 2444 3796 humanis
2467 3740 2682 3796 diﬂicile
2711 3752 2888 3810 potest
2917 3757 3039 3796 esse
3093 3743 3302 3806 laetitia,
3333 3742 3434 3796 nisi
3486 3741 3584 3794 tri-

1999 3830 2149 3884 stitia
2181 3838 2306 3882 ante
2325 3833 2689 3898 praecesserit,
2712 3841 2766 3885 et
2789 3832 3094 3885 amaritudo
3118 3832 3411 3900 praeeuntis
3429 3831 3580 3885 dolo-

2001 3921 2076 3974 ris
2102 3921 2448 3975 commendat
2465 3922 2696 3988 amplius
2725 3921 2920 3989 gaudia
2941 3930 3220 3976 secutura.
3247 3922 3337 3976 Sic
3355 3923 3574 3989 quidem

1999 4011 2291 4080 pretiosior
2332 4010 2634 4066 salubritas
2665 4021 2769 4075 est,
2797 4025 2918 4078 quae
2962 4022 3084 4078 post
3113 4011 3389 4079 languoris
3419 4025 3574 4066 recu-

1999 4113 2222 4175 peratur
2276 4103 2684 4159 incommodum
2733 4119 2750 4158 :
2809 4111 2861 4154 et
2918 4117 2949 4155 a
3005 4102 3249 4171 qualibet
3272 4112 3448 4170 parte,
3505 4117 3572 4156 es

1997 4197 2205 4264 majore
2246 4211 2387 4264 saepe
2429 4195 2632 4252 laboris
2670 4194 3016 4252 necessitate,
3043 4193 3110 4247 ad
3140 4195 3457 4262 :nnpliorcm
3489 4209 3584 4248 so—

1998 4290 2070 4344 let
2127 4290 2450 4342 felicitatem
2497 4286 2697 4340 veniri.
2754 4288 2844 4340 Sic
2891 4285 2982 4356 qui
3037 4286 3238 4340 litterae
3292 4287 3584 4341 scientiam

1998 4381 2274 4434 desiderat
2303 4380 2527 4443 habere,
2556 4380 2600 4432 si
2631 4379 2879 4433 discendi
2916 4395 3022 4432 non
3052 4379 3356 4447 susceperit
3392 4379 3576 4442 taedia,

308 4472 392 4523 ait
424 4471 685 4524 Dominus
712 4489 727 4526 :
764 4469 892 4526 llam
926 4471 1133 4525 loeutus
1162 4489 1278 4525 sum
1312 4473 1479 4537 vobis,
1518 4484 1574 4526 ut
1605 4475 1662 4527 in
1692 4491 1771 4528 me
1790 4492 1890 4543 pa-
1924 4474 1966 4529 υ
1998 4475 2206 4542 peritiae
2236 4475 2436 4543 gaudia
2464 4472 2693 4541 adipisci
2726 4487 2834 4525 non
2882 4471 3101 4540 poterit.
3135 4469 3246 4524 Nec
3287 4471 3578 4539 cujuslibet

308 4579 420 4616 rem
451 4563 687 4617 habeatis
717 4566 810 4626 ;in
835 4564 931 4618 hoc
978 4573 1155 4618 autem
1181 4568 1379 4618 mundo
1403 4581 1705 4633 pressuram
1730 4569 1892 4622 liabe-

307 4657 436 4709 bitis
489 4656 654 4724 (Ibid.
693 4657 806 4725 35).
845 4656 984 4721 Quid
1023 4658 1125 4710 hoc
1152 4665 1240 4711 est
1265 4659 1409 4726 quod
1441 4659 1596 4720 dicit,
1631 4671 1682 4711 ut
1721 4661 1774 4713 in
1814 4677 1894 4714 me

307 4763 490 4817 parem
521 4749 784 4812 habeatis,
817 4751 872 4801 in
918 4751 1016 4802 hoc
1043 4752 1238 4804 mundo
1262 4766 1566 4818 pressuram
1594 4751 1847 4816 habebitis
1869 4754 1896 4807 Ρ

310 4841 418 4894 nisi
453 4853 516 4896 ut
553 4851 704 4896 tanta
760 4843 814 4896 in
849 4842 1009 4896 nobis
1046 4844 1120 4895 sit
1162 4844 1282 4912 ejus
1337 4843 1634 4897 credulitas
1682 4845 1894 4912 pollicio

307 4933 560 4996 talionis,
591 4943 650 4987 ut
689 4949 812 4988 cum
849 4936 1040 4989 mundi
1073 4936 1214 4988 mala
1251 4936 1510 5004 patimur,
1548 4935 1746 4990 futura:
1774 4937 1890 5006 spei

311 5023 530 5086 fiducia,
565 5023 620 5078 in
650 5039 862 5080 summa
891 5041 1024 5095 pace
1061 5040 1160 5081 nos
1185 5041 1307 5082 esse
1347 5031 1637 5081 credamus
1669 5045 1684 5078 :
1714 5038 1894 5081 tanta-

307 5131 418 5183 que
448 5116 520 5170 sit
561 5117 614 5170 in
667 5118 822 5172 nobis
852 5133 976 5188 spes
1026 5118 1366 5185 futurorum,
1410 5127 1469 5172 ut
1503 5119 1728 5174 omnino
1785 5135 1888 5174 non

309 5209 613 5263 sentiamus
686 5221 786 5262 nos
843 5211 1125 5266 sustinere
1185 5213 1276 5265 illa
1329 5227 1450 5280 quae
1479 5213 1740 5281 patimur,
1792 5214 1889 5267 sed

308 5315 374 5352 ea
408 5303 588 5370 potius
629 5302 958 5356 arbitremur
1007 5303 1118 5373 jam
1166 5304 1412 5357 obtinere
1443 5319 1564 5372 qua:
1592 5304 1884 5359 credimus.

310 5391 592 5462 Siquidem
619 5395 825 5448 dictum
853 5403 957 5460 est,
989 5397 1128 5448 unde
1155 5401 1330 5449 totum
1367 5410 1466 5449 nos
1495 5397 1546 5449 in
1577 5396 1760 5449 futuro
1790 5398 1888 5448 ha.

308 5489 442 5539 bere
463 5487 846 5555 cognoscimus
877 5506 890 5542 :
922 5486 1022 5556 Spe
1050 5489 1183 5542 salvi
1226 5488 1354 5554 facti
1389 5504 1588 5542 sumus.
1623 5488 1751 5556 Sper
1785 5504 1884 5540 nuc

311 5586 414 5632 tem
442 5596 560 5648 qua
578 5580 783 5634 videtur
810 5597 910 5634 non
934 5587 1012 5635 est
1040 5599 1152 5648 spes
1187 5583 1366 5653 (Rom.
1393 5597 1509 5648 t'ttt,
1536 5583 1652 5652 24).
1680 5583 1762 5635 Ad
1789 5583 1889 5636 hoc

307 5683 442 5740 ergo
492 5679 695 5724 tantam
744 5671 798 5725 in
854 5659 1010 5728 nobis
1043 5675 1164 5729 lidei
1209 5674 1563 5729 stabilitatem
1627 5672 1886 5727 Dominus

311 5779 435 5818 esse
461 5765 765 5834 desiderat,
791 5773 852 5820 ut
873 5766 1072 5822 certius
1097 5781 1218 5822 esse
1241 5767 1380 5824 uubd
1411 5766 1702 5830 credimus,
1723 5781 1882 5835 quam

1997 4565 2326 4618 eruditionis
2379 4565 2672 4632 quisquam
2727 4565 2932 4617 habere
2971 4564 3166 4632 poterit
3193 4562 3440 4632 gloriam,
3472 4563 3582 4618 nisi

1995 4655 2160 4708 animi
2187 4667 2356 4709 aestus
2381 4664 2511 4709 ante
2545 4655 2710 4709 fuerit
2738 4670 3049 4724 perpessus.
3083 4654 3332 4723 Agricola
3361 4668 3579 4724 quoque

1995 4747 2066 4802 de
2097 4748 2346 4802 ubertate
2377 4747 2594 4815 frugum
2638 4748 2807 4802 laetari
2868 4763 2974 4800 non
3005 4751 3229 4816 poterit,
3280 4749 3381 4800 nisi
3421 4747 3578 4816 prius

1997 4848 2142 4894 terra
2179 4839 2348 4892 multo
2380 4839 2562 4892 labore
2593 4837 2912 4892 confeci-rit.
2945 4837 3010 4890 Et
3041 4847 3192 4891 tanto
3224 4837 3396 4906 magis
3454 4850 3576 4905 pro-

1995 4934 2272 5003 speritatis
2319 4947 2468 5000 spem
2502 4933 2768 4996 congerit,
2797 4941 3004 5000 quanto
3069 4945 3127 4984 se
3158 4930 3390 4998 amplius
3416 4929 3578 4982 desu-

1995 5027 2154 5081 dasse
2197 5029 2566 5095 cognoverit:
2617 5033 2673 5078 et
2735 5024 2802 5078 de
2853 5024 3040 5077 labore
3090 5023 3337 5090 impenso
3393 5027 3576 5090 sperat

1998 5118 2263 5172 ubertatis
2285 5125 2661 5186 augmentum.
2697 5115 2838 5180 Quid
2875 5117 3020 5184 quod
3056 5114 3112 5168 in
3139 5115 3407 5169 creaturis
3438 5127 3577 5181 pene

1994 5211 2251 5265 omnibus
2282 5210 2356 5263 ita
2384 5223 2506 5263 esse
2538 5209 2919 5277 cognoscimus
2960 5223 2976 5263 :
3009 5207 3120 5260 illic
3178 5206 3433 5274 majorem
3463 5203 3578 5258 fru-

1994 5318 2142 5359 etmn
2171 5302 2342 5372 gigni,
2379 5301 2470 5355 ubi
2507 5315 2754 5355 onerosa:
2792 5300 3106 5354 acerbitatis
3139 5311 3301 5351 causa
3343 5311 3578 5365 praeces-

1993 5396 2166 5452 Scrit?
2194 5395 2326 5447 t‘iam
2363 5404 2416 5446 et
2446 5392 2649 5447 aestatis
2696 5400 2752 5444 et
2779 5393 3023 5444 autumni
3063 5389 3422 5456 temporibus,
3454 5403 3578 5456 qua:

1995 5501 2234 5558 tempora
2273 5486 2520 5540 ministra
2541 5495 2668 5539 sunt
2695 5484 2931 5552 frugum,
2963 5481 3316 5534 sterilitatem
3349 5480 3572 5534 nimiam

1995 5596 2385 5648 nonnunquam
2421 5577 2633 5648 hyemis
2669 5577 2868 5631 lenitas
2919 5575 3122 5638 intulit,
3165 5590 3286 5628 cum
3325 5573 3574 5628 fecundi-

1995 5685 2158 5730 tatem
2185 5671 2474 5726 maximam
2502 5669 2719 5738 frigoris
2743 5683 2887 5737 sa'pe
2912 5668 3222 5735 prmstitcrit
3251 5668 3569 5723 austeritas.

1994 5767 2058 5823 Et
2094 5763 2358 5836 quidquid
2395 5761 2680 5818 clementia
2751 5761 2893 5814 veris
2939 5762 3181 5825 resolvit,
3225 5776 3374 5830 apem
3402 5760 3570 5816 uber-
