4056 6200
467 315 538 376 59
1419 312 1477 373 S.
1526 311 1976 373 IllERONYMl
2022 310 2342 373 OPERUM
2381 310 2788 396 M‘ANTISSA.
3648 313 3717 375 60

471 429 599 485 tatis
627 427 829 484 amisit.
883 428 1122 483 Arbores
1166 441 1296 482 vero
1325 427 1455 495 ipsas
1487 438 1637 483 tanto
1668 427 2038 482 numerosiore
2067 429 2113 487 Α
2141 425 2662 494 insectationemque
2690 421 2991 492 pertulerit,
3019 430 3252 492 quantos
3277 422 3396 477 vitae
3423 437 3534 480 suae
3561 421 3712 480 ἁλι-,εἰ-

469 532 762 595 gravantur
795 521 994 586 fructu,
1018 529 1221 589 quanto
1252 520 1550 576 acerbioris
1587 521 1800 591 frigoris
1829 521 2039 574 violen-

469 618 544 670 tia
579 615 975 685 reprimuntur.
1033 614 1166 668 Cum
1202 628 1472 684 prtecoces
1523 612 1686 667 liores
1739 623 2040 680 opportuna

469 706 758 776 castigatio
809 705 1138 760 refrenando
1184 708 1250 760 ad
1307 706 1605 776 periculum
1642 704 1895 760 festinare
1933 719 2040 759 non

473 800 700 868 patitur,
745 800 874 853 utile
905 801 1346 868 impedimentum
1405 801 1611 867 pruina
1643 816 1659 857 :
1694 809 1748 853 et
1780 798 1922 868 quod
1955 813 2044 853 re-

471 893 680 961 primit.
720 906 826 946 non
857 891 1094 953 oifocat,
1129 894 1220 946 sed
1257 891 1501 948 includit.
1533 894 1600 945 At
1643 905 1772 944 vero
1803 891 1847 946 si
1885 892 2044 960 paulo

471 984 792 1038 elementior
820 983 899 1037 vis
925 984 1198 1037 exstiterit
1219 983 1495 1047 imbrium,
1539 990 1744 1051 quanto
1773 981 2046 1036 luxuriant

473 1075 624 1146 prius
679 1075 1075 1143 indisciplinata
1130 1074 1498 1139 festinatione,
1550 1083 1700 1128 tanto
1752 1083 1873 1142 post
1931 1074 2045 1126 fru.

473 1169 652 1220 etibus
684 1167 1030 1233 deseruntur,
1049 1183 1171 1221 cum
1199 1167 1390 1222 futura:
1405 1168 1547 1220 vires
1575 1167 1879 1234 importuno
1907 1175 2042 1218 tem-

472 1275 602 1326 pore
627 1271 1042 1315 consumuntur.
1068 1261 1284 1314 Semina
1311 1273 1526 1330 quoque
1553 1259 1667 1328 ipsa
1702 1269 1872 1312 terra:
1896 1257 2042 1326 jacta

473 1361 635 1419 atque
678 1352 1004 1416 commissa,
1060 1360 1263 1420 quanto
1319 1351 1528 1420 glaciali
1571 1350 1770 1419 frigore
1825 1360 2046 1403 arcente

471 1439 681 1490 tardius
708 1452 937 1508 surgunt
978 1443 1030 1493 in
1082 1440 1320 1508 frugem,
1369 1442 1485 1494 utili
1525 1442 1704 1495 radice
1735 1443 2044 1512 proficiunt,

472 1545 536 1586 ac
571 1541 718 1585 tanto
765 1534 1106 1600 postmodum
1137 1534 1490 1604 amplioribus
1516 1535 1780 1590 fructibus
1811 1550 2047 1606 praegra-

473 1631 592 1675 vata
641 1635 961 1678 curvantur.
1012 1625 1410 1696 Navigantibus
1461 1641 1678 1695 quoque
1713 1628 2044 1694 ipsislongc

473 1716 790 1770 serenitatis
819 1732 968 1783 spem
998 1718 1468 1786 polliceturnimis
1494 1720 1668 1774 valida
1704 1733 1758 1775 et
1793 1721 2043 1773 diuturna

2149 517 2453 570 militudine
2485 516 2802 583 castigarit?
2831 515 3112 583 Castigare
3156 515 3302 570 enim
3353 515 3518 570 alium
3566 515 3721 572 vide-

2147 619 2263 670 tur,
2317 609 2408 677 qui
2463 609 2528 660 ab
2567 608 2684 675 ejus
2735 609 3152 661 conversatione
3203 605 3476 662 dissentit.
3527 607 3720 661 Nonne

2146 710 2365 756 Sanctus
2399 700 2551 760 Abel,
2588 700 2679 768 qui
2733 699 2785 752 in
2841 697 2946 752 hoc
2983 701 3189 752 mundo
3220 699 3428 768 primus
3461 699 3716 753 innocen-

2147 791 2276 844 tiam
2323 803 2682 844 conservasse
2733 790 3004 859 reperitur
3041 798 3201 858 atque
3243 789 3544 858 justitiam,
3595 806 3717 844 cum

2148 882 2352 935 illibata
2409 882 2518 935 Deo
2568 879 2856 934 obtulisset
2891 897 3140 945 munera,
3177 897 3297 936 mox
3336 893 3396 936 ιιι
3432 897 3717 938 munerum

2147 983 2394 1042 respectu
2440 971 2547 1027 Deo
2581 971 2802 1040 placuit,
2842 987 3012 1042 usque
3061 974 3127 1027 ad
3175 975 3369 1029 mortis
3403 976 3718 1037 illatiouem,

2149 1069 2466 1128 humanum,
2501 1065 2584 1118 vel
2615 1066 2758 1134 quod
2799 1065 3119 1121 Sceleralius
3153 1077 3255 1130 est,
3283 1065 3578 1120 fraternum
3613 1077 3723 1122 sta-r

2150 1161 2246 1214 tim
2279 1159 2550 1214 invenitur
2587 1157 2765 1212 odium
2799 1159 3171 1228 invidiamque
3218 1159 3455 1214 sensisse
3484 1174 3500 1214 :
3529 1169 3584 1214 et
3616 1161 3724 1212 fra-

2150 1250 2248 1302 tris
2277 1248 2414 1317 ejus,
2451 1247 2541 1317 qui
2574 1247 2652 1302 illi
2684 1257 2736 1302 et.
2768 1263 2862 1316 pro
2892 1249 3271 1322 germanitatis
3299 1249 3720 1312 necessitudine.

2149 1350 2203 1394 et
2233 1356 2328 1411 pro
2357 1340 2540 1396 solatii
2577 1355 2739 1396 causa
2773 1341 2918 1411 (quia
2949 1341 3047 1395 soli
3075 1342 3252 1396 adlme
3281 1350 3475 1410 praeter
3505 1342 3720 1396 humani

2149 1436 2364 1506 generis
2401 1436 2676 1506 principes
2719 1437 2773 1491 in
2817 1437 3073 1490 universo
3104 1438 3306 1491 mundo
3343 1440 3522 1504 erant)
3558 1437 3723 1506 majo.

2151 1544 2263 1582 rem
2316 1530 2545 1584 debebat
2580 1531 2868 1584 charitatis
2907 1529 3201 1583 allectum?
3249 1528 3354 1584 Sed
3405 1530 3723 1597 injustitiatu

2152 1623 2340 1677 maluit
2371 1625 2520 1678 omni
2553 1625 2927 1679 consolatione
2977 1625 3220 1686 destitui,
3271 1639 3430 1693 quam
3461 1624 3591 1692 justi
3630 1639 3725 1677 cu-

2145 1713 2380 1782 jnspiant
2414 1717 2676 1770 societate
2712 1716 2929 1770 dissona
2963 1717 3237 1772 conforeri
3273 1733 3286 1772 :
3315 1717 3358 1770 si
3389 1725 3566 1770 tamen
3592 1729 3726 1769 cono

475 1817 794 1874 tempestas.
830 1809 920 1863 Sic
955 1820 1008 1864 et
1041 1812 1282 1866 omnium
1335 1811 1451 1866 fere
1489 1823 1864 1866 creaturarum
1895 1827 2046 1881 spem
2082 1807 2120 1861 ll
2150 1806 2342 1860 solatio
2376 1816 2522 1862 recte
2554 1807 2780 1862 dicenda
2825 1817 2934 1872 est,
2974 1809 3062 1862 ubi
3098 1817 3304 1862 tantum
3356 1809 3579 1862 dissidet
3613 1807 3730 1860 aui-

473 1900 690 1956 diiiicile
742 1903 1038 1958 exsultatio
1085 1904 1290 1972 aliqua,
1345 1905 1443 1956 nisi
1485 1919 1715 1959 maerore
1748 1915 2043 1975 pravetmte,

474 1993 740 2048 succedit.
771 1995 904 2061 Quae
935 1983 1068 2051 cuni
1087 1997 1158 2051 ita
1187 1999 1315 2060 sint,
1339 1998 1717 2067 mqttanimiter
1745 1997 1885 2052 ferre
1914 2014 2050 2052 con-

475 2089 620 2139 venit
691 2103 706 2142 :
749 2087 913 2138 etiam
980 2089 1022 2140 si
1068 2103 1164 2142 nos
1217 2089 1626 2144 tribulationum
1675 2108 1739 2146 ac
1804 2094 2049 2148 dolorum

476 2180 771 2248 asperioris
798 2181 990 2234 hiemis
1015 2183 1245 2251 procella
1266 2186 1626 2242 concusserit.
1653 2193 1800 2238 tanto
1823 2185 2051 2254 amplio-

474 2283 586 2325 rem
621 2272 826 2326 aestatis
862 2271 1096 2326 fructum
1122 2274 1377 2337 delatori,
1407 2287 1613 2344 quanto
1675 2277 1928 2344 praesenti
1962 2277 2056 2330 fri-

475 2379 606 2436 gere
632 2365 798 2417 vitam
823 2365 1023 2419 habere
1055 2367 1348 2434 contigerit
1371 2369 1661 2422 acriorem.
1682 2367 1885 2437 Digerit
1906 2369 2050 2423 enim

477 2455 877 2521 austeritatem,
941 2449 1101 2522 quam
1157 2468 1370 2526 poterat
1426 2475 1724 2525 reservare,
1789 2461 2050 2530 quidquid

477 2547 655 2616 primo
686 2546 886 2622 impetu
921 2548 1084 2616 eripit
1113 2549 1166 2602 in
1209 2553 1435 2604 exitum.
1471 2551 1581 2606 Nec
1613 2552 1718 2607 ulla
1753 2569 1850 2606 nos
1877 2555 2053 2606 insur—

481 2640 658 2707 gentis
685 2640 861 2709 pelagi
900 2641 1057 2695 debet
1081 2649 1289 2696 terrere
1328 2651 1646 2711 tempestas,
1669 2661 1791 2698 cmn
1819 2655 2052 2700 ventura

480 2741 669 2784 nostra
721 2731 792 2783 sit
831 2731 995 2784 etiam
1039 2749 1314 2801 nunquam
1365 2735 1598 2789 tinietula
1658 2737 2048 2808 tranquillitas.

481 2821 692 2874 homini
724 2823 972 2878 estenim
1009 2840 1111 2879 vox
1145 2825 1260 2888 illa,
1297 2826 1527 2882 dicentis
1557 2845 1569 2882 :
1597 2829 1750 2883 Beati
1783 2833 1906 2885 estis
1937 2848 2052 2885 cum

478 2929 569 2967 ros
603 2913 969 2968 maledixerint
1003 2917 1257 2982 homines,
1285 2926 1335 2972 et
1366 2923 1618 2986 persecuti
1655 2939 1741 2976 vos
1765 2924 1982 2992 fuerint,
2005 2935 2053 2978 et

479 3007 648 3058 dicent
669 3022 818 3059 omne
859 3007 1056 3062 malum
1079 3013 1354 3064 adversum
1383 3030 1468 3066 vos
1499 3027 1518 3065 :
1539 3016 1762 3084 gaudete
1807 3025 1854 3070 et
1879 3017 2056 3071 exsul-

481 3107 606 3158 tote,
637 3097 760 3164 quia
795 3114 993 3152 merces
1041 3112 1209 3155 vestra
1244 3105 1453 3162 copioso
1483 3115 1558 3157 est
1586 3106 1639 3158 in
1662 3107 1802 3160 caelis
1841 3107 2051 3175 (Matth.
2083 3137 2125 3194 ο

483 3186 647 3252 ν,Η,
687 3188 796 3256 l2).
843 3189 1101 3260 Quisquis
1144 3191 1287 3246 enim
1319 3194 1588 3248 mercedis
1617 3206 1667 3250 et
1709 3197 2056 3251 beatitudinis

483 3295 594 3334 sua:
630 3296 824 3335 causas
857 3299 960 3336 non
998 3298 1118 3337 cum
1167 3285 1365 3353 ingenti
1404 3287 1601 3355 gaudio
1650 3287 1902 3350 suscipit.
1938 3304 2060 3342 cer-

485 3378 597 3420 tum
629 3379 730 3435 est,
753 3386 873 3422 eum
902 3381 994 3424 aut
1015 3372 1335 3427 inﬁdelitate
1357 3385 1449 3427 aut
1471 3376 1740 3442 imperitia
1778 3377 2054 3432 laborare.

484 3460 789 3528 Optatidtlm
841 3471 926 3516 est
982 3465 1143 3518 et’am
1191 3467 1445 3534 quamvis
1495 3469 1568 3520 sit
1601 3483 1871 3529 amarum,
1915 3469 2056 3537 quod

488 3552 696 3606 lucrum
732 3557 870 3622 parit
904 3573 918 3608 :
958 3567 1011 3609 et
1061 3572 1181 3610 cum
1219 3558 1401 3610 |.t~lilia
1459 3559 1666 3628 majore
1710 3563 2058 3626 sumendum,

483 3643 745 3712 quidquid
793 3646 1109 3714 ampliorem
1148 3657 1372 3716 generat
1407 3651 1736 3705 mercedem.
1783 3651 1894 3706 Nec
1921 3667 2057 3707 con-

484 3737 658 3806 gestio
716 3737 916 3792 labaris
970 3739 1189 3793 vitanda
1237 3751 1343 3807 est,
1381 3756 1500 3811 quze
1556 3752 1638 3798 est
1687 3747 2060 3812 augmentatio

483 3829 918 3882 commodorum.
974 3831 1064 3885 Sic
1097 3846 1330 3900 namque
1392 3833 1792 3902 negotiatorum
1824 3837 2060 3892 aviditas

482 3918 764 3992 amplioris
811 3929 1051 3989 qumstns
1093 3937 1284 3987 causa,
1335 3939 1437 3978 nec
1487 3925 1655 3980 maria
1705 3927 2058 3995 pertimescit,

485 4023 582 4061 nec.
625 4021 837 4063 terrena
879 4012 1220 4078 discrimina,
1251 4029 1375 4084 qua:
1401 4016 1674 4071 interdum
1698 4018 1861 4071 etiam
1885 4035 2062 4072 causa:

483 4101 662 4154 solent
717 4117 839 4155 esse
872 4103 1192 4158 damnorum
1234 4125 1246 4158 :
1293 4114 1347 4160 et
1373 4119 1598 4176 propter
1656 4109 1882 4177 majoris
1923 4111 2058 4164 lucri

485 4207 660 4259 spem,
720 4196 1082 4262 navigationis
1124 4207 1176 4249 et
1218 4200 1672 4267 peregrinationis
1718 4202 2058 4256 incommoda

487 4286 718 4339 libenter
748 4290 1019 4342 assumit:
1051 4288 1172 4356 quia
1202 4289 1452 4357 quamvis
1480 4306 1728 4358 magnus,
1754 4293 1911 4347 facile
1929 4309 2061 4347 con-

489 4379 750 4432 tetnnitttr
800 4379 969 4444 labor,
1025 4379 1115 4434 ubi
1181 4397 1286 4434 non
1334 4393 1442 4435 tam
1491 4383 1691 4437 laboris
1755 4388 2056 4454 quantitas,

2157 1913 2296 1961 mus,
2327 1908 2588 1966 qnanttttn
2638 1899 2744 1952 vita
2797 1899 3091 1953 discordat.
3122 1899 3166 1952 Ο
3199 1900 3326 1954 Cain
3379 1899 3724 1953 miserande!

2155 1989 2282 2058 quid
2345 1989 2498 2058 agis?
2551 2005 2647 2044 cur
2700 1991 2750 2043 itt
2810 1990 3034 2046 fraterni
3087 2001 3138 2046 et
3190 1991 3395 2046 innoxii
3452 1991 3731 2060 sanguinis

2155 2082 2474 2137 effusionem
2500 2084 2703 2136 crudeli
2729 2086 2862 2138 satis
2892 2086 3018 2138 odio
3055 2085 3365 2154 furioseque
3393 2085 3732 2156 prorumpis?

2155 2174 2294 2240 Quid
2335 2175 2430 2229 tibi
2484 2175 2758 2230 solitarius
2809 2178 3133 2233 commeruit
3178 2177 3388 2233 frater?
3421 2193 3580 2248 quam
3619 2179 3728 2232 vim

2107 2313 2115 2321 .
2157 2265 2363 2328 intulit,
2389 2280 2548 2334 quam
2582 2264 2705 2319 fecit
2735 2266 3022 2336 injuriam?
3054 2268 3158 2322 Sed
3185 2283 3306 2338 qua!
3332 2269 3503 2336 tuajor
3530 2269 3732 2337 injttsto

2156 2356 2352 2422 injuria
2404 2373 2524 2411 esse
2567 2367 2769 2424 poteSI,
2821 2374 2980 2428 quant
3038 2359 3142 2413 vita
3189 2360 3416 2429 justititc
3467 2359 3558 2432 [F.
3611 2361 3732 2414 vita:

2153 2448 2435 2520 justitia]?
2484 2451 2536 2503 in
2591 2457 2690 2504 hoc
2738 2462 2944 2506 tantutn
3002 2453 3094 2508 tibi
3147 2453 3422 2521 displicuit
3459 2455 3731 2508 solitarius

2159 2539 2344 2600 frater,
2374 2541 2514 2609 quod
2545 2540 2653 2593 Deo
2685 2543 2895 2610 placere
2924 2544 3181 2612 gestivit?
3219 2543 3434 2600 Fuisses
3457 2556 3510 2598 et
3541 2555 3594 2598 tu
3624 2546 3732 2598 Deo

2158 2630 2377 2699 plazens
2413 2647 2428 2686 :
2465 2634 2727 2702 numquid
2777 2645 2830 2687 et
2877 2644 2928 2688 te
2977 2634 3064 2688 ille
3109 2635 3458 2692 excluserat?
3500 2636 3579 2689 Au
3625 2645 3730 2688 tatu

2158 2738 2450 2793 pauperem
2490 2722 2582 2776 Dei
2621 2725 2940 2778 t-ltaritatem
2993 2741 3112 2781 esse
3158 2744 3511 2798 cognoveras,
3549 2740 3604 2782 ut
3638 2747 3733 2783 vos

2161 2814 2323 2868 simul
2362 2829 2546 2868 amare
2585 2831 2689 2868 non
2741 2817 2961 2882 posset?
3005 2817 3112 2871 Sed
3143 2820 3357 2887 quando
3400 2821 3501 2873 hoc
3545 2835 3733 2874 amens

2159 2907 2328 2961 sentit
2379 2907 2603 2973 invidia,
2637 2924 2758 2976 qua:
2791 2919 2978 2962 eontra
3026 2911 3225 2964 bonum
3261 2926 3473 2981 semper
3503 2911 3731 2974 laborat,

2159 3013 2213 3057 et
2251 3019 2356 3056 non
2412 3003 2596 3057 videt?
2643 3003 2889 3073 Denique
2935 3006 3080 3074 quod
3130 3005 3334 3074 justum
3385 3017 3467 3061 est
3501 3008 3734 3060 videndo

2161 3113 2267 3148 non
2316 3111 2470 3164 passa
2509 3106 2590 3150 est
2624 3113 2638 3152 :
2676 3098 2976 3163 moriendo,
3013 3113 3184 3170 magis
3217 3110 3436 3169 accepta
3473 3101 3732 3155 vilefat-it.

2165 3188 2460 3250 Erubesce,
2494 3203 2528 3242 0
2555 3187 2716 3242 nimis
2747 3190 3070 3256 miserande,
3105 3191 3275 3246 livore
3301 3193 3519 3245 testaris
3549 3194 3735 3246 melio-

2163 3295 2275 3333 rem
2311 3289 2360 3332 te
2393 3295 2536 3344 esse,
2573 3280 2658 3334 cui
2695 3289 2746 3334 te
2789 3281 3010 3335 exhibes
3045 3283 3371 3336 nociturum.
3411 3283 3540 3350 Quae
3572 3285 3736 3350 igitur

2164 3373 2277 3425 haec
2314 3381 2473 3426 lautae
2503 3373 2838 3426 crudelitatis
2873 3373 3073 3426 duritia
3107 3373 3226 3434 fuit.
3261 3384 3315 3428 ut
3353 3391 3456 3429 non
3488 3376 3569 3431 vel
3605 3377 3736 3430 soli-

2163 3463 2402 3514 tudinem
2438 3471 2584 3514 tuam
2633 3463 3003 3532 recogitares?
3034 3463 3150 3530 Quo
3184 3466 3366 3520 animo
3395 3471 3734 3534 postmodum

2163 3553 2473 3620 parricidali
2525 3553 2597 3606 illi
2649 3568 2840 3623 campo
2877 3566 3125 3610 reversus
3169 3570 3250 3622 es,
3286 3559 3518 3626 qualiter
3550 3570 3734 3629 postea

2162 3648 2367 3716 absque
2401 3647 2562 3700 unico
2609 3646 2777 3700 fratre
2826 3648 2975 3702 solus
3029 3649 3083 3701 in
3121 3658 3233 3702 toto
3280 3651 3478 3704 mundo
3523 3653 3739 3706 vixisti?

2165 3753 2270 3793 non
2307 3749 2413 3792 tam
2450 3741 2502 3792 itt
2538 3738 2704 3793 fratre
2731 3740 2945 3794 lucratts
2975 3741 3367 3807 hereditatum,
3398 3759 3560 3812 quam
3593 3747 3737 3814 quod

2164 3833 2273 3884 duo
2323 3832 2514 3894 eratis,
2564 3832 2822 3886 auxilium
2867 3832 3250 3888 sollicitudinis
3299 3837 3546 3904 perdens.
3597 3837 3736 3904 Quid

2161 3925 2304 3976 enim
2330 3924 2467 3976 intra
2493 3923 2835 3991 cogitationis
2861 3933 2963 3978 tua:
2989 3935 3197 3980 secreta
3221 3927 3498 3994 volvebas,
3522 3931 3739 3998 quando

2164 4023 2343 4068 tecum
2376 4015 2550 4078 illum,
2579 4029 2740 4085 quem
2769 4015 2942 4069 solmn
2987 4016 3332 4080 familiarem,
3369 4036 3527 4089 quem
3561 4023 3736 4075 solum

2164 4107 2395 4168 socium,
2421 4123 2581 4175 quem
2620 4108 2796 4162 solum
2829 4111 3089 4177 collegam
3125 4112 3325 4166 habere
3350 4128 3735 4178 consueveras,

2166 4216 2270 4252 non
2306 4199 2565 4254 videbas?
2609 4199 2746 4254 Num
2797 4203 2989 4258 sanius
3033 4202 3232 4267 fuerat,
3267 4206 3311 4259 si
3364 4207 3437 4260 ita
3487 4217 3539 4260 te
3585 4207 3736 4261 furor

2166 4291 2382 4344 invidiae
2406 4281 2772 4360 compulisset,
2801 4305 2858 4347 ut
2882 4294 3069 4362 ipsein
3099 4305 3148 4349 te
3175 4297 3471 4352 sceleratas
3500 4307 3738 4354 vorteres

2169 4401 2381 4446 manus.
2417 4394 2470 4437 et
2521 4400 2670 4437 artua
2704 4388 3069 4455 parricidalia,
3101 4399 3188 4442 tua
3221 4405 3381 4457 quam
3414 4389 3599 4444 fratris
3632 4393 3737 4446 vita

487 4488 647 4539 quam
711 4473 828 4540 ejus
862 4473 1065 4527 utilitas
1094 4477 1387 4543 cogitatur.
1424 4475 1488 4529 Et
1519 4479 1563 4530 si
1601 4478 1651 4530 id
1690 4477 1818 4538 fieri
1841 4490 2061 4549 pl'Oph-r
2095 4467 2141 4528 Ι)
2168 4473 2463 4530 sensisset?
2495 4473 2681 4528 Nullus
2709 4489 2817 4530 tam
2847 4479 3079 4532 crudelis
3125 4480 3393 4536 homicida
3441 4491 3543 4547 est,
3576 4500 3736 4552 quam

490 4565 808 4634 temporalia
840 4577 894 4618 et
927 4567 1135 4618 incerta
1167 4567 1316 4620 lucra
1349 4571 1715 4637 conspicinnts
1746 4586 1760 4624 :
1803 4572 1934 4640 quid
1972 4589 2062 4627 no-

491 4657 574 4711 bis
610 4666 832 4724 propter
861 4669 1086 4724 zeIerna,
1129 4669 1183 4713 et
1236 4661 1358 4719 sine
1394 4663 1502 4716 ttlla
1533 4664 1898 4734 ambiguitate
1928 4681 2059 4721 ven-

491 4757 634 4812 tura,
688 4749 756 4801 sit
809 4752 1071 4817 agentium
1121 4752 1446 4819 cogitemus.
1481 4751 1616 4806 Nam
1655 4770 1779 4808 cum
1844 4755 2057 4808 illorum

489 4843 662 4901 lucra,
722 4840 949 4906 insidiae,
988 4842 1070 4894 vel
1127 4843 1364 4910 pericula
1415 4845 1723 4914 praecedant
1761 4847 2061 4901 :similiter

490 4942 678 4986 nostra
742 4934 1023 4986 commoda
1087 4934 1386 5002 dispendiis
1439 4938 1808 5004 cumulantur,
1859 4949 1911 4993 et
1962 4942 2062 4992 sub

489 5025 732 5092 periculo
780 5023 1022 5078 feliciora
1057 5028 1398 5095 contingunt.
1429 5027 1559 5093 Qua:
1600 5029 1942 5082 incommoda
2007 5030 2058 5080 in

495 5125 706 5171 tantum
751 5117 1158 5172 tribulationem
1196 5133 1302 5171 non
1331 5129 1598 5186 metuunt,
1629 5129 1687 5173 ut
1719 5121 1882 5174 etiam
1916 5134 2064 5173 mors

495 5213 666 5275 possit
724 5221 946 5278 propter
977 5210 1067 5264 illa
1103 5212 1400 5266 contemni.
1437 5211 1706 5279 Siquidem
1745 5213 1978 5278 pretiosa
2009 5212 2064 5265 in

491 5313 766 5363 consrecm
792 5301 1002 5356 Domini
1019 5320 1160 5356 mors
1181 5315 1483 5357 sanctorum
1498 5305 1613 5372 ejus
1631 5303 1801 5374 (Psal.
1817 5303 2062 5372 cvaB).

565 5394 654 5448 Ill.
693 5394 794 5450 Sed
831 5411 930 5465 ego
977 5404 1028 5449 te.
1059 5410 1156 5450 cur
1199 5397 1264 5448 ad
1301 5396 1660 5450 tribulationis
1708 5396 2056 5462 patientiam,

495 5487 747 5548 humanis
777 5496 872 5542 aut
899 5490 1183 5558 prasentis
1210 5489 1330 5541 vitte
1363 5502 1660 5556 provocare
1692 5503 1862 5542 conor
1885 5504 2067 5541 excm-
2095 5488 2098 5492 ’

495 5581 599 5648 piis
629 5595 646 5633 :
677 5595 799 5633 cum
843 5582 1046 5634 nullum
1090 5596 1226 5647 pene
1257 5580 1494 5634 sciamus
1527 5579 1694 5634 fuisse
1728 5589 2062 5644 sanctorum,

496 5671 586 5734 qui
622 5671 980 5735 procellosum
1013 5671 1168 5735 hujus
1195 5671 1450 5738 temporis
1478 5685 1706 5739 agonem
1740 5672 1942 5740 absqtte
1973 5676 2068 5724 tri—

501 5762 792 5815 bulationis
823 5769 1140 5831 tempestate
1178 5763 1458 5816 ιι’;ιιι;,3υι·ἱι
1494 5778 1507 5819 :
1541 5773 1592 5817 et
1636 5772 1904 5818 tantorum
1941 5765 2063 5817 odia

2163 4567 2254 4635 qui
2306 4567 2375 4619 ita
2433 4583 2557 4636 erga
2613 4568 2838 4621 alterum
2883 4571 3063 4633 srevit,
3101 4580 3161 4623 ut
3211 4586 3315 4626 non
3375 4585 3566 4639 parcat
3615 4575 3740 4628 sibi.

2164 4658 2300 4722 Quid
2349 4659 2516 4712 miser
2565 4657 2778 4712 facinus
2813 4670 2960 4713 tuum
2996 4660 3354 4732 interroganti
3392 4664 3496 4719 Deo
3530 4681 3739 4733 negas:

2163 4761 2217 4802 et
2242 4751 2367 4804 dum
2405 4765 2669 4805 excusare
2700 4754 2898 4818 credis,
2930 4768 3155 4808 accusas
3187 4769 3202 4810 :
3230 4765 3288 4810 ut
3321 4756 3462 4810 nulla
3509 4758 3605 4812 tibi
3643 4771 3743 4814 nec

2165 4837 2526 4894 confessionis
2578 4856 2678 4894 nec
2731 4843 2996 4895 mendacii
3033 4847 3205 4912 possit
3244 4847 3380 4901 ratio
3413 4849 3746 4902 subvenire?

2167 4931 2300 4982 Nam
2387 4931 2488 4984 nisi
2567 4932 2822 4987 scivisscs
2895 4939 3096 4989 malum
3169 4953 3291 4993 csse
3363 4941 3743 5008 parriciditnn,

2168 5039 2272 5076 noti
2323 5038 2598 5092 negasses.
2643 5023 2748 5078 Sed
2801 5025 2916 5079 iure
2966 5031 3301 5083 consuetudo
3334 5032 3610 5099 peccantis
3640 5043 3745 5098 est,

2168 5125 2226 5168 ut
2255 5115 2458 5168 malum
2484 5131 2695 5184 semper
2721 5118 2851 5172 velit
2879 5123 3128 5189 negando
3155 5123 3455 5190 geminare,
3481 5133 3536 5179 et
3563 5125 3748 5180 dicere

2168 5219 2248 5266 se,
2281 5215 2374 5258 aut
2405 5219 2511 5258 non
2545 5204 2738 5259 fecisse
2767 5195 2909 5274 quod
2955 5209 3100 5272 fecit,
3137 5219 3230 5264 aut
3270 5210 3414 5265 bono
3455 5225 3742 5282 operatum

2167 5310 2288 5348 esse
2322 5295 2457 5360 zelo,
2495 5298 2637 5365 quod
2673 5313 2796 5351 eum
2847 5307 3059 5355 constat
3107 5303 3251 5356 malo
3285 5307 3519 5373 gessisse
3552 5306 3744 5362 livore.

2171 5385 2236 5440 Et
2265 5400 2443 5454 putas,
2473 5391 2656 5456 miser,
2689 5394 2832 5458 quod
2863 5390 3010 5445 illum
3058 5392 3268 5450 facinus
3318 5397 3530 5450 latuerit
3563 5408 3741 5464 tnu-n,

2169 5496 2327 5548 quem
2366 5482 2571 5554 indigni
2627 5483 2872 5538 muneris
2925 5485 3001 5538 tui
3051 5502 3213 5541 causa
3259 5503 3369 5542 non
3407 5489 3590 5545 latuit?
3625 5491 3743 5546 Non

2171 5590 2300 5643 ergo
2334 5577 2460 5643 quia
2509 5577 2654 5628 illum
2689 5575 2982 5645 quidquam
3039 5578 3236 5647 lateat,
3290 5581 3608 5650 interrogat,
3656 5589 3748 5638 sed

2175 5683 2240 5720 ne
2287 5667 2380 5719 tibi
2443 5669 2762 5736 ignorantia!
2810 5673 3214 5724 excusationem
3267 5675 3554 5743 relinquat.
3616 5679 3745 5731 Nam

2176 5774 2296 5813 cum
2333 5759 2558 5814 fratrcnt
2593 5773 2757 5829 negas
2782 5771 2832 5815 te
2877 5763 3040 5829 scire,
3077 5762 3204 5831 quid
3241 5765 3474 5833 gesserit
3507 5771 3731 5823 confite-
