4056 6200
351 330 416 397 61
1271 330 1642 394 EPIS’IOLA
1683 335 1752 396 V.
1792 323 2241 394 AD'AMICUM
2277 329 2694 395 .‘EGROTUM.
3534 329 3608 396 6‘2

353 451 451 517 ris,
485 459 538 503 et
572 448 924 520 asperitatem
959 448 1204 506 criminis
1251 466 1542 522 suppressa
1595 449 1935 505 carrfessioue
1970 451 2013 506 Β
2043 447 2212 516 magis
2248 463 2312 502 ac
2345 450 2518 517 magis
2564 466 2628 504 ac
2669 450 2901 504 maxima
2939 457 3287 505 sucerescuut
3317 467 3330 503 :
3363 450 3609 519 quando-

352 543 645 597 confirmas

426 633 515 688 IV.
553 633 677 688 Haec
704 634 826 688 ideo
853 633 1012 700 paulo
1040 633 1201 687 latius
1225 633 1468 688 exsecuti
1495 648 1706 699 sumus,
1737 643 1794 687 ut
1822 642 1931 686 tam

355 726 574 780 invidiae
605 726 833 791 malum,
869 726 1024 794 cujus
1055 726 1306 779 extimari
1349 726 1642 780 crudelitas
1677 741 1784 778 non
1834 740 1933 794 po-

357 828 487 880 test,
529 831 687 882 quam
739 816 794 869 in
849 817 1097 884 praesenti
1138 817 1247 871 vita
1298 816 1665 870 conditionem
1710 815 1936 884 justitite

355 907 740 976 panderemus,
777 922 896 974 qum
925 908 1108 960 statim
1143 923 1266 960 cum
1301 909 1424 962 odio
1467 907 1552 962 sui
1586 907 1770 974 ca‘pit.
1804 905 1936 970 Quae

355 1016 424 1054 ne
459 1009 590 1055 tunc
641 1001 864 1068 quidem
917 1001 1120 1067 abSque
1171 1000 1335 1052 multa
1392 999 1762 1066 persecutione
1814 1011 1935 1052 esse

355 1092 548 1162 potuit,
581 1109 701 1146 cum
743 1108 908 1146 unum
958 1101 1162 1146 tantum
1199 1090 1422 1145 haberet
1459 1089 1759 1142 iuiruicum.
1791 1089 1858 1143 Et
1887 1087 1934 1143 si

357 1197 468 1239 tam
506 1185 711 1254 grande
742 1186 924 1237 odium
959 1186 1027 1238 ab
1062 1201 1168 1239 uuo
1216 1183 1371 1238 hoste
1420 1198 1671 1251 perpessa
1720 1192 1824 1246 est,
1878 1190 1937 1235 ιιι

354 1293 530 1345 usque
565 1276 631 1330 ad
667 1278 790 1330 νὶιιῐι
839 1277 1311 1344 iuteremptiouem
1351 1276 1578 1336 veniret,
1629 1288 1733 1325 non
1771 1272 1935 1324 humo

353 1371 695 1438 quicunque,
741 1375 834 1423 sed
883 1369 1072 1430 frater,
1107 1367 1238 1436 quid
1275 1382 1340 1420 ex
1385 1381 1445 1422 ea
1494 1375 1623 1419 tunc
1665 1365 1936 1418 sustinere

351 1477 516 1531 pvsse
551 1463 884 1516 credendum
918 1471 1002 1515 est
1027 1459 1298 1529 etttn,‘qui
1343 1460 1522 1514 hostes
1551 1469 1627 1513 tot
1651 1467 1935 1512 extraneos

357 1555 512 1607 habet
554 1569 569 1608 :
601 1563 652 1605 et
687 1552 788 1606 nisi
819 1569 912 1621 per
951 1551 1144 1605 molem
1174 1560 1346 1604 auctae
1377 1549 1659 1620 pravitatis
1692 1567 1718 1601 ιι
1749 1548 1935 1602 multis

355 1657 532 1712 p..test
567 1647 760 1698 audire
785 1645 1056 1699 sociorum
1100 1646 1328 1714 quisque
1369 1643 1588 1714 justitize
1622 1642 1885 1696 Cultorqu
1916 1658 1931 1695 :

365 1737 566 1796 Venite.
603 1739 1074 1790 circumveniamus
1100 1737 1330 1806 justum,
1356 1735 1604 1803 quoniam
1639 1732 1845 1787 inutilis
1885 1739 1935 1784 et

354 1792 661 1882 contrarius
710 1838 784 1882 est
829 1829 1067 1895 aperibus
1100 1792 1327 1882 'nosm's
1361 1792 1513 1896 ('Sap.
1565 1841 1622 1886 tt.
1659 1825 1788 1892 1‘2)?
1827 1822 1932 1877 Sed
1968 1792 2010 1846 Β

356 1922 498 1974 dicet
549 1921 745 1989 ali-pris
780 1939 795 1976 ε
825 1921 1081 1989 Quisquis
1134 1921 1306 1973 vitare
1353 1919 1610 1972 invidiam
1663 1915 1836 1985 cupit,
1869 1914 1935 1968 ti-

357 2023 499 2064 meat
530 2012 778 2080 plurilus
817 2011 1156 2066 innotescere
1215 2010 1293 2064 vel
1329 2010 1562 2079 placere.
1595 2007 1734 2062 Ecce
1755 2008 1936 2076 justus

353 2098 489 2154 Abel
526 2099 707 2154 nullos
740 2099 949 2164 habuit,
986 2099 1182 2168 quibus
1213 2101 1579 2154 innotesceret
1639 2097 1718 2148 vel
1752 2097 1935 2161 place-

359 2202 440 2245 ret
483 2201 589 2247 ζει
643 2201 821 2246 tamen
875 2191 1089 2244 invidia:
1121 2189 1307 2243 odiuur
1359 2191 1528 2242 vitare
1577 2203 1685 2242 non
1740 2187 1933 2254 potuit.

289 2267 296 2270 ’
358 2281 520 2335 Errat
551 2282 698 2334 enim
729 2281 1037 2350 quicunque
1109 2281 1316 2349 absque
1366 2277 1645 2332 hominum
1681 2275 1936 2330 amicitiis

357 2375 610 2428 contrahi
660 2388 768 2426 non
823 2388 980 2442 posse
1031 2372 1283 2440 Opinatur
1333 2371 1586 2424 invidiam
1619 2386 1636 2424 :
1671 2385 1791 2424 cum
1847 2367 1936 2422 illa

356 2483 462 2520 non
498 2477 606 2519 tam
644 2467 908 2520 humanas
938 2465 1229 2530 amicitias,
1263 2479 1426 2534 quam
1461 2463 1628 2518 solam
1657 2462 1751 2516 Dei
1795 2460 1936 2514 ami-

356 2559 544 2612 eitiam
599 2565 977 2626 persequatur.
1032 2555 1183 2611 Unde
1236 2571 1302 2610 ne
1345 2555 1435 2610 ille
1469 2555 1683 2624 quidem
1732 2553 1938 2622 absque

356 2650 576 2706 invidiae
613 2649 962 2704 iufestatione
1010 2665 1132 2704 esse
1181 2648 1379 2718 potuit,
1411 2648 1501 2716 qui
1558 2647 1640 2702 vel
1684 2647 1786 2702 soli
1825 2646 1937 2700 Deo

356 2744 570 2812 placere
604 2743 873 2807 gestierit.
909 2739 1116 2794 Suflirit
1141 2741 1287 2794 enim
1336 2744 1401 2793 ad
1437 2738 1655 2794 invidiae
1688 2737 1938 2794 stimulos

356 2832 688 2895 incitandos,
719 2833 764 2885 si
798 2843 847 2885 te
880 2831 957 2884 illi
997 2831 1210 2900 placere
1239 2812 1574 2899 cognoverit,
1605 2827 1741 2882 ultra
1771 2843 1934 2897 quem

355 2927 500 2980 alius
548 2940 672 2979 esse
707 2940 812 2977 non
867 2933 1046 2992 potest
1121 2921 1226 2977 Sed
1277 2937 1375 2977 nec
1423 2932 1666 2976 sanctum
1719 2919 1832 2975 Noe
1881 2920 1934 2975 itt

356 3015 610 3085 praesenti
661 3017 769 3068 vita
819 3013 1153 3068 inconcussa:
1187 3013 1495 3066 securitatis
1534 3015 1772 3079 quietem
1826 3011 1936 3065 ba-

2038 538 2262 608 quidern
2315 542 2482 594 etiam
2533 543 2844 611 centuplum
2913 553 3196 613 receptura
3252 542 3605 612 promittitur.

2035 629 2154 699 Ipse
2183 647 2314 687 vero
2343 631 2497 688 Isaae
2525 635 2722 702 quibus
2753 634 3107 690 tentatiouum
3158 636 3446 704 generibus
3476 649 3610 703 qua-

2039 723 2197 788 titur,
2229 725 2354 778 dum
2381 740 2519 780 escae
2549 725 2741 798 [Marb
2766 727 2909 799 csse]
2942 729 3176 796 inopiam
3211 729 3412 796 patitur
3437 745 3453 787 :
3481 728 3607 779 dum

2036 816 2496 888 peregrinationis
2557 821 2833 888 experitur
2880 822 3094 876 labores
3149 838 3162 878 :
3209 822 3336 875 dum
3393 831 3610 888 propter

2038 910 2226 965 uxoris
2258 912 2494 980 speciem
2529 913 2748 967 nimiam
2790 914 2902 984 ipse
2956 915 3168 978 metuit,
3207 913 3297 981 qui
3338 913 3610 966 anxietate

2036 1001 2349 1064 conficitur.
2383 1013 2439 1058 et
2483 1019 2547 1056 eo
2597 1004 2714 1072 ipso
2757 1021 2863 1074 quo
2907 1006 3304 1068 oblectabatur,
3355 1004 3608 1072 affligitur

2036 1106 2158 1145 cum
2202 1090 2278 1143 illi
2329 1091 2499 1144 forma
2533 1093 2795 1161 conjugis,
2827 1110 2947 1162 qua:
2986 1095 3036 1147 in
3067 1094 3356 1148 securitate
3386 1093 3608 1160 placueo

2036 1191 2140 1245 rat,
2173 1184 2229 1236 in
2265 1183 2551 1237 formidine
2589 1185 2934 1253 displicebat,
2963 1188 3089 1240 dum
3138 1187 3279 1254 regis
3311 1185 3609 1239 aemulatio-

2038 1289 2156 1329 nem
2180 1275 2380 1343 patitur
2405 1291 2420 1328 :
2449 1277 2572 1332 dum
2598 1291 2717 1330 eam
2743 1277 2958 1344 quidem
2989 1278 3263 1345 possidere
3286 1277 3375 1330 'illi
3403 1277 3608 1342 absque

2037 1365 2236 1419 invidia
2272 1380 2377 1418 non
2408 1365 2556 1420 licet.
2584 1363 2819 1420 Sanctus
2842 1382 3058 1435 quoque
3079 1365 3248 1421 Jacob
3272 1365 3607 1435 quammulta

2036 1456 2261 1525 patitur.
2285 1454 2528 1510 Primum
2553 1471 2677 1509 cum
2705 1455 2888 1510 fratris
2912 1460 2992 1510 sui
3021 1457 3182 1520 Esau,
3203 1465 3422 1526 prepter
3441 1455 3613 1508 colla-

2039 1560 2145 1606 tam
2199 1549 2303 1606 sibi
2363 1551 2794 1606 benedictionem
2827 1589 2842 1613 ,
2902 1550 3236 1604 mortiferam
3309 1549 3412 1602 sibi
3465 1548 3608 1601 inri-

2048 1643 2193 1699 diam
2257 1644 2568 1699 contrahit:
2599 1641 2856 1710 curnt-jus
2885 1641 3096 1707 odium,
3156 1640 3611 1706 indignationem-

2038 1749 2141 1804 que
2162 1735 2467 1798 declinatis,
2496 1735 2560 1787 ad
2597 1733 2780 1788 Laban
2817 1734 2964 1787 solus
2991 1733 3206 1801 pergit:
3239 1746 3360 1786 cum
3391 1738 3611 1800 prapter

2041 1841 2263 1880 uxorem
2297 1828 2462 1881 servit
2484 1844 2497 1884 :
2526 1827 2874 1890 crtrtutilectm
2895 1840 3107 1894 sponsa!
3133 1840 3290 1878 soror
3312 1840 3413 1878 non
3435 1835 3609 1877 amata

2037 1917 2361 1984 supponitur
2391 1933 2405 1974 :
2440 1933 2558 1970 eum
2586 1917 2778 1983 prioris
2804 1918 3002 1970 amoris
3023 1918 3240 1979 damno,
3267 1914 3612 1969 matrimonia

2039 2008 2113 2062 illi
2141 2009 2328 2062 fraude
2351 2010 2786 2077 gentinantur,et
2807 2025 3019 2063 rursum
3039 2023 3136 2078 pro
3156 2024 3260 2062 non
3285 2016 3470 2075 optato
3487 2021 3615 2060 cou-

2038 2100 2224 2162 nubio,
2241 2100 2486 2168 septeuni
2509 2100 2729 2154 servitio
2748 2101 3092 2169 subjugatur:
3113 2115 3235 2154 cum
3252 2100 3498 2152 fraudem
3521 2113 3615 2165 pa-

2041 2191 2175 2244 titur
2213 2191 2278 2244 de
2302 2193 2551 2244 mercede
2576 2207 2592 2248 :
2626 2206 2746 2246 cum
2771 2201 2894 2262 post
2919 2191 3103 2260 viginti
3123 2207 3386 2244 aunorurn
3407 2205 3615 2244 nterce—

2037 2285 2248 2340 nariam
2278 2285 2614 2345 servitutem,
2649 2284 2855 2338 occulta
2883 2283 3054 2352 magis
3077 2281 3223 2352 fuga,
3252 2297 3410 2350 quam
3444 2281 3612 2334 libera

2038 2375 2420 2447 proficiscendi
2452 2375 2799 2442 expeditione
2825 2375 3053 2428 discedit
3087 2390 3102 2430 :
3128 2389 3248 2426 cum
3279 2373 3458 2427 Laban
3487 2387 3612 2440 per-

2039 2467 2376 2522 secutionem
2413 2467 2567 2520 timet
2604 2483 2618 2522 :
2653 2482 2774 2521 cum
2812 2466 2996 2521 fratris
3027 2466 3107 2518 sui
3141 2465 3397 2518 formidat
3424 2479 3612 2518 occur-

2039 2574 2159 2615 sum
2192 2577 2208 2613 :
2245 2575 2368 2613 cum
2399 2559 2642 2614 dclusam
2687 2559 2852 2612 filiam
2895 2573 3049 2614 suam
3089 2559 3278 2611 Dinam
3325 2557 3610 2624 perhorre-

2039 2651 2141 2705 scit
2182 2667 2197 2704 :
2231 2666 2354 2703 cum
2384 2649 2745 2705 dilectissirua:
2771 2651 2958 2704 uxoris
2983 2648 3182 2703 Rachel
3213 2649 3374 2701 t'uuus
3399 2646 3558 2699 deflet
3591 2662 3606 2700 :

2039 2759 2163 2799 cum
2211 2743 2629 2798 dilectissimum
2681 2742 2847 2795 lilium
2891 2740 3002 2814 [Αἰ.
3034 2750 3136 2794 tae.
3176 2738 3368 2810 filium]
3406 2736 3608 2805 Joseph

2039 2835 2236 2889 acerbo
2291 2834 2482 2888 funere
2525 2843 2901 2902 consrrmpturu
2956 2849 2984 2886 a
3042 2832 3234 2887 bestiis
3281 2831 3444 2891 dolet,
3483 2829 3612 2882 sine

2038 2926 2234 2980 solatio
2292 2927 2631 2995 sepulturas:
2680 2940 2801 2978 cum
2861 2921 3178 2991 Beniamin,
3231 2936 3387 2990 quem
3445 2919 3608 2972 etiam

2039 3023 2417 3085 consumptum
2471 3014 2658 3067 odiose
2713 3013 2973 3082 putabat,
3028 3010 3325 3064 contulerat
3382 3007 3497 3081 [ΑΙ.
3564 3009 3618 3062 iu

355 3111 546 3166 buisse
575 3110 952 3179 cuguovimus,
985 3107 1112 3162 dum
1147 3106 1347 3174 iniquis
1384 3105 1773 3159 exsistentibus
1801 3119 1933 3159 cun-
1965 3127 2006 3184 ο
2042 3122 2204 3174 quem
2237 3103 2564 3177 contulerat]
2598 3105 2918 3158 charitatem
2952 3121 2967 3156 :
3001 3114 3052 3157 et
3088 3119 3246 3168 quem
3278 3117 3336 3156 se
3367 3118 3469 3154 nou
3502 3115 3617 3153 arn-

356 3204 483 3265 ctis,
516 3204 666 3257 solus
702 3201 756 3255 in
792 3201 1046 3254 universo
1076 3199 1209 3254 orbe
1254 3199 1444 3252 nititur
1483 3197 1755 3252 custodire
1779 3196 1932 3264 justi-

361 3297 492 3349 tiam
527 3311 543 3348 :
576 3293 703 3347 dum
736 3309 919 3346 arcam
951 3291 1207 3354 fabricat,
1244 3287 1524 3356 reparaudi
1557 3287 1705 3340 orbis
1729 3289 1933 3340 semina

358 3389 731 3442 continentem
762 3404 776 3440 :
805 3385 935 3439 dum
986 3400 1044 3438 se
1081 3384 1262 3436 futuro
1307 3381 1508 3435 diluvio
1558 3391 1846 3449 praeparat,
1882 3389 1936 3430 at

363 3480 519 3532 fidem
549 3489 794 3531 venturae
821 3475 1209 3537 inuudatiouis,
1236 3473 1418 3528 sedula
1450 3487 1579 3526 cura
1607 3471 1890 3524 denuntiat
1920 3486 1934 3524 :

360 3571 488 3625 dum
519 3580 627 3622 tam
656 3568 757 3622 sibi
788 3581 949 3634 quam
973 3566 1106 3629 suis,
1135 3577 1407 3634 quamque
1439 3561 1650 3616 cunctis
1682 3560 1934 3612 animau-

361 3664 506 3716 tibus
561 3661 818 3714 alimenta
854 3657 1166 3726 conquirit,
1218 3655 1444 3725 justitia:
1501 3654 1728 3719 merito,
1773 3653 1932 3704 vitam

359 3756 551 3809 mortis
603 3763 848 3822 tempore
901 3759 1278 3804 reserVaturus
1319 3765 1333 3801 :
1376 3749 1501 3800 dum
1558 3754 1680 3813 pust
1732 3754 1935 3797 tantaru

363 3847 646 3901 hominum
683 3841 1151 3904 numerositatem,
1199 3840 1374 3894 solum
1423 3853 1481 3892 se
1529 3853 1651 3892 cum
1703 3837 1816 3891 suis
1853 3851 1937 3890 rec

361 3941 628 3994 mansisse
648 3937 997 4004 superstitem
1019 3933 1180 3987 dolet.
1205 3931 1313 3986 Sed
1341 3930 1592 3985 solatium
1625 3944 1729 3983 non
1757 3928 1938 3998 perdit

360 4031 599 4086 desolata
630 4028 869 4097 iustitia,
911 4027 996 4080 cui
1044 4024 1380 4080 consortium
1427 4023 1569 4076 Deus
1621 4031 1736 4083 est,
1789 4021 1940 4073 omni

359 4122 679 4178 celebritate
707 4118 972 4174 festivior.
1000 4117 1140 4172 Ecce
1171 4128 1221 4168 et
1255 4115 1341 4168 ille
1373 4129 1485 4168 rem
1515 4127 1710 4182 passus
1734 4112 1938 4176 exsilii,

360 4224 642 4286 perempta
696 4211 974 4265 hominum
1030 4208 1371 4277 frequentia,
1423 4215 1478 4259 ct
1530 4205 1573 4258 si
1627 4220 1732 4258 non
1789 4204 1935 4258 omni

359 4307 558 4360 solatio
593 4304 884 4358 destitutus
912 4300 1102 4371 partis,
1136 4308 1314 4352 tamen
1351 4311 1488 4366 pene
1515 4297 1662 4349 solus
1698 4295 1938 4359 relictus,

359 4401 580 4472 agnovit
613 4412 673 4451 se
700 4397 927 4450 Domino
955 4393 1108 4447 valde
1137 4393 1366 4446 servire.
1401 4387 1552 4444 Unde
1579 4406 1682 4442 non
1717 4402 1940 4458 magno-

2043 3198 2186 3268 plius
2237 3211 2360 3250 esse
2397 3195 2644 3249 visurum
2703 3194 2994 3247 metuebat.
3050 3191 3304 3246 Defessus
3347 3190 3457 3258 jam
3510 3200 3618 3242 tam

2047 3289 2207 3343 annis
2243 3303 2402 3354 quam
2451 3287 2734 3341 laboribus
2779 3300 2963 3351 senex,
3009 3293 3061 3339 ct
3109 3283 3622 3353 patcrjustissimus

2047 3381 2374 3450 iugemiscit.
2412 3379 2806 3436 Sauctissimus
2836 3378 2998 3431 etiam
3035 3376 3232 3445 Joseph
3265 3379 3331 3430 de
3368 3378 3624 3429 tcutatio—

2047 3489 2175 3526 num
2229 3471 2522 3540 generibus
2567 3470 2913 3524 conflictatur
2944 3479 2997 3522 et
3047 3470 3310 3538 quatitur,
3358 3469 3440 3522 cui
3482 3483 3544 3522 ac
3576 3466 3621 3522 si

2049 3563 2460 3618 tribulatiOuum
2493 3564 2706 3615 semina
2739 3561 2947 3628 species
2983 3559 3234 3614 videntur
3266 3560 3432 3614 fuisse
3465 3559 3623 3629 justi-

2049 3658 2155 3710 tiaa.
2209 3655 2344 3708 Nam
2394 3654 2608 3722 quoties
2653 3654 2853 3722 aliquid
2899 3662 3086 3708 sancte
3137 3651 3220 3706 vel
3283 3652 3367 3721 pie
3417 3652 3618 3720 gessit,

2048 3743 2210 3799 toties
2243 3742 2669 3820 intolerabilium
2718 3744 3069 3795 tentatiouum
3098 3741 3408 3796 discrimina
3438 3741 3622 3796 subire

2049 3834 2360 3902 compulsus
2390 3841 2492 3897 est,
2522 3833 2746 3902 justitiae
2779 3834 3144 3897 consentiens,
3178 3841 3232 3886 et
3274 3848 3367 3900 spe
3402 3834 3622 3886 confor-

2049 3935 2196 3981 tante
2227 3925 2528 3994 per-durans
2563 3941 2577 3977 :
2611 3934 2668 3977 ιιι
2696 3923 3054 3977 laborandum
3093 3925 3244 3978 nobis
3276 3915 3368 3989 ait,
3399 3925 3529 3993 qttid
3568 3925 3622 3978 in

2046 4032 2112 4072 eo
2144 4017 2419 4071 laudando
2462 4022 2694 4082 primunt
2725 4016 3020 4072 debeamus
3046 4032 3325 4072 assumere
3351 4018 3576 4087 justitize
3605 4035 3620 4072 :

2043 4109 2424 4165 sanctitatisne
2450 4107 2641 4180 [Μανι.
2672 4108 3105 4181 sanctitatisque]
3139 4112 3621 4178 perseverantiam,

2049 4217 2116 4256 an
2151 4202 2427 4272 patientia:
2460 4201 2992 4271 mquanitnitatisque
3025 4205 3299 4256 virtutem.
3334 4202 3468 4255 Nam
3501 4218 3625 4256 cum

2047 4293 2288 4348 fraterna
2345 4293 2636 4348 dilectione
2689 4295 2983 4360 somnium,
3038 4303 3093 4347 ιιι
3148 4293 3319 4348 frater
3370 4293 3626 4348 fratribus

2046 4383 2354 4448 iudicaret,
2405 4385 2664 4438 iuvidiatu
2721 4400 2906 4438 eorum
2957 4383 3256 4455 odiumque
3308 4385 3623 4440 contraxit:

363 4511 492 4564 νισι-ε
521 4490 842 4560 exquirebat
873 4475 1065 4540 vanam
1117 4483 1399 4538 hominum
1450 4479 1764 4536 consolandi
1810 4495 1930 4550 gra-
1969 4473 2010 4526 D
2041 4475 2194 4542 quasi
2247 4484 2338 4528 aut
2371 4474 2486 4542 ipse
2545 4490 2604 4528 se
2637 4473 2748 4546 [ΑΙ.
2799 4473 2868 4550 si]
2899 4476 3204 4531 somniasse
3235 4476 3498 4540 finxisset,
3535 4484 3627 4528 aut

365 4587 528 4648 tiam,
577 4582 671 4650 qui
718 4576 1100 4649 jucundiorem
1153 4588 1215 4627 ac
1258 4572 1554 4642 pleniorem
1607 4570 1842 4625 habebat
1886 4569 1940 4624 in

364 4681 474 4733 Deo
519 4679 793 4729 tidueiarn.
827 4672 1060 4724 Sanctus
1107 4683 1322 4738 quoque
1354 4666 1654 4727 Abraham,
1705 4677 1826 4732 qua:
1862 4661 1942 4717 vel

359 4781 564 4839 quarta
596 4779 884 4835 perpessrrs
917 4772 1020 4824 est,
1059 4762 1184 4816 dum
1228 4760 1386 4813 fidem
1433 4758 1579 4812 solus
1625 4757 1766 4810 inter
1805 4770 1944 4810 cuu-

359 4873 480 4916 ctos
529 4868 709 4914 servat
755 4855 1066 4910 incredulos
1100 4870 1116 4911 :
1154 4854 1277 4905 dum
1338 4849 1570 4921 patriam
1609 4851 1674 4902 ἐι
1726 4849 1944 4918 propin-

355 4968 498 5022 quns
543 4949 743 5004 deserit
771 4962 787 5002 :
820 4949 948 5002 dum
1003 4944 1185 4998 uxoris
1219 4943 1560 4998 sterilitatem
1591 4941 1737 4994 dolet
1769 4958 1782 4992 :
1816 4940 1941 4992 dum

358 5054 585 5115 propter
630 5056 772 5096 escae
827 5040 1086 5107 irrepiani,
1121 5036 1280 5089 modo
1311 5035 1363 5088 in
1408 5033 1663 5104 Egypto,
1698 5031 1856 5085 nodo
1887 5033 1942 5084 in

359 5147 508 5189 terra
545 5132 766 5186 Geraris
798 5127 1255 5198 peregrinationis
1299 5124 1464 5178 sentit
1503 5121 1772 5192 injurias:
1806 5120 1938 5173 dum

357 5228 501 5282 mori
529 5233 748 5294 propter
773 5225 960 5276 uxoris
988 5219 1444 5289 pulchritudinem
1479 5216 1666 5268 timet:
1689 5214 1814 5266 dtrtn
1838 5210 1942 5265 sibi

355 5329 600 5388 ereptam
653 5325 844 5370 niteret
878 5330 891 5366 :
926 5315 1052 5366 dttrn
1107 5307 1352 5379 proferre
1401 5320 1520 5360 eam
1578 5318 1682 5357 nou
1721 5304 1938 5367 meruit,

355 5412 507 5481 quod
539 5407 835 5476 aequissimi
864 5404 1061 5476 judieis
1097 5403 1187 5456 Dei
1221 5416 1328 5454 non
1361 5406 1446 5453 est
1475 5412 1636 5466 passa
1669 5394 1881 5465 justitia
1925 5408 1940 5450 :

355 5507 490 5556 dum
515 5501 730 5568 corpori
748 5499 944 5553 vulnus
966 5496 1190 5566 jubetur
1209 5491 1680 5550 circutucisionem
1705 5488 1939 5544 inferre:

357 5599 490 5650 dum
525 5595 692 5648 filium
723 5608 844 5648 cum
880 5600 1056 5644 matre
1088 5587 1236 5658 ejicit
1273 5585 1443 5642 :dutn
1481 5584 1534 5638 in
1569 5580 1717 5636 Isaac
1747 5580 1942 5634 dilecro

357 5698 603 5744 tentatur
632 5703 648 5739 :
671 5685 801 5739 dum
828 5683 1115 5752 religiosus
1143 5679 1413 5750 parricida
1438 5690 1558 5730 esse
1585 5671 1900 5744 praecipitur
1925 5688 1936 5724 :

355 5787 458 5845 sed
502 5782 658 5836 facile
688 5780 751 5836 ad
783 5792 996 5833 omnem
1023 5779 1292 5846 jactttt'allt
1327 5771 1593 5828 consentit
1628 5768 1822 5834 fidelis,
1853 5768 1938 5820 cui

2054 4565 2313 4619 visionem
2349 4566 2496 4620 illam
2531 4566 2598 4620 ad
2635 4566 3096 4636 subjugandorum
3144 4583 3207 4620 ac
3247 4571 3624 4620 terreudortnu

2051 4655 2310 4710 iudicium
2338 4659 2664 4712 nuntiasset.
2689 4659 2813 4713 lude
2837 4674 2956 4712 cttrtt
2981 4661 3047 4713 ad
3070 4660 3216 4730 ipsos
3239 4659 3620 4730 cognoscenda

2047 4750 2240 4804 salutis
2262 4765 2454 4804 eorum
2483 4765 2645 4806 eausa
2676 4751 2867 4806 fuisset
2894 4767 2922 4805 a
2951 4762 3103 4820 patre
3128 4752 3390 4813 directus,
3449 4749 3621 4818 injun-

2046 4851 2196 4894 ctum
2250 4841 2353 4896 sibi
2407 4842 2510 4894 iter
2540 4842 2766 4894 festinus
2800 4857 3087 4911 aggressus
3114 4852 3220 4908 cst,
3252 4859 3359 4913 quo
3394 4844 3626 4898 celerius

2047 4949 2231 4988 eorum
2269 4942 2451 5002 posset
2482 4931 2608 4985 odia
2650 4942 2918 4987 saturare.

2152 5088 2475 5145 MONITUM
2533 5088 2599 5143 IN
2645 5089 3028 5147 EPISTOLAM
3074 5092 3515 5160 SEQUENTE“.

2118 5202 2246 5259 Visa
2282 5204 2395 5259 hmc
2426 5213 2506 5259 est
2541 5205 2670 5259 olim
2709 5205 2937 5261 Erasruo
2967 5223 3073 5262 non
3107 5209 3401 5262 abhorrere
3428 5224 3456 5262 a
3489 5210 3628 5268 stris

2047 5274 2392 5348 Tertulliani,
2423 5286 2743 5348 quantum,
2781 5279 2973 5345 inquit,
3009 5293 3072 5332 ex
3127 5277 3270 5332 illius
3309 5269 3629 5348 fragmentis

2045 5345 2177 5399 licet
2219 5344 2478 5410 odorari;
2532 5356 2614 5398 est
2659 5347 2805 5399 enim
2843 5344 3143 5401 affectatior
3171 5357 3225 5400 et
3259 5344 3625 5413 duriusculus,

2044 5415 2262 5469 etiamsi
2287 5417 2543 5484 gravibus
2566 5416 2870 5470 sententiis.
2901 5417 3225 5470 Existimant
3255 5417 3366 5482 alii,
3395 5420 3629 5474 fortasse

2045 5486 2210 5537 etiam
2236 5496 2602 5553 congruenter
2624 5486 2813 5554 magis,
2839 5487 2903 5540 ad
2927 5486 3307 5553 subsequentis
3332 5489 3624 5544 dictiouern

2047 5555 2324 5622 Epistulae,
2371 5570 2514 5623 quzc,
2566 5557 2781 5608 neruine
2820 5556 2928 5624 jam
2971 5557 3251 5619 dilliteule,
3304 5558 3361 5612 S.
3409 5560 3626 5614 Maximi

2045 5624 2398 5676 'l'aut'inensis
2432 5636 2536 5687 est,
2568 5643 2687 5678 eattt
2729 5626 2800 5678 ita
2848 5628 3130 5691 accedere,
3168 5636 3225 5680 ut
3261 5637 3466 5684 tantum
3517 5646 3626 5682 non

2046 5704 2194 5745 certo
2230 5695 2526 5748 asrribaut.
2563 5695 2693 5761 Ego,
2742 5705 2796 5747 ιιι
2846 5702 3198 5762 pronuntiare
3248 5704 3483 5750 nondum
3523 5701 3629 5751 hac.

2049 5764 2116 5816 de
2154 5778 2208 5815 re
2249 5767 2448 5832 ausim,
2494 5767 2667 5820 sentio
2701 5776 2899 5829 tamen,
2932 5772 3152 5838 propius
3185 5771 3248 5824 ad
3282 5771 3470 5822 hurqu
3503 5769 3619 5838 upi-
