4054 6206
370 275 446 337 63
1315 273 1356 332 S
1415 271 1866 333 l‘IlEliON-Yill
1903 271 2230 334 OPERUM
2276 274 2681 342 MAN'PISSA.

3559 279 3633 338 64

381 393 617 447 nionem.
655 401 778 462 eum
812 389 900 456 qui
935 391 1046 462 inec
1080 387 1321 462 scripsit,
1346 401 1647 462 _|ver_sona_ttt
1683 385 1952 438 sustinere
1983 389 2030 442 Av
2057 397 2151 449 lt-t,
2181 405 2342 458 quem
2373 402 2670 462 tempestas
2703 393 2848 445 inter
2879 391 3070 446 "rictus
3103 392 3328 446 invenit.
3354 391 3414 444 Et
3435 409 3632 459 quam-

377 462 640 530 rpiscoivi.
672 461 761 525 qui
803 475 862 513 se.
895 459 1076 512 statim
1123 459 1275 513 initio
1309 459 1404 520 ait,
1439 457 1835 509 ﬂaminicarum
1868 471 1950 509 re-

381 548 496 584 rum
527 531 764 601 religiosa
797 530 1099 582 necessitate
1133 538 1466 596 occupatum,
1493 536 1598 580 etc.

951 707 1291 764 EPISTULA
1324 705 1388 762 ν.

852 839 919 878 ΔΒ
951 839 1152 878 Αιιινςυιι
1191 837 1476 878 λεαιιοτωί.

454 935 496 989 l.
532 933 849 1005 Quanquam
887 935 1193 990 certissime
1243 935 1513 995 noverim,
1549 931 1945 1001 experientiam

387 1037 534 1081 tuam
561 1027 725 1080 alieni
754 1027 1142 1080 consolatuinis
1184 1026 1543 1080 levatninibus
1573 1036 1736 1094 atque
1790 1023 1956 1078 remi-

389 1119 492 1186 giis
520 1134 624 1172 nou
650 1117 891 1186 indigere
919 1134 935 1175 :
965 1131 1087 1172 cum
1119 1118 1410 1186 langttorcs
1437 1129 1819 1185 aerumnasque
1843 1115 1959 1170 lan-

389 1210 532 1279 guidi
576 1210 846 1279 corporis,
896 1220 1293 1278 stuporemque
1358 1208 1721 1264 membrorm
1774 1209 1959 1278 rigen-

390 1307 549 1368 tium,
585 1302 820 1372 vigentis
851 1301 1188 1369 calentisque
1219 1301 1386 1356 animi
1415 1302 1810 1370 felicitateipse
1831 1317 1960 1356 con-

391 1399 595 1460 foveas,
629 1409 692 1448 ac
722 1394 936 1448 medica
978 1393 1188 1448 ratione
1221 1407 1383 1448 cures
1411 1403 1574 1462 atque
1618 1407 1912 1464 componas
1941 1411 1956 1449 :

388 1499 568 1542 tamen
607 1487 749 1540 inter
777 1485 1005 1539 adversa
1042 1485 1384 1554 praesidium.
1419 1485 1562 1540 inter
1614 1487 1832 1541 morbos
1870 1502 1958 1542 re.

389 1579 651 1641 medium,
676 1577 821 1631 inter
855 1593 1018 1632 curas
1067 1577 1344 1639 solatium,
1377 1578 1428 1630 i-n
1481 1576 1734 1632 ﬂuctibus
1771 1577 1964 1633 alienas

387 1684 581 1724 manus
613 1668 896 1739 remigium
926 1681 1142 1737 semper
1170 1667 1434 1736 quaeritur
1467 1677 1523 1722 et
1553 1677 1792 1737 optatur.
1830 1667 1962 1722 Pars

2057 481 2137 532 vis
2184 497 2340 534 nemo
2390 483 2566 538 libens
2612 484 2910 549 perit-nium
2961 483 3202 552 patiatur
3235 493 3323 535 aut
3360 482 3515 548 ferat,
3555 493 3635 536 ta-

2056 587 2185 626 men
2238 574 2347 627 sub
2400 574 2643 644 pondere
2693 574 2945 643 prricnli,
2987 583 3216 640 cogente
3280 575 3628 639 necessitate,

2054 666 2305 722 duratas.
2341 696 2410 708 -ο
2438 668 2604 722 lsrtn.
2635 667 2743 722 Sed
2773 669 2878 721 alia
2929 668 3063 722 mihi
3101 668 3349 722 anxietas
3393 668 3628 731 accedit,

2057 768 2176 826 qua:
2225 760 2556 814 maeroribus
2601 759 2916 828 duplicatis.
2944 773 3097 813 meos
3133 773 3325 814 sensus
3369 759 3630 825 involvat,

2057 862 2110 904 et
2146 854 2492 907 mordacibus
2520 854 2688 920 curis,
2731 853 3140 922 inexplicabiles
3172 869 3334 908 curas
3363 854 3628 922 imponat.

2061 941 2235 996 Movet
2275 943 2420 996 enim
2477 959 2582 1006 me,
2613 943 2754 1010 quod
2782 959 2904 998 cum
2942 943 3141 998 talibus
3174 942 3550 1004 teutamentis,
3579 949 3634 993 et

2058 1047 2182 1085 t‘ttm
2208 1042 2314 1086 tant
2339 1033 2593 1088 obstinati
2625 1035 2796 1088 morbi
2828 1036 3128 1089 certamine
3153 1034 3283 1088 milii
3321 1034 3422 1088 soli
3449 1033 3629 1088 canti-

2060 1124 2201 1190 gerit
2228 1125 2688 1178 ditnicare2cum
2732 1127 2874 1182 alios
2919 1127 3164 1180 noverim
3217 1135 3273 1180 et
3319 1125 3634 1180 mitioribus

2061 1213 2236 1282 plagis
2275 1229 2394 1268 esse
2439 1225 2719 1270 correctos
2747 1255 2762 1280 ,
2804 1225 2859 1270 et
2904 1215 3292 1287 compendiose
3339 1215 3634 1271 luctamine

2060 1305 2338 1360 exstitisse
2371 1305 2621 1362 victores.
2653 1307 2762 1362 Cur
2791 1307 2921 1361 milii
2961 1307 3220 1362 Dominus
3244 1323 3352 1361 non
3383 1321 3504 1361 cum
3530 1321 3636 1361 cae-

2065 1397 2196 1452 teris
2224 1407 2500 1450 certamen
2539 1398 2773 1451 indixit?
2806 1398 2916 1452 Cur
2953 1413 3042 1452 me
3079 1415 3188 1453 non
3221 1400 3362 1453 sicut
3405 1410 3634 1454 caeteros

2060 1487 2389 1554 castigavit?
2413 1517 2479 1529 --
2507 1485 2664 1545 lites.
2703 1486 2885 1542 Primo
2921 1487 3065 1542 enim
3104 1503 3209 1542 non
3239 1487 3406 1542 debes
3432 1487 3483 1541 in
3523 1498 3634 1542 tam

2063 1578 2235 1632 arduo
2274 1578 2576 1632 certamine
2598 1579 2928 1633 constitutus
2962 1579 3030 1634 de
3055 1577 3348 1634 humilibus
3368 1578 3633 1649 cogitare.

2062 1670 2322 1725 inferiora
2373 1682 2498 1725 sunt
2529 1671 2673 1726 enim
2728 1673 2951 1740 prsentia
3004 1670 3366 1726 inferioribus
3417 1671 3634 1743 pugnis.

387 1768 471 1814 est
497 1759 644 1812 enim
675 1757 863 1828 proCul
890 1757 1056 1812 dubio
1083 1758 1441 1812 maximarum
1480 1733 1816 1813 medelarum
1847 1758 1957 1810 fra-
1992 1733 2038 1796 Β
2069 1763 2165 1817 lilii
2207 1762 2444 1832 denique
2485 1761 2648 1818 fortia
2689 1733 2924 1818 fortibus
2956 1765 3324 1834 imperantur,
3355 1733 3650 1842 fortiorem

390 1852 529 1906 terni
583 1851 968 1906 consolaminis
1014 1852 1268 1906 fructus:
1329 1861 1386 1906 et
1433 1850 1615 1906 fomes
1671 1852 1960 1915 dictorum,

389 1944 676 2000 dulcedine
724 1945 1125 2000 consolantium
1156 1947 1197 2013 ι,
1228 1944 1478 2000 levamen
1535 1942 1698 1999 fessis
1763 1944 1962 1998 animis

391 2037 707 2094 introducit.
734 2035 798 2090 Et
823 2038 866 2091 si
901 2052 1012 2092 non
1053 2038 1330 2107 corporeis
1363 2039 1415 2091 in
1451 2036 1729 2101 membris,
1766 2039 1953 2089 reces-

391 2131 542 2184 sibus
568 2129 736 2183 animi
771 2139 949 2184 tamen
975 2139 1030 2182 et
1050 2128 1272 2195 abditis,
1304 2127 1576 2198 spirituali
1607 2127 1790 2182 studio
1816 2141 1963 2180 com-

391 2221 546 2291 ponit
595 2222 893 2286 hominem,
922 2231 976 2275 et
1015 2219 1208 2275 inserit
1241 2229 1296 2275 ut
1338 2220 1588 2275 medicus
1620 2219 1962 2288 sospitatcm,

389 2315 655 2384 iuvatque
683 2313 970 2367 conamina
1019 2309 1408 2368 cxitaustarum
1443 2311 1664 2372 virium,
1699 2311 1801 2366 sub
1849 2309 1968 2363 ion-

393 2420 581 2472 garnm
619 2405 835 2458 sarcina
881 2418 1258 2471 pressurarum
1293 2419 1309 2458 :
1374 2404 1610 2457 maxime
1663 2418 1790 2458 cum
1828 2401 1967 2456 scri-

393 2510 544 2567 ptum
564 2496 671 2550 sit:
705 2493 898 2548 Frater
913 2495 1130 2563 fratrem
1165 2495 1427 2563 adjuvans
1445 2492 1768 2547 emirabitur
1790 2489 1962 2562 (Psal.

394 2601 517 2648 vm,
571 2585 684 2653 l0).
710 2586 793 2639 Ub
834 2584 937 2639 hoc
969 2585 1130 2655 igitur
1158 2584 1412 2654 quoniam
1443 2584 1842 2638 Dominicarum
1885 2597 1968 2638 re-

398 2695 514 2732 rum
546 2678 801 2748 religiosa
837 2677 1144 2732 necessitas
1195 2679 1267 2730 ita
1299 2691 1383 2732 me
1427 2685 1573 2732 tenet
1618 2687 1964 2744 occupatum,

399 2782 455 2824 ut
490 2770 835 2839 frequentatu
871 2769 1179 2838 corporalis
1229 2783 1508 2833 accessus,
1539 2783 1817 2824 aerumnas
1847 2778 1968 2822 tuas

400 2863 675 2918 illustrare
701 2876 809 2918 non
838 2861 999 2916 detur
1039 2862 1268 2916 facultas
1305 2879 1320 2916 :
1359 2862 1565 2930 placuit
1593 2861 1735 2916 sicut
1763 2861 1965 2930 petisti,

397 2965 456 3004 ιιι
473 2953 840 3024 qualicunque
867 2952 1062 3008 solatio
1088 2952 1392 3007 litterarum
1435 2951 1657 3006 lenirem
1679 2961 1786 3006 tam
1808 2951 1968 3021 longa

2066 1854 2260 1908 fortior
2297 1853 2544 1909 muneris
2573 1854 2822 1923 sequitur
2863 1869 3062 1909 census
3102 1872 3116 1910 :
3160 1865 3215 1908 et
3252 1854 3372 1909 ideo
3401 1849 3650 1925 ignomio'

2065 1945 2210 2000 niam
2237 1945 2451 2016 iudicat
2475 1944 2636 2000 fortis
2666 1961 2788 2000 cum
2819 1944 3078 1999 inferiore
3100 1943 3378 2013 componi.
3413 1943 3640 2014 Magnus

2063 2045 2150 2094 est
2192 2039 2339 2094 extim
2374 2037 2469 2108 qui
2511 2037 2704 2094 vicerit
2749 2053 2978 2108 magna:
3009 2036 3316 2091 dev0tim-is
3345 2046 3424 2092 est
3461 2034 3612 2090 ωειιί

2065 2145 2169 2185 tute
2222 2131 2460 2184 maxima
2517 2130 2792 2186 sustinere
2820 2146 2836 2187 :
2866 2129 3100 2200 ingentis
3146 2129 3366 2183 virtutis
3413 2137 3523 2190 est,
3555 2127 3640 2181 iu-

2067 2223 2249 2293 gentia
2304 2233 2587 2291 superare.
2645 2222 2893 2289 Namque
2940 2221 3149 2278 meritis
3190 2219 3642 2276 eminentioribus

2064 2312 2280 2367 excellit
2303 2322 2538 2368 caeteros
2569 2315 2710 2381 apud
2743 2327 2948 2383 regem,
2979 2327 3140 2383 quem
3183 2310 3481 2380 plurimum
3515 2322 3636 2363 tur-

2069 2405 2281 2460 baverit
2339 2419 2529 2459 cauata
2578 2404 2868 2470 bellorum,
2899 2413 2953 2458 et
2991 2401 3331 2458 reddiderint
3383 2407 3640 2470 superata

2071 2497 2360 2552 victorem.
2389 2497 2556 2551 Adest
2590 2496 2826 2566 denique
2880 2498 3082 2566 praeda,
3113 2495 3168 2549 in
3215 2494 3331 2561 ipso
3387 2489 3638 2546 conﬂictu

2069 2603 2376 2657 congruens
2419 2588 2702 2657 qualitatis
2741 2587 3082 2652 certaminis,
3129 2587 3322 2640 merito
3367 2584 3642 2638 destinata

2071 2683 2320 2738 victoris.
2358 2679 2598 2736 Numero
2652 2681 2920 2736 castrensi
2973 2678 3210 2749 pondera
3279 2692 3377 2746 pro
3429 2676 3640 2730 viribus

2072 2787 2228 2845 reges
2247 2776 2531 2844 imponunt
2569 2789 2584 2827 :
2622 2773 2816 2828 medici
2840 2785 2938 2842 pro
2959 2771 3142 2826 causis
3163 2770 3406 2825 medelas
3434 2769 3642 2837 impen-

2072 2870 2228 2924 dunt.
2263 2865 2366 2934 Qui
2398 2867 2671 2922 curandus
2698 2875 2800 2932 est,
2841 2879 2946 2920 non
2976 2864 3112 2920 dicit
3153 2863 3360 2917 medico
3387 2877 3494 2932 qua
3519 2861 3640 2926 lege

2073 2971 2314 3014 curetur.
2345 2957 2456 3012 Nec
2507 2958 2660 3012 miles
2703 2955 2856 3026 eligit
2897 2969 3006 3025 quo
3043 2955 3292 3009 mittatur
3329 2971 3344 3008 :
3377 2967 3480 3008 nec
3524 2967 3642 3007 ser-

410 3054 745 3100 tentamenta
781 3045 1022 3108 virtutis,
1055 3045 1166 3098 imo
1199 3043 1379 3112 potius
1410 3042 1598 3096 salutis
1624 3041 1966 3097 commodum
1995 3078 2040 3138 Ο
2075 3065 2171 3105 vus
2203 3065 2311 3119 φιο
2341 3051 2567 3104 verbere
2597 3051 2918 3120 castigatur.
2945 3048 3100 3113 Quod
3137 3047 3286 3101 enim
3323 3061 3387 3102 ex
3422 3045 3645 3116 majoris

397 3135 683 3190 visitarcnt
711 3151 726 3200 ;
761 3144 815 3188 et
848 3134 1090 3188 animum
1127 3132 1436 3187 Christiana
1461 3132 1660 3185 virtute
1689 3129 1966 3184 fundatum

400 3226 454 3280 in
501 3226 666 3279 robur
716 3226 1007 3279 maximum
1059 3238 1456 3294 promoverem.
1509 3221 1612 3289 Qui
1677 3235 1968 3288 regnorum

400 3317 703 3373 ccelcstinm
734 3317 968 3386 iit-tedam
1017 3330 1352 3386 censumque
1380 3315 1621 3370 muneris
1653 3316 1968 3385 sempiterni

401 3409 781 3462 mntendintns
837 3423 1128 3476 occupare,
1174 3422 1297 3462 esse
1351 3422 1458 3462 non
1513 3423 1804 3477 possumus
1855 3408 1973 3460 sine

410 3503 597 3573 alqna
629 3503 1016 3572 congressione
1065 3503 1317 3558 victores.
1355 3501 1640 3572 Nunquam
1669 3504 1810 3557 enim
1835 3500 1972 3556 deli‘

411 3609 532 3652 Cuia
571 3611 633 3650 ac
674 3597 863 3663 ignara
895 3596 1210 3652 certaminis
1233 3598 1426 3660 virtus,
1452 3597 1693 3651 victoria:
1733 3594 1976 3664 palmite-

401 3705 522 3744 rum
572 3694 784 3744 culmen
823 3691 1072 3744 ascendit
1108 3707 1123 3744 :
1162 3699 1256 3742 aut
1295 3689 1576 3760 praemium
1632 3687 1700 3742 de
1737 3687 1977 3741 subactis

402 3783 648 3840 adversis
675 3785 892 3852 accipit,
928 3783 1018 3852 qui
1049 3783 1282 3836 victoria
1315 3780 1624 3836 cbariorem
1658 3778 1975 3832 vilissimum

401 3875 614 3944 iudicat
665 3878 748 3932 sui
793 3876 1038 3944 corporis
1074 3877 1260 3928 vitam.
1289 3870 1402 3926 Nec
1437 3870 1633 3926 mortis
1661 3869 1809 3924 enim
1840 3884 1976 3923 con.

405 3967 612 4021 cutitur
647 3978 819 4033 metu,
851 3968 934 4020 cui
969 3968 1036 4020 dc
1077 3976 1254 4018 morte
1300 3964 1410 4017 vita
1462 3963 1727 4016 nascitur.
1767 3959 1980 4015 Pretio-

407 4077 526 4114 sum
585 4071 670 4114 est
725 4061 800 4112 illi
848 4070 902 4114 et
947 4059 1264 4127 sanguinem
1300 4055 1528 4110 fundere
1557 4071 1573 4110 :
1606 4052 1877 4108 felicitatis
1901 4061 1983 4106 est

407 4167 529 4206 cum
547 4151 862 4206 infelicitate
887 4165 1147 4220 pugnare:
1163 4163 1388 4202 summa:
1418 4147 1668 4200 sanitatis
1688 4160 1768 4201 est
1787 4148 1980 4199 acerba

411 4245 634 4297 vulnera
683 4243 958 4297 sustinere
995 4240 1312 4310 :iacturam
1365 4252 1584 4308 quoque
1627 4236 1772 4292 ferre
1814 4243 1983 4289 ntem-

410 4335 658 4400 brorum,
690 4335 946 4403 opinatur
996 4336 1291 4387 maximum
1337 4335 1574 4385 lucrum.
1619 4331 1684 4384 Et
1716 4329 1861 4396 quod
1897 4338 1981 4382 est

2073 3142 2270 3212 pendet
2306 3142 2553 3207 arbitrio,
2574 3155 2678 3196 non
2711 3150 2794 3195 est
2829 3141 2882 3194 in
2915 3149 3186 3210 potestate
3227 3135 3479 3206 subjecti.
3501 3137 3646 3206 Ergo

2072 3235 2162 3304 qui
2189 3247 2426 3303 superna
2466 3233 2705 3303 regimur
2731 3241 3018 3302 potestate,
3057 3241 3112 3286 et
3147 3230 3291 3284 inter
3325 3229 3509 3283 mundi
3537 3228 3640 3282 mi-

2073 3325 2248 3380 serias
2282 3325 2644 3378 tnultiiormes
2672 3322 3004 3391 corrigendi,
3035 3335 3339 3384 versamur,
3375 3332 3476 3372 nee
3547 3330 3646 3371 no-

2073 3428 2248 3472 strum
2272 3425 2354 3471 est
2384 3417 2450 3471 de
2482 3425 2756 3486 potestate
2787 3415 3028 3480 Domini,
3064 3421 3158 3469 aut
3193 3413 3377 3482 plagas
3422 3411 3647 3483 eligere,

2075 3519 2171 3565 aut
2219 3511 2324 3565 alia
2374 3510 2673 3565 certamina
2723 3522 2844 3578 qua
2876 3507 3109 3562 ferendo
3151 3505 3431 3558 vlncamus
3461 3520 3476 3560 :
3509 3503 3651 3558 sicut

2079 3619 2178 3658 nec
2202 3617 2482 3657 servorum
2517 3612 2599 3656 est
2635 3601 2841 3669 eligere
2872 3601 2938 3654 de
2969 3597 3206 3652 dominis
3239 3611 3436 3665 genera
3469 3592 3652 3664 ﬂagel-

2079 3697 2274 3750 lorum.
2316 3693 2599 3763 Nunquam
2659 3695 2802 3747 enini
2839 3707 2901 3744 ex
2942 3689 3170 3744 arbitrio
3196 3689 3485 3758 pendentis
3519 3703 3652 3751 pen-

2079 3788 2170 3843 det
2199 3788 2414 3842 licentia
2453 3784 2814 3839 verberantis.
2841 3781 3146 3836 Potestatis
3193 3789 3276 3833 est
3324 3777 3647 3839 emendare.

2080 3880 2412 3935 cumlitionis
2461 3884 2544 3931 est
2573 3875 2876 3942 subiacere.
2910 3871 3070 3941 Regis
3097 3880 3181 3926 est
3229 3885 3370 3924 onus
3402 3871 3652 3938 impone-

2083 3991 2161 4037 re,
2190 3983 2245 4028 et
2277 3971 2465 4025 militis
2511 3977 2593 4024 est
2642 3967 2938 4022 sustinere.
2967 3964 3180 4035 Quippe
3211 3979 3330 4018 cum
3369 3963 3434 4018 ab
3457 3961 3564 4034 [ΑΙ.
3594 3971 3653 4016 et

2081 4065 2174 4137 alii
2205 4067 2325 4134 ipso
2354 4079 2480 4133 rege
2523 4059 2660 4115 nihil
2697 4067 2917 4129 geratur
2956 4059 3239 4128 iniustum,
3270 4057 3364 4126 qui
3409 4055 3526 4110 suis
3567 4053 3652 4108 le-

2084 4159 2335 4226 gionibus
2369 4169 2466 4225 pro
2493 4154 2687 4207 virium
2723 4150 2984 4220 qualitate
3033 4149 3257 4204 bellicos
3287 4148 3512 4202 sudores
3548 4145 3654 4198 im-

2085 4265 2313 4321 ponens,
2339 4248 2506 4302 fortes
2549 4244 2716 4298 mittit
2755 4243 2824 4297 ad
2857 4241 3017 4296 fortia
3061 4257 3075 4295 :
3112 4238 3462 4293 inferioribus
3496 4251 3650 4291 com-

2089 4341 2323 4411 petentia
2356 4339 2528 4406 iubct,
2562 4344 2622 4390 ut
2655 4349 2758 4391 nec
2806 4333 3032 4388 inferior
3071 4341 3260 4386 contra
3303 4328 3551 4400 proprias
3577 4326 3658 4382 vi-

415 4426 661 4479 ultintum
697 4425 898 4490 dicant,
935 4423 1259 4493 prazclarum
1308 4431 1393 4476 est
1440 4421 1515 4475 illi
1559 4421 1611 4472 iu
1659 4422 1776 4488 ipso
1813 4430 1972 4473 certa-

2091 4409 2178 4482 res
2210 4425 2506 4482 certamine
2537 4423 2864 4494 potentioris
2908 4432 3192 4483 arceatur,
3237 4432 3337 4473 nec
3383 4417 3658 4486 potentior

411 4520 557 4573 mine
588 4519 924 4588 palmiferam
967 4516 1230 4569 creditori
1271 4515 1508 4569 animam
1565 4528 1841 4569 revocare.
1876 4511 1984 4564 Me-

415 4611 519 4664 lius
539 4611 682 4662 cnim
722 4619 828 4673 est,
859 4609 1004 4663 sicut
1051 4607 1190 4661 ratio
1223 4607 1572 4670 determinat,
1601 4605 1646 4660 si
1695 4605 1836 4672 quod
1890 4617 1986 4655 na-

413 4711 549 4755 ειη-ω
587 4702 834 4762 debetur,
872 4701 1058 4754 virtuti
1092 4697 1278 4771 [.llart.
1300 4696 1533 4769 virtute]
1580 4698 1849 4751 solvatur.
1884 4693 1986 4746 Fe-

417 4795 583 4848 rcnda
635 4804 778 4856 sunt,
813 4793 1002 4853 frater,
1041 4794 1259 4846 fet'euda
1291 4801 1418 4846 sunt
1449 4793 1613 4860 igitur
1644 4799 1861 4853 cuncta,
1893 4801 1988 4856 per

417 4905 538 4956 quze
571 4899 621 4940 te
661 4887 919 4940 linrninus
955 4886 1244 4939 afﬂictione
1277 4885 1591 4955 longissima
1630 4883 1796 4936 voluit
1827 4895 1991 4948 espe-

422 4979 536 5040 riri,
581 4989 632 5029 ot
662 4977 716 5029 in
749 4989 940 5045 magna
970 4974 1193 5043 prtemia
1222 4976 1523 5029 destinare.

494 5069 558 5122 ll.
600 5066 769 5120 lNFIR.
797 5065 931 5130 Quis
960 5067 1194 5127 animus,
1229 5079 1333 5118 non
1366 5065 1478 5132 iam
1529 5063 1814 5117 submissis
1862 5061 1991 5116 viri-

425 5159 523 5210 im-i
551 5159 686 5211 ferat
727 5159 859 5211 istos
902 5157 1242 5211 inevitabiles
1275 5169 1434 5210 castis
1469 5167 1521 5210 et
1549 5154 1867 5223 perniciosa:
1896 5168 1991 5207 ca-

428 5249 682 5302 lamitati:
738 5252 1015 5310 incursus,
1049 5257 1218 5315 atque
1261 5248 1483 5301 morbos
1515 5245 1740 5300 infestos
1770 5263 1784 5299 :
1818 5257 1992 5314 quan.

428 5354 538 5395 tum
569 5342 726 5398 video
749 5358 859 5408 ρι’·
890 5358 1009 5394 cunt
1035 5342 1150 5409 ipso
1169 5354 1394 5406 corpore
1415 5338 1991 5393 tttoritttrosi—litan.

431 5433 565 5487 Cum
596 5433 850 5502 periculis
878 5439 990 5502 iam
1024 5447 1248 5488 necesse
1271 5440 1354 5485 est
1393 5430 1775 5500 congrediatur
1795 5439 1849 5484 et
1873 5444 1993 5486 cer-

512 5575 528 5604 ¹
572 5574 711 5628 Olim
742 5583 878 5638 erat,
909 5573 1198 5627 mulcedine
1237 5569 1755 5635 consolatioitis,tttta
1786 5582 1914 5619 voce
1943 5575 1996 5620 et

401 5685 406 5691 .
435 5643 494 5696 S.
529 5645 831 5714 (’Zyprianus
855 5646 1024 5714 utitur
1071 5645 1123 5696 in
1146 5713 1152 5714 γ
1177 5642 1338 5696 (inab.
1378 5642 1534 5708 epist.
1561 5638 1995 5714 _prima:_ad_l_in-

438 5707 622 5770 uatum
649 5731 664 5780 ;
696 5724 748 5768 ct
795 5716 857 5769 Α.
901 5713 1104 5768 Gellius
1145 5713 1237 5768 lib.
1307 5707 1421 5776 xtx,
1453 5725 1500 5765 c.
1553 5712 1622 5774 9;
1655 5716 1708 5762 et
1741 5707 1995 5763 Boctltius

2088 4519 2368 4574 inferioris
2411 4516 2732 4580 certamine,
2764 4512 3076 4582 degradatis
3135 4510 3365 4572 meritis,
3403 4507 3656 4563 huutilie-

2090 4622 2198 4665 tur.
2231 4612 2297 4663 Et
2321 4610 2450 4663 dum
2485 4610 2588 4662 hoc
2618 4607 2816 4674 agitur,
2859 4616 2916 4658 ut
2971 4603 3153 4657 nullus
3193 4601 3245 4654 iu
3273 4601 3452 4653 alieno
3485 4599 3660 4653 mino-

2088 4712 2265 4766 rctur,
2300 4709 2394 4753 aut
2425 4710 2576 4753 certe
2605 4697 2945 4760 succumbat,
2984 4707 3176 4748 omnes
3204 4692 3355 4760 cupit
3384 4705 3509 4746 esse
3573 4690 3658 4742 vi.

2091 4805 2294 4849 ctores.
2320 4789 2431 4845 Nec
2460 4791 2714 4844 inimicus
2739 4798 2820 4842 est
2853 4787 3099 4841 medicus
3133 4787 3222 4854 qui
3250 4783 3397 4848 ferit,
3429 4793 3485 4836 ut
3514 4783 3660 4852 peri-

2093 4885 2274 4938 eulum
2336 4881 2523 4944 tollat,
2577 4889 2632 4933 et
2701 4879 2924 4932 vulnere
2978 4878 3175 4931 vulnus
3227 4875 3498 4930 excludat.
3553 4873 3664 4930 Nec

2095 4977 2411 5028 adversatur
2467 4979 2722 5041 paternus
2787 4968 3036 5031 aﬁ'ectus,
3111 4968 3158 5020 si
3213 4966 3417 5020 liberos
3472 4966 3664 5018 doceat

2095 5063 2432 5132 amplexibus
2499 5061 2858 5128 flagellorum.
2925 5055 3160 5110 Paterna
3238 5055 3380 5108 enim
3455 5053 3662 5122 ﬂagella

2094 5155 2354 5209 exercitia
2387 5162 2510 5206 sunt
2549 5151 2786 5204 innoxiae
2819 5147 3060 5218 pietatis.
3089 5145 3232 5215 Ergo
3261 5145 3520 5216 quoniam
3575 5157 3663 5196 ca-

2095 5249 2313 5318 Sligalio
2335 5245 2686 5313 corrigentis,
2713 5241 2920 5296 amoris
2955 5250 3039 5295 est
3069 5239 3253 5304 causa,
3289 5254 3418 5294 cum
3446 5238 3510 5291 de
3553 5236 3664 5305 pie.

2099 5352 2206 5392 tate
2232 5338 2530 5392 descendat
2565 5353 2579 5389 :
2617 5351 2736 5388 ama
2778 5334 3044 5386 medicum
3077 5344 3477 5400 percussorem,
3509 5326 3664 5392 cuiius

2100 5433 2254 5502 plaga
2288 5441 2458 5484 mater
2488 5437 2571 5484 est
2598 5427 2904 5481 medicinae.
2938 5425 3082 5479 Niltil
3121 5425 3266 5479 cuitu
3296 5421 3517 5489 impium
3543 5420 3661 5488 pie-

2099 5571 2193 5625 lib.
2220 5585 2257 5625 tt
2284 5569 2345 5621 de
2367 5564 2759 5622 Consolatione.
2786 5561 3048 5617 Sidonius
3079 5556 3400 5629 quoquelib.
3422 5573 3474 5621 v,
3501 5554 3663 5629 epist.

2101 5641 2188 5708 l7,
2223 5639 2438 5710 ultique.
2471 5637 2582 5694 Nec
2609 5649 2739 5692 sane
2771 5641 2890 5689 erat
2921 5633 3004 5687 illa
3037 5627 3197 5688 lectio
3232 5627 3589 5684 inunutanda.
