4054 6206
373 367 448 429 65
1288 364 1654 425 EPISTOLA
1699 367 1762 426 V.
1809 367 1908 425 AD
1943 365 2252 426 AMlCUM
2297 365 2714 426 IEGROTUM.
3561 369 3630 431 66

374 497 461 540 tas
497 483 640 553 parit
675 498 690 534 :
725 490 782 535 ut
814 481 1107 536 virtutibus
1142 481 1426 551 amplexis,
1463 481 1700 537 fructum
1737 483 1960 552 pietatis
1989 497 2028 549 Α
2062 483 2168 535 odit
2203 484 2330 537 dum
2399 482 2712 548 oﬂ'cmiitnr,
2754 483 3014 538 irascitur
3058 484 3186 539 dum
3248 499 3351 539 non
3411 496 3630 555 rogatur

371 577 734 644 spiritualiter
775 583 996 627 curatus
1053 573 1290 626 includat
1319 589 1333 626 :
1363 573 1497 644 Ego,
1531 575 1723 644 inquit,
1767 576 1952 628 Domi-

374 684 494 729 nus,
528 667 744 730 necabo,
775 675 823 719 et
853 667 1021 719 vivere
1054 666 1253 734 faciam
1281 683 1299 720 :
1324 667 1643 734 percutiam,
1676 676 1724 720 et
1751 683 1844 738 ego
1869 684 1954 721 sa-

377 763 511 812 nabo
547 759 729 828 (Deut.
765 773 934 820 xxstt,
963 758 1080 826 39).

450 848 541 902 ιιι.
571 850 742 901 Inrtn.
778 847 882 902 Sed
915 847 1038 900 aisti
1078 863 1092 900 :
1131 847 1270 916 Ergo
1313 847 1434 902 ferit
1465 848 1673 916 pietas?
1695 877 1766 889 --
1789 847 1951 902 ﬂuxa.

384 939 438 992 ιτς
460 943 534 992 cit
561 941 772 1007 utique,
818 953 886 992 ne
935 937 1185 1006 impietas
1211 939 1505 1006 iudicetur,
1539 943 1582 995 si
1629 955 1732 993 non
1782 939 1954 994 corri-

378 1044 468 1102 gat
518 1030 945 1098 delinquctttem.
981 1029 1113 1083 Cum
1139 1031 1282 1083 enim
1328 1045 1432 1083 non
1463 1031 1602 1085 desit
1630 1031 1682 1083 in
1709 1031 1952 1095 homine,

385 1124 531 1193 quod
563 1133 807 1184 curetur,
839 1122 964 1175 ierit
1002 1133 1058 1173 nt
1084 1131 1236 1175 curet
1267 1136 1280 1174 :
1308 1132 1364 1176 ut
1395 1129 1522 1176 sunt
1565 1137 1753 1174 manus
1783 1121 1954 1175 medi-

381 1217 453 1278 ci,
485 1232 606 1283 quae
651 1215 819 1268 multa
871 1214 1111 1266 laniando
1148 1213 1436 1268 conferunt
1496 1213 1809 1275 sanitatem,
1847 1226 1953 1266 non

381 1311 498 1362 sine
523 1322 806 1361 murmure
845 1305 1121 1375 patientis.
1152 1303 1264 1358 lloc
1295 1303 1454 1358 modo
1485 1315 1541 1359 et
1571 1320 1667 1358 nos
1693 1304 1795 1358 sub
1822 1318 1953 1358 cura

395 1403 542 1453 ictus
587 1400 872 1463 medentis,
909 1403 1049 1451 inter
1084 1398 1228 1466 ipsas
1273 1397 1524 1452 u-ceroris
1559 1398 1853 1462 angustias,
1879 1397 1957 1451 sic

380 1495 434 1546 in
469 1493 758 1545 Dominum
801 1505 1226 1555 murmuramus,
1262 1499 1317 1542 ut
1347 1490 1406 1542 in
1463 1488 1733 1542 medicum
1773 1489 1958 1544 vulne-

382 1585 510 1649 rati,
543 1584 634 1650 qui
657 1593 920 1636 curantur
953 1589 1007 1634 et
1029 1580 1238 1634 dolent.
1269 1579 1589 1648 Aggredere
1633 1581 1816 1647 igitur,
1850 1578 1958 1631 fra-

383 1687 486 1740 ter,
519 1677 811 1744 aggredere
855 1673 1195 1727 sustinentia:
1249 1671 1574 1736 remedium,
1618 1685 1724 1740 quo
1772 1669 1954 1724 Valeas

381 1768 658 1837 gravidam
699 1765 1091 1820 teutationibus
1129 1766 1401 1818 sarcinam
1442 1764 1699 1833 levigare,
1734 1773 1789 1816 et
1813 1763 1956 1832 peri-

2057 577 2320 630 oﬂ‘cnsus.
2355 576 2410 629 ln
2459 575 2642 630 odium
2693 577 2838 629 attint
2889 577 2970 630 sui
3017 588 3276 646 provocat
3321 579 3628 640 Dominum,

2057 669 2150 736 qui
2192 666 2351 720 factis
2383 666 2680 720 odibilibus
2706 680 2764 718 se
2803 666 3061 721 odibilem
3091 669 3242 732 facit,
3271 677 3322 722 et
3359 668 3628 722 oﬂ’easnm

2056 771 2249 824 rogare
2284 757 2610 810 contemnit.
2653 757 2922 810 Caeterum
2967 766 3115 812 amat
3147 757 3287 812 Deus
3322 759 3624 820 hominem,

2057 856 2114 899 ut
2168 847 2364 900 artifex
2399 848 2685 910 fabricam,
2715 847 2811 900 sed
2865 849 3141 901 odittnala
3199 865 3386 917 opera,
3429 851 3626 918 quibus

2055 937 2262 992 fabrica
2307 947 2527 1006 urgetur
2570 938 2622 991 in
2673 937 2904 1006 lapsum,
2955 949 3009 991 et
3041 941 3250 1008 cogitur
3283 941 3337 994 in
3366 941 3630 996 labinam.

2058 1029 2125 1082 Et
2165 1031 2256 1097 qui
2287 1029 2426 1082 mala
2455 1044 2614 1098 opera
2645 1029 2781 1093 odit,
2813 1029 3082 1082 malorum
3115 1046 3339 1100 operum
3392 1048 3498 1085 non
3533 1049 3634 1102 po-

2060 1128 2159 1174 test
2214 1134 2396 1172 amare
2431 1118 2694 1172 factorem
2728 1136 2744 1172 :
2779 1121 2919 1173 sicut
2958 1119 3210 1174 Salomon
3249 1121 3632 1178 sanctissimus

2057 1211 2284 1280 protulit
2323 1227 2338 1266 :
2375 1210 2510 1264 Odia
2541 1221 2685 1274 sunt,
2713 1213 2918 1281 inquit,
2949 1213 3058 1266 Deo
3098 1214 3288 1278 impius
3315 1224 3363 1267 et
3391 1215 3631 1284 impietas

2049 1298 2166 1368 ejus
2185 1297 2334 1369 (Sap.
2379 1316 2489 1366 XIV,
2521 1300 2597 1368 9).
2635 1300 2776 1370 Ergo
2811 1303 3005 1357 melius
3033 1311 3117 1357 est
3165 1304 3220 1357 in
3271 1305 3375 1360 ltoc
3427 1321 3632 1358 muttzo

2055 1395 2215 1448 annis
2249 1395 2598 1463 vergentibus
2638 1397 2901 1464 perituro,
2933 1396 3095 1465 cujus
3129 1408 3462 1454 senectutem
3505 1415 3626 1470 pre-

2058 1487 2158 1542 mit
2187 1502 2251 1542 ac
2285 1491 2473 1542 sorbet
2495 1503 2742 1553 occasus,
2779 1505 2844 1542 ex
2870 1505 3059 1544 amore
3089 1492 3298 1544 Domini
3332 1491 3629 1546 medicina-

2058 1581 2128 1635 lia
2160 1581 2435 1636 susdnere
2463 1583 2716 1646 verbera,
2747 1598 2906 1651 quam
2934 1599 3001 1637 ex
3047 1583 3173 1638 odio
3199 1596 3514 1652 exspectare
3543 1586 3630 1638 in-

2057 1673 2355 1726 sanabilem
2381 1674 2620 1742 plagam,
2649 1684 2701 1726 et
2729 1675 2830 1728 sub
2862 1674 3084 1728 fulmine
3115 1676 3397 1729 sententiae
3427 1679 3632 1730 ducere

2058 1763 2425 1824 damnabilem
2463 1764 2648 1818 vitam.
2682 1764 2870 1819 Melius
2905 1775 2988 1819 est
3028 1767 3172 1820 inter
3209 1784 3402 1820 manus
3435 1767 3630 1822 medici

381 1862 505 1916 cula
540 1862 664 1916 dum
698 1863 900 1930 pateris
933 1875 1210 1928 superare.
1258 1857 1500 1913 iacentia
1549 1859 1794 1911 membra
1838 1858 1952 1912 aui—
1986 1843 2027 1898 Β
2055 1856 2412 1908 transiturum
2435 1870 2500 1907 ac
2522 1855 2788 1910 modicum
2810 1857 3084 1912 sustinere
3101 1866 3630 1924 tormentum,quam

384 1967 510 2004 mus
540 1952 745 2021 rigidus
780 1950 1094 2006 consoletur
1143 1961 1196 2004 et
1249 1958 1424 2003 curet.
1476 1949 1725 2019 Regnum
1773 1956 1954 2003 teneat

383 2040 561 2093 virtus
605 2041 742 2092 intra
793 2039 1374 2107 corpusanxietatibus
1418 2038 1835 2108 captivitatnm;
1895 2047 1954 2092 ut

383 2132 564 2184 anima
593 2131 799 2185 inclusa
851 2130 1108 2197 perit-olis
1133 2131 1306 2198 vigeat
1351 2129 1526 2198 ipsius
1557 2129 1809 2182 libertate
1845 2127 1953 2180 vir-

385 2225 540 2286 tutis,
565 2239 685 2291 qua'
721 2224 773 2275 in
808 2221 1067 2276 conﬂictu
1119 2223 1454 2288 tentatiouis,
1487 2221 1637 2275 varie
1688 2220 1955 2290 legalibus

385 2314 538 2369 tubis
588 2314 901 2380 jamdudum
951 2312 1104 2380 iussa
1162 2323 1246 2366 est
1309 2311 1623 2381 praeparari.
1647 2321 1704 2364 et
1735 2313 1789 2364 in
1841 2313 1955 2380 ipso

385 2408 654 2462 vestibulo
687 2406 983 2460 dominica:
1045 2405 1346 2470 servitutis,
1372 2413 1565 2460 contra
1608 2404 1836 2458 infestas
1865 2421 1957 2460 ca-

391 2500 663 2553 lamitates
705 2500 930 2552 armari.
968 2497 1091 2558 Fili,
1129 2499 1324 2565 inquit,
1357 2499 1608 2550 accedens
1635 2495 1704 2549 ad
1727 2499 1954 2551 seruitu-

389 2604 490 2645 tem
529 2589 647 2655 Dei,
677 2601 758 2643 sta
791 2591 842 2641 in
886 2590 1099 2658 justitia
1131 2600 1176 2642 et
1227 2589 1434 2651 timore,
1459 2598 1508 2640 et
1553 2603 1795 2656 praepara
1840 2587 1957 2640 ani-

389 2699 530 2736 mum
560 2694 705 2734 tuam
743 2679 812 2732 ad
863 2681 1200 2734 tentationem
1227 2679 1421 2749 (Eccli.
1447 2693 1508 2743 tt,
1536 2679 1588 2745 1)
1613 2715 1630 2732 .
1673 2678 1814 2748 Ergo
1832 2693 1954 2732 cum

393 2774 619 2828 tentatio
643 2773 846 2826 nostris
874 2771 1204 2826 utilitatibus
1225 2781 1570 2840 prorogetur,
1605 2785 1711 2824 non
1743 2783 1831 2824 est
1855 2769 1957 2823 mi-

394 2865 642 2926 randum,
666 2865 710 2920 si
750 2862 908 2918 nobis
936 2863 1058 2933 ejus
1083 2864 1248 2918 ardor
1277 2862 1490 2917 accidat
1526 2876 1542 2914 :
1579 2861 1722 2916 sicut
1756 2860 1958 2914 beatis-

391 2959 566 3009 simus
591 2956 784 3009 Petrus
813 2953 867 3008 in
902 2953 1139 3022 Epistola
1163 2968 1262 3006 sua
1292 2959 1500 3017 monet,
1530 2965 1595 3006 ac
1633 2949 1766 3006 dicit
1801 2970 1814 3004 :
1848 2947 1959 3003 Νο-

391 3046 486 3101 lite
517 3048 701 3100 mirari
741 3047 984 3100 ardorem
1012 3045 1333 3098 occidentem
1362 3042 1506 3097 vobis
1545 3043 1683 3110 :qui
1723 3040 1793 3094 ad
1842 3049 1958 3096 tert-

390 3139 645 3192 tationem
675 3147 898 3191 uestram
924 3137 1004 3205 ﬁt,
1036 3152 1098 3190 ne
1132 3135 1390 3190 omittatis
1414 3135 1550 3188 inter
1575 3133 1746 3188 corios
1779 3132 1960 3186 swculi

391 3231 584 3298 ﬂuctus
655 3231 701 3296 (t
773 3227 918 3284 Petr.
967 3242 1044 3290 tv,
1099 3226 1210 3297 Η).
1258 3225 1653 3295 Frequentibus
1713 3227 1964 3296 procellis

392 3321 696 3376 Christiana
736 3324 837 3373 rita
876 3321 1120 3388 quatitur
1162 3327 1328 3387 atque
1357 3328 1617 3382 tentatur,
1654 3327 1708 3372 et
1743 3333 1962 3388 pressu-

394 3412 474 3467 ris
532 3413 832 3466 innumeris
888 3411 1096 3466 la-tatur
1125 3420 1183 3464 et
1211 3410 1425 3465 crescit.
1487 3408 1644 3474 Quod
1708 3408 1963 3464 Salomon

395 3504 739 3558 beatissimus
761 3503 1020 3570 propheta
1071 3512 1124 3556 et
1175 3503 1311 3556 satis
1367 3501 1594 3557 illustris
1641 3511 1875 3555 testatur
1911 3512 1965 3558 ct

396 3596 603 3665 probat.
631 3594 982 3663 Conjungcre,
1045 3591 1242 3662 inquit,
1265 3591 1494 3646 Domino
1555 3602 1606 3646 et
1653 3593 1876 3656 sustine,
1910 3600 1966 3644 ut

393 3695 596 3741 crescat
623 3686 674 3739 in
711 3686 994 3739 vacuissima
1013 3685 1116 3738 vita
1135 3693 1228 3738 tua
1253 3683 1442 3754 (Eccli.
1477 3699 1539 3749 ιι,
1569 3685 1648 3753 5).
1679 3682 1964 3753 Navigium

397 3781 520 3834 vitat
559 3787 758 3834 nostra:
802 3776 1195 3847 agitationibus
1229 3775 1432 3844 gaudet
1461 3791 1476 3828 :
1503 3775 1618 3829 sola
1652 3772 1966 3842 tranquilli-

398 3883 511 3928 tate
569 3872 840 3926 turbatur.
893 3868 1087 3939 Stupet
1125 3867 1269 3923 enim
1327 3881 1560 3930 cursus,
1625 3865 1968 3922 cessantibus

398 3962 611 4027 ventis;
644 3961 1003 4032 periclitatur,
1031 3961 1075 4014 si
1129 3958 1390 4030 periculis
1429 3973 1536 4014 non
1567 3959 1852 4028 probetur.
1880 3956 1969 4012 ln-

397 4063 606 4114 ccrtum
663 4064 747 4106 est
801 4053 946 4108 enim
1007 4061 1195 4106 utrum
1245 4050 1313 4105 ad
1357 4049 1639 4104 Dominum
1673 4051 1968 4118 pertineat,

399 4162 558 4215 quem
594 4159 844 4213 pressura
891 4154 1068 4198 mater
1115 4143 1300 4213 gloriae
1348 4143 1662 4196 ventitando
1697 4157 1804 4194 non
1842 4155 1969 4210 pur--

400 4245 509 4306 gat,
547 4236 844 4306 premendo
875 4251 978 4288 non
1027 4235 1218 4302 nutrit,
1249 4235 1569 4305 castigando
1602 4248 1709 4288 non
1752 4232 1964 4302 probat,

399 4330 656 4382 caedendo
680 4343 784 4382 non
809 4335 985 4383 curat.
1019 4326 1152 4380 Nam
1185 4342 1308 4381 cum
1354 4327 1580 4380 verbera
1619 4327 1778 4381 nobis
1804 4335 1968 4394 atque

401 4418 550 4471 varia
603 4428 930 4472 tentamenta
955 4432 1108 4470 amor
1151 4417 1362 4472 divinus
1408 4417 1702 4486 impendat,
1731 4431 1796 4469 ac
1825 4416 1967 4469 sicut

2062 1945 2382 1998 renuntiare
2418 1945 2654 2008 medico,
2699 1955 2755 2000 et
2797 1946 3078 2001 incurrere
3116 1948 3438 2016 supplicium
3469 1957 3630 2002 aeter-

2060 2035 2146 2088 nis
2205 2035 2506 2090 tartoribus
2552 2047 2896 2090 vexatur-um.
2928 2037 3036 2090 Aut
3087 2038 3130 2092 si
3187 2039 3368 2092 adhuc
3416 2030 3637 2094 miraris

2061 2127 2320 2181 amatoris
2348 2129 2518 2182 nostri
2566 2128 2912 2193 medicinam,
2953 2143 3052 2195 per
3092 2128 3303 2198 ﬂagella
3351 2138 3630 2193 constare,

2060 2216 2191 2274 illud
2222 2231 2436 2288 quoque
2471 2218 2634 2272 debes
2665 2219 2875 2284 mirari,
2901 2221 3045 2287 quod
3081 2229 3335 2288 torquent
3383 2223 3628 2276 remedia

2060 2323 2196 2377 quos
2217 2309 2463 2365 medicus
2489 2318 2654 2376 amat,
2687 2311 2776 2378 qui
2813 2312 3058 2366 nocendo
3085 2311 3231 2380 quod
3265 2319 3423 2368 nocet
3449 2313 3632 2369 exclu-

2061 2403 2160 2455 dit.
2191 2400 2389 2470 Utique
2417 2403 2509 2471 qui
2543 2390 2796 2458 nocentia
2828 2405 3026 2473 quierit
3054 2405 3366 2470 excludere,
3400 2422 3505 2461 non
3539 2423 3633 2477 po-

2061 2500 2161 2548 tesr
2189 2507 2294 2546 non
2325 2507 2558 2548 nocere:
2595 2503 2652 2546 et
2681 2493 2801 2547 ideo
2843 2495 3090 2548 nocendo
3120 2504 3296 2558 curat,
3328 2507 3384 2548 ut
3412 2495 3629 2550 ebarior

2063 2582 2135 2638 sit
2166 2585 2375 2637 sanitas
2400 2594 2704 2652 praeparata
2735 2586 3083 2640 mter-oribus.
3109 2585 3166 2640 Si
3197 2587 3340 2640 enim
3367 2588 3632 2642 medicina

2067 2690 2176 2728 non
2233 2675 2499 2728 laceraret
2555 2663 2891 2740 sanandum,
2923 2679 3182 2731 meritum
3243 2681 3494 2734 sanitatis
3553 2681 3637 2736 ire.

2063 2781 2280 2837 semper
2326 2768 2622 2822 delectaret
2663 2769 2715 2821 in
2761 2768 3131 2822 voluntarium
3165 2772 3385 2826 vulnus.
3419 2772 3476 2826 Si
3523 2789 3630 2826 non

2065 2858 2410 2913 mordacibus
2493 2859 2824 2928 adiumentis
2905 2861 3219 2915 nocentium
3303 2863 3635 2917 medelarum

2065 2966 2194 3006 cura
2237 2951 2469 3020 pretiosa
2511 2960 2813 3016 constaret,
2848 2954 3148 3007 curandum
3178 2969 3345 3009 causa
3389 2971 3496 3010 non
3544 2971 3640 3009 co-

2063 3054 2216 3112 geret
2253 3043 2304 3097 iu
2354 3058 2661 3099 indecorem.
2713 3045 2782 3098 Et
2848 3045 2970 3099 ideo
3005 3047 3262 3102 remediis
3317 3050 3638 3103 nocent-ibus

2069 3152 2196 3190 cura
2235 3137 2534 3204 perficitur,
2573 3146 2631 3190 ut
2661 3139 2918 3193 meror-is
2949 3142 3128 3209 pretio
3175 3143 3452 3212 redempta
3491 3144 3640 3197 sani-

2071 3237 2176 3292 tas,
2208 3229 2430 3281 cbarior
2461 3228 2732 3284 habeatur
2754 3240 2807 3283 et
2850 3240 3027 3300 grata.
3059 3229 3200 3301 Ergo
3242 3233 3333 3302 qui
3369 3235 3639 3290 amandus

2067 3330 2172 3384 est,
2219 3320 2464 3390 quolibet
2503 3321 2755 3375 examine
2813 3337 2919 3376 non
2957 3331 3140 3392 potest
3178 3339 3284 3377 non
3312 3328 3636 3384 emendari:

2065 3411 2160 3480 qui
2233 3411 2590 3480 corrigendos
2643 3421 2747 3479 est,
2799 3429 2902 3466 non
2965 3425 3142 3482 pateat
3208 3431 3313 3469 non
3377 3417 3639 3488 ﬂageiiari

2069 3504 2328 3558 autatoris
2385 3504 2613 3558 verbere
2665 3521 2679 3558 :
2727 3506 2819 3573 qui
2865 3508 3143 3563 curandus
3199 3518 3306 3574 est,
3373 3512 3641 3565 medentis

2068 3595 2430 3648 mordacitate
2455 3610 2560 3648 non
2597 3604 2776 3665 potest
2819 3613 2927 3652 non
2957 3600 3164 3656 noceri.
3207 3602 3344 3668 Quid
3377 3581 3639 3658 miracqu

2067 3685 2279 3754 stupes?
2318 3687 2382 3739 de
2405 3687 2664 3755 periculis
2685 3697 2964 3756 exspectat
2995 3691 3282 3753 auxili-um,
3299 3707 3458 3760 quem
3484 3703 3642 3748 curat

2068 3774 2208 3842 ignis
2235 3787 2290 3830 et
2319 3774 2546 3829 ferrutn.
2571 3775 2734 3830 Multa
2761 3786 2891 3832 sunt
2922 3777 3068 3833 enim
3101 3794 3354 3850 quamnon
3385 3784 3488 3836 nisi
3514 3799 3640 3851 per-

2067 3882 2227 3924 cussa
2268 3878 2562 3922 sanantur.
2588 3867 2749 3922 Multi
2780 3881 2907 3924 sunt
2939 3887 3076 3940 quos
3111 3873 3301 3928 medici
3334 3875 3454 3928 sine
3489 3875 3640 3929 ferro

2069 3971 2262 4010 curare
2325 3971 2432 4010 non
2495 3968 2748 4026 possunt.
2778 3956 2880 4022 Qui
2933 3960 3222 4014 sanitatem
3267 3962 3481 4017 diversa
3541 3981 3642 4032 per

2069 4055 2338 4104 tormenta
2398 4050 2566 4118 rogati
2623 4053 2953 4118 concedunt,
3005 4053 3346 4107 amarissima
3419 4054 3637 4123 pocula,

2061 4141 2320 4211 exigente
2335 4142 2552 4205 morbo,
2591 4141 2813 4197 remedii
2837 4157 3007 4200 causa
3037 4161 3142 4198 non
3169 4146 3474 4201 sitientibus
3495 4163 3640 4218 sat-pc

2071 4235 2384 4310 pnopinant,
2413 4248 2534 4303 quae
2599 4250 2706 4289 non
2746 4238 2864 4290 sine
2905 4235 3101 4291 frontis
3165 4241 3466 4307 rugositate
3524 4255 3642 4294 sor-

2069 4323 2290 4380 bentur.
2313 4323 2450 4378 Nam
2485 4325 2529 4379 si
2566 4328 2774 4381 vultum
2809 4327 3046 4382 bibentis
3081 4331 3350 4396 attendas,
3376 4331 3548 4386 tristis
3587 4341 3644 4386 et

2071 4418 2268 4471 anxius
2297 4417 2458 4482 bibit,
2495 4429 2552 4473 ut
2600 4419 2756 4475 laet-us
2784 4432 2838 4476 et
2879 4421 3168 4477 incolumis
3198 4424 3364 4478 vivat.
3389 4423 3436 4478 0
3477 4427 3643 4478 ratio-

402 4515 642 4567 medicus
683 4511 929 4566 conferat
968 4514 1263 4568 remedium
1302 4515 1366 4566 de
1393 4513 1706 4577 contrariis,
1749 4524 1804 4566 et
1850 4521 1966 4567 tor-
1999 4536 2042 4590 ι)
2075 4506 2271 4560 nabilia
2305 4517 2361 4561 et
2409 4507 2770 4562 incommodis
2800 4509 3084 4564 cuminoda
3131 4515 3266 4565 satis
3313 4513 3641 4581 perversitas

402 4608 620 4676 quendo
641 4613 922 4660 succurrat
951 4620 969 4660 :
1003 4621 1109 4659 non
1141 4620 1201 4660 se
1233 4605 1424 4674 probat
1470 4605 1536 4661 ad
1569 4619 1810 4658 antorem
1843 4619 1966 4674 per-

403 4697 578 4752 tinere
612 4696 846 4762 Domini,
880 4698 971 4766 qui
1017 4695 1186 4765 plagis
1223 4697 1636 4750 medicinalibus
1691 4713 1794 4752 non
1849 4712 1967 4750 me-

403 4790 514 4840 ruit
569 4788 873 4856 subiacere.
917 4786 1021 4841 Sed
1076 4787 1304 4842 forsitan
1373 4787 1631 4841 diciszr‘ti
1668 4801 1822 4840 meus
1885 4795 1968 4840 est

399 4891 612 4934 amator
651 4878 812 4944 Deus,
848 4894 945 4933 cur
987 4893 1071 4933 me
1117 4879 1282 4948 igitur
1313 4879 1576 4933 amatoris
1626 4878 1729 4932 mei
1761 4877 1966 4947 ﬂagella

399 4975 552 5041 gravi
588 4971 916 5026 laceratione
947 4971 1319 5034 Intestiiicant,
1357 4980 1412 5025 et
1463 4971 1708 5025 lardendo
1749 4979 1969 5026 contur-

400 5061 575 5116 bant?
613 5063 658 5116 si
704 5078 790 5115 me
836 5063 1179 5130 amplexibus
1238 5061 1569 5131 ﬂagellorum
1617 5073 1830 5130 torquet
1877 5061 1967 5130 qui

397 5159 569 5214 amat,
591 5151 700 5220 iam
744 5160 920 5220 partes
970 5149 1078 5203 odii
1128 5150 1297 5203 falsus
1349 5163 1506 5202 amor
1555 5157 1774 5202 exercet
1812 5145 1966 5215 :iam

400 5245 544 5295 malo
585 5243 784 5305 oderit,
823 5257 888 5296 ne
931 5249 1205 5309 torqueat.
1257 5240 1370 5295 lino
1418 5255 1550 5294 cave
1601 5254 1704 5292 non
1765 5239 1963 5305 oderit,

400 5349 532 5400 roga
563 5344 617 5385 ut
637 5348 820 5386 amare
841 5333 1111 5402 dignetur.
1136 5335 1301 5385 Amor
1321 5333 1464 5384 enim
1489 5332 1756 5397 emendat,
1783 5331 1967 5385 odium

403 5439 532 5476 vero
577 5424 900 5491 supplicium
950 5423 1340 5477 comminatur.
1406 5423 1572 5476 Amor
1621 5423 1966 5490 diseiplinam

397 5517 681 5568 consuevit
736 5514 1072 5582 impendere,
1125 5515 1308 5568 odium
1358 5529 1507 5579 vero,
1559 5515 1800 5567 dictante
1847 5527 1971 5566 sen-

402 5609 594 5666 t’entia,
625 5616 831 5657 reatum
863 5607 1111 5659 recitare.
1142 5605 1294 5670 Quod
1327 5607 1506 5659 odium
1543 5606 1828 5660 nativitate
1859 5605 1968 5658 btt-

399 5703 548 5749 rnani
591 5696 803 5765 gent-ris
847 5712 909 5749 ex
951 5697 1056 5749 Deo
1105 5699 1154 5750 in
1195 5699 1464 5750 hominem
1512 5708 1862 5765 propagatur.
1903 5693 1967 5746 lit

398 5788 523 5842 idco
549 5798 630 5844 est
683 5790 941 5854 hominis,
982 5791 1124 5860 quod
1149 5790 1255 5846 odit
1293 5828 1310 5857 ,
1346 5801 1438 5844 aut
1491 5791 1748 5846 irascitur
1777 5791 1916 5846 Deus
1947 5804 1963 5842 :

2069 4597 2386 4652 medicinae!
2424 4599 2658 4668 Urgetur
2687 4601 2854 4654 bouto
2925 4603 3112 4656 bibere
3157 4604 3299 4671 quod
3349 4619 3452 4658 non
3479 4604 3637 4660 sitit:

2065 4687 2156 4738 cui
2195 4687 2489 4744 remedium
2520 4698 2602 4742 est
2638 4688 2930 4758 aliquando
2964 4691 3109 4758 quod
3145 4692 3280 4746 sitit.
3329 4692 3464 4748 Nam
3506 4697 3636 4761 quia

2065 4777 2338 4832 interdum
2403 4781 2652 4836 ciborum
2714 4781 3099 4838 abstinentiam
3157 4787 3525 4856 praecipiunt:
3561 4788 3644 4840 in-

2070 4870 2210 4924 dicta
2235 4870 2526 4940 ieiunitate
2555 4890 2758 4942 corpus
2799 4887 3123 4942 exonerant,
3149 4888 3214 4932 ut
3245 4881 3307 4931 de
3343 4881 3455 4947 ipsa
3485 4880 3642 4932 lassi-

2067 4961 2258 5016 tudine
2305 4963 2570 5018 refccmm
2613 4975 2778 5035 atque
2830 4966 3187 5022 fortissimum
3232 4973 3478 5026 reddant.
3537 4972 3643 5025 Re-

2067 5054 2290 5120 pentino
2339 5054 2560 5108 vubtera
2608 5071 2730 5124 qua:
2773 5072 2933 5112 casus
2965 5059 3022 5112 in
3056 5063 3255 5116 castris
3297 5063 3532 5128 advexit,
3565 5065 3643 5115 fn-

2073 5155 2214 5210 \ent,
2249 5145 2442 5215 ligant,
2479 5149 2749 5213 sarciunt,
2819 5163 3040 5214 curant,
3077 5153 3470 5208 troestilicando
3513 5156 3645 5210 laeti-

2073 5239 2256 5303 licant,
2307 5237 2578 5307 fatigando
2637 5239 2971 5302 conlortaut.
3030 5246 3274 5299 laedendo
3331 5249 3638 5304 medentur.

2072 5325 2204 5381 an...
2255 5331 2378 5383 dum
2417 5329 2598 5397 patulo
2632 5331 2840 5386 vulneri
2898 5338 3208 5388 continuata
3262 5340 3462 5404 partim
3512 5352 3640 5394 cute

2070 5421 2391 5490 quibusdam
2424 5421 2604 5476 ﬁbulis
2637 5422 2872 5478 inferunt
2901 5429 3214 5492 sanitatem,
3248 5431 3409 5484 vitam
3442 5447 3641 5486 conso-

2072 5511 2235 5566 lundo
2267 5513 2636 5586 pollicentur,
2663 5530 2824 5583 quant
2856 5520 3098 5572 curando
3139 5535 3494 5592 tomponnnt.
3535 5524 3642 5579 Sed

2073 5605 2270 5659 leviora
2307 5617 2437 5660 sant
2482 5607 2582 5660 ista
2631 5623 2750 5676 qua:
2799 5610 3037 5664 diximus
3069 5627 3086 5666 ;
3115 5615 3254 5681 apud
3283 5630 3418 5682 quos
3441 5628 3523 5671 est
3560 5633 3646 5670 re-

2071 5700 2306 5752 medium
2335 5716 2439 5753 non
2473 5702 2592 5754 sine
2619 5702 2876 5770 scalpello
2898 5703 3116 5760 demere
3143 5712 3455 5778 putredines
3486 5728 3643 5764 οιιυτ-

2074 5801 2246 5856 vatus,
2285 5801 2338 5846 ct
2381 5805 2659 5861 amputare
2688 5794 2754 5848 de
2802 5794 3023 5852 homine
3063 5802 3183 5856 vivo
3237 5814 3475 5856 mortua:
3521 5819 3644 5872 par-
