4054 6206
401 329 467 394 61
1332 323 1392 386 S.
1432 317 1875 382 lllERONYMl
1919 309 2243 375 OPEBUM
2287 308 2697 371 MANTlSSA.
3592 293 3659 353 C3

407 457 532 513 tes;
589 445 715 499 licet
770 457 936 496 unum
988 440 1354 497 membrorum
1397 454 1506 493 non
1573 451 1737 492 sensu
1812 427 2286 495 totiusAquibus
2345 433 2546 478 aeterna
2608 416 2876 489 :egritudo
2916 415 3176 477 ttttlrittlr,
3234 426 3333 466 nec
3386 407 3660 464 vernerari

405 536 654 601 corporis
706 543 1062 602 amputetur,
1126 533 1287 586 homo
1355 541 1536 583 tamen
1598 527 1712 580 suis
1763 523 1978 578 damnis

402 629 676 685 Cuttsetttit
737 639 794 680 ut
844 627 1009 680 vivat.
1081 625 1236 693 Apud
1293 623 1418 676 illos
1469 621 1756 688 aliquoties
1801 617 1984 668 detra-

405 723 512 776 ctis
555 721 792 783 cutibus,
853 729 909 772 et
991 719 1107 785 ipsa
1170 703 1293 770 Ossa
1373 713 1660 772 raduntur,
1710 726 1776 764 ne
1836 717 1981 760 totus

409 813 569 865 homo
635 811 851 880 pericns
926 808 1205 862 eradatur.
1265 804 1424 874 Apud
1499 802 1644 871 ipsos
1729 813 1983 852 nonnun-

405 920 569 972 quam
630 903 882 957 collectio
948 900 1260 954 verminans
1329 905 1388 950 et
1454 905 1688 949 :estuans
1752 901 1981 951 tumor,

407 995 714 1048 mediciuali
761 992 902 1046 ferro
940 991 1206 1045 sulcatur.
1261 988 1416 1058 Apud
1475 988 1622 1056 ipsos
1676 983 1817 1054 ignis
1849 984 1979 1048 urit,

406 1094 466 1138 ut
517 1084 800 1151 refrigeret
845 1101 860 1137 :
911 1082 1121 1135 mordet
1155 1089 1212 1135 et
1280 1079 1744 1144 lacerat,pulvis,
1797 1084 1855 1130 ut
1897 1093 1984 1129 sa-

407 1185 518 1230 net.
554 1172 691 1239 Quid
726 1173 920 1242 plura?
952 1170 1066 1225 Sub
1101 1171 1308 1224 medica
1360 1169 1559 1238 pietate
1622 1167 1785 1221 homo
1819 1165 1982 1235 pluri-

407 1281 552 1319 mmn
587 1273 892 1332 torquetur,
922 1270 982 1316 ut
1012 1261 1304 1330 plurimum
1358 1260 1525 1316 vivat.
1557 1259 1695 1314 Ecce
1731 1273 1982 1312 accessa.

408 1359 548 1411 rium
593 1355 917 1424 periculum,
949 1355 1000 1407 iu
1040 1369 1150 1421 quo
1191 1353 1512 1407 benelicium
1542 1363 1625 1406 cst
1668 1351 1827 1405 lidclc
1866 1362 1982 1404 tor-

407 1459 670 1502 mentum.
691 1445 1037 1500 Periclitatur
1058 1460 1154 1515 pro
1183 1455 1332 1499 certo
1358 1459 1516 1512 quem
1542 1442 1782 1496 medicus
1804 1450 1980 1506 curat,

411 1541 505 1595 sed
543 1541 684 1610 perit
732 1549 786 1594 ει
827 1538 1098 1606 decipitur
1145 1539 1230 1592 cui
1287 1537 1583 1590 renuntiat.
1615 1533 1752 1588 Huic
1811 1534 1979 1598 enim,

408 1634 542 1686 licet
590 1631 694 1685 sub
745 1642 1035 1692 tormento,
1071 1629 1178 1682 vita
1228 1625 1726 1697 promittitnrmlii
1765 1624 1978 1679 vivendi

405 1740 528 1793 spes
559 1723 882 1792 denegatur.
915 1721 1052 1790 Ergo
1088 1719 1176 1773 ubi
1203 1718 1508 1773 necessitas
1542 1715 1732 1784 exigit,
1767 1713 1980 1785 pericli.

408 1818 509 1871 tari
551 1816 742 1869 melius
786 1823 870 1868 est
920 1827 1084 1881 quam
1128 1811 1331 1882 petire.
1377 1809 1740 1863 lneommodis
1788 1819 1986 1860 nocere

405 1922 532 1962 curn
577 1905 751 1960 fructu
787 1905 1123 1959 commodius
1147 1915 1299 1974 puto,
1334 1916 1499 1971 quam
1535 1901 1740 1969 negatis
1777 1901 1982 1954 incom-

408 1998 584 2054 modis
608 1998 872 2063 interire;
907 1997 959 2050 id
1004 2005 1108 2060 est,
1140 1994 1315 2050 satius
1358 2002 1444 2049 est
1475 1991 1716 2046 remedio
1748 1991 1848 2045 sibi
1883 2005 1985 2044 no-

407 2089 542 2152 ceri,
581 2105 742 2158 quam
776 2104 880 2141 non
919 2102 1077 2156 posse
1107 2086 1312 2140 curari.

481 2177 572 2234 IV.
627 2179 741 2234 lloc
791 2178 1094 2233 secundum
1143 2177 1420 2232 cmlestem
1460 2175 1728 2232 medicum
1765 2174 1982 2244 loquor,

407 2283 462 2326 ct
502 2271 568 2324 ad
599 2285 785 2324 curam
816 2271 986 2338 magis
1017 2267 1192 2324 refero
1220 2268 1579 2338 spiritualem,
1613 2284 1716 2321 non
1747 2267 1812 2321 ad
1839 2267 1984 2332 illam

405 2365 579 2418 solam
611 2379 731 2432 qua:
783 2372 902 2415 arte
929 2360 1219 2419 moritura.
1266 2360 1585 2414 mortalibus
1625 2367 1874 2412 versatur
1929 2358 1986 2412 in

409 2455 688 2510 membris.
726 2451 894 2508 Nobis
917 2461 1000 2508 est
1025 2469 1154 2522 ergo
1185 2452 1376 2505 melius
1404 2467 1431 2504 a
1459 2450 1684 2504 Domino
1709 2449 1982 2520 redargui,

406 2545 688 2615 castigari,
717 2557 771 2600 et
799 2545 904 2598 sub
935 2543 1053 2613 ejus
1086 2544 1240 2612 plaga
1276 2542 1478 2606 curari,
1531 2557 1695 2610 quam
1753 2539 1822 2595 ab
1871 2541 1988 2609 ejus

411 2635 679 2691 medicina
717 2634 1046 2689 iucurabiles
1075 2632 1364 2687 removeri.
1405 2633 1573 2685 Arcet
1608 2632 1754 2683 enim
1791 2646 1820 2684 a
1863 2617 1986 2685 suis

411 2729 650 2783 vultibus
705 2730 845 2783 Deus
875 2742 1012 2796 quos
1060 2726 1258 2780 viderit
1296 2723 1616 2779 incurabilis
1649 2724 1822 2777 morbi
1881 2723 1986 2776 ini-

413 2821 622 2888 quitate
651 2829 874 2873 vexatos
900 2837 914 2873 :
957 2828 1012 2872 et
1038 2819 1179 2872 sicut
1208 2816 1486 2886 pulverem
1518 2824 1609 2868 aut
1636 2815 1848 2883 paleam
1883 2815 1986 2867 im-

415 2925 540 2979 petu
568 2911 804 2966 turbinis
844 2925 942 2979 per
973 2909 1098 2964 vitia
1133 2893 1425 2977 dissipatos
1467 2914 1634 2976 atque
1666 2907 1984 2975 dispersos:

411 3005 552 3058 sicut
581 3005 694 3072 ipse
727 3003 777 3055 iu
803 3018 898 3056 sua
934 3016 1062 3054 voce
1098 2999 1360 3068 loquitur,
1396 2997 1620 3054 dicens:
1658 2997 1916 3052 Rccedant
1955 3014 1988 3050 a

414 3111 495 3148 me
525 3095 714 3162 iniqui,
746 3095 856 3147 vias
884 3093 1019 3146 enim
1054 3091 1266 3144 illorum
1289 3091 1420 3154 scire
1439 3090 1596 3142 nolo:
1627 3090 1879 3155 quoniam
1905 3089 1990 3142 lu-

416 3201 571 3240 cerna
601 3200 780 3239 eorum
813 3185 1071 3236 exstincta
1125 3191 1226 3246 est,
1256 3190 1306 3235 et
1340 3181 1594 3250 gemitum
1625 3181 1888 3234 habebunt
1935 3181 1987 3233 in

412 3279 522 3331 vita
550 3294 670 3330 sua.
709 3274 880 3328 Erunt
912 3275 1050 3327 enim
1073 3274 1228 3326 sicuti
1264 3274 1451 3340 paleae,
1493 3289 1610 3341 qua:
1647 3289 1678 3325 a
1715 3283 1864 3325 vento
1896 3290 1986 3325 ro-

417 3370 552 3434 tant,
591 3376 638 3421 et
682 3368 816 3420 sicut
870 3366 1060 3436 pulvis,
1103 3369 1192 3435 qui
1252 3382 1284 3418 a
1343 3364 1735 3432 tempestatibus
1784 3365 1990 3416 tollitur

379 3463 382 3468 ’
417 3459 539 3530 (Job
588 3473 698 3523 xxi,
743 3457 833 3520 16,
871 3457 960 3520 Π,
1000 3455 1108 3524 i8).
1141 3454 1338 3508 Eurum
1374 3457 1487 3508 vias
1519 3473 1623 3508 non
1660 3455 1771 3508 vult
1819 3459 1986 3520 scire,

417 3553 508 3620 qui
539 3550 680 3604 viam
729 3550 946 3603 omnino
1001 3547 1194 3600 nolunt.
1248 3557 1434 3601 tenere
1474 3547 1864 3615 perducentem
1922 3545 1990 3599 ad

417 3643 692 3698 sublimia.
711 3641 794 3696 Ad
815 3657 980 3695 unum
1000 3640 1143 3693 enim
1172 3636 1458 3692 Dominum
1485 3653 1591 3691 una
1617 3639 1701 3691 via
1733 3637 1806 3705 in
1834 3636 1992 3690 Citri-

418 3745 503 3787 810
529 3734 758 3786 tenenda
795 3741 900 3795 est,
929 3747 1046 3800 qua:
1089 3730 1506 3797 augustantibus
1551 3729 1905 3784 tentamentis
1935 3727 1991 3781 in

418 3825 592 3894 spatio
629 3825 801 3893 longa:
828 3823 1139 3878 st-curitatis
1169 3821 1563 3876 inducat.lluic
1592 3822 1694 3878 soli
1727 3823 1824 3874 viae
1848 3831 1994 3890 patet

418 3918 673 3987 palatium
700 3915 848 3970 coeli.
883 3914 1104 3969 Caetera:
1133 3927 1264 3967 vero
1298 3911 1992 3980 voluptatumanfractibus

419 4019 682 4066 tortuosa:
713 4009 987 4076 regionem
1021 4005 1400 4060 llatnmiferam
1425 4014 1637 4073 petunt.
1676 4003 1752 4058 De
1794 4007 1992 4074 quibus

424 4102 682 4156 Salomon
739 4101 820 4153 sic
877 4098 1092 4167 propria
1123 4113 1256 4152 voce
1287 4107 1520 4153 testatur
1557 4108 1612 4152 et
1640 4097 1811 4150 dicit:
1854 4097 1992 4152 Sunt

419 4192 514 4245 via’
543 4205 660 4258 qua:
687 4188 930 4242 titlentnr
964 4187 1260 4240 hominibus
1284 4187 1470 4254 justas,
1499 4195 1548 4240 et
1573 4188 1626 4240 in
1649 4188 1755 4255 ﬁne
1775 4187 1991 4240 illarum

418 4283 641 4337 tristitia
683 4290 730 4334 et
763 4281 918 4334 dolor
949 4278 1136 4339 (Prov.
1177 4295 1289 4343 ιιν,
1327 4279 1440 4348 12).
1478 4279 1541 4333 Et
1576 4295 1672 4349 per
1727 4279 1825 4333 has
1878 4280 1994 4334 vias

421 4376 496 4431 illi
529 4375 841 4446 praccipites
870 4373 1217 4441 gradiuntur,
1277 4372 1474 4440 quibus
1531 4387 1724 4426 cursus
1761 4372 1994 4426 inimicae.

2086 535 2209 573 cum
2273 517 2502 578 sanctis,
2547 512 2776 568 Domino
2826 509 3148 578 castigante,
3204 521 3325 558 cum
3387 519 3492 574 quo
3544 513 3665 563 post.

2087 609 2295 678 ﬂagella
2334 615 2588 678 regnetur
2617 621 2630 660 :
2659 619 2888 672 quorum
2922 600 3088 654 David
3130 597 3233 652 hoc
3263 595 3506 658 carmine
3567 591 3664 646 lla-

2085 705 2221 772 gitat
2271 704 2644 756 mentionem:
2704 698 2764 752 In
2797 692 3206 766 cogitationibus
3239 689 3506 743 hominum
3557 703 3661 738 non

2085 801 2227 856 sunt,
2262 802 2312 846 et
2358 808 2478 845 cum
2533 789 2835 843 hominibus
2893 803 2996 838 non
3035 783 3449 854 ﬂagellabttntur
3490 794 3510 835 :
3546 778 3663 831 ideo

2086 885 2258 938 tenuit
2284 900 2371 936 sos
2398 880 2643 948 superbia
2677 894 2857 931 eorum
2908 875 3078 943 (Psal.
3116 890 3278 936 Lxxv,
3331 871 3404 941 1).
3473 869 3664 926 Cernis

2089 979 2253 1047 igitur
2279 973 2588 1030 medicinali
2615 970 2830 1040 ﬂagello
2867 968 3172 1022 immeritos
3202 965 3436 1031 despici,
3467 975 3519 1018 et
3548 978 3658 1015 me-

2089 1070 2222 1122 ritos
2250 1065 2610 1120 amicabiliter
2632 1062 2915 1130 castigari.
2969 1061 3178 1114 Parens
3221 1058 3365 1112 enim
3417 1058 3662 1108 onmium

2089 1158 2254 1220 Deus,
2300 1164 2356 1210 ut
2415 1166 2494 1210 est
2545 1155 2792 1209 medicus
2853 1152 3028 1206 lidelis
3061 1166 3186 1220 erga
3249 1159 3556 1216 susceptos,
3609 1155 3664 1199 et

2086 1251 2296 1320 genitor
2345 1249 2515 1302 circa
2552 1247 2763 1301 liberos
2819 1260 2967 1312 suos,
3010 1258 3147 1312 quos
3181 1249 3346 1304 amat,
3379 1240 3458 1294 sic
3512 1237 3661 1300 ferit,

2089 1343 2428 1409 utcorrigat,
2469 1354 2574 1393 non
2629 1347 2686 1392 ut
2738 1337 2973 1390 occidit.
3012 1333 3151 1401 Ergo
3181 1331 3310 1386 felix
3344 1330 3538 1396 estqui
3573 1345 3664 1380 tta-

2087 1433 2259 1502 pnlat,
2295 1432 2386 1486 ubi
2418 1431 2626 1484 amoris
2663 1437 2746 1486 est
2771 1429 2951 1496 plaga.
2985 1424 3188 1478 Beatus
3224 1437 3388 1492 quem
3440 1419 3661 1489 superni

2086 1525 2330 1580 verberis
2367 1523 2666 1578 remedium
2699 1535 2883 1585 curst,
2925 1520 3168 1589 corrigit,
3209 1515 3480 1580 emendat,
3503 1524 3666 1582 atque

2087 1618 2400 1685 componit:
2454 1632 2576 1671 cum
2639 1615 2812 1668 David
2871 1614 3062 1666 beatus
3106 1611 3372 1680 propheta
3423 1618 3478 1660 et
3530 1606 3665 1660 satis

2091 1711 2318 1766 illustris
2355 1711 2432 1764 sic
2459 1710 2818 1762 concionetur
2867 1715 2920 1760 et
2965 1705 3226 1765 clamitt-t,
3255 1704 3477 1757 dicens:
3517 1699 3668 1752 Felix

2018 1791 2059 1846 Β
2089 1819 2238 1872 quem
2270 1813 2324 1855 tu
2350 1801 2732 1864 emendareris,
2771 1799 3072 1863 Domine,el
3101 1798 3161 1849 de
3186 1795 3288 1864 leg:
3312 1806 3400 1846 tua
3432 1793 3668 1846 docttsris

2087 1913 2202 1948 cum
2262 1894 2438 1965 (Psal.
2503 1911 2652 1957 xcnt,
2711 1893 2816 1962 l2).
2885 1890 3026 1960 Ergo
3064 1891 3318 1958 quoniam
3363 1904 3428 1941 ex
3483 1885 3666 1939 divino

2101 1988 2395 2055 permissu,
2428 1985 2658 2039 diversa:
2717 1981 3091 2036 mordacitatis
3140 1977 3496 2046 languoribus
3539 1974 3669 2028 sub-

2085 2077 2352 2147 jacemus,
2390 2091 2452 2130 ac
2492 2075 2650 2145 longa
2685 2075 2996 2130 Calamitate
3058 2074 3357 2126 curandam
3427 2070 3669 2135 gerimus

2091 2171 2278 2234 vitam,
2320 2171 2372 2224 in
2397 2185 2624 2224 examen
2653 2179 2852 2223 nostrae
2881 2167 3126 2230 virtutis,
3191 2166 3482 2228 praadictas
3533 2163 3664 2214 olim

2091 2263 2341 2316 miserias
2370 2262 2750 2331 aquanimiter
2776 2261 3141 2331 perferamus.
3171 2257 3419 2313 Infelices
3442 2273 3505 2311 ac
3531 2257 3672 2310 mul-

2093 2353 2304 2423 tiplices
2330 2369 2516 2418 casus,
2555 2353 2855 2406 anxietates
2908 2363 2960 2406 et
2985 2351 3142 2405 ﬂetus
3175 2367 3310 2420 quos
3333 2350 3665 2402 incurrimus

2095 2447 2228 2511 nati,
2259 2446 2456 2501 mentis
2509 2445 2770 2501 felicitate
2833 2457 3131 2517 portemus.
3192 2443 3303 2498 Nec
3359 2442 3666 2497 mirandum

2089 2548 2170 2594 est
2197 2539 2367 2603 enim,
2399 2541 2539 2606 quod
2571 2539 2837 2592 malorum
2871 2537 3237 2606 frequentium
3267 2534 3542 2603 stragibus
3575 2549 3670 2589 va-

2093 2632 2188 2686 riis
2217 2633 2296 2687 sic
2325 2631 2634 2686 mortalium
2676 2631 2782 2686 vita
2812 2631 3096 2700 populetur
3137 2630 3187 2682 in
3221 2631 3442 2690 mundo,
3475 2629 3527 2681 in
3560 2643 3669 2696 quo

2093 2740 2252 2778 nemo
2279 2725 2522 2778 nascitur
2555 2725 2764 2788 ridens,
2797 2725 2847 2777 in
2880 2738 2989 2793 quo
3021 2737 3178 2775 nemo
3212 2723 3392 2776 lumen
3418 2724 3539 2775 vita:
3563 2721 3666 2775 nisi

2091 2831 2218 2870 cum
2245 2815 2501 2886 lacrymis
2533 2816 2865 2885 auspicatur.
2934 2814 3069 2868 Cum
3105 2830 3204 2869 nos
3258 2817 3496 2885 denique
3551 2830 3670 2866 wa-

2094 2919 2262 2962 terute
2296 2907 2472 2964 vulvae
2531 2908 2826 2962 tentorium
2857 2907 3174 2962 ostenderet
3202 2908 3428 2972 mundo,
3480 2908 3670 2963 ﬂentes

2093 3001 2387 3055 didicimus
2415 3000 2714 3055 mundum:
2759 3002 2988 3068 utquasi
3021 2999 3286 3054 malorum
3319 3000 3582 3068 primitias
3617 3006 3668 3056 in

2096 3094 2285 3162 primis
2317 3094 2571 3164 lacrymis
2601 3103 2968 3162 guaaremus.
2997 3091 3250 3146 Salomon
3289 3097 3546 3162 propheta
3569 3095 3669 3146 bac

2095 3187 2536 3255 pronuntiatione
2573 3193 2842 3241 testatur:
2879 3184 3014 3252 Ego,
3052 3184 3247 3252 inquit,
3304 3195 3460 3238 natus
3490 3187 3668 3250 accepi

2093 3295 2415 3332 communem
2447 3287 2678 3342 tctatem,
2737 3289 2784 3329 et
2812 3277 2869 3328 in
2899 3277 3146 3329 similiter
3163 3275 3358 3344 factam
3380 3278 3547 3330 decitli
3567 3290 3672 3330 ter-

2093 3386 2204 3421 ram
2232 3372 2497 3437 :primam
2524 3385 2696 3423 vocem
2721 3368 2948 3422 similent
2977 3369 3217 3422 omnibus
3251 3371 3400 3423 emisi
3433 3370 3670 3437 plorans.

2097 3461 2164 3514 In
2203 3463 2571 3514 invuluntentis
2602 3463 2833 3513 nutritus
2865 3477 2981 3514 smn
3011 3469 3060 3514 et
3091 3465 3234 3515 curis
3259 3466 3482 3530 magnis.
3504 3461 3671 3516 Nemo

2091 3554 2230 3606 enim
2249 3569 2313 3606 ea;
2336 3553 2540 3621 regibus
2566 3554 2713 3606 aliud
2737 3553 2922 3606 habuit
2943 3555 3230 3606 nativitatis
3255 3557 3486 3609 initium.
3521 3554 3667 3610 l'.::.:

2094 3655 2167 3698 est
2197 3661 2318 3714 ergo
2347 3646 2587 3700 omnibus
2636 3649 2883 3702 introitus
2916 3649 2985 3699 ad
3026 3649 3211 3712 t’itam,
3251 3661 3296 3701 et
3327 3650 3514 3702 similis
3559 3653 3671 3703 cxi-

2096 3745 2181 3790 tus
2253 3737 2404 3805 (Sap.
2460 3755 2552 3802 vtt,
2595 3739 2646 3804 1,
2700 3740 2752 3805 '2,
2807 3741 2884 3808 5).
2925 3740 3160 3794 Necesse
3181 3753 3259 3794 est
3287 3743 3430 3795 enim
3483 3753 3538 3797 ut
3578 3746 3670 3812 qui

2096 3831 2329 3894 venerit,
2393 3841 2657 3897 transeat,
2721 3833 2810 3887 ubi
2846 3835 3010 3886 vitam
3051 3835 3228 3904 egerit
3283 3837 3667 3904 peregrinam:

2099 3923 2334 3974 maxime
2354 3937 2478 3975 cum
2511 3923 2582 3975 ita
2622 3922 2880 3977 Salomon
2932 3935 3308 3992 protestetur:
3368 3925 3534 3992 Unus,
3585 3927 3669 3981 in-

2095 4013 2232 4080 quit,
2295 4013 2549 4066 introitus
2591 4012 2659 4064 αα
2703 4013 2883 4073 vitam.
2926 4026 2975 4066 et
3038 4014 3231 4069 similis
3284 4017 3478 4070 exitus.
3531 4019 3668 4084 Quid

2094 4119 2224 4173 ergo
2257 4097 2632 4175 prosperitatis
2655 4120 2740 4160 aut
2765 4111 2963 4163 ltetttiae
2980 4121 3154 4177 potest
3174 4111 3330 4164 nobis
3356 4127 3665 4175 occurrere,

2097 4197 2185 4250 ubi
2241 4198 2416 4267 primo
2469 4198 2706 4253 discitur
2764 4199 2914 4264 ﬂere,
2962 4211 3014 4255 ct
3046 4201 3186 4257 inter
3243 4203 3356 4272 ipsa
3399 4203 3671 4258 cunabula

2097 4290 2371 4344 nascentis
2395 4291 2660 4357 infantite,
2695 4301 2748 4347 et
2794 4294 2848 4348 in
2907 4295 3023 4362 ipso
3063 4297 3184 4349 vita:
3213 4297 3506 4363 vestibulo,
3541 4299 3672 4351 nihil

2097 4383 2242 4436 aliud
2267 4385 2389 4438 novi
2426 4386 2490 4440 de
2523 4388 2724 4440 tnuudo
2752 4403 2910 4455 quant
2937 4387 3094 4441 fletus
3148 4389 3428 4443 occurrit?
3457 4388 3667 4445 Limina

419 4468 548 4522 νίιω
610 4466 993 4521 Μθιιάίωυιὶιίε
1027 4465 1311 4520 fallacum“
1354 4465 1641 4533 ³⁶Ῑιι¹ίίιυΐὶ
1689 4481 1828 4534 quos
1855 4466 1994 4520 Mill
2025 4490 2070 4544 ι)
2098 4476 2284 4529 mundi
2327 4493 2449 4530 cum
2513 4475 2640 4532 fletu
2690 4479 3042 4544 calcavimus,
3103 4478 3352 4534 llebimus
3411 4483 3664 4550 equidem

419 4561 648 4617 surdum
680 4571 893 4630 tempus
917 4571 968 4614 et
997 4559 1222 4629 decipit,
1261 4559 1450 4628 recipit
1481 4559 1736 4615 interitus
1787 4570 1844 4615 et
1910 4560 1991 4614 itt-

417 4655 605 4710 clndit.
649 4653 797 4720 Quos
837 4654 981 4707 sicut
1031 4652 1084 4706 iu
1153 4653 1406 4722 secpulos
1462 4653 1762 4721 perituram
1801 4669 1991 4710 navent

423 4757 721 4818 tempestas
756 4747 1006 4816 impellit,
1033 4745 1116 4801 sic
1144 4745 1332 4799 inlelix
1367 4745 1601 4801 felicitas
1628 4747 1679 4801 iu
1709 4748 1990 4802 interitum

419 4856 620 4910 pronus
651 4849 703 4894 et
733 4838 920 4894 labiles
957 4838 1126 4893 ducit.
1181 4837 1248 4892 Et
1275 4840 1458 4908 sicuti,
1484 4838 1718 4908 aliquem
1781 4841 1994 4895 securis

421 4932 726 4986 incessibus
759 4929 1126 4999 gradientem,
1183 4931 1470 5000 repentino
1514 4945 1666 4996 casu,
1726 4941 1819 4986 aut
1851 4948 1996 4984 mar-

417 5027 586 5079 moris
622 5025 828 5086 levitas,
867 5034 960 5076 aut
987 5022 1165 5076 labina
1182 5021 1478 5092 pavimenti
1501 5023 1762 5076 subversa
1793 5025 1990 5091 pedum

419 5120 584 5172 tutela
621 5117 921 5181 contorsit;
980 5116 1053 5170 ita
1105 5131 1246 5183 quos
1275 5113 1573 5170 infeliciter
1603 5116 1754 5170 ducit
1793 5131 1994 5170 secun-

419 5213 606 5264 tlarum
644 5225 822 5262 rerum
854 5212 955 5264 iter
991 5211 1277 5275 incertum,
1315 5207 1535 5278 vitaque
1571 5209 1992 5277 malcjucunda,

375 5316 646 5355 .uccesse
672 5316 754 5354 est
809 5304 862 5354 in
915 5301 1330 5354 irrevocabilem
1407 5301 1617 5370 lapsum
1675 5300 1996 5355 subitaneus

422 5407 588 5446 casus
624 5393 927 5462 impingat:
960 5393 1121 5445 sicuti
1179 5392 1438 5446 Salomon
1475 5393 1858 5447 sanctissimus
1921 5403 1999 5450 ιε-

421 5499 619 5549 SIatur,
651 5497 705 5540 et
741 5489 976 5540 clamat:
1012 5484 1204 5549 Sicuti,
1234 5485 1430 5553 inquit,
1470 5486 1559 5555 qui
1590 5486 1643 5538 in
1693 5487 1996 5554 pavimento

418 5579 584 5639 cadit,
630 5581 708 5632 sic
748 5596 905 5634 casus
952 5584 1214 5634 motorum
1247 5579 1565 5649 festinanter
1591 5582 1756 5635 veniet
1802 5579 1994 5649 (Eccli.

420 5691 513 5738 xx.
539 5674 658 5742 20).
708 5673 772 5754 lli
804 5687 930 5728 sunt
971 5676 1158 5744 procul
1195 5675 1382 5738 dubio,
1413 5674 1503 5745 qni
1547 5691 1653 5728 non
1720 5685 2001 5729 merentur

420 5769 654 5838 alicujus
688 5769 920 5824 miseriae
971 5768 1251 5825 ventilatis
1288 5768 1716 5831 flagitationibus
1782 5769 1996 5840 agitari,

2099 4569 2406 4624 transituri.
2427 4569 2471 4623 0
2503 4583 2790 4640 angustum
2821 4582 2874 4626 et
2899 4573 3030 4626 satis
3059 4589 3280 4626 animum
3310 4586 3522 4644 tempus
3549 4581 3671 4632 vita:

2098 4661 2364 4727 mortalis,
2397 4661 2484 4714 tibi
2519 4678 2638 4716 cum
2678 4661 2828 4716 initio
2859 4666 3172 4718 nontinatur
3205 4675 3258 4718 et
3288 4665 3429 4732 ﬁnis,
3457 4668 3670 4722 initium

2096 4762 2344 4807 nostrum
2372 4770 2495 4807 cum
2528 4754 2632 4808 line
2663 4755 3027 4824 suscipimus!
3059 4757 3177 4811 Jam
3209 4771 3398 4827 captus
3415 4771 3502 4812 est
3525 4776 3664 4814 mor-

2098 4853 2174 4907 te,
2205 4847 2296 4914 qui
2333 4856 2497 4901 natus
2524 4858 2629 4901 est.
2671 4846 2866 4902 Testes
2921 4859 3048 4902 sunt
3101 4851 3324 4912 mortui,
3384 4867 3505 4905 cum
3571 4870 3673 4907 non

2101 4949 2380 5006 uegautse
2417 4941 2690 4996 morituri.
2724 4938 2862 5009 Ergo
2919 4941 3176 5009 quoniam
3239 4943 3364 4996 ituri
3403 4949 3674 5009 venimus,

2099 5032 2560 5098 peregrinantium
2593 5047 2744 5086 more
2784 5033 2928 5099 quod
2960 5035 3222 5087 acetdet'it
3278 5035 3419 5087 intra
3485 5036 3675 5088 mttndi

2103 5121 2416 5188 hospitium,
2463 5124 2619 5191 quasi
2677 5134 3022 5177 transeuntes
3067 5125 3293 5180 ferendo
3351 5128 3674 5182 vincamus:

2103 5213 2240 5265 mala
2261 5214 2552 5282 ‘itnposita,
2589 5215 2727 5269 bona
2759 5216 3046 5271 devotione
3099 5231 3308 5287 portata
3364 5221 3676 5276 vincuntur.

2101 5303 2263 5368 Pejus
2289 5309 2432 5358 enim
2477 5320 2634 5360 nocet
2659 5308 2884 5374 malum,
2943 5308 2988 5362 si
3041 5310 3180 5363 male
3242 5321 3546 5380 portentur.
3599 5315 3678 5366 lbi

2103 5397 2344 5467 profectu
2366 5398 2609 5452 solamen
2646 5399 2863 5454 virtutis
2897 5415 3036 5470 opus
3080 5411 3165 5454 est
3194 5403 3318 5470 (sub
3349 5405 3672 5472 contempla-

2105 5500 2250 5546 tione
2278 5491 2485 5545 scilicet
2511 5507 2761 5560 superna:
2784 5495 3101 5564 mercedis),
3129 5496 3215 5548 ubi
3246 5499 3324 5549 sic
3343 5499 3680 5552 desideratur

2102 5584 2227 5637 linis
2263 5596 2316 5638 et
2338 5585 2518 5641 exitus
2548 5589 2688 5652 vita},
2721 5590 2862 5643 sicut
2885 5588 2937 5642 in
2964 5590 3156 5660 pelago
3179 5591 3343 5642 tutela
3372 5593 3681 5659 parmensis

2103 5686 2339 5745 aptatur.
2371 5677 2506 5743 Quis
2531 5679 2674 5733 enim
2713 5682 2852 5734 inter
2889 5685 3192 5736 auxietates
3222 5686 3470 5750 vagantis
3497 5687 3677 5737 saeculi

2103 5786 2484 5841 aerumnasque
2540 5776 2854 5828 morbOrum
2908 5776 3220 5830 Ιιειιειιείυιιι
3260 5814 3275 5840 ,
3342 5794 3446 5830 non
3506 5795 3682 5843 magis
