4054 6206
381 369 468 432 69
1319 378 1686 437 ΕπειῸιιΑ
1737 379 1796 439 ι’.
1842 379 1943 437 AD

2049 379 2288 437 ΗΠ]οΜ
2332 379 2756 445 :EUROTUM.
3578 397 3648 456 70

379 494 622 538 mortem
654 484 946 566 desideret,
978 502 1142 556 quant
1169 489 1383 559 longam
1426 493 1558 546 satis
1576 503 1628 546 et
1657 492 1963 559 larguidam
1998 507 2037 552 Α
2072 492 2395 558 periculum,
2431 494 2516 546 ubi
2551 496 2798 549 nascitur
2830 498 3132 566 praemium.
3166 498 3277 557 Nec
3309 503 3466 560 debet
3488 509 3644 563 miles

380 578 580 638 vitam,
620 564 838 632 dicente
858 575 1177 632 Salomone:
1233 579 1423 635 Melior
1458 593 1534 636 est
1597 600 1760 647 mors,
1807 599 1965 652 quant

378 667 496 722 vita
526 685 754 722 amara:
791 682 837 722 et
873 673 1076 739 requies
1115 682 1336 738 a'lerna,
1371 692 1530 744 quant
1583 677 1809 745 languor
1838 693 1964 744 per-

375 772 629 810 severans
669 757 862 827 (Eccli.
900 776 1027 823 xxx,
1063 761 1190 828 I2)?
1267 765 1332 818 Et
1396 766 1523 819 alibi
1555 781 1572 822 :
1609 765 1802 820 Melius
1869 769 1966 821 tibi

379 852 544 910 mori.
595 869 756 919 quant
821 854 990 906 vivere
1046 851 1241 922 (Eccli.
1303 872 1392 919 XL,
1442 857 1555 924 99).
1614 859 1761 912 Mors
1821 861 1962 913 enim

377 941 534 993 muni
566 941 771 995 homini
802 943 893 996 dat
943 946 1216 1011 requiem.
1274 946 1382 1002 Pro
1430 957 1582 1003 certo
1638 951 1779 1004 ittlcr
1819 952 1960 1004 mala

377 1033 689 1098 grassantia
725 1037 1034 1089 necessario
1084 1039 1266 1092 exitus
1287 1039 1536 1094 sitienter
1561 1051 1800 1110 Optatur.
1854 1042 1960 1095 Sed

378 1127 531 1177 sicut
556 1141 654 1178 nec
689 1137 936 1180 nostrum
975 1126 1150 1183 fuerat
1190 1131 1364 1195 nasci,
1416 1133 1488 1185 ita
1525 1149 1627 1187 nec
1677 1135 1962 1202 potestatis

381 1226 589 1271 nostra:
610 1229 694 1271 est
721 1219 879 1272 mori.
910 1221 1124 1290 Alioqui
1161 1223 1203 1276 si
1235 1222 1286 1275 in
1321 1237 1502 1277 nostra
1529 1235 1794 1292 potestate.
1821 1229 1958 1282 mori

377 1309 728 1373 consisteret,
761 1324 906 1363 eSset
950 1312 1001 1363 in
1031 1321 1294 1379 potestate
1326 1330 1430 1366 non
1459 1315 1616 1368 mori.
1651 1315 1732 1367 Ad
1757 1318 1858 1370 hoc
1883 1317 1960 1370 iu-

382 1407 470 1451 ter
504 1409 725 1454 nostras
775 1404 1054 1471 angustias
1101 1405 1290 1458 ιιιοιιὶε
1323 1407 1566 1475 requiem
1622 1409 1954 1478 flagitamus,

380 1492 508 1560 quia
536 1495 676 1547 inter
705 1496 841 1548 mala
877 1496 945 1550 de
970 1499 1108 1550 bono
1148 1498 1392 1553 solamen
1448 1511 1527 1554 est
1575 1517 1683 1555 non
1737 1512 1952 1558 tacere:

378 1584 754 1652 navigantium
786 1602 954 1652 more,
986 1591 1181 1656 quibus
1206 1593 1547 1659 refrigerium
1581 1602 1664 1648 est
1689 1594 1833 1649 inter
1872 1596 1955 1648 in-

376 1673 548 1729 festos
571 1687 736 1746 atque
768 1679 1033 1734 sollicitos
1092 1697 1282 1735 cursus
1344 1683 1487 1751 loqui
1538 1685 1605 1738 de
1661 1686 1952 1740 securitate

377 1767 690 1834 portui-nsi,
724 1769 791 1822 ad
828 1785 991 1837 quam
1022 1773 1120 1824 etsi
1148 1787 1260 1824 non
1295 1772 1479 1839 liccat,
1519 1784 1784 1844 quantum
1826 1777 1952 1831 atti-

375 1875 500 1913 mus
523 1863 695 1928 cupit,
736 1862 966 1918 Celerius
997 1867 1314 1931 pervenire;
1341 1867 1494 1936 juvat
1525 1879 1704 1924 tamen
1733 1881 1782 1924 et
1811 1873 1944 1927 satis

372 1953 663 2020 pulchrum
691 1965 792 2017 est,
827 1956 1078 2011 meliores
1114 1971 1292 2026 partes
1323 1972 1533 2027 optare.
1559 1961 1663 2015 Sed
1691 1964 1944 2027 quoniam

373 2061 475 2099 nec
511 2055 712 2099 nostra:
753 2050 1037 2115 potestatis
1061 2057 1144 2103 est
1188 2051 1349 2119 potiri
1379 2052 1716 2116 melioribus,
1739 2070 1858 2121 quae
1885 2057 1949 2109 de

372 2150 549 2192 morte
587 2153 910 2206 nasi-untur,
936 2153 1318 2211 exspectantes
1348 2145 1594 2208 meliora,
1621 2146 1821 2204 bonum
1867 2148 1951 2202 in-

372 2232 535 2284 terim
579 2247 833 2301 geramus
859 2233 996 2286 inter
1029 2235 1168 2288 mala
1201 2245 1498 2290 certamen.
1527 2237 1733 2292 Bonum
1766 2250 1945 2294 autem

372 2335 652 2377 cettaltten
684 2334 787 2390 est,
826 2324 986 2378 malis
1015 2341 1120 2379 non
1154 2327 1396 2390 credere,
1435 2332 1529 2382 sed
1555 2331 1695 2383 mala
1732 2331 1948 2386 virtutis

375 2417 513 2470 bona
537 2426 776 2486 portare,
810 2431 905 2486 per
941 2432 1060 2485 qua:
1092 2417 1144 2472 in
1168 2419 1390 2472 meliora
1421 2419 1487 2474 de
1517 2430 1691 2476 morte
1714 2438 1945 2479 nascen-

377 2509 450 2561 tia
483 2508 685 2563 morbis
715 2518 880 2577 atque
910 2511 1151 2563 carentia
1170 2509 1453 2564 sublimati
1486 2523 1787 2582 portentur.
1818 2516 1947 2570 S;ne

370 2603 568 2656 ducatu
593 2604 739 2656 enim
762 2613 924 2671 atque
952 2618 1132 2656 morsu
1163 2601 1518 2668 infelicitatis,
1554 2605 1604 2659 in
1639 2606 1944 2675 triumphos

371 2695 695 2748 itmnortalis
721 2693 908 2764 gloria:
947 2709 1054 2748 non
1089 2694 1407 2762 pervenitur
1444 2711 1458 2750 :
1488 2701 1612 2766 quia
1637 2713 1732 2767 per
1753 2698 1947 2754 discri-

369 2788 518 2841 mina
543 2787 840 2842 conficitur
868 2803 1062 2843 cursus
1090 2789 1142 2842 in
1168 2800 1346 2856 portu.
1381 2788 1564 2843 Primo
1583 2790 1946 2861 triumphator

370 2895 478 2933 non
512 2889 691 2948 potest
725 2879 860 2944 dici,
887 2881 988 2934 nisi
1022 2882 1108 2935 cui
1144 2880 1426 2936 victoriam
1479 2881 1650 2938 virtus
1693 2884 1939 2938 invenit:

366 2987 491 3039 qua:
521 2987 681 3027 omne
706 2974 848 3042 quod
884 2972 1124 3039 timetur,
1154 2972 1254 3028 sub
1275 2988 1335 3028 se
1389 2974 1562 3028 cernit
1600 2974 1790 3028 elisum
1834 2985 1945 3028 tra-

369 3070 552 3135 hitque
581 3066 781 3120 invicta
811 3068 1111 3136 captivum.

2071 577 2461 647 revocari,”aut
2503 589 2610 652 pati
2632 588 3000 654 formidinem,
3030 593 3119 646 ubi
3155 596 3407 664 sequitur
3459 599 3634 664 palma

2069 675 2330 730 victoriae.
2383 678 2490 731 Sua
2552 679 2697 733 enim
2732 680 2992 737 felicitate
3048 683 3214 739 miser
3241 694 3344 752 est,
3379 686 3466 755 qui
3515 703 3636 742 cum

2069 763 2498 832 infehcitatibus,
2547 771 2742 837 quibus
2801 771 2974 840 gloria
3019 773 3296 844 gignitur.
3357 792 3638 845 nunquam

2068 859 2265 910 meruit
2290 858 2494 912 habere
2513 860 2847 916 conflictum.
2880 861 2990 918 Nec
3035 880 3188 918 suam
3228 867 3482 922 virtutem
3553 870 3639 922 di-

2066 949 2220 1014 dicit,
2250 966 2410 1020 quem
2467 952 2752 1006 calamitas
2801 970 2908 1008 non
2953 957 3211 1010 excussit.
3251 957 3477 1028 Semper
3539 960 3638 1014 de-

2066 1041 2232 1110 nique
2263 1043 2526 1097 inertibus
2552 1045 2831 1108 membris,
2875 1063 3098 1104 suarum
3135 1051 3330 1104 viriutn
3368 1050 3509 1118 jacet
3537 1055 3638 1106 mi-

2067 1131 2386 1202 Iesignarus
2406 1134 2690 1205 etignotus
2735 1138 2860 1202 sibi,
2909 1141 3000 1208 qui
3053 1157 3326 1212 nunquam
3371 1145 3635 1200 bcllormn

2065 1227 2355 1282 calentium
2398 1231 2651 1299 gloriosis
2725 1236 2951 1289 restibus
3002 1238 3294 1304 anltelavit,
3360 1256 3636 1310 nunquam

2062 1317 2354 1373 sudoribus
2409 1321 2713 1392 triumphos
2771 1323 2998 1380 invenit.
3061 1327 3168 1382 Nec
3207 1342 3331 1382 eum
3387 1333 3636 1397 sequitur

2060 1407 2296 1464 felicitas
2323 1413 2694 1479 praemiorum,
2729 1415 2821 1482 qui
2858 1419 3124 1472 sarcinatn
3141 1430 3358 1489 gestare
3390 1436 3493 1475 non
3520 1421 3637 1474 vult

2060 1513 2359 1553 armorum.
2402 1501 2463 1555 Et
2496 1503 2616 1556 ideo
2642 1505 2693 1556 in
2732 1521 2831 1558 usu
2859 1506 3016 1562 debet
3043 1523 3162 1563 esse
3180 1525 3249 1578 qu
3276 1510 3321 1564 id
3343 1514 3629 1580 praemium

2058 1603 2302 1656 generat,
2327 1604 2378 1646 ct
2409 1595 2648 1662 Optabile
2675 1599 2820 1665 quod
2867 1599 3092 1666 gloriam
3121 1602 3283 1669 parit.
3333 1602 3470 1671 Ergo
3497 1620 3631 1672 quo-

2059 1683 2202 1734 niam
2226 1699 2347 1737 cum
2375 1686 2611 1740 diversis
2643 1691 3001 1744 tentationum
3025 1690 3222 1761 jaculis
3253 1694 3622 1748 dimicandum

2059 1786 2140 1827 est
2161 1776 2354 1830 nobis:
2388 1778 2583 1846 siquid
2613 1782 2930 1848 emerserit;
2959 1785 3103 1853 quod
3137 1785 3280 1840 vires
3328 1786 3628 1848 examinet,

2053 1866 2196 1934 quod
2255 1870 2498 1922 membra
2548 1873 2845 1936 concutiat,
2893 1875 3036 1944 quod
3088 1876 3324 1930 animam
3389 1877 3622 1948 probet:

2052 1957 2208 2024 quasi
2249 1960 2594 2014 occasionem
2651 1967 2901 2019 muneris
2962 1965 3294 2034 arripiamus
3371 1967 3625 2035 amplexu

2052 2049 2289 2104 virtutis.
2328 2050 2404 2103 Ita
2469 2053 2627 2106 debet
2672 2069 2794 2109 esse
2849 2056 3014 2110 animi
3076 2057 3370 2113 immobilis
3422 2061 3621 2122 virtus,

2049 2153 2214 2209 atque
2249 2145 2444 2196 mentis
2474 2145 2806 2200 inconcussa:
2829 2147 2991 2200 robur
3023 2149 3222 2204 invictu
3249 2167 3302 2213 ιι,
3349 2160 3403 2203 ιιι
3425 2160 3508 2205 εει
3530 2167 3624 2218 pev

2051 2246 2128 2289 tra
2167 2239 2220 2290 in
2249 2237 2412 2302 mari,
2451 2254 2612 2306 quam
2641 2239 2783 2293 inter
2844 2239 3038 2295 ﬂuctus
3102 2251 3294 2295 natura
3355 2244 3624 2308 fundavit,

2048 2345 2170 2398 qua:
2208 2331 2474 2384 undarum
2505 2333 2830 2386 tumentium
2898 2333 3179 2388 collisione
3215 2335 3486 2404 frequenti
3529 2352 3620 2390 va-

2051 2423 2199 2488 pulat
2271 2436 2372 2475 nec
2429 2435 2699 2476 movetur.
2744 2421 2930 2492 Itaque
2968 2425 3054 2478 ubi
3087 2426 3361 2478 hominem
3390 2427 3621 2480 adversa

2051 2517 2103 2567 in
2144 2513 2390 2582 prtelitnu
2425 2523 2707 2582 provocat,
2737 2523 2791 2570 et
2829 2517 2878 2568 in
2909 2525 3185 2570 certamen
3208 2517 3490 2572 calamitas
3519 2534 3616 2570 ιιι-ο

2049 2615 2140 2674 get
2171 2616 2226 2659 et
2255 2605 2422 2676 cogit,
2459 2607 2669 2662 animus
2698 2607 2826 2662 felix
2862 2607 3077 2662 virtutis
3109 2607 3296 2679 clypeo
3353 2613 3618 2678 producat

2047 2707 2338 2760 armatum,
2374 2706 2701 2767 prastetque
2741 2698 2886 2752 inter
2919 2699 3160 2765 pericula
3212 2707 3384 2752 totum
3443 2710 3498 2753 et
3524 2715 3623 2754 se-

2046 2806 2258 2856 curum,
2297 2797 2435 2842 inter
2461 2790 2701 2845 infelicia
2735 2793 2983 2845 OSIendat
3027 2791 3268 2858 felicem,
3326 2793 3470 2847 inter
3518 2807 3618 2848 an-

2046 2898 2201 2954 gores
2225 2883 2480 2938 exhibeat
2527 2883 2728 2949 lietnm,
2774 2885 2917 2960 inter
2953 2885 3232 2940 tnorhidas
3259 2886 3616 2955 aegritudines

2046 2988 2282 3030 sanum:
2337 2974 2642 3044 efﬁciatque
2701 2976 3043 3029 sustinentia:
3084 2975 3290 3045 jaculo,
3351 2977 3492 3030 victa
3529 2993 3621 3030 ca-

2048 3067 2318 3127 lamitate,
2378 3067 2658 3122 victorem.
2713 3066 3014 3134 Superatur
3069 3069 3213 3123 enim
3287 3072 3512 3124 morbus
3556 3069 3614 3124 in

448 3158 509 3214 \'.
543 3159 641 3213 Est
666 3159 868 3214 interea
901 3160 1182 3225 saeculum,
1238 3161 1415 3214 ut‘est
1455 3175 1606 3214 mare
1656 3159 1945 3226 impatiens
1971 3170 2015 3234 ο
2051 3174 2300 3230 corpore,
2329 3161 2374 3215 si
2404 3161 2581 3215 discat
2615 3161 2832 3216 anitnus
2867 3161 3176 3215 sustinere:
3231 3171 3285 3216 et
3340 3161 3465 3216 ideo
3521 3162 3614 3216 ubi

370 3263 588 3316 natura,
625 3265 679 3305 et
707 3252 833 3306 sine
865 3253 1044 3306 ventis
1079 3251 1347 3318 inflatum,
1373 3254 1588 3323 erigens
1623 3251 1834 3307 scilicet
1885 3254 1939 3307 iu

371 3347 489 3413 ipsa
523 3342 917 3411 tranquillitate
966 3343 1207 3395 minaces
1229 3353 1390 3411 atque
1426 3343 1696 3398 terribiles
1727 3343 1942 3408 ﬂuctus,

368 3439 510 3508 quod
545 3439 672 3492 licet
717 3452 963 3493 sessores
991 3432 1096 3491 non
1125 3448 1320 3492 noceat
1355 3453 1503 3504 suos,
1540 3440 1703 3494 habet
1762 3449 1940 3492 tamen

368 3533 568 3600 aliquid
613 3531 916 3586 formidinis
968 3532 1136 3585 etiam
1187 3531 1408 3586 innoxia
1458 3533 1795 3600 magnitudo,
1845 3551 1942 3587 nec

370 3626 751 3696 navigantibus
789 3624 986 3679 desunt
1013 3623 1335 3678 formidines
1371 3624 1688 3694 frequenter
1716 3634 1770 3678 et
1803 3626 1940 3679 ictus

367 3720 658 3772 umlarum.
713 3716 1000 3784 Nunquam
1083 3717 1318 3786 denique
1344 3717 1674 3786 gubernator
1698 3728 1837 3771 totos
1871 3719 1945 3772 si-

366 3828 468 3866 nus
490 3826 718 3866 securus
749 3811 1034 3881 explicuit.
1073 3810 1136 3864 Et
1162 3811 1213 3864 itt
1249 3811 1351 3864 hoc
1388 3811 1590 3864 mundo
1639 3812 1730 3879 qui
1761 3811 1941 3880 frago~

365 3921 484 3958 sum
516 3905 642 3957 vita:
672 3903 831 3972 hujus
849 3912 904 3958 et
926 3903 1202 3958 turbidum
1228 3903 1522 3971 quaerimus
1553 3916 1796 3968 cursum,
1826 3918 1942 3955 tua-

368 3996 539 4048 lormn
583 3997 864 4064 tangimur
900 3994 1062 4047 minis
1107 3993 1421 4062 frequenter
1473 4005 1526 4046 ct
1561 3993 1778 4047 causis:
1829 4009 1941 4046 ma-

369 4087 510 4140 xime
547 4103 688 4153 quos
713 4089 854 4142 inter
885 4086 1032 4154 regia
1052 4097 1234 4139 castra
1271 4084 1462 4138 militia
1494 4084 1732 4140 coalestis
1759 4085 1940 4154 signa-

365 4196 450 4235 tos
503 4181 744 4234 inclusit.
802 4177 920 4233 .Iam
953 4179 1192 4232 diximus
1219 4177 1473 4232 stcculum
1509 4177 1698 4246 pelago
1725 4193 1942 4246 compa-

365 4273 474 4328 rari
511 4274 564 4325 in
583 4286 690 4342 quo
705 4287 827 4324 rara
857 4279 983 4325 sntit
1006 4283 1284 4340 prospera,
1313 4271 1478 4324 densa
1520 4279 1645 4323 sunt
1664 4268 1941 4323 turbulen-

365 4375 439 4430 ta,
461 4363 856 4434 expavescitur,
877 4361 1119 4425 timetur,
1145 4362 1319 4416 morbi
1343 4377 1556 4430 quoque
1579 4377 1684 4414 non
1717 4362 1938 4416 desunt:

364 4457 514 4510 solus
552 4457 737 4509 exitus
763 4454 1076 4510 securitatis
1106 4465 1190 4508 est
1237 4463 1448 4521 portus.
1495 4453 1630 4507 Hinc
1663 4463 1825 4520 atque
1880 4453 1940 4506 iI-

2048 3252 2408 3336 corpusjacet
2437 3253 2736 3314 infirmum,
2770 3255 2820 3306 itt
2847 3253 3152 3307 recessibus
3214 3253 3388 3321 major
3417 3253 3609 3308 alenda

2049 3353 2132 3396 est
2178 3345 2374 3409 virtus,
2425 3344 2839 3413 parandumque
2881 3347 3023 3413 quod
3055 3361 3151 3400 nec
3178 3346 3618 3402 Iassitudodecu—

2052 3436 2168 3496 tiat,
2203 3444 2296 3489 aut
2319 3445 2450 3490 :etas
2476 3437 2721 3490 inclinet.

2126 3522 2217 3578 VI.
2273 3523 2424 3578 Tene
2483 3525 2670 3594 igitur,
2704 3525 2896 3589 frater,
2938 3537 3056 3581 tene
3099 3527 3220 3583 ﬁdei
3260 3531 3424 3584 rolmr
3481 3531 3619 3586 invio

2048 3627 2192 3669 ctum
2238 3630 2252 3667 :
2285 3626 2406 3669 tene
2436 3617 2716 3671 munimen
2753 3619 3025 3674 inunobile
3053 3620 3451 3686 Christianum,
3517 3640 3611 3676 su-

2048 3709 2199 3778 perni
2235 3708 2432 3778 vigoris
2468 3710 2724 3764 firmitate
2748 3710 3072 3768 fundatum:
3129 3715 3269 3769 inter
3296 3715 3612 3785 languentia

2048 3801 2288 3855 membra
2337 3803 2577 3868 satisque
2626 3804 2878 3870 rigentia,
2943 3806 3219 3860 incolume
3260 3808 3612 3877 validumque

2044 3911 2170 3965 gere
2230 3895 2351 3948 fidei
2405 3897 2709 3964 anitnarque
2759 3907 2996 3957 sentum,
3038 3907 3091 3949 et
3135 3899 3345 3966 pigrum
3420 3901 3615 3958 viceris

2047 3987 2294 4042 morbum
2327 3987 2805 4056 perniciosumque
2840 3989 3182 4056 IanguOreni.
3239 3989 3612 4049 Arietantibus

2043 4081 2220 4143 malis,
2254 4081 2500 4135 obicibus
2535 4095 2766 4135 occurre
2799 4082 3040 4135 virtutis.
3075 4083 3240 4138 Vince
3277 4085 3400 4138 dum
3438 4101 3612 4155 vapu-

2046 4176 2147 4239 las,
2171 4175 2251 4229 sic
2281 4177 2422 4227 enim
2454 4173 2692 4244 potentia
2711 4173 3019 4228 Christiana
3047 4176 3210 4229 alitur
3229 4178 3609 4244 incommodis,

2048 4267 2204 4321 malis
2229 4278 2579 4333 promovetur
2601 4266 2866 4321 adversis.
2901 4266 3108 4321 Militia:
3169 4271 3427 4323 convenit
3453 4271 3608 4324 Chri-

2047 4359 2244 4414 stiana:
2297 4359 2475 4413 excuti
2531 4358 2932 4412 calamitatibus
2957 4370 3012 4412 et
3039 4361 3277 4426 probari.
3319 4360 3491 4429 Ipsius
3527 4376 3611 4416 εει

2045 4450 2148 4505 sub
2210 4448 2617 4503 infelicitatibus
2647 4460 2700 4502 ct
2749 4449 3012 4516 angustiis
3060 4450 3288 4504 feliciter
3333 4452 3606 4518 ampliari,

363 4549 472 4603 liuc
500 4549 762 4616 ingruunt
792 4547 1120 4600 calamitatis
1153 4547 1406 4602 incursus
1438 4545 1684 4600 infestae:
1713 4547 1807 4600 sed
1844 4563 1932 4599 us
1973 4527 2010 4580 θ
2045 4543 2145 4595 sttb
2180 4542 2454 4611 pressuris
2501 4540 2833 4605 adolesCet‘e.
2860 4552 2910 4594 el
2947 4557 3236 4610 prcssuras
3258 4541 3607 4604 ιιιιὺεεεοηίίο

361 4649 467 4702 que
488 4636 554 4687 ad
585 4645 823 4702 portum,
858 4635 908 4688 id
935 4645 1037 4699 est,
1066 4635 1131 4688 ad
1164 4635 1394 4701 exitum,
1454 4636 1670 4690 virtutis
1707 4643 1791 4690 est
1851 4646 1930 4688 to.

360 4724 562 4780 lerare.
587 4723 738 4778 Inter
771 4727 1010 4796 pericula
1052 4727 1388 4795 gubernator
1427 4741 1620 4780 navem
1655 4736 1840 4780 tuetur
1881 4735 1934 4780 et

366 4825 573 4872 servat.
603 4817 749 4871 Iutcr
775 4817 1112 4872 calamitates
1166 4817 1380 4871 animus
1437 4828 1616 4872 rector
1657 4818 1933 4872 hominem

359 4910 626 4979 gubernat
654 4919 706 4963 et
740 4909 898 4978 regit.
937 4908 1197 4975 Quamvis
1231 4911 1429 4979 aliquis
1459 4911 1715 4978 periculis
1745 4912 1934 4980 paulu-

359 5003 472 5056 lum
521 5005 859 5070 temperatis.
908 5004 1180 5071 navigium
1240 5004 1524 5058 tractabile
1574 5004 1775 5058 ducat:
1841 5003 1932 5056 sed

359 5095 546 5161 potius
573 5094 662 5147 illa
691 5105 1062 5163 exspectatur,
1095 5106 1259 5164 atquc
1297 5097 1586 5163 triumphis
1639 5098 1936 5164 majoribus

358 5188 628 5254 excipitur
668 5188 843 5251 navis,
883 5203 1001 5256 qua:
1051 5187 1269 5242 turbido
1327 5189 1546 5243 ﬂumine
1604 5200 1826 5244 coactos
1879 5192 1932 5242 in

361 5281 621 5330 verticem
685 5276 881 5332 fluctus
913 5289 1164 5345 potenter
1207 5281 1464 5334 excussit.
1521 5277 1670 5332 Ilanc
1733 5279 1934 5347 excipit

362 5369 630 5436 profundo
658 5385 781 5422 cum
827 5371 1025 5440 gaudio
1063 5372 1218 5427 turba
1260 5372 1598 5441 portuensis.
1633 5369 1786 5426 Ilanc
1840 5387 1934 5426 exc

360 5463 491 5529 cipit
518 5464 788 5516 securitas
820 5463 1186 5532 triumphalis.
1230 5465 1526 5534 Speciosus
1551 5473 1633 5519 est
1669 5463 1825 5518 miles
1879 5465 1930 5517 in

359 5553 598 5605 exercitu
623 5555 954 5607 constitutus
980 5569 1252 5608 armorum
1277 5572 1290 5607 :
1318 5556 1533 5626 squalet
1561 5569 1688 5610 vero
1704 5554 1932 5608 deformi

359 5645 559 5698 virtute
582 5644 762 5712 segnis
793 5656 848 5699 et
880 5662 1108 5710 Vacuus,
1140 5648 1232 5716 qui
1266 5650 1315 5700 in
1349 5662 1539 5716 campo
1566 5661 1665 5701 nec
1719 5645 1822 5700 sibi
1849 5654 1934 5698 est

359 5733 629 5802 cognitus,
663 5749 762 5787 nec
797 5735 951 5788 alteri
1009 5749 1191 5790 notus.
1246 5736 1407 5793 Caret
1459 5737 1600 5790 enim
1659 5735 1930 5795 laudibus,

358 5837 509 5880 caret
534 5836 586 5879 et
620 5829 875 5894 przemtis.
913 5827 976 5882 Et
1001 5829 1120 5884 idco
1146 5833 1394 5884 nocivum
1452 5845 1558 5884 non
1599 5828 1766 5884 debet
1790 5842 1932 5900 oessc

2039 4633 2272 4687 c..|care.
2308 4631 2479 4700 Ipsius
2509 4633 3078 4686 estexercitationibus
3101 4634 3312 4688 crebris
3328 4639 3606 4705 pmprium

2040 4727 2248 4779 nutrire
2269 4728 2563 4788 munimen,
2594 4733 2785 4777 etcum
2813 4724 3070 4791 periculis
3094 4725 3288 4778 habere
3309 4736 3608 4781 certamen.

2039 4817 2214 4884 Ipsius
2245 4828 2325 4869 est
2360 4819 2425 4869 ad
2483 4827 2696 4884 portum
2732 4811 3006 4883 perpetua:
3050 4817 3324 4871 felicitatis
3379 4835 3472 4887 per
3520 4819 3607 4872 fu-

2040 4910 2212 4964 rentia
2259 4909 2442 4960 mundi
2509 4907 2826 4960 discrimina
2863 4908 3140 4977 muigare,
3173 4918 3226 4962 et
3279 4909 3378 4963 sub
3413 4909 3610 4964 ictibus

2038 5001 2332 5070 disciplina:
2385 4999 2743 5065 medicinalis,
2801 5011 3048 5068 potenter
3111 5002 3222 5064 ipsa
3282 5003 3608 5056 tit-cessitate

2040 5111 2284 5159 regnare.
2316 5092 2568 5146 Nostrum
2598 5105 2700 5154 est,
2727 5094 2968 5160 inquam,
2993 5093 3317 5146 calamitatis
3343 5095 3606 5147 exercitio

2039 5188 2092 5239 in
2124 5187 2308 5256 gloria:
2340 5185 2606 5254 fastigium
2628 5186 3002 5249 sublimati,ct
3030 5185 3184 5238 tnalis
3208 5188 3604 5252 prctnentilms,

2039 5283 2090 5333 in
2127 5282 2263 5332 bona
2305 5281 2522 5346 praemia
2588 5280 2914 5346 promoveri.
2955 5277 3107 5346 Apud
3168 5292 3267 5330 nos
3322 5277 3607 5330 infirmitas

2040 5372 2118 5426 vel
2157 5370 2409 5440 quaelibet
2441 5385 2725 5439 pressura,
2778 5379 3158 5438 argumentum
3193 5377 3276 5421 est
3330 5372 3601 5436 poteritne,

2037 5471 2092 5515 et
2123 5473 2293 5512 mater
2333 5475 2430 5528 pro
2455 5470 2603 5512 certo
2634 5461 2883 5528 palmata:
2922 5460 3172 5512 virtutis:
3216 5459 3374 5512 sicuti
3407 5460 3605 5513 beatis-

2037 5557 2206 5607 simus
2237 5553 2516 5621 apostolus
2549 5552 2770 5611 Paulus,
2830 5554 2970 5604 inter
3005 5551 3184 5602 varios
3222 5551 3362 5604 ictus
3426 5555 3604 5604 diver-

2037 5658 2207 5711 saque
2240 5643 2461 5696 verbera
2487 5649 2539 5694 et
2578 5642 2810 5708 iuqictus
2847 5642 3183 5708 procellosus
3219 5644 3270 5694 itt
3295 5643 3604 5695 morborum

2040 5735 2224 5805 praelia
2264 5737 2619 5796 constitutus,
2655 5745 2711 5786 ut
2754 5735 2994 5788 cwlcstis
3030 5741 3265 5804 armiger
3313 5736 3606 5788 infirmita-

2041 5826 2182 5880 tibus
2219 5835 2432 5892 poteus,
2456 5822 2716 5892 gloriatur
2745 5832 2795 5878 et
2819 5824 2977 5879 dicit:
3015 5823 3374 5879 Libentissime
3425 5827 3611 5894 itaque.
