4056 6200
453 363 521 428 7i
1403 365 1459 425 S.
1508 362 1950 423 IllERONYMI
1982 360 2303 421 OPERUM
2352 361 2767 425 MANTISSA.
3641 361 3708 423 72

455 483 623 552 magis
647 480 913 550 gloriabor
939 482 992 535 in
1016 479 1440 549 inﬁrmitatibus,
1472 485 1527 529 ut
1557 477 1807 529 inhabitet
1864 475 1918 526 in
1947 490 2027 529 me
2054 494 2103 548 Α
2131 474 2264 528 dura
2327 478 2552 540 vectari,
2577 485 2631 529 et
2690 476 3027 530 miseriarum
3060 474 3251 529 duram
3305 475 3458 529 duris
3506 476 3712 531 viribus

454 578 624 631 virtus
655 576 849 631 Christi
884 575 961 643 (11
991 566 1116 630 Cor.
1171 590 1268 637 xu,
1297 574 1388 641 9):
1445 576 1667 638 propter
1696 570 1841 637 quod
1898 567 2030 621 libet

456 670 590 721 mihi
624 668 868 738 gloriari,
898 669 953 721 in
980 665 1413 726 infirmitatilms,
1454 664 1508 715 in
1545 660 1912 722 contumeliis,
1971 659 2025 712 in

464 760 907 825 necessitatibus,
961 759 1015 814 in
1071 755 1562 827 persecutionibus,
1626 755 1679 808 in
1758 753 2027 821 angustiis

455 860 678 919 propter
698 848 1001 903 Clitistnm.
1031 849 1165 902 Cum
1197 847 1341 901 enim
1373 844 1640 908 inlirmor,
1670 852 1801 897 tunc
1839 852 2028 911 potens

457 956 599 996 sum.
663 942 980 997 Etiterutn:
1016 940 1262 1005 Quoties,
1333 938 1531 1006 inquit,
1573 934 1841 999 infirmor,
1899 945 2027 986 tunc

457 1035 637 1088 verius
668 1034 883 1101 probor,
914 1041 967 1085 et
994 1032 1179 1100 placeo
1202 1030 1331 1083 mihi
1364 1030 1414 1082 in
1443 1026 1849 1081 inﬁrmitatibus
1869 1025 2027 1078 meis.

458 1126 524 1180 Et
555 1126 747 1179 iterum
776 1140 896 1176 cum
927 1140 955 1176 a
991 1138 1049 1176 se
1088 1122 1365 1175 stimulum
1416 1120 1603 1173 carnis
1662 1126 1878 1187 rogaret
1932 1132 2027 1168 au-

456 1215 611 1279 ferri,
642 1214 829 1269 didicit
852 1214 904 1266 in
936 1213 1248 1266 inﬁrmitate
1287 1213 1542 1265 virtutem
1578 1225 1735 1275 posse
1806 1208 2023 1262 mtttiri.

458 1307 629 1367 Datus
653 1316 753 1367 est,
791 1306 984 1373 inquit,
1024 1305 1150 1356 mihi
1182 1303 1436 1356 stimulus
1492 1306 1670 1355 carnis
1712 1317 1859 1361 metr.
1927 1316 2025 1353 an-

454 1397 596 1467 gelus
651 1395 869 1450 Satanae
925 1396 1017 1460 qui
1051 1412 1130 1447 ut:
1161 1395 1470 1462 colaphiset,
1509 1403 1564 1445 ut
1594 1409 1696 1445 non
1755 1392 2031 1446 extollar:

454 1498 669 1555 ptopter
690 1487 831 1555 quod
867 1495 946 1538 ter
999 1485 1277 1538 Dominum
1314 1485 1515 1552 rogaui.
1569 1492 1623 1535 ut
1656 1484 1942 1536 discederet
1992 1500 2026 1536 a

456 1593 557 1631 me.
594 1576 660 1629 Et
686 1579 819 1629 dixit
853 1577 984 1629 milii
1011 1590 1030 1627 :
1064 1574 1269 1645 Suﬂicit
1325 1576 1419 1627 tibi
1467 1577 1641 1642 gratia
1696 1590 1846 1628 nica:
1905 1590 2028 1627 nam

457 1670 621 1721 uirtus
662 1668 1044 1734 inin/inuitare
1073 1666 1528 1736 prr/iciturUbid.
1562 1667 1592 1720 7
1636 1665 1815 1733 seqq.)
1870 1665 2026 1718 Nun-

457 1776 617 1830 quam
638 1761 804 1828 igitnr
829 1760 997 1813 virtus
1018 1760 1364 1813 documentis
1394 1759 1642 1811 eruditur
1664 1758 2024 1820 mollioribus,

2130 564 2372 633 perferre
2423 581 2733 622 censuram.
2767 567 2846 621 Ad
2896 568 3092 621 ctelum
3151 566 3307 621 nobis
3351 582 3445 634 per
3495 583 3705 635 aspera,

2132 670 2228 723 per
2276 665 2530 724 angusta,
2566 674 2661 726 per
2711 658 2876 713 duros
2924 658 3201 711 anfractus
3230 670 3284 711 et
3315 657 3433 710 loca
3492 658 3591 710 sita
3628 670 3711 713 est

2129 747 2240 811 via,
2276 763 2439 816 quam
2495 749 2636 801 viam
2687 765 2793 803 non
2835 750 3010 804 tenuit
3046 750 3135 817 qui
3172 749 3367 802 tentari
3400 750 3591 803 noluit.
3628 752 3706 801 Ad

2129 840 2323 894 ctelum
2377 840 2517 894 Dcus
2554 839 2907 895 fortissimum
2949 842 3176 896 militem
3217 850 3396 906 vocat,
3431 856 3592 909 quem
3619 858 3710 894 cn-

2132 932 2446 985 mitautibus
2509 932 2700 1000 gloriis
2751 948 3018 1001 pressurae
3048 934 3340 999 deducunt,
3378 936 3708 1003 prtemiaque

2129 1023 2391 1077 victorem
2440 1024 2749 1094 suscipiunt
2800 1035 3173 1095 regnaturum.
3236 1025 3490 1094 Nunquid
3550 1027 3706 1081 nobis

2130 1117 2338 1172 interea
2404 1120 2607 1187 aliquid
2658 1122 2887 1189 imponit
2935 1122 3248 1190 abruptum,
3290 1121 3433 1190 quod
3481 1124 3707 1175 excedat

2129 1208 2306 1262 librati
2341 1211 2600 1277 ponderis
2652 1214 3013 1280 qualitatem?
3051 1213 3300 1282 Nunquid
3338 1214 3531 1279 ingerit
3565 1213 3705 1278 quod

2129 1312 2351 1353 excessu
2386 1302 2757 1366 transcendat,
2800 1303 3153 1357 idoneitatem
3205 1312 3405 1358 nostra:
3452 1302 3709 1358 virtutis?

2130 1387 2508 1443 Fidelissimus
2558 1392 2869 1446 moderator
2897 1395 3168 1445 sarcinam
3202 1409 3300 1461 pro
3328 1393 3707 1461 viribusjubet

2130 1479 2355 1545 imponi.
2393 1479 2505 1534 Hoc
2559 1481 2713 1534 Pauli
2754 1484 3083 1550 praei-ouium
3127 1493 3352 1536 tes;atur
3381 1493 3435 1536 et
3473 1484 3702 1550 probat:

2129 1567 2355 1632 Fidelis,
2382 1571 2574 1639 inquit,
2610 1572 2748 1625 Deus
2784 1574 2873 1636 qni
2906 1590 3005 1625 non
3043 1579 3274 1642 patietur
3302 1575 3494 1626 tentari
3542 1589 3703 1636 supra

2128 1661 2185 1714 id
2220 1665 2359 1730 quod
2394 1664 2612 1728 potestis
2670 1666 2898 1731 att/ferre
2942 1665 2989 1732 (Ι
3024 1664 3146 1717 Cor.
3181 1681 3234 1725 x,
3282 1656 3393 1723 15).
3432 1663 3507 1717 lta
3544 1681 3642 1717 nos
3675 1681 3702 1716 a

2136 1749 2365 1806 Domino
2400 1756 2483 1822 agi
2547 1755 2768 1823 regique
2798 1754 3104 1818 credamus,
3130 1766 3188 1809 ut
3218 1771 3248 1808 a
3284 1756 3704 1823 praeceptoribus

462 1868 584 1905 cum
624 1851 891 1920 perierint
924 1852 1289 1907 maximarum
1317 1847 1563 1915 exempla
1610 1850 1892 1902 virtutum.
1921 1847 2025 1903 Na-
2053 1845 2101 1905 Β
2129 1840 2378 1896 ludorum
2429 1855 2688 1911 reguntur
2735 1847 2980 1916 discipuli
3012 1866 3025 1898 :
3063 1848 3145 1901 eis
3175 1848 3463 1915 plurimum
3506 1846 3705 1900 laboris

461 1944 931 2013 vigiutnnostrutu
968 1942 1361 2011 agitationibus
1389 1941 1620 2009 gaudet;
1658 1954 1785 1992 cum
1826 1940 1875 1992 in
1902 1950 2023 1992 tur-

457 2036 676 2090 binibus
696 2035 950 2101 erigitur,
972 2050 1100 2087 cum
1126 2033 1340 2087 insanis
1373 2032 1634 2086 fluctibus
1685 2034 2027 2096 verberatur,

462 2141 588 2182 eum
620 2128 723 2179 hoc
750 2127 854 2180 iter
884 2125 1129 2179 adversis
1150 2124 1557 2192 emergentilius
1612 2121 2026 2191 conlragrosum

459 2232 567 2271 non
611 2218 802 2285 parcit,
861 2217 914 2269 in
945 2215 1221 2270 assiduum
1253 2224 1529 2271 certamen
1568 2217 1820 2269 derotatn
1855 2215 2031 2269 laces-

457 2308 630 2364 sendo
673 2310 959 2362 virtutem.
989 2306 1164 2361 Secus
1196 2305 1341 2359 enim
1384 2306 1525 2373 apud
1562 2305 1849 2358 Dominum
1887 2305 2029 2358 baud

458 2415 751 2469 possumus
770 2414 895 2454 esse
925 2397 1135 2461 felices,
1171 2397 1277 2450 nisi
1302 2398 1597 2465 contigerit
1616 2395 2031 2451 infelicitatibus

459 2498 515 2545 et
542 2500 758 2545 terreno
783 2488 1035 2556 squalore
1068 2488 1311 2556 purgari.
1371 2486 1462 2541 Ille
1497 2502 1660 2551 porro
1700 2487 2029 2555 iudicandus

458 2590 543 2636 est
574 2582 741 2635 miser
764 2592 819 2633 et
848 2594 1015 2646 aeger,
1048 2578 1139 2647 qui
1180 2577 1551 2646 voluptatibus
1593 2579 1874 2634 marcidus
1935 2594 2031 2648 per

460 2673 748 2728 illecebras
795 2671 1066 2725 volutatur
1115 2679 1172 2724 et
1225 2671 1392 2738 jacet.
1422 2668 1513 2724 Ille
1546 2686 1605 2726 se
1637 2673 1849 2726 noverit
1890 2670 2029 2726 infe-

459 2764 646 2828 licem,
709 2765 799 2832 qni
862 2773 1091 2831 vagatur
1134 2763 1275 2816 inter
1322 2762 1724 2821 oblecumcnta
1777 2764 2028 2817 vitiorum

458 2867 716 2914 enervata
746 2856 1007 2910 felicitate
1040 2856 1354 2911 confossus.
1388 2856 1553 2910 Miser
1605 2866 1660 2909 et
1696 2854 1884 2911 infelix
1920 2866 2024 2921 est,

458 2952 551 3022 qui
575 2950 876 3005 nonfuerit
903 2949 1223 3004 infelicitate
1255 2955 1513 3002 tentatus.
1545 2948 1698 3003 Caret
1728 2948 1872 3003 enim
1913 2963 2029 3001 mu-

459 3058 614 3110 nere,
655 3044 745 3114 qui
786 3051 938 3097 caret
967 3051 1023 3097 et
1067 3042 1386 3097 certamine.
1422 3039 1528 3106 Qui
1579 3040 1683 3094 tela
1718 3038 2030 3095 formidavit

460 3137 673 3193 adversi
701 3135 1041 3202 certaminis,
1100 3149 1374 3203 nunquam
1409 3136 1607 3188 meruit
1654 3146 1847 3187 nomen
1907 3148 2028 3188 sor—

462 3228 552 3282 tiri
584 3227 830 3282 victoris.
864 3226 1058 3279 Procul
1095 3225 1260 3280 dubio
1298 3224 1531 3294 jacentis
1566 3234 1649 3277 est
1673 3225 1853 3278 anima
1909 3222 2025 3279 for-

461 3319 724 3374 midolosa
754 3319 977 3373 timere:
1011 3315 1232 3371 humilis
1254 3325 1307 3370 et
1332 3315 1527 3373 inertis
1551 3323 1638 3371 est
1659 3321 1777 3370 tuta
1800 3315 2025 3371 sectari.

461 3407 848 3479 imperfectum
905 3422 972 3461 ac
1024 3406 1340 3476 languidum
1391 3406 1590 3460 bonum
1620 3415 1711 3461 est
1752 3407 1805 3463 in
1856 3407 2027 3463 otium

459 3502 582 3559 sine
603 3501 907 3555 certamine
940 3498 1179 3569 projecta
1227 3499 1422 3553 virtus.
1474 3495 1628 3553 iacet
1670 3497 1819 3555 enim
1879 3499 2031 3568 vigor

458 3600 747 3649 enervatus
768 3606 832 3647 ac
864 3590 1079 3654 debilis,
1103 3590 1253 3659 jacet
1292 3588 1512 3645 animus
1544 3604 1709 3660 :rger.
1736 3590 1878 3659 jacet
1906 3606 2032 3644 can-

464 3688 564 3739 dor
587 3684 883 3746 obscurus,
914 3694 971 3736 et
1004 3681 1123 3736 ideo
1146 3697 1178 3736 a
1231 3680 1529 3737 fortissimo
1594 3681 1766 3735 milite
1820 3696 2033 3752 semper

460 3779 520 3833 in
567 3779 687 3836 acie
711 3778 967 3834 standum
1023 3786 1129 3839 est,
1168 3787 1223 3832 et
1278 3776 1568 3846 quzercnds
1626 3777 1865 3843 occasio,
1924 3793 2031 3846 qua

460 3872 639 3927 virtus
665 3870 930 3926 enitescat
965 3883 1225 3924 excussa.
1260 3868 1506 3922 Atnalori
1544 3870 1691 3923 enim
1718 3869 2028 3938 praeliorum

459 3975 780 4018 ornamenta
832 3971 963 4017 sunt
1016 3961 1261 4015 vulnera.
1316 3958 1459 4029 Ergo
1492 3961 1559 4016 ad
1604 3963 2031 4016 contemnendos

460 4054 676 4110 labores
700 4054 767 4108 ad
800 4054 1018 4109 virtutis
1047 4054 1320 4117 notitiam,
1363 4052 1726 4121 experimenti
1756 4067 1893 4121 opus
1949 4061 2034 4107 cst

462 4161 586 4210 usu,
623 4145 993 4214 eligentlarum
1019 4144 1222 4199 scilicet
1249 4143 1445 4199 virium
1468 4144 1756 4201 nutritore.
1784 4144 2029 4203 Solidum

450 4239 603 4311 genitu
640 4251 840 4305 corpus
863 4245 970 4299 est,
1029 4236 1307 4305 molesque
1354 4236 1575 4290 robusta
1632 4236 2027 4303 membrorum,

460 4346 625 4399 quam
656 4328 917 4397 frequens
942 4342 1074 4381 usus
1124 4327 1435 4395 agitaverit.
1472 4326 1740 4395 Agricolis
1796 4326 2031 4397 denique

460 4424 730 4493 frequenti
768 4435 933 4490 opere
969 4420 1254 4475 lacertosus
1284 4427 1434 4474 ‘sunt
1492 4420 1657 4484 vires.
1712 4419 1852 4475 tritae
1902 4429 2031 4477 sunt

2130 1933 2383 2002 ingerunt
2425 1948 2477 1989 et
2524 1940 2828 2007 imponunt,
2859 1956 2995 2008 quos
3032 1940 3264 1994 viderint
3293 1939 3584 1993 solertibus
3621 1943 3703 1992 ιη’·

2129 2030 2302 2095 grniis
2331 2032 2542 2085 caeteris
2574 2035 2816 2087 eminere
2854 2048 2868 2091 :
2905 2044 2959 2089 et
2984 2051 3084 2088 nos
3113 2035 3437 2088 animalibus
3467 2035 3705 2088 dominio

2130 2133 2317 2178 nostro
2351 2124 2613 2192 subjectis
2674 2141 2811 2181 onus
2848 2144 2944 2196 pro
2975 2128 3233 2196 qualitate
3278 2129 3472 2181 virium
3502 2138 3704 2196 tempu-

2131 2229 2314 2269 ramus
2357 2231 2372 2270 :
2436 2216 2763 2285 imponimus
2818 2219 3135 2274 fortioribus
3179 2219 3361 2282 fortia,
3388 2228 3442 2274 et
3476 2220 3707 2273 exilibus

2132 2321 2317 2372 parva,
2353 2307 2547 2374 quibus
2579 2324 2710 2362 usus
2743 2310 2975 2363 nutritor
3003 2309 3090 2364 ille
3141 2310 3375 2373 virtutis,
3410 2310 3462 2362 in
3507 2309 3704 2379 juven-

2135 2398 2263 2450 tutis
2324 2401 2616 2452 maximum
2661 2401 2826 2454 robur
2881 2402 3058 2471 erigat
3096 2413 3148 2456 et
3193 2412 3508 2470 promoveat
3540 2403 3703 2457 vires.

2131 2486 2245 2543 lloc
2270 2493 2429 2545 modo
2465 2502 2650 2546 nostra
2683 2491 2985 2546 rudimenta
3017 2494 3222 2547 levibus
3253 2497 3623 2560 \eiberautur,
3648 2505 3707 2549 ut

2134 2582 2332 2637 exinde
2360 2584 2731 2651 gravioribus,
2768 2600 2834 2639 ex
2870 2601 3056 2641 amore
3109 2587 3317 2642 scilicet
3364 2589 3560 2642 divinae
3591 2589 3702 2641 vir-

2133 2676 2285 2739 tutis,
2325 2677 2560 2732 usitalas
2592 2690 2895 2746 praeparent
2928 2679 3089 2732 vires.
3127 2680 3256 2744 Qua:
3291 2683 3430 2732 ratio
3452 2680 3704 2746 quamvis

2133 2768 2340 2822 divinis
2367 2768 2630 2824 redundet
2658 2770 2902 2837 pluribus
2920 2769 3288 2833 documentis,
3313 2782 3489 2826 tamen
3524 2774 3705 2840 aliquo

2130 2865 2185 2910 ct
2236 2857 2301 2913 de
2351 2858 2642 2914 mundanis
2690 2870 2904 2915 utamur
2945 2865 3214 2929 exemplo,
3246 2878 3350 2917 non
3375 2864 3518 2916 enim
3544 2870 3706 2919 nocet

2132 2946 2323 3002 alienis
2353 2949 2429 3002 uti
2483 2965 2546 3005 ea
2588 2965 2739 3017 parte
2769 2967 2873 3021 qua
2921 2964 3103 3007 nostra
3153 2965 3301 3009 sunt.
3347 2955 3605 3025 Nunquid
3642 2964 3698 3010 tu

2134 3039 2339 3095 invisos
2395 3055 2519 3096 esse
2562 3042 2981 3103 Lacedaemoniis
3036 3045 3240 3103 liberos
3282 3049 3530 3118 proprios
3577 3051 3699 3120 opi-

2133 3133 2301 3199 naris,
2337 3147 2566 3201 quorum
2611 3134 2826 3190 indoles
2856 3146 2911 3190 et
2939 3147 3089 3191 artus
3125 3148 3361 3206 teucros,
3390 3141 3566 3199 adhuc
3596 3146 3701 3197 sci-

2132 3223 2258 3280 licet
2285 3225 2488 3279 laboris
2514 3226 2732 3297 ignaros
2760 3231 3143 3297 experiuntur,
3169 3242 3223 3286 et
3250 3234 3482 3288 admotis
3509 3235 3703 3290 verbe-

2133 3316 2283 3371 ribus
2311 3318 2560 3385 publicis,
2589 3320 2706 3389 ipsa
2740 3321 2863 3376 illos
2893 3333 3119 3390 paterna
3149 3329 3321 3395 pietas
3352 3328 3703 3397 adhortatur,

2132 3417 2191 3460 ut
2225 3408 2362 3464 ictus
2391 3408 2729 3480 ﬂagellorum
2768 3411 2981 3468 fortiter
3007 3414 3184 3469 ferant
3213 3434 3228 3472 :
3261 3428 3315 3471 ct
3353 3418 3617 3476 laceratos
3646 3433 3701 3475 et

2133 3498 2482 3553 semianimes
2521 3501 2885 3569 deprecantur
2922 3514 2976 3557 et
3004 3516 3217 3575 rogant,
3248 3514 3307 3560 ut
3352 3522 3702 3575 perseverent

2131 3589 2354 3642 vulnera
2423 3592 2663 3660 praebere
2712 3595 3053 3659 vulneribus?
3101 3596 3239 3663 Quid
3295 3600 3518 3664 mirum,
3561 3604 3605 3656 si
3652 3615 3706 3659 te

2133 3679 2278 3736 Deus
2334 3692 2392 3736 et
2447 3698 2741 3752 generosos
2778 3685 2978 3745 liberos
3024 3692 3405 3760 pronriatuque
3443 3693 3704 3751 familiam

2132 3772 2205 3827 ob
2235 3772 2467 3828 nitorem
2501 3774 2706 3830 alenda:
2740 3779 2982 3845 virtutis,
3011 3781 3149 3835 dure
3181 3785 3374 3838 tentari
3402 3789 3704 3854 permittat,

2137 3878 2297 3934 regna
2330 3875 2587 3935 perpetua
2611 3870 2907 3927 victoribus
2929 3874 3268 3932 collaturus?
3288 3881 3378 3947 qui
3400 3883 3478 3936 sic
3500 3881 3707 3939 laberis

2133 3958 2305 4025 pretia
2333 3969 2521 4015 contra
2567 3976 2908 4032 quascunque
2947 3969 3086 4023 mala
3131 3970 3413 4038 pollicetur
3441 3983 3496 4029 et
3527 3975 3659 4030 dicit
3690 3993 3705 4030 :

2134 4050 2238 4116 Qui
2290 4057 2694 4119 perseuerauerit
2745 4073 2906 4125 usque
2953 4061 3007 4116 iu
3036 4061 3200 4128 finem
3230 4101 3245 4127 ,
3280 4063 3365 4117 hic
3394 4067 3570 4121 salvus
3604 4072 3705 4123 erit

2133 4140 2350 4212 (Matth.
2394 4160 2451 4208 ι.
2497 4145 2616 4217 22)?
2664 4149 2730 4203 Et
2787 4149 2987 4211 iterum
3028 4170 3042 4206 :
3096 4154 3275 4210 Venite
3306 4160 3376 4213 ad
3412 4176 3492 4215 me
3529 4177 3708 4218 omnes

2128 4235 2220 4303 qui
2268 4234 2526 4295 laboratis
2576 4250 2629 4293 et
2681 4245 2889 4296 onerati
2921 4247 3069 4311 estis,
3094 4257 3144 4301 et
3180 4248 3324 4304 vobis
3356 4268 3448 4321 ego
3482 4257 3710 4322 requier

2130 4324 2265 4379 dabo
2297 4326 2514 4397 (Matth.
2568 4346 2647 4396 ιι,
2682 4331 2797 4403 28).
2840 4334 3108 4403 Eaiguum
3157 4345 3416 4411 temporis
3454 4349 3708 4415 μετίημί,

2130 4420 2453 4479 ωιθῐυὶιειιίδ
2501 4433 2583 4479 est
2632 4428 2885 4494 pretium.
2919 4428 3144 4487 Devotio
3193 4436 3555 4496 tribulationis
3588 4446 3711 4499 red-

460 4527 673 4571 nianus,
709 4512 834 4565 dum
865 4510 1005 4563 inter
1038 4518 1220 4563 sentes
1250 4522 1314 4562 ac
1346 4507 1598 4573 tribulos,
1654 4518 1879 4564 curvato
1908 4524 2029 4564 cor-
2059 4528 2106 4585 υ
2135 4511 2292 4567 detur
2341 4517 2690 4585 sempiternis
2734 4517 3005 4579 fructibus
3057 4526 3365 4585 luctandum.
3412 4536 3568 4602 Apud
3608 4552 3709 4590 nos

458 4619 592 4674 pore
623 4602 935 4664 sudoribus,
969 4601 1237 4671 quaeritur
1266 4601 1493 4656 fructus.
1524 4603 1627 4656 Ars
1662 4603 1902 4667 nautica,
1931 4618 2029 4655 cu-

454 4697 546 4766 jus
574 4711 675 4748 uav
698 4696 841 4763 ginta
897 4709 1038 4762 sirpe
1090 4692 1323 4761 procella
1371 4695 1661 4758 contorsit,
1712 4694 1840 4748 dum
1889 4694 2031 4749 inter

459 4787 697 4855 pericula
726 4785 894 4838 tendit
925 4785 979 4837 in
1012 4797 1253 4852 portum,
1297 4784 1486 4840 didicit
1513 4784 1709 4840 fluctus
1750 4788 2033 4842 transiuit-

460 4888 596 4942 tere,
626 4886 682 4930 ct
713 4892 834 4930 cum
882 4883 1201 4944 tempestate
1256 4891 1518 4948 pugnare.
1569 4876 1649 4929 Ad
1705 4879 2026 4933 excutienda

459 4969 564 5024 tela
595 4970 867 5023 laceratus
920 4970 1191 5023 exercitus
1233 4972 1415 5025 valet:
1474 4980 1527 5021 et
1583 4971 1839 5024 victorias
1892 4971 2032 5026 inter

455 5060 681 5115 Vulnera
711 5061 923 5125 quaerit,
965 5058 1075 5127 regi
1112 5062 1329 5127 proprio
1356 5059 1679 5128 placiturus.
1712 5061 1882 5129 Agilia
1901 5071 2033 5116 sunt

456 5152 698 5203 membra
723 5148 1061 5213 cursoribus,
1091 5161 1143 5201 ct
1184 5150 1284 5202 bos
1315 5165 1442 5203 usus
1469 5151 1731 5218 magister
1763 5152 1946 5204 docuit
1975 5162 2030 5206 et

457 5241 735 5295 instruxit.
769 5241 907 5305 Quid
962 5241 1258 5308 pluribus?
1302 5239 1472 5296 Nemo
1520 5258 1623 5295 non
1710 5245 2030 5298 accessione

458 5340 811 5389 teutationctn
858 5334 1212 5403 perfectiores
1242 5342 1423 5402 partes
1467 5335 1732 5400 ascendit,
1768 5345 1823 5389 et
1887 5350 2028 5403 pra:-

457 5430 622 5482 miutn
648 5430 819 5482 victor
856 5427 1072 5480 invasit.

420 5506 425 5509 ’
528 5519 845 5587 Vll.lt=tque
882 5533 981 5571 nos
1016 5519 1141 5570 dum
1179 5516 1413 5585 primum
1449 5516 1646 5585 exigua
1697 5518 2031 5574 sustincnnts

455 5624 509 5667 et
539 5615 851 5676 mediocria,
891 5627 1113 5666 necesse
1147 5622 1229 5664 est
1272 5621 1331 5663 ut
1365 5610 1628 5677 aitipliora
1686 5613 1764 5666 vel
1790 5614 2031 5667 maxima

456 5704 699 5772 perferre
754 5706 1047 5756 discamus.
1100 5701 1307 5755 Nostrae
1330 5702 1473 5755 cnim
1510 5703 1715 5757 militiae
1758 5706 2030 5774 specimen

457 5806 564 5859 est,
600 5796 833 5850 lucidum
888 5812 981 5863 per
1030 5796 1195 5849 ardua
1254 5811 1578 5863 componere
1632 5780 1880 5866 gradum,
1936 5815 2030 5868 put“

2134 4601 2365 4659 fecunda
2423 4610 2739 4677 captivitate
2810 4630 3036 4684 regnum
3101 4625 3384 4689 quieritur,
3446 4601 3709 4682 securitas

2136 4695 2394 4765 periculis
2472 4703 2696 4768 emitur,
2760 4708 3051 4764 sudoribus
3105 4716 3318 4781 requies
3346 4730 3711 4786 comparatur.

2136 4787 2491 4857 Nantuirlus.
2526 4794 2703 4863 inquit
2745 4798 3060 4867 Apostolus,
3086 4806 3141 4856 iu
3187 4807 3497 4873 inﬁrmitate
3555 4811 3714 4875 vcrﬁ-

2133 4891 2273 4933 citur
2317 4883 2391 4948 (Il
2429 4883 2558 4940 Cor.
2599 4903 2696 4953 xu,
2735 4891 2811 4959 9).
2842 4891 3190 4971 Commodius
3223 4911 3307 4954 cst
3342 4904 3587 4970 profecto
3617 4906 3707 4958 af-

2135 4973 2370 5030 fectibus
2421 4978 2692 5049 languidis
2737 4988 3031 5041 carnaliter
3081 4992 3295 5060 agitari,
3345 5010 3505 5061 quam
3564 5004 3710 5055 sanis

2136 5068 2373 5120 artubus
2417 5072 2684 5139 supplicio
2712 5088 2859 5130 czeco
2885 5079 3269 5134 conscientiam
3300 5095 3514 5151 portare
3550 5105 3711 5142 vexa-

2136 5163 2269 5209 tam.
2308 5158 2558 5228 Plerique
2601 5166 2743 5221 enim
2791 5175 3026 5236 peccatis
3050 5184 3317 5242 mgrotant
3349 5193 3412 5230 ex
3440 5178 3552 5247 ipsa
3588 5183 3710 5235 ina-

2137 5251 2309 5305 nitate
2363 5258 2748 5314 membrorum.
2796 5264 2930 5316 Dutn
2984 5270 3128 5318 enim
3182 5267 3250 5320 ab
3306 5267 3712 5328 infirmitatibus

2136 5356 2351 5406 vacant.
2408 5350 2650 5405 matbtda
2698 5352 2921 5410 laxitate
2957 5356 3089 5410 ﬂuat
3121 5375 3346 5416 necesse
3373 5374 3455 5417 est
3485 5380 3705 5432 corpus,

2137 5448 2299 5504 atque
2328 5441 2507 5495 lclltali
2543 5446 2731 5498 morbo
2764 5449 3024 5514 solvatur,
3045 5452 3435 5523 hominemque
3462 5472 3556 5523 per
3585 5459 3709 5512 vitta

2136 5541 2200 5579 ae
2251 5530 2414 5583 silvas
2496 5548 2740 5588 errorum
2810 5542 3055 5608 nequiter
3115 5557 3303 5595 Sallttut
3371 5545 3706 5612 praecipitem

2136 5619 2319 5673 duCaL

2209 5708 2343 5765 Vill.
2386 5711 2614 5771 Liberos
2663 5729 2717 5773 tu
2764 5721 2981 5790 judicas
3031 5738 3122 5779 aut
3163 5741 3192 5779 a
3231 5730 3433 5783 morbis
3480 5729 3706 5791 alienos,

2138 5820 2277 5874 quos
2310 5810 2617 5877 voluptates
2651 5813 2896 5870 barbara:
2920 5819 3320 5874 devinxet'uttt?
3361 5820 3474 5875 Non
3517 5825 3712 5874 bancat
