4054 6206
343 270 416 336 ’13
1265 269 1632 331 EPISTOLA
1669 274 1734 334 V.
1775 274 1876 332 AD
1927 269 2231 332 AMICUM
2279 269 2702 330 .‘EGBOTUM.
3131 307 3140 328 .
3556 254 3630 320 74

347 397 642 450 catenam,
681 387 774 441 sed
830 398 924 440 eos
978 384 1199 438 luxuria
1255 385 1412 440 ferali
1474 388 1833 443 mordacitate
1881 389 1936 442 in
1971 395 2015 450 Α
2045 403 2253 445 marum
2317 388 2622 452 examinas,
2654 396 2710 441 et
2739 384 3008 443 incendiis
3040 381 3403 452 coquentlbus
3437 379 3550 438 uris
3571 387 3628 436 et

346 479 582 534 vinculis
643 487 810 534 tenet.
858 477 934 531 lta
973 478 1282 552 inciderunt
1333 478 1385 532 in
1432 477 1653 546 laqueos
1691 478 1939 536 feralium

347 571 710 637 voluptatum,
743 571 887 624 sicut
937 585 1067 624 aves
1124 571 1373 639 aucupali
1425 569 1615 626 fraude
1649 572 1877 641 captivas
1922 590 1938 626 :

345 679 470 731 qua:
499 678 608 730 quo
647 665 824 732 magis
859 672 1131 717 conantur
1162 662 1416 726 evadere,
1452 678 1516 718 eo
1548 665 1852 719 innumeris
1882 679 1940 719 se

348 756 584 808 nexibus
627 754 854 824 illigant,
905 765 958 808 et
1005 753 1054 806 in
1108 753 1488 824 profundiores
1528 755 1683 809 sinus
1724 758 1936 811 demer-

350 858 505 913 gunt.
537 845 793 901 Profecto
817 846 894 900 illi
925 847 1044 900 sani
1085 858 1235 905 sont.
1265 863 1401 914 quos
1439 850 1666 902 morbus
1711 847 1940 901 involvit

349 948 515 1008 atque
570 939 741 1006 jactat
791 940 1039 993 insanus.
1087 937 1385 993 Incolumis
1454 956 1583 994 vero
1633 951 1715 994 est
1774 957 1937 1011 quem

352 1031 604 1101 quolibet
634 1033 861 1086 verbere
888 1033 1111 1099 corrigit
1143 1032 1304 1095 Dens,
1325 1036 1414 1100 qui
1444 1048 1501 1086 se
1531 1033 1765 1087 hominis
1793 1049 1942 1088 ama-

349 1135 524 1178 torem
548 1124 871 1192 castigando
920 1133 1176 1179 testatur.
1219 1125 1362 1189 Quos
1395 1125 1582 1196 diligo,
1611 1127 1792 1195 inquit
1833 1125 1939 1181 Do-

348 1217 550 1275 minus,
583 1217 846 1285 redarguo
900 1226 949 1270 et
995 1218 1200 1287 castigo
1236 1218 1422 1285 (Apoc.
1458 1234 1543 1282 ιιι,
1577 1218 1689 1287 12).
1724 1218 1790 1273 Et
1817 1220 1941 1274 ideo

343 1322 409 1362 se
442 1323 635 1360 sanum
673 1324 780 1361 non
818 1309 1160 1377 iudicet,qui
1199 1323 1292 1362 aut
1317 1311 1662 1372 morbis.aut
1687 1312 1940 1366 sordibus

344 1411 520 1463 caret,
554 1415 654 1454 nec
683 1401 1019 1454 infirmitatis
1053 1401 1292 1455 remedio
1323 1401 1664 1458 confovetur.
1701 1403 1779 1456 Illi
1813 1420 1940 1459 vero

344 1505 474 1546 sunt
498 1494 686 1548 miseri
709 1493 803 1562 qui
837 1493 1017 1546 nimim
1049 1493 1327 1548 felicitatis
1355 1496 1512 1550 inerti
1543 1497 1940 1565 tranquillitate

348 1594 672 1653 torpescunt
703 1602 716 1638 :
747 1586 944 1654 quibus
979 1584 1160 1639 fucata
1199 1586 1408 1640 sanitas
1443 1596 1500 1640 ut
1531 1588 1681 1640 fallat
1708 1599 1761 1642 et
1791 1589 1941 1644 deci-

345 1683 483 1748 piat,
516 1677 770 1730 adulatur
807 1695 820 1730 :
858 1692 995 1745 quos
1026 1677 1274 1730 videlicet
1303 1689 1511 1738 aeterna
1545 1679 1748 1732 tenebit
1778 1681 1938 1748 aegri.

2046 480 2288 550 probas?
2316 495 2433 550 quae
2455 479 2556 535 nisi
2593 480 2796 534 arbiter
2823 479 2963 550 ignis
2991 475 3202 545 judicio
3224 489 3324 530 suo
3343 474 3626 545 aptissima

2047 571 2508 642 pronuntiaverit,
2530 572 2582 625 in
2611 587 2709 626 usu
2731 586 2851 625 esse
2874 585 2980 624 non
3009 577 3256 640 possunt.
3283 567 3390 623 Nos
3411 580 3630 636 quoque

2047 662 2151 716 nisi
2201 662 2561 717 tentationum
2598 662 2909 731 purgaverit
2941 660 3208 730 judicium
3255 657 3340 712 vel
3376 673 3627 723 examen,

2046 764 2356 810 nostrorum
2411 754 2574 824 figulo
2627 755 2992 809 membrorum
3046 751 3262 808 inutiles
3296 751 3630 812 invenimur.

2043 849 2134 916 qui
2176 863 2276 902 nos
2333 847 2438 901 urit
2479 857 2537 901 ut
2590 856 2764 910 curet,
2821 855 2994 900 tentat
3027 857 3087 899 ut
3114 845 3330 910 liberet,
3363 853 3527 900 vexat
3574 853 3634 898 ut

2043 936 2240 990 salvet.
2274 935 2420 990 Nihil
2447 937 2592 991 enim
2627 947 2736 991 tam
2789 938 3156 1006 inquinatum,
3184 945 3293 990 tam
3325 933 3628 1001 sordidum,

2043 1027 2190 1097 quod
2245 1043 2350 1082 non
2390 1047 2417 1082 a
2465 1031 2611 1085 vitiis
2666 1031 3086 1098 purgationibus
3145 1030 3416 1099 expietur.
3472 1029 3630 1097 Saepe

2045 1119 2281 1188 denique
2313 1120 2547 1174 vidimus
2582 1120 2887 1175 sordidatos
2928 1121 3280 1189 improperio,
3320 1121 3539 1174 venisse
3576 1121 3628 1173 in

2044 1213 2364 1277 candorem,
2413 1212 2725 1283 ferrumque
2777 1214 2885 1267 situ
2931 1213 3226 1267 obductum
3262 1215 3312 1267 in
3348 1214 3628 1282 antiquam

2045 1305 2238 1359 faciem
2293 1306 2693 1376 splendescere.
2729 1303 2970 1358 Vidimus
3013 1320 3203 1358 aurum
3236 1314 3631 1375 argentumque

2042 1398 2275 1452 ﬂammae
2310 1398 2598 1467 disciplina
2655 1399 2894 1469 purgari,
2947 1407 3002 1454 et
3058 1400 3282 1453 arbores
3343 1407 3629 1454 truncatas

2043 1491 2196 1544 cultu
2255 1489 2536 1544 lictissimo
2601 1491 2960 1554 reviviscere,
2999 1489 3332 1560 amcenisque
3385 1491 3630 1560 virgultis

2041 1582 2246 1636 ornari.
2279 1582 2521 1636 Vidimus
2555 1582 2607 1636 in
2643 1583 3030 1638 fecunditatem
3099 1585 3308 1638 sterilia
3360 1586 3628 1647 revocari,

2042 1682 2097 1726 et
2130 1675 2396 1728 exhausto
2427 1676 2608 1744 stipite
2636 1676 2790 1730 exire
2828 1676 3088 1740 radicem,
3122 1685 3175 1729 et
3213 1675 3422 1744 frugem
3455 1680 3596 1729 maxi
3619 1703 3632 1715 -

349 1773 506 1835 tudo,
554 1778 758 1823 a-teruo
810 1777 1016 1822 tortore
1058 1777 1230 1822 totum
1267 1771 1543 1824 hominem
1594 1773 1937 1840 postmodum
1970 1772 2014 1830 Β
2047 1778 2186 1814 malli
2246 1765 2516 1817 COUlilaI'i-
2559 1762 2631 1816 lla
2691 1780 2906 1834 quoque
2965 1767 3017 1819 ill
3065 1766 3250 1832 nobis.
3295 1767 3439 1835 (ιυού
3493 1763 3631 1819 forte

349 1874 636 1917 vexatura.
683 1861 785 1915 His
817 1873 980 1916 tanta:
1009 1872 1134 1916 sunt
1165 1865 1286 1926 vite,
1314 1875 1532 1931 quanta:
1564 1865 1939 1918 succurrerint

346 1957 676 2024 voluptates.
703 1955 800 2008 llis
833 1956 938 2008 iter
967 1964 1072 2017 est,
1101 1956 1242 2022 quod
1275 1970 1460 2009 comes
1484 1955 1652 2009 libido
1681 1959 1942 2024 periculis

345 2048 641 2102 dictaverit
669 2049 930 2114 peritura.
963 2046 1183 2114 Arrepti
1215 2047 1358 2099 enim
1403 2048 1746 2102 anfractibus
1778 2049 1939 2102 vitio-

349 2157 472 2195 rum
505 2140 864 2205 trahentium,
907 2139 1058 2192 vario
1092 2140 1248 2208 lapsu
1291 2150 1537 2193 rotantur
1573 2141 1624 2194 in
1654 2144 1935 2198 interitum

351 2234 561 2296 miseri,
601 2232 1022 2287 incertissimaut
1060 2232 1202 2284 viam
1234 2247 1338 2283 non
1384 2231 1609 2286 redituri
1643 2249 1655 2286 :
1698 2234 1750 2288 in
1785 2251 1938 2288 cme-

349 2334 500 2381 riora
559 2327 784 2380 tendunt
830 2326 1070 2382 animum
1131 2340 1282 2379 more
1332 2325 1656 2392 rivulorum,
1705 2346 1936 2398 ipiorinn

352 2433 632 2487 nunquam
670 2432 950 2487 regressus
985 2428 1068 2472 est
1097 2418 1148 2471 in
1180 2419 1459 2488 proprium
1501 2419 1730 2475 fontem.
1755 2421 1937 2492 Siqui-

351 2509 479 2562 dem
529 2509 672 2563 banc
717 2509 881 2561 vitam
917 2507 1005 2562 cui
1047 2507 1170 2562 finis
1219 2519 1304 2563 est
1363 2524 1570 2574 comes,
1605 2521 1662 2564 ut
1695 2512 1794 2580 ipsi
1824 2514 1938 2581 opi-

352 2612 579 2663 nantur,
612 2601 891 2670 prosperis
947 2601 1200 2655 cursibus
1235 2603 1437 2655 ducunt
1478 2617 1492 2655 :
1529 2601 1623 2656 sed
1649 2605 1848 2672 gradus
1882 2605 1933 2658 in

355 2693 664 2748 novissimo
718 2694 860 2748 male
914 2694 1140 2748 omnino
1195 2695 1416 2760 sinitur,
1472 2698 1600 2750 dum
1660 2697 1798 2752 dure
1883 2699 1934 2752 in

351 2787 656 2840 novissimo
701 2796 898 2840 statur.
941 2785 1004 2838 Et
1045 2786 1174 2856 quid
1215 2789 1434 2856 prodest
1477 2804 1575 2858 per
1617 2790 1936 2844 discrimina

349 2893 617 2947 prospere
640 2880 971 2941 cucurrisse,
1001 2879 1047 2932 si
1074 2888 1196 2947 post
1231 2895 1448 2936 cursum
1476 2882 1772 2952 contigerit
1798 2885 1933 2938 inte-

350 2970 501 3024 rire?
535 2969 758 3024 Frustra
791 2971 1028 3038 denique
1062 2971 1214 3025 navis
1245 2988 1340 3040 per
1380 2977 1672 3041 superbum
1709 2978 1934 3048 pelagus

345 3073 408 3117 et
437 3063 709 3126 insanum,
753 3063 943 3117 amicis
975 3062 1229 3118 ﬂuctibus
1256 3068 1538 3121 commoda
1576 3083 1934 3138 prosperitate

346 3157 601 3210 cucurrit
647 3159 700 3210 in
751 3166 991 3223 portum,
1025 3159 1072 3215 si
1107 3174 1230 3212 cum
1265 3160 1550 3230 naufragio
1592 3165 1857 3231 pervenit,
1883 3175 1939 3220 et

351 3247 652 3312 perituram
705 3257 893 3310 portus
923 3248 1233 3316 acceperit?
1265 3249 1618 3304 Commodius
1662 3250 1824 3319 igitur
1854 3260 1940 3306 est

349 3338 646 3406 cujuslibet
683 3339 882 3393 ducatu
937 3355 1207 3407 pressura:
1236 3345 1301 3396 ad
1335 3355 1546 3412 portum
1590 3344 1780 3414 gloria:
1817 3361 1940 3414 per-

353 3431 563 3491 venire,
615 3444 776 3496 quam
823 3427 1056 3483 delicato
1094 3433 1330 3500 navigio,
1383 3432 1648 3486 morbida:
1697 3432 1939 3487 laxitatis

351 3530 573 3591 peracto
599 3537 785 3586 cursu,
813 3521 867 3574 in
901 3538 1092 3589 plenas
1144 3525 1315 3578 exire.
1350 3522 1506 3594 Saepe
1549 3525 1734 3594 itaque
1759 3526 1940 3592 potior

353 3625 443 3667 cst
467 3626 762 3681 paupertas
789 3615 1009 3683 opibus,
1035 3616 1355 3669 deformitas
1388 3617 1583 3679 forma,
1606 3621 1937 3672 contumelia

353 3708 636 3769 laudibus,
666 3708 900 3760 servitus
951 3718 1256 3775 po;estale,
1294 3709 1642 3764 imbecillitas
1703 3711 1934 3774 viribus,

353 3799 609 3852 libertate
641 3800 948 3867 captivitas,
976 3801 1262 3854 humilitas
1290 3801 1576 3870 dignitate.
1608 3803 1772 3856 David
1809 3804 1932 3856 illu-

345 3890 482 3942 suis
521 3891 785 3958 prephela
839 3891 1146 3958 hnjusmodi
1208 3907 1430 3946 carmen
1469 3895 1741 3962 expressit
1776 3911 1788 3946 :
1825 3894 1936 3948 Bo-

347 3999 476 4034 num
506 3990 606 4045 est,
641 3982 836 4051 inquit,
869 3985 1013 4045 mihi,
1045 3983 1432 4052 Domine,quia
1480 3986 1782 4038 Itumiliasti
1830 4004 1931 4051 me,

347 4085 408 4126 ut
462 4089 778 4145 cognoscant
808 4073 1221 4143 justiﬁcotiones
1269 4087 1384 4130 tuas
1422 4075 1599 4146 (l’sal.
1645 4093 1794 4142 cxix,
1820 4078 1932 4148 7|).

349 4165 496 4236 Ergo
550 4167 744 4222 melius
787 4177 872 4222 est
915 4182 1166 4237 superna:
1199 4169 1723 4240 disciplintcjudicio
1756 4171 1936 4224 lnnni-

347 4259 496 4324 liari,
532 4274 695 4327 quam
743 4276 866 4313 cum
921 4264 1127 4315 mundo
1191 4261 1468 4324 damnari,
1515 4263 1732 4316 dicente
1787 4263 1933 4331 Apo-

347 4353 491 4404 stolo
549 4370 564 4405 :
617 4351 752 4405 Cum
795 4354 1128 4420 judicamur,
1164 4371 1194 4406 a
1230 4353 1454 4407 Domino
1501 4355 1932 4419 corripimur,nc

2052 1854 2290 1922 peccatis
2339 1857 2715 1924 prementibus
2757 1858 3046 1921 mstuabat,
3103 1860 3363 1928 quidquid
3415 1858 3631 1914 macula

2047 1945 2348 2012 squalentis
2387 1947 2676 2000 vetustatis
2715 1948 2991 2008 obstabat.
3019 1949 3121 2003 hoc
3142 1947 3480 2019 aegritudinis
3511 1948 3631 2002 luce

2046 2034 2326 2089 exclusum
2349 2044 2452 2090 est.
2483 2035 2550 2090 Et
2581 2038 2705 2092 ideo
2731 2049 2784 2092 te
2807 2054 3021 2103 sanum,
3047 2040 3238 2104 frater,
3262 2039 3470 2094 medica
3499 2039 3629 2094 red-

2047 2126 2184 2180 didit
2245 2129 2508 2197 a'gritudo
2562 2129 2955 2186 membrorum.
3011 2130 3140 2185 Sola
3199 2130 3254 2184 in
3303 2138 3354 2184 te
3399 2130 3628 2184 materia

2047 2219 2230 2273 carnis
2288 2220 2491 2290 indiget
2541 2223 2734 2276 virium
2801 2223 3053 2277 sanitatis
3091 2237 3193 2276 :ac
3243 2237 3309 2277 ne
3377 2233 3426 2276 te
3487 2221 3631 2276 forte

2050 2321 2292 2378 vexaret,
2318 2313 2434 2367 utili
2469 2315 2629 2369 modo
2651 2324 2878 2369 vexatur
2898 2324 2955 2369 et
2983 2315 3192 2370 morbo.
3217 2315 3341 2370 llaec
3363 2325 3628 2384 estquam

2048 2404 2100 2456 in
2139 2405 2390 2459 munibus
2443 2406 2678 2474 percutit
2733 2407 2978 2461 canicula
3034 2406 3358 2471 senectutis,
3394 2416 3449 2460 et
3486 2409 3632 2461 sicut

2046 2498 2229 2551 fenum
2291 2499 2513 2561 arescit,
2557 2498 2742 2554 ﬂorem
2801 2503 3078 2570 proprium
3142 2503 3437 2569 perditura,
3487 2501 3632 2557 sicut

2046 2589 2306 2657 scriptum
2339 2601 2422 2646 est
2471 2608 2486 2645 :
2525 2590 2710 2646 Omnis
2742 2610 2866 2646 caro
2887 2596 3090 2664 fenum,
3120 2605 3166 2649 et
3204 2598 3370 2650 omnis
3402 2598 3627 2652 claritas

2044 2681 2156 2750 ejus
2190 2692 2244 2733 ut
2269 2683 2366 2748 ﬂos
2397 2683 2522 2752 ferri.
2551 2685 2702 2738 Aruit
2733 2685 2912 2755 fenum
2943 2698 2991 2740 ct
3025 2689 3211 2740 cecidit
3241 2690 3342 2757 ﬂos
3365 2707 3384 2744 :
3416 2693 3628 2744 verbum

2045 2785 2219 2828 autem
2273 2776 2485 2830 Domini
2546 2790 2720 2833 manet
2774 2781 2829 2834 in
2863 2791 3119 2835 internum
3151 2782 3285 2851 (lsa.
3339 2800 3424 2846 η.
3463 2787 3518 2850 6,
3550 2785 3628 2850 7).

2045 2867 2452 2936 A‘Jquanimiler
2501 2871 2663 2941 igitur
2727 2871 3085 2942 perferamus,
3121 2877 3165 2930 si
3218 2892 3453 2945 corpus,
3483 2883 3627 2948 quod

2043 2962 2187 3016 sicut
2244 2964 2422 3017 fenum
2473 2965 2720 3034 legimus,
2753 2970 2964 3022 casuris
3016 2969 3241 3023 floribus
3301 2973 3625 3039 periturum,

2046 3051 2371 3107 laedentibus
2398 3056 2553 3109 malis
2573 3063 2806 3125 iactetur
2829 3061 3154 3111 exhaustum
3181 3075 3196 3114 :
3223 3062 3377 3128 cujus
3399 3063 3625 3123 sanitas.

2045 3147 2240 3201 anima:
2289 3150 2536 3202 morbum
2571 3153 2852 3204 consuevit
2885 3149 3090 3206 inferre
3127 3169 3144 3206 :
3172 3163 3226 3206 et
3257 3166 3445 3208 contra
3471 3169 3625 3210 cout-

2046 3241 2204 3295 moda
2252 3243 2570 3310 Spiritualia,
2614 3244 2810 3298 ferales
2841 3260 2906 3299 ac
2950 3245 3211 3300 barbaras
3249 3247 3452 3317 eligere
3477 3249 3628 3303 volu-

2044 3343 2240 3402 ptates.
2268 3336 2419 3403 δωμθ
2441 3339 2672 3404 denique
2695 3352 2823 3391 caro
2848 3338 3047 3392 milites
3074 3340 3336 3394 castitatis
3365 3339 3626 3398 effrenata

2043 3427 2325 3481 discinxit.
2363 3428 2464 3482 l’ro
2511 3429 2665 3482 nobis
2695 3440 2776 3484 est
2805 3431 2990 3500 igitur,
3024 3433 3069 3487 si
3108 3433 3284 3504 longis
3311 3434 3540 3506 flagellis
3569 3449 3626 3490 et

2044 3520 2396 3574 mordacibus
2459 3523 2795 3590 castigentur
2849 3541 2866 3578 :
2925 3525 3079 3590 cujus
3138 3536 3318 3580 tamen
3374 3529 3626 3582 castitate

2046 3610 2448 3680 impuguamur.
2486 3613 2747 3666 Amamus
2778 3629 2997 3668 carnem
3029 3616 3211 3671 stolidi
3242 3635 3256 3671 :
3292 3618 3433 3673 haud
3466 3620 3622 3674 dole-

2045 3719 2165 3756 mus
2214 3705 2408 3756 animze
2463 3721 2742 3759 carcerem
2789 3717 2844 3759 et
2885 3709 3243 3774 sepulturam.
3283 3708 3623 3764 Thesaurum

2043 3795 2226 3863 itaque
2284 3795 2447 3863 ipsius
2499 3797 2684 3850 carnis
2734 3796 3025 3867 fragilitate
3081 3811 3429 3872 contempta,
3476 3807 3622 3872 quod

2043 3887 2324 3950 acciderit,
2359 3887 2664 3940 devotionis
2693 3891 3039 3956 amplexibus
3066 3896 3367 3960 rapiamus.
3399 3894 3624 3952 Melicu-

2042 3977 2212 4031 losum
2278 3988 2361 4030 est
2416 3979 2560 4031 enim
2607 3979 2974 4035 Christianum
3014 3983 3239 4038 militem
3272 3986 3408 4041 velle
3433 3987 3623 4041 lietauo

2043 4072 2174 4123 tium
2206 4075 2362 4123 modo
2395 4070 2446 4123 iu
2479 4073 2771 4142 tranquillo
2796 4076 3116 4131 consistere.
3154 4077 3386 4146 Dejectio
3422 4080 3620 4134 mentis

2039 4169 2121 4214 est
2183 4158 2454 4216 turbinem
2501 4160 2831 4227 formidare,
2891 4169 3225 4221 contrarium
3298 4185 3426 4224 vero
3481 4172 3622 4226 inter

2040 4256 2310 4309 contraria
2375 4271 2480 4310 non
2529 4258 2820 4325 trepidare.
2873 4256 3211 4316 lnfilicitatis
3256 4271 3341 4315 est
3389 4265 3618 4317 adversa

2041 4351 2252 4404 nescire
2289 4365 2306 4406 :
2335 4349 2607 4405 felicitatis
2642 4366 2727 4406 est
2751 4368 2873 4406 cum
2898 4354 3144 4408 adversis
3176 4372 3332 4410 nosse
3360 4363 3618 4426 congredi

347 4461 468 4497 eum
497 4445 592 4498 hoc
627 4446 824 4499 mundo
875 4447 1187 4500 damnentur
1235 4447 1318 4516 (ll
1354 4445 1479 4502 Cor.
1512 4464 1588 4513 xi,
1623 4449 1734 4517 52).
1789 4446 1931 4518 Ergo
1966 4467 2009 4523 υ
2037 4453 2094 4494 et
2137 4444 2278 4496 Scire
2325 4457 2588 4512 pugnare.
2626 4443 2764 4498 Nam
2823 4459 2946 4498 cum
2997 4460 3191 4500 omnes
3222 4450 3382 4514 ictus,
3419 4461 3476 4502 ut
3505 4452 3617 4522 jam

345 4539 496 4604 quod
537 4552 604 4591 ex
635 4552 822 4591 amore
861 4537 1074 4593 Domini
1116 4551 1319 4592 nostris
1365 4539 1692 4592 utilitatibus
1727 4555 1932 4607 praero-

344 4641 527 4699 gatur,
551 4632 672 4684 sine
709 4646 991 4687 murmure
1015 4630 1364 4686 suﬂeramus.
1395 4630 1731 4699 [inpenditur
1757 4631 1928 4693 enim,

343 4732 407 4775 ut
435 4737 464 4774 a
502 4724 716 4778 medico
748 4725 1070 4789 remedium,
1101 4739 1130 4778 a
1173 4724 1402 4778 Domino
1429 4723 1740 4791 disciplina.
1780 4724 1930 4776 Artis

341 4823 430 4866 est
487 4814 771 4870 medicina:
803 4815 1094 4884 aliquoties
1143 4815 1359 4886 ignibus
1419 4824 1474 4870 et
1527 4815 1676 4870 ferro
1707 4831 1925 4869 curare.

339 4906 488 4970 Quid
534 4908 758 4969 mirum,
802 4911 846 4960 si
889 4907 1152 4963 Dominus
1187 4918 1497 4964 nostrarum
1523 4908 1770 4963 medicus
1804 4908 1927 4960 ani-

335 5013 584 5059 marum,
619 4998 926 5054 turbinibus
962 5001 1226 5064 excutiat,
1259 5001 1464 5055 morbis
1488 5002 1788 5065 examinet,
1831 5015 1928 5054 ca-

333 5089 682 5144 lamitatibus
737 5092 973 5162 purget?
1003 5091 1363 5148 Fortitudinis
1418 5104 1502 5148 est
1535 5103 1736 5147 nostra:
1765 5095 1922 5164 quasi

334 5197 438 5251 per
471 5181 625 5249 ignes
655 5195 706 5235 et
742 5181 990 5238 flammas
1019 5199 1274 5239 vasorum
1323 5199 1474 5238 more
1504 5187 1748 5255 purgari,
1777 5185 1922 5254 quod

331 5271 630 5340 Scriptura
662 5275 847 5328 divina
881 5283 1116 5330 testatur
1151 5287 1204 5330 et
1241 5279 1436 5346 probat
1464 5292 1479 5329 :
1528 5276 1690 5340 Vasa,
1723 5280 1918 5345 inquit,

327 5363 490 5431 ﬁguli
530 5365 718 5433 probat
770 5367 964 5434 [ornas
989 5377 1039 5420 ct
1071 5367 1308 5421 homines
1331 5368 1507 5436 justas
1562 5367 1782 5421 tentatio
1819 5368 1948 5420 tri-'

329 5458 628 5511 bulationis
663 5457 852 5528 (Eccli.
886 5476 1054 5525 xxvii,
1076 5458 1154 5530 6).
1193 5461 1261 5515 Et
1285 5462 1413 5516 alibi
1458 5462 1636 5531 inquit
1665 5478 1678 5516 :
1714 5461 1917 5514 Aurum

325 5559 382 5601 et
411 5563 686 5617 argentum
713 5563 757 5604 et
789 5553 989 5621 ferrum
1015 5562 1062 5606 et
1100 5554 1371 5622 plumbum
1398 5563 1446 5606 et
1475 5570 1625 5607 omne
1652 5556 1792 5622 quod
1826 5571 1920 5622 per

324 5642 507 5710 ignem
543 5645 834 5708 transierit,
858 5645 1233 5699 emendabitur
1271 5645 1451 5715 (Nam.
1485 5663 1634 5711 χχιι,
1667 5647 1759 5711 2‘2,
1797 5648 1914 5715 25).

325 5732 594 5806 Nunquid
629 5752 754 5790 vasa
796 5739 982 5793 dicunt
1032 5743 1212 5807 Iignlo,
1242 5758 1338 5795 cur
1371 5758 1467 5797 nos
1508 5741 1737 5797 arbitrio
1765 5741 1916 5798 flaui-

675 5838 716 5898 P
735 5850 946 5896 t'i'itOL.
985 5835 1168 5897 XXX.

2039 4535 2316 4598 diximus,
2369 4535 2570 4603 quibus
2627 4537 2927 4605 quatimur,
2974 4539 3160 4593 divino
3207 4541 3502 4608 gignantur
3551 4560 3620 4598 ex

2037 4644 2268 4681 munere
2321 4646 2334 4681 :
2388 4637 2634 4683 exterum
2683 4645 2745 4685 se
2785 4632 2998 4685 noverit
3035 4632 3104 4686 ab
3143 4648 3329 4689 amore
3379 4635 3495 4701 Dei,
3525 4639 3618 4706 qui

2036 4723 2209 4775 nescit
2252 4725 2644 4778 tentationibns
2703 4726 2996 4790 vectitari,
3051 4743 3174 4782 cum
3239 4729 3428 4798 legalis
3488 4731 3617 4784 tuba

2035 4817 2326 4886 multiplici
2365 4820 2606 4872 carmine
2631 4820 2836 4874 auditui
2865 4833 3049 4876 nostro
3082 4823 3316 4876 inculcet
3347 4833 3401 4878 et
3429 4825 3568 4877 dicat
3598 4841 3611 4876 :

2035 4907 2250 4972 Tentat,
2285 4910 2482 4977 inquit,
2515 4910 2770 4965 Dominus
2809 4911 2949 4966 Deus
2980 4928 3148 4968 vester
3176 4931 3288 4979 vos,
3321 4925 3376 4967 ut
3403 4917 3536 4968 sciat
3569 4918 3617 4968 si

2031 5001 2268 5071 diligatis
2300 5019 2418 5056 eum
2449 5020 2512 5057 ea:
2543 5013 2650 5057 toto
2682 5006 2838 5059 corde
2862 5016 3052 5072 vestro,
3079 5017 3128 5061 et
3179 5022 3244 5060 ea:
3291 5018 3402 5061 tota
3435 5011 3618 5062 animo

2029 5103 2199 5147 vestra
2259 5095 2440 5163 (Deut.
2475 5097 2678 5165 lin-3).
2727 5097 2794 5151 Et
2821 5099 2949 5152 alibi
2984 5116 3001 5153 :
3043 5099 3171 5166 Fili,
3201 5101 3394 5169 inquit,
3429 5116 3491 5154 ne
3517 5117 3615 5154 nr-

2031 5186 2256 5255 glexeris
2284 5189 2618 5255 disciplinam
2644 5189 2762 5252 Dei,
2797 5201 2846 5244 et
2881 5207 2943 5244 ne
2970 5192 3218 5261 deieceris
3248 5192 3312 5244 ab
3345 5208 3404 5245 eo
3437 5208 3617 5245 corre-

2025 5293 2168 5349 ptus.
2209 5281 2374 5346 Quem
2430 5284 2567 5336 enim
2621 5285 2796 5355 diligit
2833 5285 2992 5352 Deus,
3017 5287 3235 5354 corripit
3289 5286 3473 5355 (Prov.
3523 5301 3604 5347 lli,

2027 5375 2114 5438 ll,
2157 5375 2267 5444 12).
2304 5375 2368 5430 Et
2400 5377 2636 5438 iterum:
2677 5379 3106 5448 Correptionem,
3161 5381 3358 5448 inquit,
3398 5383 3617 5444 Domini

2026 5469 2134 5520 noli
2172 5481 2518 5524 contemnere.
2545 5474 2666 5536 Ipse
2697 5473 2837 5525 enim
2886 5474 2977 5525 dat
3018 5474 3270 5537 dolorem,
3305 5484 3353 5526 et
3381 5474 3494 5542 ipse
3525 5493 3609 5528 re.

2027 5561 2268 5631 [rigeria.
2303 5561 2565 5629 Perculit,
2587 5576 2636 5618 et
2671 5582 2859 5618 mimus
2884 5569 2998 5635 ejus
3020 5567 3303 5619 sanitatem
3330 5578 3614 5631 pra’stant.

2103 5654 2198 5710 ΙΧ.
2237 5657 2341 5710 Sed
2397 5657 2623 5713 forsitan
2659 5661 2795 5715 dicis
2825 5675 2844 5712 :
2879 5659 3094 5714 Utinam
3150 5672 3209 5715 ut
3253 5663 3484 5726 cit-leris,
3515 5666 3616 5714 sub

2023 5765 2122 5820 spe
2153 5750 2412 5807 sanitatis
2445 5755 2662 5808 daretur
2694 5769 2790 5822 ρει·
2831 5754 3116 5810 intersalla
3150 5753 3369 5808 tentari.
3397 5753 3616 5810 Utinatu

3181 5849 3215 5911 3
