4056 6200
455 303 531 369 ’ῖῦ
926 310 933 329 ‘
1416 307 1480 367 S.
1520 302 1965 367 IIIERONYMI
2000 299 2321 362 OPERUM
2358 301 2763 363 MANTISSA.
3636 301 3708 369 76

457 415 771 490 accpitatem
820 419 1231 486 intercapedine
1295 418 1686 488 qualiscunque
1743 432 2029 474 successus
2059 427 2100 482 Α
2132 416 2280 487 genti
2305 416 2635 472 nutrimentl
2668 417 2959 479 Iactantur.
2994 425 3049 472 et
3076 417 3129 472 in
3154 416 3360 472 novella
3402 417 3526 472 talia
3554 432 3710 484 repa-

390 510 391 513 “
454 512 645 566 liceret
674 511 947 581 paululum
985 513 1300 583 degustare.
1321 510 1460 578 Quid
1512 511 1615 565 hoc
1658 521 1761 572 est.
1789 519 1846 564 ut
1880 525 2021 563 ium-—

455 601 558 658 bus
608 603 661 657 in
709 603 969 659 membris
994 604 1065 657 ita
1099 614 1368 667 versetur,
1397 612 1453 658 et
1482 601 1639 667 degat
1668 600 1931 665 inclusus,
1967 611 2025 654 ut

451 693 743 748 excluserit
769 693 1058 748 sanitatem
1090 710 1200 748 non
1231 692 1571 748 redituram?
1606 700 1661 745 ut
1688 691 2026 760 perniciosus

450 798 635 840 comes
685 798 854 854 usque
901 768 1303 840 ad'terminum
1333 785 1457 838 vita:
1487 796 1748 838 concussa
1779 781 2023 837 membra

450 876 683 930 deducat
716 893 730 931 :
767 877 1069 931 deducatur
1099 890 1313 947 quoque
1355 875 1476 946 ipse
1498 883 1673 929 morte
1695 888 1819 929 cum
1851 888 2025 927 mem-

448 970 566 1028 bris
614 971 1020 1028 excludendos?
1039 971 1180 1038 Quid
1230 981 1314 1027 est
1360 972 1463 1026 ltoc
1495 979 1553 1025 ut
1586 969 1836 1025 sanitatis
1861 982 2023 1023 sensu

453 1078 549 1132 per
578 1077 739 1116 omne
760 1061 995 1131 spatium
1022 1063 1143 1116 vita:
1171 1059 1412 1117 frustrati
1443 1061 1551 1115 sint
1584 1059 1770 1116 artus?
1804 1059 2025 1113 Inducta

451 1154 651 1221 frigore
681 1167 938 1208 venarum
970 1151 1180 1210 calidus
1209 1152 1361 1223 vigor
1391 1153 1611 1207 evanuit
1648 1151 1705 1206 in
1735 1151 1977 1220 algorem
2006 1166 2022 1204 :

449 1247 697 1300 incessus
746 1259 885 1315 quos
934 1249 1129 1300 natura
1167 1244 1390 1299 dederat
1439 1252 1625 1314 torpor
1661 1242 1901 1300 inclusus
1930 1258 2028 1296 ex-

451 1336 633 1391 clusit.
660 1333 777 1390 Non
829 1333 1065 1403 denique
1101 1331 1171 1387 ad
1199 1332 1521 1388 exercitium
1554 1329 1725 1387 tabidi
1773 1328 2024 1399 corporis

449 1427 571 1490 iter,
615 1425 697 1481 vel
751 1424 1028 1494 paululum
1075 1424 1415 1493 degustatur.
1454 1421 1568 1478 Non
1607 1435 1784 1492 genua
1837 1420 2027 1476 solitas

446 1517 745 1572 flectuntur
769 1516 822 1571 in
843 1530 1036 1586 preces
1067 1533 1082 1570 :
1117 1513 1407 1583 digitorum
1433 1514 1608 1582 impar
1643 1511 1780 1566 ordo
1811 1510 2027 1566 interno

449 1617 670 1674 stupore
717 1605 987 1667 turbatus,
1017 1613 1234 1659 arcetur
1280 1602 1440 1658 solita
1487 1608 1846 1656 contrectare.
1886 1599 2025 1666 Quid

450 1696 733 1769 pluribus?
807 1693 983 1750 Omne
1062 1692 1302 1749 ofﬁcium
1384 1691 1632 1761 corporis
1694 1688 2026 1745 stationibus

2130 519 2262 563 ratae
2285 521 2641 576 consurgunt.
2668 508 2726 561 Si
2774 511 2909 565 bona
2929 512 3273 578 .suscepimus
3323 513 3388 562 tle
3414 524 3575 562 manu
3603 508 3707 561 Do-

2128 598 2261 652 mini
2313 612 2331 651 :
2382 613 2545 665 quare
2601 599 2747 651 mala
2802 614 2908 653 non
2970 601 3328 653 sustineamns
3358 598 3390 652 .’
3451 596 3707 651 Dominus

2130 688 2300 749 dedit,
2334 688 2589 743 Dentium
2628 690 2821 759 recepit
2855 705 2875 743 :
2906 701 2965 743 ut
3018 689 3244 745 Domino
3266 690 3433 744 visam
3473 698 3549 743 est
3584 702 3605 742 :
3635 688 3709 743 sit

2127 795 2313 835 nomen
2349 780 2559 834 Domini
2611 781 2937 835 benedictum
2986 780 3105 851 (Job
3152 797 3191 843 t,
3227 780 3343 849 2!).
3388 782 3701 836 Adversum

2128 870 2290 938 igitur
2318 871 2562 941 satisque
2581 874 2919 927 contrarium
2950 882 3053 940 est,
3097 872 3436 941 proba-tionis
3462 883 3705 941 tempore

2130 962 2185 1016 in
2245 960 2534 1016 Dominum
2591 976 2940 1018 murmurare
2987 977 3004 1017 :
3046 963 3139 1032 qui
3189 973 3284 1017 aut
3333 963 3460 1017 vita:
3503 973 3705 1019 nostra

2131 1054 2443 1124 pestiferam
2476 1052 2674 1119 labem,
2707 1070 3080 1110 arumnarum
3123 1054 3422 1125 iactatione
3468 1065 3627 1110 vexat
3648 1065 3705 1110 ut

2131 1143 2343 1207 liberet,
2378 1153 2472 1196 aut
2504 1142 2717 1214 justitia
2750 1143 2999 1207 ventilat,
3058 1154 3117 1198 ut
3141 1154 3393 1208 coronet,
3446 1159 3512 1198 ac
3534 1158 3701 1198 vesa-

2129 1236 2278 1290 tione
2307 1235 2692 1302 membrorum,
2726 1244 2819 1290 aut
2845 1237 3102 1292 delictum
3126 1237 3364 1306 vapulat,
3382 1243 3476 1291 aut
3492 1236 3705 1308 justitia

2131 1326 2397 1394 probatur
2461 1334 2521 1381 ut
2567 1327 2766 1382 vincat.
2826 1327 3073 1398 Namque
3108 1338 3166 1383 ut
3208 1329 3277 1384 ad
3312 1328 3552 1384 solamen
3586 1343 3707 1398 pas-

2129 1417 2342 1471 sionum
2382 1427 2598 1473 tuarum
2657 1418 2999 1489 probationis
3034 1421 3270 1491 antiquae
3303 1421 3495 1490 palmae
3550 1431 3701 1477 tuum

2140 1510 2394 1563 meritum
2428 1510 2791 1577 revolvamus,
2808 1513 3126 1584 justissimis
3162 1526 3385 1569 utamur
3413 1514 3699 1584 exemplis.

2207 1599 2271 1656 Χ.
2314 1600 2641 1671 Quanquam
2705 1611 2891 1657 notum
2955 1604 3060 1669 sit,
3104 1619 3457 1673 personarum
3512 1606 3704 1659 merita

2133 1692 2309 1762 longis
2358 1694 2615 1763 gradibus
2661 1695 2999 1762 discrepare,
3054 1712 3163 1751 non
3207 1709 3288 1752 est
3335 1697 3611 1765 iniquum,
3659 1699 3708 1751 si

448 1767 719 1857 quondam
760 1786 981 1839 solitum
1012 1799 1302 1840 nervorum
1335 1784 1551 1848 adesse,
1577 1781 1657 1837 sic
1684 1781 1828 1852 alget
1854 1781 2025 1835 intlu-
2062 1767 2105 1828 Β
2137 1785 2372 1841 hominis
2399 1785 2696 1841 Christiani
2727 1798 3025 1854 certamen,
3050 1788 3297 1843 victricis
3316 1784 3543 1856 iustitia:
3570 1802 3703 1843 con-

450 1890 595 1932 sum.
628 1874 770 1930 I‘rob
818 1873 1001 1930 dolor!
1034 1874 1181 1929 solus
1234 1874 1317 1929 sic
1354 1871 1514 1927 debui
1543 1870 1794 1938 castigari
1829 1886 1847 1926 :
1881 1873 2030 1924 scius

452 1979 559 2022 tam
588 1966 914 2036 perniciosis
946 1966 1148 2021 ictibus
1180 1962 1487 2035 subjacere.
1511 1971 1568 2018 et
1604 1960 1881 2017 diuturnis
1917 1975 2032 2014 ma-

449 2063 514 2119 lis
564 2059 801 2115 involvi!
831 2084 901 2098 -—
927 2059 1123 2127 Quaeso
1156 2065 1229 2124 te,
1266 2056 1455 2119 frater,
1498 2065 1559 2110 ut
1592 2056 1709 2111 hac
1750 2067 2027 2110 murmura

355 2164 361 2169 '
449 2153 723 2223 patientia:
774 2151 946 2208 frenis
976 2164 1170 2206 arceas
1191 2192 1207 2217 ,
1235 2160 1288 2205 et
1332 2149 1553 2205 silentio
1580 2147 1836 2219 querulas
1870 2160 2032 2203 voces

412 2300 417 2306 ,
447 2244 714 2306 includas,
748 2258 871 2300 eum
907 2252 958 2299 te
984 2244 1226 2299 solamen
1259 2240 1637 2312 propheticum
1666 2242 1748 2296 sic
1782 2239 2029 2310 alloqua-

447 2348 538 2390 tur
564 2345 618 2391 et
646 2337 797 2391 dicat
823 2354 838 2390 :
861 2332 1216 2404 Conjnngrre,
1250 2336 1448 2404 inquit,
1482 2333 1611 2400 Deo,
1644 2343 1693 2388 et
1726 2333 1946 2398 sustine,
1975 2341 2031 2386 ut

446 2436 649 2481 crescat
674 2429 727 2481 in
766 2428 1049 2481 novissimo
1077 2429 1182 2481 vita
1215 2434 1331 2482 tua.
1368 2424 1536 2481 Omne
1565 2427 1703 2494 quod
1731 2425 1827 2478 tibi
1859 2424 2031 2495 appli-

447 2519 609 2571 citum
645 2517 807 2587 fuerit
834 2519 1032 2585 accipe,
1067 2527 1117 2569 et
1147 2517 1200 2569 in
1231 2516 1414 2570 dolore
1436 2516 1664 2581 sustine,
1691 2529 1737 2570 et
1779 2517 1833 2570 in
1859 2515 2031 2568 Itami-

447 2610 600 2662 litate
649 2619 739 2661 tuo
795 2609 1109 2678 patientiam
1146 2607 1297 2671 habe,
1326 2609 1579 2677 quoniam
1627 2609 1743 2678 igne
1773 2609 2031 2675 probatur

448 2716 644 2754 astrum
698 2709 746 2754 et
791 2710 1108 2770 argentum:
1142 2701 1379 2754 homines
1434 2715 1553 2754 vero
1618 2699 1937 2767 receptibt'les
1976 2705 2030 2751 in

450 2820 466 2850 ι
487 2796 659 2850 amitto
688 2795 1075 2849 humiliatinnis
1105 2794 1297 2864 (Eccli.
1330 2810 1390 2861 ιι,
1415 2796 1470 2858 5,
1501 2796 1552 2861 4,
1590 2794 1644 2864 5)
1676 2812 1689 2848 :
1717 2794 1853 2850 Cum
1888 2795 2031 2862 lega-

450 2887 517 2940 [ιιι
529 2888 654 2957 jura
678 2896 840 2956 atque
859 2888 1100 2942 carmina
1126 2901 1388 2944 recenseo
1412 2887 1823 2956 prophetarum,
1844 2896 2031 2940 aucta-

449 2980 636 3033 ritatis
667 2994 883 3048 quoque
936 2982 1217 3034 mmidanae
1242 2980 1489 3049 egregias
1527 2979 1827 3033 sententias
1850 2980 2030 3033 conci-

2136 1878 2511 1947 gressionibus
2586 1893 2987 1949 comparemus.
3054 1878 3347 1934 Mediocris
3404 1887 3533 1935 sunt
3588 1893 3711 1946 qua:

2137 1970 2336 2025 videris
2364 1970 2419 2023 in
2451 1969 2551 2025 boc
2585 1972 2786 2024 mundo
2826 1969 3092 2040 perferre,
3125 1970 3170 2024 si
3214 1970 3553 2025 recensueris
3580 1985 3651 2037 qu
3675 1970 3710 2023 d

2136 2059 2238 2114 Job
2285 2059 2574 2117 familiaris
2625 2060 2836 2116 Domini
2882 2062 3148 2130 quiverit,
3200 2061 3547 2130 permittente
3597 2060 3705 2114 Do-

2139 2152 2309 2216 mino,
2347 2154 2644 2207 sustinere.
2680 2152 3027 2223 Temperavit
3069 2152 3231 2218 Deus,
3263 2163 3322 2208 ut
3361 2163 3713 2222 congrueret,

2139 2251 2305 2310 atque
2350 2252 2683 2311 competeret
2729 2243 2935 2298 viribus
2983 2245 3111 2299 tuis.
3150 2241 3335 2298 Primo
3376 2257 3446 2297 ne
3495 2256 3708 2311 posses,

2135 2334 2229 2404 qui
2280 2333 2457 2403 impar
2500 2348 2594 2401 es,
2631 2334 2860 2405 justitiat
2912 2333 3080 2389 titulis
3125 2347 3249 2388 esse
3293 2333 3708 2389 succedentibus

2136 2426 2394 2496 aequalis?
2422 2425 2599 2481 Minus
2631 2434 2811 2479 autem
2846 2427 2964 2479 viro
2988 2423 3139 2494 justo
3168 2425 3434 2492 quateris.
3462 2422 3555 2478 sed
3588 2436 3712 2492 gra-

2137 2517 2255 2571 vius
2284 2532 2313 2570 a
2349 2518 2564 2572 caeteris
2603 2516 2907 2571 vulneraris
2947 2534 2963 2571 :
3004 2516 3148 2570 illius
3191 2526 3317 2570 sunt
3366 2530 3582 2580 magna,
3609 2514 3709 2568 3rd

2136 2612 2346 2664 minora
2392 2619 2518 2663 sunt
2552 2620 2662 2663 tua.
2709 2606 2953 2676 Namque
2992 2609 3107 2679 ipse
3142 2622 3368 2677 magnus
3397 2621 3456 2661 es
3493 2607 3584 2676 qui
3620 2622 3649 2660 κ
3682 2633 3711 2648 ο

2134 2703 2319 2770 qneris
2345 2716 2619 2770 magnum.
2648 2698 2803 2755 littus
2846 2700 2937 2754 ltic
2967 2700 3071 2753 fuit
3098 2697 3199 2754 Job
3232 2700 3563 2768 patriarcha,
3597 2712 3711 2750 ma-

2128 2793 2343 2863 jdzl‘dlls
2388 2791 2565 2848 cultor
2614 2792 2875 2855 luvictus,
2910 2793 3240 2861 teqnaiitatis
3281 2792 3535 2846 censibus
3571 2803 3709 2856 Opu-

2138 2886 2312 2940 lentus
2356 2900 2404 2941 et
2442 2884 2617 2949 dives,
2651 2885 2808 2955 cujus
2854 2886 3144 2940 illustrium
3187 2885 3499 2941 meritorum
3534 2898 3710 2951 praeco

2133 2983 2342 3038 exstitit
2392 2981 2673 3048 Dominus,
2724 2995 2847 3036 cum
2904 2980 3138 3034 inimicas
3197 2979 3451 3034 factionis
3500 2979 3707 3033 instrn~

447 3072 521 3139 pit
554 3071 788 3137 auditus,
843 3070 895 3125 ni
930 3070 1107 3137 fallor,
1155 3071 1354 3126 divinas
1403 3071 1538 3142 legis
1599 3071 1850 3131 furtivas,
1907 3083 2029 3137 qua:
2057 3108 2102 3165 Β
2137 3088 2314 3128 menta
2355 3072 2567 3138 feralia,
2605 3073 2778 3128 laudis
2820 3074 3090 3141 praeconio
3123 3073 3447 3140 praeveniret
3481 3089 3495 3124 ;
3528 3069 3709 3122 Anim-

448 3178 675 3219 necesse
701 3173 787 3219 est
841 3164 1130 3234 praeceptis
1187 3164 1453 3233 legalibus
1513 3165 1850 3220 inserantur.
1911 3160 2028 3215 Non

447 3258 594 3311 enim
638 3264 795 3311 nocet
840 3256 1035 3310 alienis
1094 3260 1171 3310 uti
1203 3271 1267 3311 ea
1302 3266 1453 3326 parte
1500 3270 1607 3325 qua
1668 3264 1857 3310 nostra
1881 3261 2034 3308 sunt.

452 3346 577 3403 Ilatc
607 3349 779 3417 prima
807 3349 1074 3403 sententia
1126 3359 1209 3401 est
1250 3364 1265 3402 :
1298 3350 1532 3412 Aurum,
1593 3346 1791 3414 inquit,
1845 3344 2037 3415 probat

446 3441 613 3506 ἰςξιιὶο,
633 3451 689 3494 et
706 3440 927 3494 miseria
953 3443 1122 3494 bonos
1153 3441 1318 3493 viros.
1349 3438 1415 3492 Et
1441 3438 1611 3493 alibi:
1639 3436 1808 3500 Nihil,
1840 3435 2037 3505 inquit,

447 3546 513 3586 eo
570 3530 786 3585 videtur
829 3529 1107 3584 infelicius
1172 3532 1312 3586 :cui
1376 3530 1510 3583 nillil
1567 3543 1804 3597 unquam
1860 3527 2044 3583 evenit

449 3623 682 3677 adversi.
719 3620 833 3674 Non
866 3622 1018 3675 licuit
1071 3623 1144 3676 illi
1184 3638 1242 3677 se
1286 3624 1548 3690 experiri,
1605 3621 1697 3675 ubi
1731 3620 1914 3675 omnia
1948 3618 2035 3672 illa

447 3732 512 3768 ex
557 3714 687 3770 Vot'o
724 3714 1020 3769 ﬂuxerunt.
1074 3715 1145 3770 Et
1190 3715 1318 3768 alibi
1357 3732 1373 3767 :
1407 3713 1687 3774 Miserum,
1740 3714 1937 3780 inquit,
1988 3723 2039 3763 te

443 3808 648 3876 judico,
678 3806 824 3874 quod
853 3823 957 3861 non
987 3805 1136 3861 fuisti
1170 3808 1358 3867 miser.
1414 3807 1668 3861 transisti
1703 3806 1824 3860 sine
1851 3808 2044 3859 aditur-

448 3902 595 3956 sario
629 3901 790 3956 vitam
827 3917 845 3956 :
877 3915 1039 3955 nemo
1068 3901 1205 3955 sciet
1239 3900 1369 3970 quid
1403 3902 1662 3970 potueris,
1694 3914 1795 3954 nec
1829 3909 1881 3953 tu
1913 3900 2039 3969 qui-

449 3998 597 4046 dem.
639 3991 789 4061 Opus
823 4003 906 4047 est
935 3993 1081 4047 enim
1122 3993 1189 4047 ad
1225 3994 1471 4047 notitiam
1524 3993 1607 4047 sui
1640 3994 2034 4059 experimento.

447 4085 589 4150 Quid
626 4086 861 4152 quisque
894 4084 1087 4152 possit,
1134 4083 1238 4138 nisi
1271 4092 1532 4147 tentatus,
1567 4098 1674 4135 non
1700 4083 1912 4137 didicit.
1966 4083 2029 4135 Et

448 4175 586 4229 altas
614 4192 629 4227 :
666 4173 765 4227 Diu
797 4175 945 4228 enim
974 4187 1097 4227 esse
1128 4173 1363 4238 felicem,
1400 4183 1453 4226 et
1480 4174 1598 4228 sine
1632 4174 1821 4227 morbo
1857 4173 2029 4227 animi

452 4267 685 4322 transire
714 4268 909 4331 vitam,
938 4268 1190 4335 ignorare
1235 4275 1321 4318 est
1354 4280 1534 4318 rerum
1565 4273 1772 4319 natura:
1805 4265 2030 4319 alteram

451 4370 684 4429 partem.
723 4358 866 4429 Ergo
898 4360 1150 4411 miserias
1195 4367 1561 4426 emergentes,
1602 4358 1804 4425 quibus
1848 4358 2032 4427 ignota

2140 3167 2409 3221 atlvertisti
2444 3180 2661 3235 puerum
2697 3182 2867 3221 nteant
2899 3164 3025 3231 Job,
3054 3165 3179 3236 quia
3209 3182 3311 3218 non
3341 3174 3415 3218 est
3443 3166 3491 3219 ei
3527 3164 3715 3221 sintita

2142 3264 2423 3329 quicquam
2475 3260 2528 3312 in
2573 3259 2751 3321 tsi-ris.
2787 3260 2939 3312 homo
2986 3259 3102 3313 sine
3146 3257 3381 3327 querela,
3426 3273 3577 3311 uerus
3618 3254 3713 3307 Dei

2143 3349 2335 3412 cultor,
2373 3349 2640 3402 abstinens
2673 3366 2728 3402 se
2759 3353 2823 3401 ab
2857 3349 2999 3401 omni
3040 3364 3194 3417 opere
3237 3349 3401 3413 malo,
3431 3360 3477 3402 et
3507 3365 3713 3412 perma-

2146 3459 2269 3497 nens
2319 3444 2372 3497 in
2418 3444 2721 3497 innocentia
2775 3461 2903 3511 sua,
2951 3455 2999 3499 et
3047 3445 3101 3498 in
3148 3444 3489 3511 simplicitate
3540 3442 3711 3496 cordis

2146 3537 2291 3605 (Job,
2312 3534 2463 3604 ωδ).
2486 3533 2655 3604 Igitur
2671 3550 2795 3590 cum
2827 3551 2893 3590 ex
2925 3536 3109 3590 divino
3132 3536 3395 3605 permissu
3430 3534 3717 3590 h0stilibus

2139 3625 2340 3694 jaculis
2381 3634 2717 3693 qttatrretur,
2751 3640 2981 3695 euntque
3020 3625 3275 3696 frequens
3316 3625 3540 3680 latronis
3581 3627 3716 3679 iusi-

2145 3717 2333 3770 nuatio
2378 3718 2683 3773 truculenta
2733 3720 2997 3786 pulsaret,
3027 3731 3369 3789 emergentes
3418 3720 3580 3782 ictus,
3622 3734 3718 3788 pa-

2147 3807 2349 3861 tientia:
2380 3809 2568 3877 clypeo
2595 3806 2907 3874 debellavit,
2937 3812 3314 3880 malorumque
3344 3810 3713 3881 ingruentium

2148 3898 2339 3953 silvam
2389 3900 2640 3962 feralem,
2692 3902 2905 3970 sagittis
2956 3910 3121 3971 atque
3174 3904 3427 3958 crucibus
3479 3903 3714 3972 plenam,

2143 3991 2397 4046 obicibus
2443 3994 2671 4062 justitiaa
2728 4000 2982 4051 robustus
3030 3999 3294 4053 occurrit.
3345 3998 3439 4053 Ille
3497 3999 3718 4053 inimico

2146 4085 2386 4150 turbine,
2414 4085 2687 4157 ademptis
2714 4089 2932 4157 apibus,
2965 4104 3074 4143 non
3115 4091 3282 4145 sentit
3320 4092 3535 4160 aliquod
3565 4092 3723 4145 datu-

2141 4191 2298 4239 num,
2330 4178 2420 4245 qui
2459 4178 2667 4233 lucrum
2703 4182 2753 4233 iu
2785 4180 3002 4236 damnis
3048 4182 3274 4249 invenit,
3308 4188 3397 4251 qui
3430 4187 3487 4237 Di
3511 4186 3717 4239 mittunt

2143 4269 2381 4337 pectoris
2429 4271 2636 4326 sinibus
2680 4274 2930 4341 portabat
2977 4274 3268 4329 inclusum.
3313 4274 3409 4331 llle
3436 4291 3559 4330 cum
3588 4279 3725 4330 tesi-

2148 4360 2329 4415 liciunt
2379 4364 2667 4418 concussis
2711 4366 2925 4433 angulis
2978 4367 3058 4421 vis
3106 4366 3389 4436 repentina
3442 4378 3721 4436 torqueret

450 4451 756 4518 discuntur,
802 4460 860 4506 et
888 4450 1127 4503 felicitas
1161 4449 1428 4513 nascitur,
1492 4452 1667 4503 virtus
1706 4464 1921 4520 quoque
1948 4465 2039 4503 ει·
2070 4457 2114 4514 D
2145 4453 2197 4506 in
2234 4453 2466 4519 lapsum,
2504 4454 2688 4509 liberis
2720 4456 3007 4512 subductis
3037 4456 3287 4523 orbatur,
3316 4468 3373 4513 et
3404 4460 3507 4513 fide
3542 4461 3718 4514 stabi-

451 4559 609 4599 cussa
644 4553 926 4615 purgatur,
964 4543 1102 4597 felici
1127 4540 1310 4594 animo
1338 4539 1678 4610 perferamus
1707 4557 1723 4596 :
1752 4543 1866 4597 sive
1906 4543 2034 4610 quia

451 4639 557 4703 pati
597 4650 700 4691 nos
749 4634 1063 4705 oportebat,
1100 4636 1219 4688 sive
1269 4633 1399 4702 quia
1426 4632 1629 4702 captivi
1678 4632 1793 4701 jam
1827 4634 2037 4689 detine-

450 4742 595 4783 mur.
622 4728 771 4781 Auro
804 4726 907 4781 nisi
964 4724 1238 4780 addiderit
1280 4724 1499 4778 ﬂamma
1534 4724 1826 4793 fulgorem,
1860 4726 2039 4781 vilita-

449 4826 563 4871 tem
614 4818 820 4885 patitur
868 4816 1248 4886 purgamentis
1302 4819 1634 4872 obscurant:
1666 4818 1741 4871 ita
1791 4818 1881 4886 qui
1928 4832 2036 4872 non

448 4909 616 4967 fuerit
644 4909 991 4965 miseriarum
1021 4909 1373 4963 testamentis
1405 4924 1690 4973 excussus,
1733 4911 1881 4981 jacet
1914 4926 2040 4979 par-

452 5002 591 5055 tium
640 5000 916 5054 felicitatis
961 5015 1026 5055 ac
1081 5015 1197 5055 sum
1273 5001 1488 5054 virtutis
1547 5002 1792 5071 ignarus.
1844 5002 2036 5059 Merito

453 5090 710 5146 Salomon
759 5091 859 5145 hac
908 5105 1040 5143 voce
1078 5101 1310 5146 testatur
1344 5108 1356 5142 :
1387 5091 1491 5155 Qui
1525 5100 1757 5146 tentatus
1782 5095 1835 5147 in
1859 5095 2036 5165 aliqua

449 5192 675 5247 nonest,
712 5182 871 5234 nescit
899 5179 1067 5251 qualis
1101 5182 1168 5233 sit
1194 5179 1400 5250 (Eccli.
1438 5197 1626 5247 xmv,
1663 5183 1775 5251 ii).
1802 5186 2039 5241 Benedic

449 5288 582 5341 ergo
629 5272 912 5326 Dotuinum
953 5283 1198 5339 tempore
1266 5270 1654 5336 tribulationis,
1705 5288 1869 5341 quem
1919 5276 2037 5328 lau-

450 5363 595 5418 dasti
652 5372 894 5432 tempore
924 5361 1196 5415 sanitatis.
1262 5359 1433 5416 Utere
1496 5365 1834 5419 carminibus
1893 5369 2039 5420 vocis

450 5454 780 5523 prophetica:
814 5451 1193 5520 :Benedicatn,
1259 5455 1459 5523 inquit,
1502 5454 1788 5510 Dominum
1817 5459 1873 5511 in
1897 5459 2038 5512 omni

448 5557 703 5614 tempore,
730 5562 935 5616 semper
984 5549 1106 5602 laus
1137 5546 1255 5618 ejus
1291 5548 1342 5600 in
1376 5564 1462 5623 ore
1492 5565 1606 5603 meo
1634 5549 1810 5620 (l’sal.
1850 5566 2039 5615 χλιιι,

450 5643 526 5705 ti.
586 5637 696 5694 Vox
747 5641 835 5694 illa
873 5656 1040 5707 quam
1076 5641 1311 5696 tnaxime
1342 5644 1483 5697 beati
1518 5641 1642 5709 Job,
1695 5660 1759 5699 es
1823 5655 1873 5701 te
1902 5659 2041 5700 con-

446 5732 613 5787 stanti
647 5731 921 5800 prmcnuio
956 5733 1327 5801 deproniatur,
1352 5748 1454 5802 qua
1495 5734 1716 5790 defecta:
1774 5739 1918 5793 vires
1956 5739 2037 5793 itt-

2146 4546 2212 4600 lis
2246 4555 2301 4599 et
2334 4544 2630 4602 immobilis
2676 4547 3029 4616 perdurabat.
3075 4548 3244 4620 Cujus
3288 4552 3506 4607 innoxia
3552 4567 3725 4607 mem-

2145 4644 2239 4692 bra
2273 4648 2435 4708 atque
2464 4640 2692 4695 Domino
2723 4641 2900 4709 plena,
2930 4656 3054 4697 cum
3088 4643 3385 4699 bestiarum
3417 4644 3720 4712 legionibus

2146 4733 2536 4795 verminarent,
2576 4742 2633 4786 et
2679 4728 2953 4803 plagatum
3000 4735 3207 4790 infestis
3256 4735 3457 4790 ictibus
3492 4750 3722 4805 corpus,

2147 4826 2412 4879 vermium
2441 4824 2632 4893 globus
2662 4842 2756 4895 per
2782 4826 3064 4881 cuniculos
3092 4827 3361 4883 confossa
3388 4830 3570 4885 carnis
3599 4846 3726 4902 per-

2148 4918 2389 4973 uit-.iosus
2443 4928 2690 4985 erraret,
2739 4918 2881 4974 intra
2935 4921 3155 4975 vulnera
3205 4921 3387 4990 justus
3429 4923 3724 4981 incolumis

2146 5010 2436 5064 militabat.
2476 5007 2540 5062 Et
2581 5026 2740 5078 quem
2787 5012 3166 5080 pestilentibus
3214 5015 3386 5086 plagis
3426 5017 3603 5071 rabies
3634 5017 3724 5071 in-

2148 5102 2284 5156 festa
2318 5103 2595 5171 carpebat,
2619 5105 2841 5159 hostiles
2872 5107 3121 5160 turbines
3152 5109 3547 5175 tranquillitate
3571 5128 3728 5164 Illett-

2150 5195 2239 5261 tis,
2277 5204 2334 5249 ut
2369 5195 2627 5249 cederent
2657 5195 2981 5264 perferebat.
3013 5196 3206 5254 Justus
3239 5202 3537 5268 νμμιιΙειιιιΙιι
3572 5214 3727 5271 νιοιι,

2148 5283 2407 5339 inimicus
2457 5286 2711 5341 caedendo
2764 5289 2981 5343 defecit.
3032 5289 3171 5346 Huic
3223 5309 3445 5348 suorum
3498 5304 3731 5367 negatur

2148 5377 2430 5431 servitium
2475 5377 2798 5433 farinulorum
2834 5396 2850 5434 ι
2888 5382 3039 5437 circa
3072 5392 3125 5437 te
3160 5387 3235 5439 tui
3276 5386 3574 5457 funguntur
3604 5402 3731 5443 ser-

2152 5467 2299 5522 vitiis
2334 5470 2731 5526 miuistrorum.
2763 5470 2837 5527 Te
2862 5476 3020 5530 amici
3052 5477 3321 5546 frequenti
3348 5493 3570 5533 accessu
3596 5495 3735 5534 con-

2151 5560 2421 5626 solantur,
2455 5572 2510 5617 et
2554 5564 2761 5629 dolent,
2798 5577 2859 5620 ut
2897 5567 2942 5621 si
2997 5578 3189 5623 natura
3234 5570 3590 5639 permitteret,
3627 5550 3747 5626 bac:

2150 5662 2287 5703 onus
2334 5660 2511 5704 tecum
2556 5650 2699 5707 forte
2745 5664 3044 5724 portarent.
3089 5656 3204 5714 Una
3252 5670 3358 5723 est,
3396 5659 3584 5727 frater,
3620 5644 3746 5716 una

2152 5751 2236 5793 est
2282 5741 2446 5796 animi
2494 5748 2688 5813 virtus,
2721 5762 2840 5817 qua:
2874 5765 2973 5805 nos
3024 5767 3089 5807 ex
3131 5753 3289 5821 ltujus
3335 5766 3457 5808 vitae
3498 5757 3736 5808 tonio.-
