4054 6206
297 351 368 412 ’Π
1136 343 1512 404 EPISTULA
1553 343 1651 403 VI.
1700 343 1806 402 AD
1851 339 2158 401 AMICUM
2200 339 2597 402 AIGROTUM
2643 342 2704 402 II
3499 343 3572 408 78

297 461 424 522 bos,
457 456 614 526 quasi
643 455 711 511 de
741 453 928 524 pelago
971 467 1190 518 crocus,
1225 453 1276 505 in
1325 461 1540 519 portum
1577 452 1882 520 tranquilli.
1909 466 1958 514 Α
1989 453 2186 505 mirum
2217 451 2285 513 si,
2319 461 2368 503 te
2393 449 2502 521 [ΑΙ.
2532 461 2636 505 tae.
2665 447 2738 521 te]
2770 451 3012 515 absente,
3039 451 3182 506 velut
3207 466 3235 505 a
3260 451 3373 507 sole
3401 452 3570 506 desti-

298 553 426 606 tatis
461 550 706 603 inducat.
755 547 830 600 En
876 547 991 601 dies
1032 545 1216 616 pronis
1251 544 1492 612 lapsibus
1527 544 1796 598 accelerat
1829 544 1881 597 in

296 655 583 697 occasura.
641 640 781 694 Ecce
832 637 1066 692 mundus
1118 635 1438 689 immundus
1491 633 1750 689 sordibus
1797 649 1883 688 se-

299 733 538 788 nectutis
569 740 781 786 rotator
810 730 862 784 in
896 729 1130 798 lapsum.
1167 728 1307 782 Ecce
1336 741 1434 780 nos
1467 725 1572 797 [ΑΙ.
1611 723 1731 796 vos]
1764 724 1882 780 suf-

296 826 474 896 fragio
505 826 698 880 mortis
729 825 964 878 victores
987 821 1228 892 suscipit
1259 821 1479 876 emtum.
1513 820 1740 881 Cuncta,
1781 832 1882 872 uo-

298 918 386 972 bis
432 915 812 975 erodentibus.
855 921 1108 983 pereunt,
1146 922 1202 967 et
1258 925 1454 965 occasu
1491 911 1604 980 jam
1656 910 1885 964 tinitinio

299 1021 411 1062 non
461 1007 701 1062 reditura
745 1005 1060 1060 soi-bentur.
1104 1003 1257 1072 Apud
1310 1015 1408 1056 nos
1451 1011 1574 1069 post
1614 1001 1884 1069 perditum

299 1100 591 1162 mundum,
622 1105 742 1167 post
770 1097 1016 1167 corporis
1045 1106 1272 1149 mortem
1299 1103 1486 1148 sanata
1509 1105 1636 1146 sunt
1660 1092 1842 1146 omnia
1865 1107 1880 1147 :

297 1192 615 1246 imitabimur
644 1190 1023 1244 incolumitate
1054 1187 1447 1252 membrorum,
1477 1186 1567 1239 ubi
1598 1187 1705 1240 vita
1737 1187 1886 1240 nullo

304 1283 500 1335 inorbo
531 1283 839 1335 vexabitur.
871 1281 996 1334 ldeo
1029 1281 1081 1334 in
1115 1289 1184 1344 te,
1217 1280 1410 1343 frater,
1440 1278 1613 1332 otIieia
1643 1279 1889 1347 corporis

301 1374 594 1444 impedita,
634 1375 1125 1444 praestantissimus
1173 1373 1390 1428 animus
1441 1373 1639 1427 illustri
1691 1371 1887 1426 duCatu

301 1469 382 1520 ita
410 1467 680 1536 gubernet
705 1479 762 1521 et
795 1477 966 1536 regat,
997 1475 1057 1521 ut
1089 1467 1204 1520 hinc
1232 1467 1515 1521 calamitas
1545 1467 1790 1535 corporis
1819 1465 1893 1520 sit

299 1557 526 1609 oet-asin
567 1557 745 1609 votiva
785 1554 1021 1610 virtutis.
1069 1555 1185 1609 Non
1223 1558 1366 1609 enim
1404 1565 1487 1610 est
1522 1559 1684 1610 arbor
1717 1555 1890 1611 solida

303 1664 409 1702 nec
456 1648 698 1714 robuSta,
734 1649 837 1702 nisi
871 1663 991 1717 qme
1027 1647 1232 1702 assidui
1272 1649 1504 1702 turbinis
1543 1646 1886 1709 incursione,

302 1742 590 1808 stipitibus
622 1741 903 1794 concussis
936 1741 1042 1794 liuc
1073 1751 1235 1810 atque
1265 1742 1390 1794 illuc
1423 1740 1678 1794 inclinata
1720 1747 1894 1793 tenta-

306 1844 422 1894 tur,
461 1845 554 1887 aut
592 1833 644 1887 in
679 1849 841 1902 quam
875 1848 1017 1902 saepe
1049 1846 1333 1886 ventorum
1379 1834 1658 1887 turbinum
1693 1832 1893 1886 ﬂamen
1927 1808 1970 1865 η

304 1926 556 1981 incurrat
597 1945 611 1981 :
671 1928 801 1996 ipsis
852 1927 994 1980 enim
1053 1928 1430 1982 vastationibus
1481 1925 1893 1995 constringitur,

305 2019 600 2088 premitur,
639 2018 870 2086 ﬁxisiiue
905 2016 1183 2072 radicibus
1228 2018 1435 2072 certius
1474 2017 1783 2072 roboratur.
1819 2017 1896 2070 lta

308 2125 417 2166 nos
446 2112 793 2165 mordacibus
822 2109 1049 2181 ﬂagellis
1079 2110 1343 2164 malorum
1378 2109 1746 2178 frequentium
1779 2126 1898 2164 mu-

309 2204 498 2256 nimur
522 2203 761 2262 extensi,
792 2201 1119 2272 corrigimur
1149 2202 1442 2265 verberati,
1471 2200 1898 2267 constringimnt‘

301 2295 438 2348 caesi
476 2309 490 2345 :
524 2309 882 2365 eareinusque
911 2293 1277 2363 squaloribus,
1311 2294 1439 2348 dum
1469 2294 1647 2364 longis
1677 2293 1895 2348 casibus

309 2391 668 2445 veiiiilamur.
706 2391 848 2459 Ergo
887 2390 1030 2444 inter
1071 2389 1287 2444 dolores
1334 2389 1760 2455 crebrescentes,
1797 2389 1896 2441 im-

313 2481 678 2550 iiianibusqoe
722 2479 960 2534 miseriis
993 2479 1222 2535 ati'eetos
1255 2488 1433 2541 artus,
1471 2488 1656 2549 regnet
1688 2479 1895 2533 caelesti

311 2573 504 2642 vigore
538 2574 760 2626 robusta
797 2583 966 2641 atque
1000 2571 1291 2625 incolumis
1329 2572 1500 2623 virtus
1532 2590 1544 2624 :
1579 2586 1683 2638 qua
1717 2569 1899 2624 feran-

311 2677 408 2720 tur
452 2667 748 2732 contraria,
783 2676 838 2720 et
883 2666 970 2719 illa
1015 2665 1302 2720 commoda
1349 2679 1469 2732 quin
1514 2677 1775 2718 vocantur
1809 2664 1902 2716 ad-

311 2773 496 2814 versa.
557 2760 699 2813 inter
756 2759 900 2825 ipsas
954 2759 1237 2828 angustias
1287 2759 1510 2827 sapiens
1565 2757 1899 2811 adminiculo

314 2851 602 2906 salaminis
650 2853 766 2922 pari
821 2851 1035 2906 laetatur
1084 2863 1138 2906 et
1184 2853 1466 2921 pubescit,
1503 2862 1557 2904 et
1609 2837 1896 2906 ambitiosa

313 2948 531 3000 ratione
575 2947 867 3017 ampliatur
915 2956 971 3001 et
1018 2945 1172 3006 vivit.
1231 2945 1448 3015 Ignorat
1499 2946 1732 3016 denique
1781 2961 1900 3016 qua:

316 3044 549 3112 patitur,
579 3042 668 3110 qui
703 3055 912 3095 memor
942 3051 1024 3095 est
1057 3041 1270 3094 invictae
1299 3039 1537 3106 Virtutis,
1572 3041 1665 3108 qui
1699 3040 1898 3093 ducatu

319 3137 575 3199 rationis,
601 3136 888 3204 plerosque
913 3137 1184 3206 comperit
1205 3133 1376 3188 tuisse
1401 3134 1557 3188 malis
1582 3151 1898 3204 Oppressus,
1931 3155 1968 3207 ε

318 3241 374 3284 et
403 3229 548 3284 malo
576 3245 675 3284 suo
701 3233 960 3300 magistra
995 3229 1204 3282 ratione
1233 3238 1427 3282 auctos
1455 3212 1616 3296 atque
1646 3230 1900 3282 iiutritos.

320 3319 464 3391 Ergo
495 3322 590 3376 tibi
624 3331 814 3390 patent
843 3321 1036 3376 solatia
1085 3321 1338 3384 rationis,
1374 3329 1429 3371 ut
1461 3320 1574 3388 jam
1617 3335 1716 3389 pro
1751 3335 1902 3373 com-

321 3415 498 3470 modis
548 3413 816 3468 habeatur
857 3413 1140 3469 calamitas
1185 3409 1454 3481 corporis.
1491 3427 1719 3480 quisque
1757 3413 1904 3479 jacet

324 3506 492 3560 totius
531 3507 782 3574 corporis
830 3519 1009 3558 massa
1057 3504 1290 3574 captiva.
1341 3503 1449 3558 Sed
1497 3503 1675 3556 veniet
1725 3518 1906 3556 resur-

321 3601 518 3664 rectio,
550 3613 600 3654 te
633 3599 961 3654 incolumem
1003 3599 1300 3660 redditura,
1337 3613 1569 3665 quisque
1607 3608 1716 3649 tota
1757 3598 1808 3649 iii
1854 3607 1906 3650 te

323 3694 567 3748 membra
592 3703 722 3746 sunt
746 3703 1031 3759 occupata.
1062 3692 1166 3744 Sed
1195 3691 1370 3758 lingua
1404 3692 1454 3742 iii
1483 3692 1665 3742 laudes
1691 3690 1902 3743 Domitii

319 3789 640 3857 quotidiano
687 3787 965 3841 nutriatur
1013 3794 1324 3854 augmento,
1366 3787 1578 3854 cupiam
1625 3783 1800 3836 laudis
1847 3784 1901 3837 in

320 3880 508 3950 regnis
539 3877 858 3934 ccelestibus
891 3888 1204 3931 narratura.
1239 3875 1500 3929 Dominus
1543 3885 1594 3929 te
1637 3874 1902 3927 medicina

317 3973 536 4030 scelesti
588 3972 897 4034 confoveat,
933 3979 988 4024 et
1038 3970 1138 4025 sub
1191 3969 1281 4022 tali
1335 3969 1572 4036 pondere
1624 3967 1902 4022 inﬂexibili

316 4068 527 4120 virtute
561 4063 761 4118 durare
793 4053 1091 4133 permittat.

427 4156 750 4212 MONITUM
793 4156 858 4210 IN
903 4152 1300 4210 EPISTOLAM
1353 4153 1795 4222 SEQUENTEM.

391 4251 521 4307 Haec
570 4251 630 4308 S.
677 4250 892 4304 Maximi
943 4249 1304 4304 Taurinensis
1355 4260 1474 4313 est,
1528 4249 1741 4302 nemine
1790 4249 1903 4318 jam

319 4326 585 4379 diﬂitente
635 4339 650 4380 :
704 4336 1016 4390 quanquam
1079 4332 1300 4373 sanctus
1357 4321 1720 4388 Agobardus,
1777 4322 1903 4390 noni

320 4396 516 4452 nouli
563 4389 815 4461 scriptor,
853 4397 948 4444 tib.
975 4402 1164 4446 c0ntra
1207 4391 1442 4444 Felicem
1482 4406 1600 4457 cap.
1643 4391 1736 4453 “20,
1772 4389 1904 4444 laci-

321 4469 495 4527 niam,
519 4480 676 4532 quam
699 4466 813 4516 suis
837 4465 974 4516 intra
1003 4463 1135 4514 locis
1160 4463 1582 4532 llUlaDiIIIUSLCX
1610 4475 1672 4513 ea
1697 4463 1904 4514 deseri-

321 4537 479 4600 liciis,
519 4530 828 4601 literniiynii
876 4548 998 4586 esse
1043 4547 1150 4601 non
1197 4532 1423 4584 dubitet.
1472 4530 1660 4592 Habet,
1704 4533 1896 4599 inquit,

319 4599 488 4660 lector
519 4606 583 4657 de
615 4599 796 4656 eadem
829 4620 883 4656 re
919 4603 1056 4656 beati
1099 4599 1407 4669 Hieronymi
1438 4603 1568 4654 satis
1597 4601 1818 4668 politam
1849 4610 1899 4654 et

317 4680 654 4730 enucleatum
679 4674 1013 4736 sententiam,
1038 4687 1156 4724 cum
1185 4673 1250 4725 de
1276 4675 1370 4725 it'lo
1395 4673 1583 4726 dicina:
1607 4671 1900 4739 Scriptura

319 4753 440 4802 loco
472 4755 668 4814 ageret,
700 4745 791 4798 ubi
833 4747 1029 4798 dictum
1071 4752 1145 4795 est
1177 4758 1196 4797 .°
1237 4743 1460 4804 Portam,
1498 4753 1604 4796 etc.
1643 4743 1902 4814 Erasinus

320 4813 658 4878 eeoiitrariu,
708 4817 1014 4882 eloquentis
1061 4816 1305 4879 qtiideiii,
1361 4816 1553 4881 inquit,
1595 4823 1650 4866 et
1705 4813 1900 4866 eruditi

320 4889 568 4943 hominis
611 4889 711 4940 I'uit
739 4892 856 4940 tunc
888 4885 1138 4952 epistola,
1171 4899 1233 4936 ac
1258 4886 1572 4952 ~diligi2iiter
1600 4885 1899 4946 elaborata,

317 4962 421 5014 sed
456 4959 530 5009 ita
562 4960 882 5024 discrepans
924 4970 956 5007 a
1000 4957 1181 5021 plirasi
1229 4955 1672 5022 llieronyniiaua,
1711 4965 1767 5004 iit
1803 4969 1903 5007 nec

321 5033 417 5085 liic
468 5028 760 5082 dictionem
808 5035 1042 5094 potuerit
1097 5027 1322 5088 imitari,
1369 5040 1410 5076 si
1474 5026 1756 5086 voluistset,
1803 5039 1905 5077 nec

317 5099 488 5166 hujus
523 5098 629 5151 ille.
667 5097 723 5150 lii
757 5099 1028 5163 plerisque
1073 5096 1352 5166 codicibus
1395 5097 1601 5148 nullum
1648 5096 1905 5166 pra-lere-

317 5165 421 5224 bat
440 5185 658 5232 nomen,
678 5169 728 5219 iii
746 5169 1068 5234 quibusdam
1089 5165 1466 5234 Ctesiphontis
1490 5177 1607 5218 erat
1632 5165 1900 5220 additum.

314 5243 438 5294 nec
470 5242 526 5293 iii
558 5242 674 5308 ipsa
705 5241 936 5304 epistola
985 5241 1042 5288 tit
1073 5240 1176 5290 ulla
1223 5250 1428 5290 intentio
1467 5239 1588 5303 ejus
1638 5241 1702 5289 .id
1739 5251 1903 5305 quem

315 5312 530 5377 scripta
578 5320 680 5364 est.
729 5309 928 5360 Meiiiio
978 5319 1157 5361 autem
1212 5312 1270 5361 tit
1311 5310 1366 5361 δ.
1410 5309 1708 5376 Ambrosii,
1741 5321 1905 5377 atque

319 5382 658 5436 inventionis
686 5381 938 5448 corporis
967 5379 1063 5433 55.
1094 5381 1340 5433 Uervasii
1369 5391 1422 5433 et
1454 5380 1712 5435 l'rotasii.

897 5471 1231 5529 EPISTULA
1279 5471 1361 5526 Vl.

787 5563 854 5600 AD
900 5559 1098 5598 AllCL'I
1148 5561 1434 5600 ιευιωτυη.

864 5617 942 5670 De
971 5618 1080 5670 t'iro
1110 5619 1357 5685 perferto.

397 5711 536 5768 Ecce
581 5714 776 5768 iterum
819 5719 884 5768 ad
931 5725 982 5768 te
1021 5715 1225 5778 scribo,
1258 5725 1312 5768 et
1346 5714 1476 5768 uiliil
1509 5714 1729 5783 dignum
1761 5714 1904 5786 quod

308 5813 671 5885 prudentiain
722 5825 866 5865 tuam
919 5813 1096 5882 legere
1144 5813 1331 5865 deceat
1379 5813 1596 5867 invenio
1635 5821 1735 5866 :et
1776 5812 1908 5880 quid

1990 551 2190 606 tutum,
2223 542 2400 614 frigidi
2447 544 2627 597 cordis
2655 543 2797 611 alget
2825 542 3126 612 ingenium,
3159 553 3214 597 et
3247 559 3400 599 nieiis
3431 559 3460 598 a
3491 543 3574 597 lii-

1989 637 2140 690 mine
2171 639 2479 706 peregrina,
2506 637 2752 691 stultitia:
2781 635 2966 692 nubilo
2993 635 3256 692 suﬂocata
3286 637 3569 704 torpescit,

1989 741 2053 780 ac
2098 738 2248 781 tanto
2294 729 2475 781 minus
2513 728 2691 798 sapio,
2725 738 2930 797 quanto
2962 746 2992 780 a
3024 738 3076 784 te
3112 727 3274 784 latius
3312 730 3573 798 separor?

1990 819 2145 885 Quod
2179 821 2224 874 si
2263 821 2748 888 impraesentiarum
2783 820 2913 890 quid
2947 821 3039 874 tibi
3077 820 3132 875 in
3167 833 3288 876 meo
3321 836 3574 877 sermone

1995 912 2279 982 placuerit.
2315 914 2420 966 tuis
2455 913 2585 966 mibi
2618 912 2960 966 orationibus
2995 912 3364 981 prestabitur.
3407 911 3573 966 Deni-

1991 1020 2097 1074 que
2126 1013 2182 1059 tit
2203 1020 2419 1058 omnem
2449 1005 2734 1057 stultitiam
2767 1019 2943 1058 meam
2968 1003 3285 1074 diligentius
3313 1007 3577 1076 recogno-

1991 1112 2114 1152 scas
2147 1117 2158 1151 :
2192 1099 2356 1151 etiam
2384 1097 2722 1150 stomachum
2752 1112 2928 1152 meum
2955 1105 3070 1166 post
3101 1096 3232 1151 illud
3258 1108 3572 1166 susceptum

1992 1198 2259 1254 ceratum,
2301 1198 2477 1254 tuum,
2531 1198 2582 1243 te
2633 1189 2881 1255 absente,
2923 1191 3131 1254 curavi,
3181 1206 3210 1244 a
3262 1205 3371 1260 quo
3422 1191 3576 1262 pejus

1993 1298 2209 1337 inet-eor
2244 1284 2394 1351 pati;
2433 1280 2522 1334 cui
2562 1291 2682 1348 post.
2725 1293 2970 1336 sanetum
3023 1281 3381 1338 ministerium
3419 1293 3577 1339 tuum

1993 1386 2050 1432 et
2088 1376 2386 1446 angelicam
2424 1377 2742 1431 servitutem
2781 1391 2978 1431 manus
3021 1376 3174 1431 intuli
3218 1377 3576 1442 medicorum,

1993 1468 2150 1534 quasi
2183 1464 2444 1534 propheta
2481 1480 2591 1519 non
2627 1475 2773 1520 esset
2806 1465 2858 1519 in
2887 1465 3076 1532 Israel,
3112 1476 3169 1521 ut
3210 1467 3339 1522 milii
3372 1468 3416 1522 si
3448 1469 3579 1536 quid

1995 1565 2231 1626 paterer,
2266 1556 2482 1612 facilius
2523 1571 2644 1612 esse
2671 1558 2921 1614 debuerit
2956 1559 3021 1612 ad
3069 1569 3121 1612 te
3162 1559 3384 1626 reVerti,
3416 1576 3578 1630 quam

1997 1649 2270 1717 gentiliter
2297 1654 2578 1720 cogitare;
2612 1661 2661 1704 et
2695 1652 2888 1706 melius
2917 1651 3002 1707 vel
3033 1651 3332 1707 didicilliini
3366 1652 3581 1708 itineris

1999 1741 2240 1794 laborem
2274 1742 2505 1810 perpeti,
2539 1758 2700 1812 quam
2735 1755 3063 1813 conspectus
3094 1748 3166 1800 toi
3205 1755 3310 1800 tam
3347 1745 3581 1814 pretiosa

2003 1833 2214 1887 visione
2265 1835 2541 1899 fraudari,
2599 1844 2655 1890 ut
2706 1838 2912 1905 quaevis
2965 1838 3152 1908 potius
3208 1839 3584 1906 compensatio

2001 1934 2344 1993 sequeretur,
2394 1941 2560 1996 quam
2613 1927 2679 1980 ad
2730 1943 2978 1982 muscam
3021 1929 3296 2000 religionis
3337 1932 3582 1986 Accaron

2002 2019 2338 2074 deveiiirem.
2369 2020 2494 2076 Haec
2522 2020 2678 2086 milii,
2708 2031 2760 2076 te
2786 2024 3030 2087 absente,
3058 2023 3290 2078 mundus
3321 2025 3426 2078 iste
3456 2039 3586 2092 sug-

2000 2111 2188 2179 gessit,
2225 2110 2342 2178 qui,
2378 2120 2428 2166 te
2475 2123 2764 2181 prasente,
2801 2114 2853 2166 in
2903 2129 2988 2168 me
3028 2129 3138 2170 non
3187 2115 3422 2170 habebat
3453 2130 3586 2169 con-

2001 2201 2212 2256 silium.
2248 2201 2326 2255 Tn
2364 2218 2448 2257 me
2480 2203 2624 2258 enim
2664 2205 2872 2258 curiam
2914 2205 3126 2261 feceras
3167 2207 3583 2276 prophetarum,

2003 2310 2109 2348 non
2153 2296 2594 2350 conventiculum
2637 2297 2963 2353 sirenarum.
3005 2300 3075 2352 At
3109 2314 3253 2352 nunc
3297 2299 3350 2352 in
3397 2313 3483 2353 ine
3515 2299 3583 2352 ad

2003 2387 2434 2442 destruetionem
2488 2391 2664 2444 sancti
2709 2401 2896 2444 contra
2938 2405 3024 2445 me
3060 2393 3243 2460 operis
3285 2394 3361 2444 tui
3405 2390 3587 2445 omnis

2001 2480 2246 2535 stultitia:
2315 2493 2540 2536 senatus
2605 2483 2948 2551 ingrediens,
3013 2484 3351 2554 quadruplici
3413 2483 3584 2538 l'orina

2004 2587 2217 2627 mecum
2247 2575 2376 2644 agit.
2411 2573 2546 2627 Nam
2579 2573 2742 2628 fenus
2792 2585 2842 2629 te
2869 2575 3093 2632 absente
3123 2576 3309 2646 exigit,
3336 2578 3502 2645 quod,
3535 2588 3588 2630 te

2007 2679 2295 2734 praesente,
2349 2683 2454 2720 non
2515 2668 2881 2738 praesumpsit,
2929 2679 2988 2722 ut
3039 2669 3305 2738 intelligas
3359 2671 3404 2724 si
3458 2671 3588 2738 quid

2009 2759 2146 2826 apud
2180 2769 2230 2811 te
2257 2759 2410 2826 juxta
2445 2757 2608 2812 Deum
2641 2761 2820 2830 sapui,
2855 2771 3004 2813 tuum
3037 2759 3210 2815 fuisse
3238 2761 3380 2830 quod
3413 2762 3585 2830 sapui.

2006 2851 2096 2906 Sic
2137 2853 2198 2903 ab
2231 2863 2343 2906 eiite
2391 2851 2606 2922 Moyse,
2656 2853 2879 2921 populus
2922 2850 3250 2908 Israelitico:
3289 2856 3587 2923 fornicatur

2006 2943 2202 3014 (Exod.
2243 2959 2415 3008 xxxii,
2454 2945 2504 3011 1)
2545 2961 2558 2998 :
2597 2945 2674 2998 sic
2716 2945 2770 2997 in
2819 2946 2964 3011 navi,
3001 2943 3230 2998 Domino
3274 2946 3586 3013 dormiente,

2007 3038 2235 3106 apostoli
2289 3048 2590 3106 tempestate
2635 3040 2920 3092 turbantur
2964 3038 3178 3110 (Matth.
3213 3041 3375 3108 Viti);
3420 3039 3497 3094 sic
3531 3043 3588 3096 iit

2007 3129 2310 3183 B.‘l/tsaidt8
2352 3130 2636 3193 porticibus
2683 3130 2942 3184 hominem
2990 3147 3093 3186 non
3142 3133 3412 3186 habentem
3447 3149 3589 3204 aqua

2007 3223 2222 3291 piscium
2276 3222 2532 3276 salutaris
2587 3223 2801 3293 ignorat
2843 3222 3024 3293 (Joan.
3064 3238 3116 3291 v,
3152 3223 3229 3292 ι).
3265 3223 3588 3292 Quanquam

2007 3329 2062 3372 et
2110 3318 2197 3372 liic
2236 3316 2381 3372 aliud
2423 3333 2597 3387 genus
2641 3319 2814 3386 culpa:
2864 3319 3164 3382 advertam,
3199 3317 3588 3384 corpusculum

2009 3412 2215 3477 curavi,
2241 3427 2364 3465 cum
2393 3410 2573 3464 anima
2602 3411 2882 3480 langueret
2906 3427 2920 3464 :
2950 3411 3272 3465 exteriorem
3304 3408 3584 3463 hominem

2008 3499 2154 3567 fovi,
2201 3517 2324 3556 cum
2376 3501 2603 3555 interior
2651 3508 2974 3570 aegrotaret;
3028 3500 3283 3554 humanis
3334 3499 3586 3563 subveni,

2007 3610 2133 3648 cuin
2169 3594 2348 3647 divina
2392 3594 2727 3658 laborarent,
2759 3594 2890 3646 vitio
2923 3594 3152 3664 publica:
3185 3594 3591 3650 consuetudinis

2013 3687 2322 3749 inclinatus,
2359 3702 2466 3756 quo
2506 3701 2700 3740 omnes
2746 3701 2935 3739 sumus
2966 3686 3020 3740 in
3057 3687 3300 3741 minimis
3341 3687 3507 3752 cauti,
3534 3698 3591 3739 et

2011 3781 2062 3832 iii
2103 3779 2351 3832 maximis
2396 3779 2749 3848 negligentes.
2797 3780 3020 3848 Hocque
3058 3780 3180 3834 ideo
3222 3781 3301 3844 tit,
3334 3779 3460 3850 quia
3497 3780 3588 3832 ubi

2012 3884 2136 3922 vera
2161 3869 2268 3921 vita
2297 3867 2368 3922 sit
2395 3869 2732 3936 ignoramus.
2765 3867 2927 3922 Fallit
2957 3883 3054 3922 nos
3082 3867 3328 3921 videlicet
3352 3867 3432 3921 sol
3462 3868 3586 3930 iste,

2010 3962 2208 4030 decipit
2261 3962 2378 4016 dies
2439 3962 2576 4024 ista,
2632 3970 2839 4015 tractus
2894 3975 2994 4014 nos
3053 3961 3155 4016 iste
3206 3960 3585 4016 circumvenit.

2009 4054 2244 4107 Mundus
2275 4054 2503 4120 inducit,
2529 4055 2654 4108 dum
2685 4065 2740 4108 et
2768 4053 2883 4108 sole
2915 4051 3151 4124 amplius
3177 4065 3301 4108 esse
3333 4053 3406 4108 nil
3439 4063 3592 4124 puta-

2012 4161 2154 4207 inns,
2188 4154 2243 4200 et
2286 4146 2460 4200 lucem
2513 4145 2846 4199 arbitramur
2877 4161 3002 4200 esse
3035 4159 3198 4216 quam
3233 4147 3409 4201 oculis
3438 4148 3592 4202 vide-

2012 4256 2128 4292 mus
2152 4257 2165 4304 ;
2199 4249 2252 4294 et
2282 4239 2551 4292 hominem
2579 4239 2891 4308 judicamus
2920 4253 3063 4301 esse,
3090 4253 3252 4309 quem
3279 4241 3590 4307 cernimus;

2008 4347 2059 4385 ei
2096 4332 2356 4386 mundum
2391 4333 2668 4387 credimus
2716 4333 2895 4387 facere
2937 4349 3062 4386 cum
3113 4332 3242 4396 vita,
3277 4331 3593 4403 ignorantes

2011 4427 2102 4478 ubi
2135 4427 2205 4478 sit
2253 4427 2433 4492 homo,
2463 4435 2516 4480 et
2551 4425 2681 4494 quid
2713 4423 2782 4478 sit
2815 4424 2997 4490 homo,
3027 4433 3081 4478 et
3115 4438 3236 4492 quae
3263 4424 3381 4491 ejus
3411 4424 3585 4478 liomi-

1938 4496 1980 4548 θ
2012 4523 2096 4574 iiis
2120 4523 2228 4574 vita
2253 4521 2358 4575 sit:
2393 4519 2535 4589 quod
2570 4519 2614 4574 si
2644 4518 3094 4588 iiitelligeremus,
3120 4532 3224 4570 non
3257 4515 3402 4570 aliud
3430 4530 3594 4586 gene-

2013 4615 2114 4668 rati
2152 4613 2298 4667 aliud
2346 4615 2674 4666 viveremus.
2708 4611 2786 4666 lia
2833 4611 2956 4666 vitae
2992 4611 3204 4681 origine
3235 4610 3476 4676 deserta,
3510 4610 3592 4662 vi-

2012 4705 2170 4758 vendi
2197 4718 2416 4772 quoque
2443 4702 2780 4774 perdidimus
2807 4701 3096 4756 rationein.
3126 4699 3204 4756 Ac
3235 4701 3469 4771 primum
3501 4700 3594 4755 ubi

2013 4797 2176 4850 homo
2206 4798 2276 4850 sit
2313 4797 2438 4851 iste.
2469 4795 2538 4849 de
2570 4809 2680 4863 quo
2709 4793 3004 4863 loquimur,
3035 4796 3350 4848 audiamus.

2083 4887 2124 4943 Ι.
2167 4887 2434 4953 Quoniam
2473 4886 2895 4956 disiiutationem
2936 4886 3232 4956 quamdam
3269 4886 3426 4939 nobis
3474 4885 3594 4954 ipsa

2014 4981 2210 5034 divisio
2246 4981 2525 5049 generavit
2557 4995 2718 5050 quem
2759 4977 2944 5051 [ForL
2982 4976 3284 5050 hominem]
3317 4977 3458 5031 intra
3492 4978 3598 5031 hoc

2015 5090 2250 5144 corpus;
2282 5073 2427 5143 quod
2465 5073 2558 5126 Dei
2595 5071 2826 5127 artiﬁcis
2860 5083 3021 5124 manu
3054 5088 3082 5124 e
3116 5071 3248 5124 limo
3291 5080 3446 5123 terra:
3487 5067 3600 5121 l‘or-

2014 5176 2223 5221 niatum
2259 5177 2366 5230 est,
2403 5165 2551 5219 velut
2597 5164 2835 5233 quodam
2873 5163 3089 5230 vasculo
3134 5163 3375 5230 intelligo
3416 5162 3597 5216 couti-

2018 5261 2153 5321 neri,
2187 5262 2402 5313 dicente
2441 5257 2698 5326 Apostolo
2729 5273 2743 5310 :
2778 5256 3038 5310 Habemus
3083 5255 3388 5310 thesaurum
3432 5255 3595 5306 istum

2015 5353 2068 5404 iii
2118 5352 2259 5405 vasis
2311 5350 2564 5418 ﬁctilibus
2605 5347 2692 5419 (Il
2729 5349 2852 5403 Cor.
2892 5364 2966 5416 tv,
2997 5349 3092 5414 7};
3136 5348 3226 5416 qui
3263 5346 3460 5414 ubique
3503 5361 3599 5416 per

2019 5448 2122 5499 liizc
2171 5461 2367 5512 corpus
2413 5443 2647 5508 infusus,
2684 5443 2898 5496 vitalem
2947 5457 3165 5495 sensum
3205 5441 3296 5508 qui
3341 5439 3447 5494 sibi
3490 5455 3601 5493 non

2019 5539 2221 5603 ileticit,
2263 5552 2387 5591 cum
2433 5553 2594 5590 carne
2640 5546 2917 5589 mutuatus
2961 5545 3064 5586 est.
3111 5532 3267 5601 Regii
3317 5533 3453 5601 ipse,
3489 5547 3600 5589 non

2019 5633 2244 5700 regitur,
2281 5643 2335 5682 et
2381 5631 2547 5683 liabet
2600 5631 2781 5698 potius
2831 5643 2990 5696 quam
3037 5625 3303 5692 habetur;
3343 5638 3398 5677 ut
3434 5627 3600 5680 vitam

2022 5739 2127 5775 non
2178 5725 2430 5791 accipiat,
2470 5723 2564 5776 sed
2625 5722 2918 5774 ministret.
2967 5715 3103 5772 Nam
3151 5735 3273 5773 cum
3325 5728 3598 5773 terrenam

2022 5815 2179 5870 istoin
2238 5817 2554 5883 pigrumque
2612 5814 2900 5868 materiam
2967 5813 3024 5867 in
3087 5827 3244 5869 usum
3307 5808 3599 5871 ministerii
