4054 6206
285 327 348 394 ει
1125 333 1502 396 EPISTOLA
1544 335 1644 399 VI.
1689 335 1790 396 AD
1828 336 2136 397 AMICUM
2181 335 2579 397 EGROTUM
2612 335 2692 396 II.
3467 334 3538 396 89.

289 453 481 502 mento
525 445 690 516 huius
747 446 883 502 locis
913 448 1204 518 attingere.
1260 453 1534 520 Quidquid
1571 455 1714 508 enim
1745 469 1860 508 am-
1890 461 1932 518 Α
1964 470 2124 525 quam
2161 455 2460 523 subiectam
2517 454 2769 508 sensibus
2833 451 3268 515 introduxerunt,
3311 449 3535 504 discreti

289 539 437 606 ptius
486 545 649 601 est,a
711 539 852 594 malo
908 550 1019 607 est,
1073 557 1287 597 onmem
1344 546 1618 600 hominem
1680 561 1864 600 amare

289 630 449 696 quasi
520 631 770 694 fratrem,
810 632 1014 686 nullum
1069 633 1282 697 laidere,
1325 638 1531 690 servire
1589 638 1864 704 erunibus,

293 721 527 775 fortnam
560 726 706 777 servi
755 725 1033 780 sustinere
1063 742 1184 780 cum
1253 728 1506 794 Domino,
1565 731 1656 800 qui
1707 731 1865 786 nobis

293 823 493 878 pra-ter
520 814 904 878 ministerium,
938 815 1080 884 quod
1107 818 1337 871 interius
1364 821 1696 884 continetur,
1731 837 1868 890 quo-

295 906 426 959 tidie
457 905 624 960 servit
667 907 718 960 in
747 910 948 962 mundo
975 913 1326 978 producendo
1347 913 1540 982 solem,
1568 915 1866 969 emittendo

290 995 494 1060 lucem,
547 998 760 1067 pluvias
811 998 1173 1066 infundendo,
1257 1014 1499 1072 tempora
1577 1007 1863 1070 variando,

295 1087 480 1154 fruges
511 1087 592 1140 vel
622 1090 916 1157 gignendo,
951 1092 1033 1146 vel
1063 1095 1406 1148 maturando.
1448 1093 1614 1148 Nobis
1639 1097 1780 1149 enim
1811 1097 1865 1148 in

294 1177 466 1230 totius
503 1189 770 1233 creaturze
801 1179 961 1246 facie,
1009 1182 1096 1236 vel
1132 1183 1383 1240 ubertate
1415 1185 1677 1250 deservit,
1727 1201 1866 1256 quo-

295 1270 444 1324 niam
482 1285 578 1338 pro
609 1271 768 1325 nobis
800 1283 996 1328 cuncta
1021 1282 1324 1344 generavit.
1363 1278 1468 1332 Sed
1501 1288 1560 1333 ut
1591 1280 1657 1332 ad
1686 1279 1868 1334 homi-

299 1363 392 1414 nis
451 1362 621 1416 cilicia
687 1373 1048 1433 revertamur,
1085 1369 1288 1422 nudum
1338 1380 1540 1439 tegere,
1573 1372 1718 1426 alere
1739 1387 1868 1428 esu-

295 1451 553 1512 rientem,
590 1452 861 1508 sitientem
910 1465 1122 1521 potare,
1184 1457 1430 1514 infirmos
1487 1459 1728 1527 visitare,
1780 1465 1874 1514 tri-

295 1540 480 1596 SIibus
506 1543 816 1610 condolere,
863 1555 1107 1602 mortuos
1149 1551 1400 1618 sepelire,
1437 1551 1574 1605 nihil
1624 1555 1763 1622 apud
1815 1568 1873 1606 se

295 1632 506 1685 habere
535 1633 692 1700 quasi
714 1648 892 1698 suum,
939 1636 1034 1690 sed
1067 1640 1249 1691 omnia
1281 1654 1376 1692 sua
1436 1656 1559 1694 cum
1623 1643 1873 1697 omnibus

293 1722 545 1791 judicare
570 1726 901 1791 communia,
929 1743 994 1782 ac
1020 1738 1149 1784 tunc
1178 1732 1350 1799 magis
1369 1733 1472 1786 sibi
1507 1734 1710 1798 vivere,
1747 1750 1868 1788 cum

296 1815 492 1868 vivere
520 1817 820 1870 testimatur
841 1819 984 1884 aliis,
1011 1821 1230 1892 sibique
1259 1826 1558 1881 recondere
1591 1844 1712 1881 cum
1747 1829 1872 1883 aliis

297 1906 546 1960 creditur
574 1922 821 1978 erogare.
852 1908 918 1965 Et
973 1914 1086 1968 haec
1143 1926 1323 1970 tamen
1359 1920 1535 1974 adhuc
1585 1922 1873 1977 exterioris

301 2002 544 2055 hominis
578 2002 896 2058 lineamenta
930 2009 1269 2069 contingunt.

377 2092 473 2147 Ill.
500 2093 767 2148 Czeternm
803 2097 890 2150 illa
931 2097 1210 2156 interioris
1264 2103 1506 2158 hominis
1531 2105 1638 2159 vita
1665 2104 1717 2158 in
1740 2105 1876 2159 divi-

304 2200 503 2239 narunt
538 2202 716 2240 rerum
743 2190 1052 2259 cognitione
1083 2195 1386 2252 consistit;
1417 2213 1520 2250 non
1548 2213 1651 2266 qua
1677 2198 1871 2251 emtum

308 2294 472 2338 terrae
501 2297 654 2353 parte
683 2287 956 2355 volvatur,
985 2302 1090 2341 non
1113 2304 1181 2342 an
1213 2291 1486 2344 contrario
1507 2306 1670 2343 cursu
1696 2290 1872 2344 sidera

305 2377 619 2442 rapiantur,
645 2393 750 2432 non
781 2395 848 2433 an
871 2381 1089 2435 Oceano
1111 2395 1330 2452 generet
1362 2382 1642 2450 plenitudo
1669 2382 1874 2435 lunaris

309 2480 686 2536 augmentum,
745 2487 850 2524 non
885 2488 950 2525 an
975 2473 1162 2528 orbem
1205 2474 1390 2528 mundi
1419 2475 1722 2528 rotunditas
1761 2473 1874 2541 ipsa

309 2563 632 2630 suspendat,
666 2579 730 2618 an
761 2565 1139 2635 quadriforma
1187 2567 1393 2634 angulis
1439 2566 1878 2634 prominentiorl-

309 2658 416 2709 |tlIS
452 2658 736 2728 astringat,
765 2674 832 2713 an
885 2674 1021 2712 unus
1057 2660 1172 2729 ipse
1208 2660 1438 2712 mundus
1470 2659 1560 2723 sit,
1599 2673 1664 2711 an
1696 2661 1879 2728 plures

306 2750 444 2803 sint.
500 2749 631 2804 Nam
668 2754 780 2805 haec
827 2753 889 2805 ad
923 2753 1120 2808 anima:
1156 2768 1262 2808 non
1299 2753 1530 2808 tendunt
1563 2753 1878 2818 utilitatem,

307 2853 365 2894 et
395 2846 534 2909 apud
576 2841 740 2895 Deum
788 2843 956 2898 stulta
1007 2844 1322 2915 iudicantur
1351 2863 1365 2900 :
1397 2846 1490 2901 sed
1517 2846 1568 2900 in
1599 2847 1705 2900 illis
1733 2849 1880 2902 sanis

310 2933 752 3002 cogitationibus,
801 2938 844 2990 si
888 2938 1104 3004 quando
1155 2947 1418 3002 versatur,
1483 2948 1606 2992 tunc
1641 2939 1796 3001 vivit,
1827 2948 1882 2990 et

311 3023 578 3088 pascitur.
637 3023 767 3088 Quae
803 3035 929 3078 sunt
965 3033 1142 3078 autem
1171 3026 1286 3078 ista:
1317 3040 1465 3079 sana:
1487 3023 1881 3094 cogitationes?

1967 565 2062 620 per
2097 549 2357 619 Spiritum
2386 559 2660 612 sanctum,
2696 558 2749 603 et
2787 549 2837 601 in
2887 547 3080 600 altiora
3121 546 3374 600 subducti
3409 559 3536 598 vera

1967 645 2078 695 vita
2118 643 2385 702 viventes,
2427 642 2531 694 hoc
2558 651 2638 695 est
2667 656 2852 695 veram
2890 639 3210 709 sapientiam
3237 639 3532 706 sapientes,

1967 749 2074 798 qua
2103 733 2332 788 stultitia
2373 735 2474 788 ista
2509 745 2657 788 caret
2699 749 2714 789 :
2748 733 3099 786 recordemur
3123 731 3263 798 quod
3301 730 3533 783 mundus

1966 844 2032 885 ex
2063 830 2228 884 nihilo
2250 846 2276 880 a
2313 830 2419 882 Deo
2455 826 2629 880 factus
2680 834 2786 888 est,
2811 832 2865 876 et
2895 823 3034 892 quod
3067 828 3259 874 cuncta
3282 818 3534 873 animalia

1968 935 2066 990 per
2093 919 2280 984 Deum,
2327 916 2505 972 Verbo
2542 914 2761 985 opifice,
2797 921 2988 966 vocata
3032 919 3316 974 venerunt,
3359 927 3476 979 quae
3508 925 3536 963 a

1968 1021 2164 1064 natura
2191 1024 2293 1062 non
2324 1009 2539 1062 fuerunt
2572 1023 2584 1061 :
2614 1005 2874 1074 quoniam
2901 1003 3001 1057 soli
3031 1002 3134 1072 ipsi
3163 1003 3242 1056 fas
3271 1012 3355 1056 est
3380 1017 3540 1054 voca-

1972 1119 2030 1156 re
2079 1117 2200 1171 qua:
2242 1115 2349 1154 non
2387 1107 2534 1164 sunt,
2587 1110 2840 1166 tanquam
2899 1110 2962 1149 ea
3020 1080 3142 1165 quae
3177 1103 3345 1159 sunt;
3401 1095 3542 1162 quod

1973 1197 2153 1265 ipsqu
2209 1193 2484 1248 hominem
2555 1191 2640 1244 cui
2695 1198 2843 1244 tanta
2898 1188 3176 1258 possessio
3225 1187 3543 1255 parabatur,

1972 1286 2038 1341 ad
2072 1285 2360 1354 imaginem
2391 1297 2544 1338 suam
2579 1297 2683 1336 non
2728 1281 2923 1349 aliquis
2956 1279 3316 1334 Prometheus
3347 1293 3410 1332 ex
3460 1278 3543 1332 fa-

1971 1380 2121 1444 hula,
2169 1380 2262 1433 sed
2301 1377 2390 1432 ille
2427 1377 2680 1432 conditor
2707 1375 3078 1429 universitatis
3133 1387 3297 1427 manu
3321 1386 3544 1440 quoque

1973 1486 2094 1534 sua,
2128 1486 2195 1524 ne
2221 1486 2323 1538 qua
2389 1485 2517 1536 pars
2549 1469 2668 1538 ejus
2700 1477 2921 1521 vacaret
2976 1467 3027 1519 in
3061 1466 3236 1530 nobis,
3299 1465 3366 1519 de
3420 1465 3552 1516 limo

1976 1572 2132 1614 tcrrte
2166 1558 2347 1616 facere
2383 1560 2636 1629 dignatus
2663 1568 2744 1613 est
2777 1573 2792 1612 :
2823 1571 2942 1626 qua!
2985 1556 3260 1622 cogitatio,
3303 1563 3362 1607 ιιι
3411 1553 3544 1612 dixi,

1974 1653 2082 1706 vita
2127 1662 2211 1707 est
2262 1652 2503 1704 animae:
2556 1651 2809 1718 quoniam
2870 1649 2986 1703 haec
3037 1649 3209 1714 prima
3266 1654 3349 1700 est
3408 1646 3554 1699 ratio

1977 1745 2214 1809 vivendi,
2244 1752 2302 1796 ut
2331 1743 2416 1796 cui
2451 1756 2510 1795 se
2557 1741 2751 1795 debeat
2793 1740 2996 1803 anima,
3033 1754 3140 1791 non
3196 1739 3406 1806 ignoret
3439 1754 3453 1792 :
3482 1753 3550 1791 ne

1977 1838 2141 1890 alium
2184 1846 2382 1905 praeter
2411 1835 2556 1888 hunc
2579 1833 2802 1899 decepta
2849 1843 3162 1894 veneretur,
3197 1845 3263 1885 ne
3290 1831 3415 1883 vita:
3439 1845 3551 1883 su;e

1977 1929 2278 1982 ministeria
2312 1928 2458 1980 velut
2482 1927 2604 1979 vita:
2633 1935 2882 1979 auctores
2913 1923 3100 1977 adoret
3129 1939 3144 1979 :
3180 1937 3247 1976 ne
3268 1923 3322 1976 in
3342 1932 3550 1976 tantum

1975 2019 2244 2073 elementa
2285 2016 2533 2079 miretur,
2571 2026 2759 2068 utnon
2792 2014 2952 2082 digna
2981 2013 3189 2079 iudicet
3237 2029 3356 2082 quae
3408 2013 3552 2066 facta

1977 2109 2278 2162 credantur
2311 2122 2328 2162 :
2363 2122 2486 2161 cum
2537 2107 2627 2160 ille
2678 2106 2852 2172 magis
2909 2105 2980 2160 sit
3020 2105 3398 2170 admirandus,
3458 2107 3550 2174 qui

1982 2211 2087 2255 tam
2125 2200 2368 2254 miranda
2392 2199 2671 2268 produxit.
2711 2197 2754 2252 Ο
2789 2213 2951 2266 quam
2979 2207 3208 2266 angusta
3239 2195 3352 2268 [ΑΙ.
3386 2212 3556 2267 angu-

1980 2291 2108 2365 sta]
2137 2306 2221 2347 est
2247 2294 2361 2347 haec
2395 2293 2577 2346 divina
2607 2292 2886 2361 cogitatio,
2918 2300 2971 2345 et
3020 2306 3182 2358 quam
3214 2293 3338 2344 vita:
3397 2291 3555 2357 plena

1980 2386 2097 2440 esti
2137 2384 2181 2439 0
2209 2397 2472 2452 quantum
2507 2386 2682 2453 ipsum
2713 2384 2994 2436 hominem
3027 2383 3094 2436 ad
3131 2396 3291 2435 omne
3309 2383 3554 2435 studium

1983 2476 2272 2548 probitatis
2327 2476 2576 2556 accendit
2614 2477 2626 2528 l
2661 2473 2705 2528 Ο
2759 2481 3020 2540 quantum
3079 2473 3155 2526 illi
3213 2473 3555 2540 maiestatem

1983 2569 2064 2622 sui
2113 2569 2462 2622 commendat
2501 2567 2764 2631 auctoris,
2821 2583 2943 2620 eum
2995 2565 3138 2619 aliud
3193 2566 3283 2619 ille
3313 2565 3444 2618 nihil
3505 2566 3560 2617 in

1978 2653 2233 2715 'creatura
2258 2659 2403 2714 omni
2439 2669 2636 2728 praeter
2671 2673 2728 2713 se
2764 2674 2923 2712 manu
2961 2656 3052 2710 Dei
3085 2656 3376 2710 formatum
3439 2670 3569 2709 esse

1984 2753 2301 2810 considerat
2353 2767 2463 2818 pen
2521 2761 2742 2816 terram,
2786 2763 2890 2803 neu
2928 2751 3121 2814 maria,
3181 2763 3286 2803 non
3338 2747 3561 2808 caelum,

1984 2863 2092 2900 non
2128 2847 2364 2914 denique
2419 2844 2622 2905 sidera,
2667 2854 2771 2894 tam
2831 2843 3052 2904 munda,
3107 2851 3212 2895 tam
3242 2855 3399 2910 pura,
3451 2851 3560 2892 tam

1984 2941 2166 2994 lucida
2193 2958 2204 2993 :
2234 2940 2507 2992 hominem
2540 2937 2716 2992 solum
2753 2936 3038 3004 cujusdam
3069 2935 3185 2989 limi
3216 2944 3268 2988 et
3292 2936 3560 3003 gravioris

1986 3043 2039 3085 et
2079 3029 2400 3085 sordidioris
2419 3029 2698 3090 elementi,
2731 3027 2821 3080 illa
2843 3027 3137 3080 formatum
3170 3039 3296 3079 esse
3316 3027 3559 3091 dextera,

312 3114 421 3169 Illae
449 3115 566 3168 sine
622 3117 811 3179 dubio,
871 3131 994 3170 cum
1031 3131 1188 3170 mens
1221 3125 1406 3171 nostra
1438 3117 1522 3169 sui
1561 3117 1879 3169 recordatur
1907 3125 1950 3182 c
1989 3123 2142 3192 cuius
2163 3123 2399 3176 dexterae
2425 3119 2638 3188 palmus
2655 3119 2854 3173 coelum
2887 3124 3164 3171 incusarat
3187 3116 3240 3169 in
3273 3131 3563 3172 mensura:

311 3208 553 3262 auctoris
573 3225 586 3260 :
607 3223 731 3262 cum
768 3207 913 3261 illum
959 3207 1100 3262 velut
1127 3223 1220 3275 per
1247 3209 1535 3276 quatmlam
1565 3208 1884 3276 resipiscen-

315 3302 446 3354 tiam
473 3303 582 3365 sui,
622 3301 876 3370 Opificem
909 3316 1065 3354 suum
1095 3311 1409 3364 veneratur,
1447 3315 1510 3354 ac
1539 3309 1826 3353 contuetur
1867 3317 1882 3351 :

310 3409 437 3448 cum
489 3393 610 3462 eius
640 3408 828 3463 opera,
885 3393 1063 3463 ipsum
1114 3393 1170 3447 in
1205 3392 1324 3461 eius
1375 3392 1636 3460 operibus
1700 3393 1884 3446 visura

312 3488 567 3551 miratur,
595 3485 810 3539 dicente
845 3485 1004 3539 beato
1020 3483 1192 3539 Paulo
1228 3501 1242 3540 :
1277 3483 1571 3538 Inuisibilia
1595 3485 1734 3536 enim
1765 3483 1884 3550 eius

308 3597 340 3632 α
369 3587 619 3633 creatura
671 3577 876 3640 mundi,
911 3592 1004 3644 per
1028 3593 1090 3630 ea
1131 3593 1248 3646 qua:
1273 3577 1416 3643 facta
1443 3585 1567 3629 sunt
1617 3575 1886 3628 intellecta

310 3677 725 3741 conspiciuntur,
757 3682 806 3726 et
865 3673 1182 3740 sempiterna
1231 3687 1432 3743 quoque
1460 3671 1574 3738 ejus
1631 3672 1792 3724 rirlus
1839 3680 1886 3724 et

310 3768 571 3820 divinitas
630 3765 810 3836 (Rom.
855 3780 893 3831 t,
920 3764 1012 3835 20)
1058 3780 1073 3819 :
1114 3766 1165 3818 ld
1201 3775 1304 3829 cat,
1335 3781 1456 3817 cum
1488 3779 1551 3818 ex
1608 3763 1889 3817 immensis

313 3855 632 3909 visibilibus
659 3865 946 3916 creaturae,
1007 3855 1071 3908 ad
1119 3856 1534 3908 universitatem
1598 3853 1888 3908 invisibilis

310 3946 598 4000 Creatoris
627 3946 994 4010 extendimur,
1022 3955 1076 3998 et
1102 3946 1254 3998 illum
1290 3961 1385 4014 per
1433 3945 1549 3998 haec
1582 3945 1709 3996 dum
1757 3944 1889 3998 ina:-

312 4039 646 4093 stimabilem
675 4038 956 4102 discimus,
981 4037 1340 4102 azstimamus,
1372 4052 1492 4090 cum
1551 4037 1670 4103 eius
1698 4038 1889 4090 altitu-

313 4130 500 4182 dinem
549 4141 645 4196 per
675 4128 876 4180 donum
909 4126 1144 4196 Spiritus
1173 4130 1348 4180 sancti
1379 4128 1691 4180 evolventes
1729 4128 1888 4195 (quo-

317 4223 466 4273 niam
501 4220 616 4286 ipse
652 4219 799 4272 solus
847 4234 950 4273 nos
983 4219 1033 4272 in
1076 4219 1276 4289 ipsum,
1311 4220 1400 4286 qui
1444 4235 1508 4272 ex
1543 4219 1658 4286 ipso
1687 4230 1770 4272 est
1805 4221 1888 4270 itt-

321 4312 580 4363 tromittit
607 4311 789 4363 omnia
821 4310 1089 4379 principia
1113 4319 1379 4364 creaturae
1412 4310 1715 4380 surgentis)
1751 4327 1888 4378 qua-

316 4403 365 4457 si
399 4401 530 4456 facti
579 4403 648 4456 ab
683 4403 800 4471 ipso
850 4403 1152 4456 anteriores
1198 4403 1518 4472 aspicimus,
1549 4413 1604 4456 et
1647 4417 1769 4456 cum
1827 4417 1890 4456 ea

317 4509 444 4564 qua:
497 4494 640 4547 Deus
695 4492 847 4556 fecit,
888 4496 1042 4562 quasi
1110 4495 1274 4548 faciat
1328 4495 1526 4560 adhuc,
1563 4495 1886 4549 intuemur:

315 4587 618 4652 mundique
651 4594 813 4639 totam
846 4587 1113 4654 originem
1165 4596 1616 4652 transcurrentes,
1649 4604 1744 4642 seu
1799 4604 1896 4641 an-

315 4677 590 4742 tiquiores
635 4675 902 4730 eﬂicimur
957 4692 1121 4745 quam
1183 4692 1371 4732 sumus
1422 4689 1578 4731 aetate
1622 4688 1712 4732 :et
1769 4693 1892 4732 cum

315 4769 578 4822 universa
611 4769 762 4834 prius
807 4783 972 4836 quam
1007 4783 1104 4822 nes
1129 4783 1375 4824 essemus
1403 4770 1592 4826 effecta
1629 4770 1761 4834 sint,
1801 4785 1896 4824 na-

315 4866 508 4912 turam
565 4867 742 4910 tamen
808 4859 1073 4920 omnium,
1120 4861 1277 4927 quasi
1346 4874 1440 4927 per
1502 4875 1598 4913 nos
1633 4861 1894 4926 genitam.

311 4947 456 5001 dunt
485 4946 697 4999 auctori
739 4945 1055 5013 inserimur,
1088 4959 1404 5015 reputatnus
1439 4964 1454 5004 :
1483 4948 1531 5001 in
1567 4965 1725 5016 qualn
1791 4966 1894 5001 non

307 5049 382 5093 ut
423 5040 810 5102 serviremus,
847 5040 938 5092 sed
976 5049 1034 5091 ut
1085 5039 1515 5103 dominarentur,
1550 5038 1894 5093 intravimus.

305 5130 575 5200 Separati
607 5132 791 5198 itaque
818 5146 847 5182 a
883 5131 1146 5199 sapientia
1171 5131 1454 5194 mundiali,
1482 5145 1601 5198 quae
1621 5131 1898 5194 universa,

303 5236 412 5282 aut
442 5225 710 5287 fortuitis,
735 5233 828 5276 attt
853 5226 1047 5276 atomis
1079 5224 1327 5287 ascribit,
1354 5223 1554 5277 divinis
1584 5223 1902 5277 meditatio-

305 5319 488 5373 nibus
554 5315 856 5381 suhlimati,
896 5327 950 5369 et
1013 5317 1247 5381 abillis,
1305 5317 1399 5384 qui
1467 5325 1560 5369 aut
1613 5316 1896 5369 materiam

305 5423 542 5476 semper
578 5407 748 5462 fuisse
794 5409 1070 5473 dixerunt,
1136 5409 1420 5479 Deumque
1477 5420 1685 5464 tantum
1731 5410 1902 5463 artifi-

304 5517 440 5554 cem
480 5515 664 5552 rerum
708 5500 1014 5564 voluerunt,
1066 5503 1300 5568 separati
1339 5518 1434 5570 per
1492 5503 1662 5572 ipsius
1694 5502 1902 5568 adjuto-

305 5593 466 5646 rium
497 5606 512 5646 :
545 5600 637 5644 aut
673 5594 761 5658 qui
794 5591 915 5663 [AL
949 5593 1075 5662 quia
1109 5592 1128 5664 ]
1164 5594 1275 5648 haec
1330 5596 1444 5663 ipsa
1501 5610 1599 5662 pro
1650 5594 1754 5648 diis
1790 5597 1903 5648 ele-

307 5691 510 5737 menta
547 5685 839 5737 coluerunt
869 5703 883 5737 :
917 5694 1008 5736 aut
1037 5685 1126 5752 qui
1155 5685 1387 5738 familias
1413 5686 1640 5740 deorum
1696 5701 1789 5756 per
1816 5702 1904 5740 se-

308 5785 450 5834 xus,
483 5787 578 5838 per
598 5782 810 5837 aetates,
847 5789 940 5843 per
973 5783 1175 5845 partes,
1213 5775 1357 5831 velut
1391 5790 1484 5844 per
1537 5778 1749 5846 plebem
1801 5757 1904 5829 ali.

1988 3215 2145 3284 cujus
2197 3215 2630 3284 pugillus-tcrrae
2688 3213 2864 3280 spatia
2920 3222 3027 3264 tam
3067 3207 3276 3263 inﬁnita
3326 3207 3571 3275 iacentis

1990 3306 2220 3361 includit
2253 3323 2268 3361 :
2302 3306 2435 3360 tanti
2469 3304 2568 3359 fuit
2598 3303 2749 3357 illum
2779 3302 2950 3356 fuisse
2981 3301 3133 3356 olim.

2061 3397 2150 3452 IV.
2217 3396 2511 3452 Videamus
2567 3406 2751 3449 tamen
2802 3401 3068 3461 quantum
3150 3392 3222 3446 illi
3292 3400 3564 3460 praeterea

1989 3489 2283 3558 applandat
2321 3489 2632 3557 benignitas
2667 3487 2966 3550 Creatoris,
2994 3503 3116 3556 quae
3151 3501 3255 3540 non
3294 3487 3442 3540 illum
3494 3485 3562 3538 de

1993 3579 2266 3635 sideribus
2297 3579 2499 3642 effecit,
2530 3578 2790 3647 quoniam
2826 3578 2870 3632 si
2903 3587 3050 3632 esset
3080 3579 3204 3632 inde
3240 3587 3478 3642 creatus,
3502 3578 3570 3630 de

1993 3673 2233 3726 materia:
2259 3672 2440 3740 potius
2468 3670 2738 3734 claritate,
2775 3685 2936 3738 quam
2970 3669 3038 3723 de
3090 3670 3322 3724 artiticis
3379 3671 3568 3736 digna-

1991 3765 2139 3819 tione
2168 3762 2419 3831 polleret,
2459 3777 2582 3816 cum
2612 3763 2793 3814 minor
2825 3761 2942 3830 ipse
2966 3761 3050 3816 sui
3082 3762 3330 3829 corporis
3358 3761 3570 3828 origine

1993 3855 2290 3912 videretur,
2327 3857 2372 3905 si
2425 3851 2492 3906 de
2541 3851 2861 3906 coelestibus
2920 3853 3096 3906 factus
3149 3852 3216 3904 ad
3299 3861 3570 3903 terrarum

1991 3945 2194 3998 cultum
2227 3941 2587 3997 deduceretur
2615 3941 2682 3994 ad
2725 3951 2900 3996 terras
2928 3943 3051 3996 :cui
3089 3952 3230 3996 esset
3277 3941 3576 4009 gloriOsius

1995 4052 2115 4088 mox
2144 4033 2383 4089 futurum
2417 4036 2482 4088 de
2508 4036 2674 4086 humo
2696 4034 2990 4096 excitatuzn
3032 4031 3306 4086 sideribus
3339 4032 3569 4100 imponi.

1995 4125 2190 4191 Suum,
2231 4128 2478 4196 inquam,
2510 4124 2656 4180 Deus
2687 4137 2898 4188 noster,
2925 4141 3080 4179 suum
3132 4123 3352 4193 proprie
3403 4124 3574 4178 vuluit

1993 4234 2118 4274 esse
2150 4221 2291 4288 quod
2321 4233 2532 4282 sumus,
2565 4218 2701 4272 nihil
2751 4217 3012 4278 materiae,
3061 4216 3197 4270 nihil
3263 4216 3572 4280 elementis,

1995 4309 2130 4362 nihil
2163 4308 2494 4378 quibuslibet
2519 4309 2825 4378 principiis,
2853 4308 2936 4362 vel
2964 4309 3198 4376 magnis,
3225 4308 3308 4362 vel
3332 4307 3588 4361 minimis

2001 4414 2100 4454 nos
2142 4399 2364 4455 debere.
2398 4399 2531 4466 Qua:
2557 4408 2752 4455 cuncta
2778 4401 2822 4456 si
2851 4409 3131 4466 retractet,
3167 4408 3222 4454 et
3256 4401 3395 4454 in-se
3422 4413 3574 4454 mens

1998 4507 2260 4546 conversa
2287 4491 2616 4555 consideret,
2653 4505 2719 4545 ex
2773 4491 2974 4546 nosuis
3031 4490 3165 4544 fiunt
3213 4489 3574 4545 moderatiore

1998 4593 2049 4638 et
2085 4585 2398 4654 angustiora
2427 4582 2756 4650 primordiis.
2781 4583 2850 4636 At
2880 4581 2971 4636 ubi
3003 4597 3096 4650 per
3117 4592 3428 4637 contactum
3461 4584 3576 4636 for-

2001 4676 2128 4730 mati
2160 4689 2358 4730 manus
2391 4673 2486 4729 Dei
2517 4675 2816 4730 desivimus
2840 4691 2965 4730 esse
2991 4677 3135 4745 quod
3181 4676 3402 4741 fuimus,
3431 4686 3486 4730 et
3520 4678 3580 4730 in

1999 4783 2194 4820 novam
2221 4766 2464 4820 materia:
2488 4765 2804 4832 qualitatem
2831 4765 3139 4835 subiacens,
3159 4766 3340 4832 Opitici
3361 4781 3457 4820 suo
3479 4781 3574 4833 per

1999 4860 2251 4914 elementi
2282 4857 2696 4914 conversionem
2727 4858 3029 4913 clariﬁcata
3087 4867 3284 4912 natura
3318 4867 3421 4918 est,
3476 4874 3572 4911 no-

2000 4968 2234 5021 vutnque
2271 4949 2516 5018 corporis
2557 4949 2731 5003 nostri
2781 4949 2924 5004 inter
2951 4949 3242 5011 elementa,
3277 4948 3321 5000 si
3371 4947 3453 5000 fas
3487 4955 3573 5000 cst

2003 5045 2129 5107 dici,
2190 5059 2310 5098 esse
2383 5042 2546 5110 erepit
2604 5042 2990 5096 elementum:
3043 5040 3246 5093 statim.
3321 5039 3582 5092 ornatibus.

2005 5135 2190 5189 tntmdi
2253 5136 2578 5204 corporibus
2607 5132 2954 5188 subtimiores
2987 5146 3176 5184 sumus
3217 5129 3418 5187 etfecti.
3467 5141 3572 5179 non

2006 5237 2213 5279 naturae
2275 5224 2602 5287 substantia,
2665 5224 2761 5279 sed
2821 5223 3064 5288 potentia
3100 5217 3402 5274 conditoris
3437 5236 3448 5270 :
3483 5232 3577 5285 per

2007 5332 2168 5386 quam
2201 5317 2268 5371 de
2296 5317 2599 5386 subiacenti
2637 5315 2852 5370 caeteris
2917 5324 3167 5367 creatura
3235 5321 3412 5362 ortum
3469 5318 3578 5373 est,

2009 5411 2151 5479 quod
2179 5411 2447 5464 creaturis
2477 5409 2732 5463 omnibus
2757 5407 3069 5474 imperaret.
3110 5401 3353 5469 Denique
3382 5403 3426 5456 si
3463 5417 3576 5456 nie-

2010 5503 2196 5555 tallum
2254 5510 2455 5556 nostrae
2491 5501 2669 5553 carnis
2703 5507 2757 5552 et
2786 5496 3032 5564 corporis
3095 5494 3385 5554 intuearis,
3445 5493 3578 5546 nihil

2010 5593 2290 5660 humilius,
2332 5592 2464 5646 nihil
2522 5592 2705 5655 vilius,
2746 5589 2879 5643 nihil
2913 5588 3157 5641 invenies
3181 5587 3327 5640 omni
3366 5587 3579 5655 iniuria:

2010 5683 2357 5753 passioniquc
2414 5683 2733 5752 subiectius.
2817 5681 2942 5734 Sola
2996 5689 3141 5734 terra
3187 5680 3580 5736 elententoruut

2012 5786 2332 5832 czeterorutn
2386 5776 2596 5830 videtur
2638 5773 2867 5828 ancilla.
2905 5772 3018 5828 sola
3063 5773 3120 5827 iu
3151 5787 3211 5829 se
3255 5780 3580 5829 cunctorum
