  <div class='ocr_page' id='page_1' title='image "/cluster/home/n/w/nwhite01/storage/ocr_20150623/30/hvd.32044096580527/047.png"; bbox 0 0 4054 6206; ppageno 0'>
   <div class='ocr_carea' id='block_1_1' title="bbox 485 325 3724 404">
    <p class='ocr_par' dir='ltr' id='par_1_1' title="bbox 485 325 3724 404">
     <span class='ocr_line' id='line_1_1' title="bbox 485 325 3724 404; baseline 0.006 -18"><span class='ocrx_word' id='word_1_1' title='bbox 485 325 555 387; x_wconf 74' lang='lat'><strong>83</strong></span> <span class='ocrx_word' id='word_1_2' title='bbox 1420 331 1484 390; x_wconf 90' lang='lat' dir='ltr'><strong>S.</strong></span> <span class='ocrx_word' id='word_1_3' title='bbox 1526 329 1972 394; x_wconf 80' lang='lat' dir='ltr'><strong>HIERONYMI</strong></span> <span class='ocrx_word' id='word_1_4' title='bbox 2013 333 2338 398; x_wconf 76' lang='lat' dir='ltr'><strong>OPERUM</strong></span> <span class='ocrx_word' id='word_1_5' title='bbox 2381 338 2779 404; x_wconf 73' lang='lat' dir='ltr'><strong>MANTISSA.</strong></span> <span class='ocrx_word' id='word_1_6' title='bbox 3654 340 3724 404; x_wconf 66' lang='grc' dir='ltr'><strong>ει</strong></span> 
     </span>
    </p>
   </div>
   <div class='ocr_carea' id='block_1_2' title="bbox 483 441 3737 523">
    <p class='ocr_par' dir='ltr' id='par_1_2' title="bbox 483 441 3737 523">
     <span class='ocr_line' id='line_1_2' title="bbox 483 441 3737 523; baseline 0.007 -32"><span class='ocrx_word' id='word_1_7' title='bbox 483 441 755 507; x_wconf 70' lang='lat' dir='ltr'><strong>potentias</strong></span> <span class='ocrx_word' id='word_1_8' title='bbox 792 456 898 496; x_wconf 90' lang='lat' dir='ltr'><strong>non</strong></span> <span class='ocrx_word' id='word_1_9' title='bbox 945 442 1063 496; x_wconf 86' lang='lat' dir='ltr'><strong>sine</strong></span> <span class='ocrx_word' id='word_1_10' title='bbox 1084 442 1418 499; x_wconf 84' lang='lat' dir='ltr'><strong>detrimento</strong></span> <span class='ocrx_word' id='word_1_11' title='bbox 1463 445 1545 499; x_wconf 88' lang='lat' dir='ltr'><strong>sui</strong></span> <span class='ocrx_word' id='word_1_12' title='bbox 1590 447 1776 509; x_wconf 89' lang='lat' dir='ltr'><strong>sentit,</strong></span> <span class='ocrx_word' id='word_1_13' title='bbox 1811 449 1892 500; x_wconf 86' lang='lat' dir='ltr'><strong>vel</strong></span> <span class='ocrx_word' id='word_1_14' title='bbox 1925 450 2053 502; x_wconf 92' lang='lat' dir='ltr'><strong>dum</strong></span> <span class='ocrx_word' id='word_1_15' title='bbox 2087 454 2129 508; x_wconf 77' lang='grc' dir='ltr'><strong>Δ</strong></span> <span class='ocrx_word' id='word_1_16' title='bbox 2165 463 2294 507; x_wconf 87' lang='lat' dir='ltr'><strong>tunc</strong></span> <span class='ocrx_word' id='word_1_17' title='bbox 2327 469 2447 508; x_wconf 91' lang='lat' dir='ltr'><strong>cum</strong></span> <span class='ocrx_word' id='word_1_18' title='bbox 2478 457 2542 508; x_wconf 87' lang='lat' dir='ltr'><strong>ad</strong></span> <span class='ocrx_word' id='word_1_19' title='bbox 2584 457 2854 509; x_wconf 81' lang='lat' dir='ltr'><strong>Abraham</strong></span> <span class='ocrx_word' id='word_1_20' title='bbox 2893 456 3096 509; x_wconf 83' lang='lat' dir='ltr'><strong>dictum</strong></span> <span class='ocrx_word' id='word_1_21' title='bbox 3133 467 3213 510; x_wconf 82' lang='lat' dir='ltr'><strong>est</strong></span> <span class='ocrx_word' id='word_1_22' title='bbox 3255 475 3266 511; x_wconf 89' lang='lat'><strong>:</strong></span> <span class='ocrx_word' id='word_1_23' title='bbox 3300 458 3381 512; x_wconf 76' lang='lat' dir='ltr'><strong>Ad</strong></span> <span class='ocrx_word' id='word_1_24' title='bbox 3411 460 3506 512; x_wconf 68' lang='lat' dir='ltr'><strong>hoc</strong></span> <span class='ocrx_word' id='word_1_25' title='bbox 3537 468 3737 523; x_wconf 64' lang='lat' dir='ltr'><strong>tempus</strong></span> 
     </span>
    </p>
   </div>
   <div class='ocr_carea' id='block_1_3' title="bbox 481 533 2054 604">
    <p class='ocr_par' dir='ltr' id='par_1_3' title="bbox 481 533 2054 604">
     <span class='ocr_line' id='line_1_3' title="bbox 481 533 2054 604; baseline 0.008 -23"><span class='ocrx_word' id='word_1_26' title='bbox 481 533 659 588; x_wconf 78' lang='lat' dir='ltr'><strong>ventis</strong></span> <span class='ocrx_word' id='word_1_27' title='bbox 691 533 1065 602; x_wconf 88' lang='lat' dir='ltr'><strong>pulverulenta</strong></span> <span class='ocrx_word' id='word_1_28' title='bbox 1117 534 1472 604; x_wconf 72' lang='lat' dir='ltr'><strong>dispergitur,</strong></span> <span class='ocrx_word' id='word_1_29' title='bbox 1507 536 1588 591; x_wconf 83' lang='lat' dir='ltr'><strong>vel</strong></span> <span class='ocrx_word' id='word_1_30' title='bbox 1641 537 1766 591; x_wconf 90' lang='lat' dir='ltr'><strong>dum</strong></span> <span class='ocrx_word' id='word_1_31' title='bbox 1801 537 2054 594; x_wconf 81' lang='lat' dir='ltr'><strong>ﬂuctibus</strong></span> 
     </span>
    </p>
   </div>
   <div class='ocr_carea' id='block_1_4' title="bbox 480 623 2052 698">
    <p class='ocr_par' dir='ltr' id='par_1_4' title="bbox 480 623 2052 698">
     <span class='ocr_line' id='line_1_4' title="bbox 480 623 2052 698; baseline 0.005 -20"><span class='ocrx_word' id='word_1_32' title='bbox 480 623 788 679; x_wconf 85' lang='lat' dir='ltr'><strong>bumefacta</strong></span> <span class='ocrx_word' id='word_1_33' title='bbox 829 623 1152 682; x_wconf 80' lang='lat' dir='ltr'><strong>absorbetur</strong></span> <span class='ocrx_word' id='word_1_34' title='bbox 1187 629 1316 695; x_wconf 87' lang='lat' dir='ltr'><strong>;vel</strong></span> <span class='ocrx_word' id='word_1_35' title='bbox 1365 629 1490 682; x_wconf 90' lang='lat' dir='ltr'><strong>dum</strong></span> <span class='ocrx_word' id='word_1_36' title='bbox 1536 629 1775 682; x_wconf 80' lang='lat' dir='ltr'><strong>siderum</strong></span> <span class='ocrx_word' id='word_1_37' title='bbox 1839 631 2052 698; x_wconf 79' lang='lat' dir='ltr'><strong>ignibus</strong></span> 
     </span>
    </p>
   </div>
   <div class='ocr_carea' id='block_1_5' title="bbox 481 718 2052 784">
    <p class='ocr_par' dir='ltr' id='par_1_5' title="bbox 481 718 2052 784">
     <span class='ocr_line' id='line_1_5' title="bbox 481 718 2052 784; baseline 0.004 -14"><span class='ocrx_word' id='word_1_38' title='bbox 481 727 634 771; x_wconf 84' lang='lat' dir='ltr'><strong>cocta</strong></span> <span class='ocrx_word' id='word_1_39' title='bbox 672 718 967 772; x_wconf 85' lang='lat' dir='ltr'><strong>devoratur</strong></span> <span class='ocrx_word' id='word_1_40' title='bbox 997 736 1011 772; x_wconf 90' lang='lat'><strong>:</strong></span> <span class='ocrx_word' id='word_1_41' title='bbox 1039 728 1094 771; x_wconf 93' lang='lat' dir='ltr'><strong>ut</strong></span> <span class='ocrx_word' id='word_1_42' title='bbox 1119 719 1286 774; x_wconf 81' lang='lat' dir='ltr'><strong>homo</strong></span> <span class='ocrx_word' id='word_1_43' title='bbox 1322 736 1383 772; x_wconf 82' lang='lat' dir='ltr'><strong>ex</strong></span> <span class='ocrx_word' id='word_1_44' title='bbox 1417 735 1478 773; x_wconf 90' lang='lat' dir='ltr'><strong>ea</strong></span> <span class='ocrx_word' id='word_1_45' title='bbox 1507 735 1566 774; x_wconf 89' lang='lat' dir='ltr'><strong>se</strong></span> <span class='ocrx_word' id='word_1_46' title='bbox 1599 736 1743 784; x_wconf 90' lang='lat' dir='ltr'><strong>esse,</strong></span> <span class='ocrx_word' id='word_1_47' title='bbox 1769 737 1874 776; x_wconf 86' lang='lat' dir='ltr'><strong>non</strong></span> <span class='ocrx_word' id='word_1_48' title='bbox 1896 724 2052 777; x_wconf 89' lang='lat' dir='ltr'><strong>modo</strong></span> 
     </span>
    </p>
   </div>
   <div class='ocr_carea' id='block_1_6' title="bbox 482 809 2049 882">
    <p class='ocr_par' dir='ltr' id='par_1_6' title="bbox 482 809 2049 882">
     <span class='ocr_line' id='line_1_6' title="bbox 482 809 2049 882; baseline 0.005 -22"><span class='ocrx_word' id='word_1_49' title='bbox 482 809 707 876; x_wconf 85' lang='lat' dir='ltr'><strong>gloriari</strong></span> <span class='ocrx_word' id='word_1_50' title='bbox 751 826 856 864; x_wconf 94' lang='lat' dir='ltr'><strong>uou</strong></span> <span class='ocrx_word' id='word_1_51' title='bbox 894 823 1082 880; x_wconf 84' lang='lat' dir='ltr'><strong>queat,</strong></span> <span class='ocrx_word' id='word_1_52' title='bbox 1135 813 1228 867; x_wconf 87' lang='lat' dir='ltr'><strong>sed</strong></span> <span class='ocrx_word' id='word_1_53' title='bbox 1275 813 1440 867; x_wconf 86' lang='lat' dir='ltr'><strong>etiam</strong></span> <span class='ocrx_word' id='word_1_54' title='bbox 1475 814 1652 882; x_wconf 77' lang='lat' dir='ltr'><strong>po:sit</strong></span> <span class='ocrx_word' id='word_1_55' title='bbox 1703 815 2049 868; x_wconf 70' lang='lat' dir='ltr'><strong>erubescere.</strong></span> 
     </span>
    </p>
   </div>
   <div class='ocr_carea' id='block_1_7' title="bbox 477 903 2049 976">
    <p class='ocr_par' dir='ltr' id='par_1_7' title="bbox 477 903 2049 976">
     <span class='ocr_line' id='line_1_7' title="bbox 477 903 2049 976; baseline 0.004 -22"><span class='ocrx_word' id='word_1_56' title='bbox 477 905 548 955; x_wconf 80' lang='lat' dir='ltr'><strong>At</strong></span> <span class='ocrx_word' id='word_1_57' title='bbox 579 916 706 956; x_wconf 85' lang='lat' dir='ltr'><strong>vero</strong></span> <span class='ocrx_word' id='word_1_58' title='bbox 733 903 777 954; x_wconf 89' lang='lat' dir='ltr'><strong>si</strong></span> <span class='ocrx_word' id='word_1_59' title='bbox 809 912 1011 958; x_wconf 89' lang='lat' dir='ltr'><strong>statum</strong></span> <span class='ocrx_word' id='word_1_60' title='bbox 1037 915 1283 959; x_wconf 90' lang='lat' dir='ltr'><strong>nostrum</strong></span> <span class='ocrx_word' id='word_1_61' title='bbox 1309 905 1761 972; x_wconf 85' lang='lat' dir='ltr'><strong>contemplemur,</strong></span> <span class='ocrx_word' id='word_1_62' title='bbox 1792 907 2049 976; x_wconf 89' lang='lat' dir='ltr'><strong>quoniam</strong></span> 
     </span>
    </p>
   </div>
   <div class='ocr_carea' id='block_1_8' title="bbox 479 993 2048 1059">
    <p class='ocr_par' dir='ltr' id='par_1_8' title="bbox 479 993 2048 1059">
     <span class='ocr_line' id='line_1_8' title="bbox 479 993 2048 1059; baseline 0.004 -17"><span class='ocrx_word' id='word_1_63' title='bbox 479 993 826 1059; x_wconf 63' lang='lat' dir='ltr'><strong>praestantior</strong></span> <span class='ocrx_word' id='word_1_64' title='bbox 854 1004 937 1047; x_wconf 89' lang='lat' dir='ltr'><strong>est</strong></span> <span class='ocrx_word' id='word_1_65' title='bbox 969 995 1182 1048; x_wconf 63' lang='lat' dir='ltr'><strong>ceteris</strong></span> <span class='ocrx_word' id='word_1_66' title='bbox 1218 994 1610 1057; x_wconf 86' lang='lat' dir='ltr'><strong>animantibus,</strong></span> <span class='ocrx_word' id='word_1_67' title='bbox 1641 995 1766 1049; x_wconf 91' lang='lat' dir='ltr'><strong>dum</strong></span> <span class='ocrx_word' id='word_1_68' title='bbox 1801 998 1866 1049; x_wconf 91' lang='lat' dir='ltr'><strong>ad</strong></span> <span class='ocrx_word' id='word_1_69' title='bbox 1895 1011 2048 1050; x_wconf 71' lang='lat' dir='ltr'><strong>suam</strong></span> 
     </span>
    </p>
   </div>
   <div class='ocr_carea' id='block_1_9' title="bbox 477 1083 2046 1152">
    <p class='ocr_par' dir='ltr' id='par_1_9' title="bbox 477 1083 2046 1152">
     <span class='ocr_line' id='line_1_9' title="bbox 477 1083 2046 1152; baseline 0.004 -16"><span class='ocrx_word' id='word_1_70' title='bbox 477 1083 771 1152; x_wconf 76' lang='lat' dir='ltr'><strong>imaginem</strong></span> <span class='ocrx_word' id='word_1_71' title='bbox 847 1085 990 1138; x_wconf 86' lang='lat' dir='ltr'><strong>Deus</strong></span> <span class='ocrx_word' id='word_1_72' title='bbox 1045 1085 1400 1140; x_wconf 82' lang='lat' dir='ltr'><strong>informatum</strong></span> <span class='ocrx_word' id='word_1_73' title='bbox 1483 1086 1715 1149; x_wconf 88' lang='lat' dir='ltr'><strong>inducit,</strong></span> <span class='ocrx_word' id='word_1_74' title='bbox 1782 1089 2046 1152; x_wconf 86' lang='lat' dir='ltr'><strong>invenies,</strong></span> 
     </span>
    </p>
   </div>
   <div class='ocr_carea' id='block_1_10' title="bbox 481 1175 2050 1252">
    <p class='ocr_par' dir='ltr' id='par_1_10' title="bbox 481 1175 2050 1252">
     <span class='ocr_line' id='line_1_10' title="bbox 481 1175 2050 1252; baseline 0.007 -25"><span class='ocrx_word' id='word_1_75' title='bbox 481 1183 680 1227; x_wconf 85' lang='lat' dir='ltr'><strong>terram</strong></span> <span class='ocrx_word' id='word_1_76' title='bbox 705 1175 875 1244; x_wconf 88' lang='lat' dir='ltr'><strong>ipsam</strong></span> <span class='ocrx_word' id='word_1_77' title='bbox 913 1191 1098 1231; x_wconf 82' lang='lat' dir='ltr'><strong>semen</strong></span> <span class='ocrx_word' id='word_1_78' title='bbox 1136 1192 1259 1231; x_wconf 74' lang='lat' dir='ltr'><strong>esse</strong></span> <span class='ocrx_word' id='word_1_79' title='bbox 1297 1179 1470 1231; x_wconf 84' lang='lat' dir='ltr'><strong>nostri</strong></span> <span class='ocrx_word' id='word_1_80' title='bbox 1521 1182 1789 1248; x_wconf 87' lang='lat' dir='ltr'><strong>corporis.</strong></span> <span class='ocrx_word' id='word_1_81' title='bbox 1837 1181 1892 1235; x_wconf 88' lang='lat' dir='ltr'><strong>Si</strong></span> <span class='ocrx_word' id='word_1_82' title='bbox 1925 1183 2050 1252; x_wconf 91' lang='lat' dir='ltr'><strong>quis</strong></span> 
     </span>
    </p>
   </div>
   <div class='ocr_carea' id='block_1_11' title="bbox 480 1265 2050 1344">
    <p class='ocr_par' dir='ltr' id='par_1_11' title="bbox 480 1265 2050 1344">
     <span class='ocr_line' id='line_1_11' title="bbox 480 1265 2050 1344; baseline 0.006 -26"><span class='ocrx_word' id='word_1_83' title='bbox 480 1265 534 1318; x_wconf 90' lang='lat' dir='ltr'><strong>in</strong></span> <span class='ocrx_word' id='word_1_84' title='bbox 570 1280 630 1318; x_wconf 86' lang='lat' dir='ltr'><strong>ca</strong></span> <span class='ocrx_word' id='word_1_85' title='bbox 661 1281 858 1320; x_wconf 80' lang='lat' dir='ltr'><strong>sensus</strong></span> <span class='ocrx_word' id='word_1_86' title='bbox 886 1276 991 1333; x_wconf 87' lang='lat' dir='ltr'><strong>est,</strong></span> <span class='ocrx_word' id='word_1_87' title='bbox 1034 1268 1271 1337; x_wconf 84' lang='lat' dir='ltr'><strong>gaudere</strong></span> <span class='ocrx_word' id='word_1_88' title='bbox 1303 1271 1590 1338; x_wconf 61' lang='lat' dir='ltr'><strong>potuisset,</strong></span> <span class='ocrx_word' id='word_1_89' title='bbox 1624 1272 1767 1340; x_wconf 92' lang='lat' dir='ltr'><strong>quod</strong></span> <span class='ocrx_word' id='word_1_90' title='bbox 1826 1286 2050 1344; x_wconf 76' lang='lat' dir='ltr'><strong>propter</strong></span> 
     </span>
    </p>
   </div>
   <div class='ocr_carea' id='block_1_12' title="bbox 480 1358 2047 1428">
    <p class='ocr_par' dir='ltr' id='par_1_12' title="bbox 480 1358 2047 1428">
     <span class='ocr_line' id='line_1_12' title="bbox 480 1358 2047 1428; baseline 0.008 -19"><span class='ocrx_word' id='word_1_91' title='bbox 480 1372 581 1411; x_wconf 88' lang='lat' dir='ltr'><strong>nos</strong></span> <span class='ocrx_word' id='word_1_92' title='bbox 613 1359 664 1409; x_wconf 90' lang='lat' dir='ltr'><strong>in</strong></span> <span class='ocrx_word' id='word_1_93' title='bbox 693 1358 893 1425; x_wconf 87' lang='lat' dir='ltr'><strong>quibus</strong></span> <span class='ocrx_word' id='word_1_94' title='bbox 925 1359 1216 1428; x_wconf 80' lang='lat' dir='ltr'><strong>imaginem</strong></span> <span class='ocrx_word' id='word_1_95' title='bbox 1248 1371 1298 1415; x_wconf 91' lang='lat' dir='ltr'><strong>et</strong></span> <span class='ocrx_word' id='word_1_96' title='bbox 1325 1363 1734 1418; x_wconf 75' lang='lat' dir='ltr'><strong>similitudinem</strong></span> <span class='ocrx_word' id='word_1_97' title='bbox 1767 1366 2047 1421; x_wconf 77' lang='lat' dir='ltr'><strong>Creatoris</strong></span> 
     </span>
    </p>
   </div>
   <div class='ocr_carea' id='block_1_13' title="bbox 478 1448 2044 1524">
    <p class='ocr_par' dir='ltr' id='par_1_13' title="bbox 478 1448 2044 1524">
     <span class='ocr_line' id='line_1_13' title="bbox 478 1448 2044 1524; baseline 0.008 -24"><span class='ocrx_word' id='word_1_98' title='bbox 478 1449 712 1518; x_wconf 90' lang='lat' dir='ltr'><strong>accepit,</strong></span> <span class='ocrx_word' id='word_1_99' title='bbox 748 1448 961 1505; x_wconf 90' lang='lat' dir='ltr'><strong>felicior</strong></span> <span class='ocrx_word' id='word_1_100' title='bbox 989 1450 1130 1506; x_wconf 91' lang='lat' dir='ltr'><strong>facta</strong></span> <span class='ocrx_word' id='word_1_101' title='bbox 1155 1453 1249 1516; x_wconf 85' lang='lat' dir='ltr'><strong>sit,</strong></span> <span class='ocrx_word' id='word_1_102' title='bbox 1272 1453 1570 1516; x_wconf 83' lang='lat' dir='ltr'><strong>dennttata,</strong></span> <span class='ocrx_word' id='word_1_103' title='bbox 1601 1471 1762 1524; x_wconf 85' lang='lat' dir='ltr'><strong>quam</strong></span> <span class='ocrx_word' id='word_1_104' title='bbox 1789 1457 1860 1510; x_wconf 87' lang='lat' dir='ltr'><strong>sit</strong></span> <span class='ocrx_word' id='word_1_105' title='bbox 1884 1470 1998 1511; x_wconf 78' lang='lat' dir='ltr'><strong>orta</strong></span> <span class='ocrx_word' id='word_1_106' title='bbox 2029 1476 2044 1513; x_wconf 83' lang='lat'><strong>:</strong></span> 
     </span>
    </p>
   </div>
   <div class='ocr_carea' id='block_1_14' title="bbox 480 1541 2043 1617">
    <p class='ocr_par' dir='ltr' id='par_1_14' title="bbox 480 1541 2043 1617">
     <span class='ocr_line' id='line_1_14' title="bbox 480 1541 2043 1617; baseline 0.008 -25"><span class='ocrx_word' id='word_1_107' title='bbox 480 1555 673 1595; x_wconf 87' lang='lat' dir='ltr'><strong>manus</strong></span> <span class='ocrx_word' id='word_1_108' title='bbox 737 1541 881 1595; x_wconf 89' lang='lat' dir='ltr'><strong>enim</strong></span> <span class='ocrx_word' id='word_1_109' title='bbox 937 1541 1028 1595; x_wconf 87' lang='lat' dir='ltr'><strong>Dei</strong></span> <span class='ocrx_word' id='word_1_110' title='bbox 1083 1545 1310 1611; x_wconf 78' lang='lat' dir='ltr'><strong>contigit</strong></span> <span class='ocrx_word' id='word_1_111' title='bbox 1351 1561 1496 1612; x_wconf 89' lang='lat' dir='ltr'><strong>eam,</strong></span> <span class='ocrx_word' id='word_1_112' title='bbox 1533 1547 1686 1617; x_wconf 85' lang='lat' dir='ltr'><strong>cujus</strong></span> <span class='ocrx_word' id='word_1_113' title='bbox 1738 1560 2043 1606; x_wconf 88' lang='lat' dir='ltr'><strong>contactum</strong></span> 
     </span>
    </p>
   </div>
   <div class='ocr_carea' id='block_1_15' title="bbox 474 1635 2044 1709">
    <p class='ocr_par' dir='ltr' id='par_1_15' title="bbox 474 1635 2044 1709">
     <span class='ocr_line' id='line_1_15' title="bbox 474 1635 2044 1709; baseline 0.006 -21"><span class='ocrx_word' id='word_1_114' title='bbox 474 1635 560 1689; x_wconf 80' lang='lat' dir='ltr'><strong>sui</strong></span> <span class='ocrx_word' id='word_1_115' title='bbox 603 1650 763 1690; x_wconf 82' lang='lat' dir='ltr'><strong>causa</strong></span> <span class='ocrx_word' id='word_1_116' title='bbox 791 1637 917 1692; x_wconf 91' lang='lat' dir='ltr'><strong>dum</strong></span> <span class='ocrx_word' id='word_1_117' title='bbox 948 1637 1124 1700; x_wconf 85' lang='lat' dir='ltr'><strong>fieret,</strong></span> <span class='ocrx_word' id='word_1_118' title='bbox 1181 1639 1295 1706; x_wconf 88' lang='lat' dir='ltr'><strong>ipsa</strong></span> <span class='ocrx_word' id='word_1_119' title='bbox 1333 1654 1441 1694; x_wconf 88' lang='lat' dir='ltr'><strong>non</strong></span> <span class='ocrx_word' id='word_1_120' title='bbox 1481 1643 1701 1696; x_wconf 88' lang='lat' dir='ltr'><strong>meruit.</strong></span> <span class='ocrx_word' id='word_1_121' title='bbox 1733 1642 1871 1709; x_wconf 86' lang='lat' dir='ltr'><strong>Quid</strong></span> <span class='ocrx_word' id='word_1_122' title='bbox 1899 1646 2044 1700; x_wconf 90' lang='lat' dir='ltr'><strong>enim</strong></span> 
     </span>
    </p>
   </div>
   <div class='ocr_carea' id='block_1_16' title="bbox 474 1729 2044 1799">
    <p class='ocr_par' dir='ltr' id='par_1_16' title="bbox 474 1729 2044 1799">
     <span class='ocr_line' id='line_1_16' title="bbox 474 1729 2044 1799; baseline 0.003 -15"><span class='ocrx_word' id='word_1_123' title='bbox 474 1730 578 1784; x_wconf 89' lang='lat' dir='ltr'><strong>hoc</strong></span> <span class='ocrx_word' id='word_1_124' title='bbox 607 1738 751 1784; x_wconf 89' lang='lat' dir='ltr'><strong>statu</strong></span> <span class='ocrx_word' id='word_1_125' title='bbox 783 1729 1100 1798; x_wconf 68' lang='lat' dir='ltr'><strong>prteclarius</strong></span> <span class='ocrx_word' id='word_1_126' title='bbox 1127 1730 1150 1784; x_wconf 89' lang='lat'>?</span> <span class='ocrx_word' id='word_1_127' title='bbox 1185 1731 1316 1799; x_wconf 86' lang='lat' dir='ltr'><strong>quid</strong></span> <span class='ocrx_word' id='word_1_128' title='bbox 1349 1732 1648 1799; x_wconf 85' lang='lat' dir='ltr'><strong>poterimus</strong></span> <span class='ocrx_word' id='word_1_129' title='bbox 1682 1749 1844 1790; x_wconf 86' lang='lat' dir='ltr'><strong>nosse</strong></span> <span class='ocrx_word' id='word_1_130' title='bbox 1871 1735 2044 1790; x_wconf 81' lang='lat' dir='ltr'><strong>subli-</strong></span> 
     </span>
    </p>
   </div>
   <div class='ocr_carea' id='block_1_17' title="bbox 473 1821 2047 1895">
    <p class='ocr_par' dir='ltr' id='par_1_17' title="bbox 473 1821 2047 1895">
     <span class='ocr_line' id='line_1_17' title="bbox 473 1821 2047 1895; baseline 0.003 -19"><span class='ocrx_word' id='word_1_131' title='bbox 473 1825 616 1876; x_wconf 86' lang='lat' dir='ltr'><strong>mius</strong></span> <span class='ocrx_word' id='word_1_132' title='bbox 642 1821 666 1874; x_wconf 68' lang='grc' dir='ltr'><strong><em>τ</em></strong></span> <span class='ocrx_word' id='word_1_133' title='bbox 697 1823 836 1889; x_wconf 78' lang='lat' dir='ltr'><strong>Quid</strong></span> <span class='ocrx_word' id='word_1_134' title='bbox 882 1831 990 1875; x_wconf 91' lang='lat' dir='ltr'><strong>tam</strong></span> <span class='ocrx_word' id='word_1_135' title='bbox 1024 1823 1315 1894; x_wconf 84' lang='lat' dir='ltr'><strong>diligenter</strong></span> <span class='ocrx_word' id='word_1_136' title='bbox 1341 1823 1394 1878; x_wconf 91' lang='lat' dir='ltr'><strong>in</strong></span> <span class='ocrx_word' id='word_1_137' title='bbox 1431 1825 1678 1880; x_wconf 83' lang='lat' dir='ltr'><strong>membra</strong></span> <span class='ocrx_word' id='word_1_138' title='bbox 1729 1827 2047 1895; x_wconf 84' lang='lat' dir='ltr'><strong>digestum?</strong></span> 
     </span>
    </p>
   </div>
   <div class='ocr_carea' id='block_1_18' title="bbox 471 1912 2044 1982">
    <p class='ocr_par' dir='ltr' id='par_1_18' title="bbox 471 1912 2044 1982">
     <span class='ocr_line' id='line_1_18' title="bbox 471 1912 2044 1982; baseline 0.003 -20"><span class='ocrx_word' id='word_1_139' title='bbox 471 1913 600 1980; x_wconf 87' lang='lat' dir='ltr'><strong>quid</strong></span> <span class='ocrx_word' id='word_1_140' title='bbox 627 1921 737 1965; x_wconf 90' lang='lat' dir='ltr'><strong>tam</strong></span> <span class='ocrx_word' id='word_1_141' title='bbox 771 1914 970 1967; x_wconf 89' lang='lat' dir='ltr'><strong>decore</strong></span> <span class='ocrx_word' id='word_1_142' title='bbox 997 1928 1095 1982; x_wconf 87' lang='lat' dir='ltr'><strong>per</strong></span> <span class='ocrx_word' id='word_1_143' title='bbox 1138 1912 1402 1968; x_wconf 89' lang='lat' dir='ltr'><strong>articulos</strong></span> <span class='ocrx_word' id='word_1_144' title='bbox 1435 1913 1690 1968; x_wconf 79' lang='lat' dir='ltr'><strong>inﬂexum</strong></span> <span class='ocrx_word' id='word_1_145' title='bbox 1722 1914 1910 1980; x_wconf 87' lang='lat' dir='ltr'><strong>?Quid</strong></span> <span class='ocrx_word' id='word_1_146' title='bbox 1937 1925 2044 1968; x_wconf 89' lang='lat' dir='ltr'><strong>tam</strong></span> 
     </span>
    </p>
   </div>
   <div class='ocr_carea' id='block_1_19' title="bbox 471 1993 2045 2078">
    <p class='ocr_par' dir='ltr' id='par_1_19' title="bbox 471 1993 2045 2078">
     <span class='ocr_line' id='line_1_19' title="bbox 471 1993 2045 2078; baseline 0.003 -18"><span class='ocrx_word' id='word_1_147' title='bbox 471 2006 782 2060; x_wconf 75' lang='lat' dir='ltr'><strong>sublimiter</strong></span> <span class='ocrx_word' id='word_1_148' title='bbox 837 2007 892 2060; x_wconf 89' lang='lat' dir='ltr'><strong>in</strong></span> <span class='ocrx_word' id='word_1_149' title='bbox 927 1993 1022 2060; x_wconf 68' lang='lat' dir='ltr'><strong>ora</strong></span> <span class='ocrx_word' id='word_1_150' title='bbox 1087 2017 1142 2062; x_wconf 87' lang='lat' dir='ltr'><strong>et</strong></span> <span class='ocrx_word' id='word_1_151' title='bbox 1189 2007 1378 2062; x_wconf 91' lang='lat' dir='ltr'><strong>oculos</strong></span> <span class='ocrx_word' id='word_1_152' title='bbox 1429 2018 1668 2062; x_wconf 90' lang='lat' dir='ltr'><strong>erectum</strong></span> <span class='ocrx_word' id='word_1_153' title='bbox 1699 2009 1721 2062; x_wconf 70' lang='grc' dir='ltr'><strong>ἲ</strong></span> <span class='ocrx_word' id='word_1_154' title='bbox 1751 2010 1879 2078; x_wconf 88' lang='lat' dir='ltr'><strong>quid</strong></span> <span class='ocrx_word' id='word_1_155' title='bbox 1937 2018 2045 2064; x_wconf 88' lang='lat' dir='ltr'><strong>tam</strong></span> 
     </span>
    </p>
   </div>
   <div class='ocr_carea' id='block_1_20' title="bbox 471 2093 2043 2166">
    <p class='ocr_par' dir='ltr' id='par_1_20' title="bbox 471 2093 2043 2166">
     <span class='ocr_line' id='line_1_20' title="bbox 471 2093 2043 2166; baseline 0.004 -21"><span class='ocrx_word' id='word_1_156' title='bbox 471 2093 811 2148; x_wconf 81' lang='lat' dir='ltr'><strong>vocaliteriu</strong></span> <span class='ocrx_word' id='word_1_157' title='bbox 848 2094 1009 2148; x_wconf 88' lang='lat' dir='ltr'><strong>verba</strong></span> <span class='ocrx_word' id='word_1_158' title='bbox 1045 2094 1382 2150; x_wconf 89' lang='lat' dir='ltr'><strong>modulatum</strong></span> <span class='ocrx_word' id='word_1_159' title='bbox 1417 2097 1438 2150; x_wconf 88' lang='lat'><strong>?</strong></span> <span class='ocrx_word' id='word_1_160' title='bbox 1474 2097 1606 2166; x_wconf 92' lang='lat' dir='ltr'><strong>quid</strong></span> <span class='ocrx_word' id='word_1_161' title='bbox 1645 2098 1696 2152; x_wconf 89' lang='lat' dir='ltr'><strong>in</strong></span> <span class='ocrx_word' id='word_1_162' title='bbox 1737 2099 1902 2152; x_wconf 89' lang='lat' dir='ltr'><strong>corde</strong></span> <span class='ocrx_word' id='word_1_163' title='bbox 1934 2107 2043 2154; x_wconf 88' lang='lat' dir='ltr'><strong>tam</strong></span> 
     </span>
    </p>
   </div>
   <div class='ocr_carea' id='block_1_21' title="bbox 473 2186 2042 2261">
    <p class='ocr_par' dir='ltr' id='par_1_21' title="bbox 473 2186 2042 2261">
     <span class='ocr_line' id='line_1_21' title="bbox 473 2186 2042 2261; baseline 0.006 -22"><span class='ocrx_word' id='word_1_164' title='bbox 473 2186 735 2241; x_wconf 84' lang='lat' dir='ltr'><strong>vivaciter</strong></span> <span class='ocrx_word' id='word_1_165' title='bbox 762 2189 1063 2242; x_wconf 89' lang='lat' dir='ltr'><strong>animatum</strong></span> <span class='ocrx_word' id='word_1_166' title='bbox 1089 2187 1113 2241; x_wconf 73' lang='grc' dir='ltr'><strong>’ἰ</strong></span> <span class='ocrx_word' id='word_1_167' title='bbox 1137 2189 1264 2256; x_wconf 91' lang='lat' dir='ltr'><strong>quid</strong></span> <span class='ocrx_word' id='word_1_168' title='bbox 1295 2190 1346 2242; x_wconf 91' lang='lat' dir='ltr'><strong>in</strong></span> <span class='ocrx_word' id='word_1_169' title='bbox 1389 2205 1552 2245; x_wconf 56' lang='lat' dir='ltr'><strong>sensu</strong></span> <span class='ocrx_word' id='word_1_170' title='bbox 1580 2191 1796 2246; x_wconf 84' lang='lat' dir='ltr'><strong>ditius?</strong></span> <span class='ocrx_word' id='word_1_171' title='bbox 1820 2194 1948 2261; x_wconf 91' lang='lat' dir='ltr'><strong>quid</strong></span> <span class='ocrx_word' id='word_1_172' title='bbox 1988 2194 2042 2248; x_wconf 94' lang='lat' dir='ltr'><strong>in</strong></span> 
     </span>
    </p>
   </div>
   <div class='ocr_carea' id='block_1_22' title="bbox 469 2279 2046 2350">
    <p class='ocr_par' dir='ltr' id='par_1_22' title="bbox 469 2279 2046 2350">
     <span class='ocr_line' id='line_1_22' title="bbox 469 2279 2046 2350; baseline 0.006 -20"><span class='ocrx_word' id='word_1_173' title='bbox 469 2279 796 2348; x_wconf 84' lang='lat' dir='ltr'><strong>cogitatione</strong></span> <span class='ocrx_word' id='word_1_174' title='bbox 829 2279 1152 2336; x_wconf 86' lang='lat' dir='ltr'><strong>secretius?</strong></span> <span class='ocrx_word' id='word_1_175' title='bbox 1203 2282 1331 2350; x_wconf 88' lang='lat' dir='ltr'><strong>quid</strong></span> <span class='ocrx_word' id='word_1_176' title='bbox 1371 2282 1427 2336; x_wconf 91' lang='lat' dir='ltr'><strong>in</strong></span> <span class='ocrx_word' id='word_1_177' title='bbox 1460 2299 1718 2338; x_wconf 85' lang='lat' dir='ltr'><strong>sermone</strong></span> <span class='ocrx_word' id='word_1_178' title='bbox 1767 2284 1993 2341; x_wconf 76' lang='lat' dir='ltr'><strong>effusius</strong></span> <span class='ocrx_word' id='word_1_179' title='bbox 2023 2285 2046 2339; x_wconf 80' lang='lat' dir='ltr'><strong>‘l</strong></span> 
     </span>
    </p>
   </div>
   <div class='ocr_carea' id='block_1_23' title="bbox 473 2371 2046 2444">
    <p class='ocr_par' dir='ltr' id='par_1_23' title="bbox 473 2371 2046 2444">
     <span class='ocr_line' id='line_1_23' title="bbox 473 2371 2046 2444; baseline 0.004 -20"><span class='ocrx_word' id='word_1_180' title='bbox 473 2371 601 2439; x_wconf 87' lang='lat' dir='ltr'><strong>quid</strong></span> <span class='ocrx_word' id='word_1_181' title='bbox 631 2373 682 2424; x_wconf 91' lang='lat' dir='ltr'><strong>iu</strong></span> <span class='ocrx_word' id='word_1_182' title='bbox 747 2371 965 2439; x_wconf 82' lang='lat' dir='ltr'><strong>ingenio</strong></span> <span class='ocrx_word' id='word_1_183' title='bbox 1008 2371 1260 2427; x_wconf 80' lang='lat' dir='ltr'><strong>fortius?</strong></span> <span class='ocrx_word' id='word_1_184' title='bbox 1302 2375 1432 2442; x_wconf 91' lang='lat' dir='ltr'><strong>quid</strong></span> <span class='ocrx_word' id='word_1_185' title='bbox 1473 2375 1525 2429; x_wconf 93' lang='lat' dir='ltr'><strong>iu</strong></span> <span class='ocrx_word' id='word_1_186' title='bbox 1569 2377 1928 2444; x_wconf 79' lang='lat' dir='ltr'><strong>dispositione</strong></span> <span class='ocrx_word' id='word_1_187' title='bbox 1965 2380 2046 2430; x_wconf 84' lang='lat' dir='ltr'><strong>in-</strong></span> 
     </span>
    </p>
   </div>
   <div class='ocr_carea' id='block_1_24' title="bbox 469 2464 2042 2538">
    <p class='ocr_par' dir='ltr' id='par_1_24' title="bbox 469 2464 2042 2538">
     <span class='ocr_line' id='line_1_24' title="bbox 469 2464 2042 2538; baseline 0.004 -19"><span class='ocrx_word' id='word_1_188' title='bbox 469 2464 943 2534; x_wconf 83' lang='lat' dir='ltr'><strong>structius?quid</strong></span> <span class='ocrx_word' id='word_1_189' title='bbox 997 2467 1050 2520; x_wconf 91' lang='lat' dir='ltr'><strong>in</strong></span> <span class='ocrx_word' id='word_1_190' title='bbox 1118 2482 1385 2522; x_wconf 80' lang='lat' dir='ltr'><strong>memoria</strong></span> <span class='ocrx_word' id='word_1_191' title='bbox 1459 2470 1701 2524; x_wconf 88' lang='lat' dir='ltr'><strong>tenacius</strong></span> <span class='ocrx_word' id='word_1_192' title='bbox 1745 2471 1768 2524; x_wconf 83' lang='lat'><strong>?</strong></span> <span class='ocrx_word' id='word_1_193' title='bbox 1807 2473 1934 2538; x_wconf 81' lang='lat' dir='ltr'><strong>quid</strong></span> <span class='ocrx_word' id='word_1_194' title='bbox 1989 2471 2042 2526; x_wconf 87' lang='lat' dir='ltr'><strong>in</strong></span> 
     </span>
    </p>
   </div>
   <div class='ocr_carea' id='block_1_25' title="bbox 466 2556 2043 2630">
    <p class='ocr_par' dir='ltr' id='par_1_25' title="bbox 466 2556 2043 2630">
     <span class='ocr_line' id='line_1_25' title="bbox 466 2556 2043 2630; baseline 0.006 -20"><span class='ocrx_word' id='word_1_195' title='bbox 466 2557 662 2612; x_wconf 85' lang='lat' dir='ltr'><strong>affectu</strong></span> <span class='ocrx_word' id='word_1_196' title='bbox 710 2556 962 2613; x_wconf 86' lang='lat' dir='ltr'><strong>blandius</strong></span> <span class='ocrx_word' id='word_1_197' title='bbox 991 2557 1162 2627; x_wconf 70' lang='lat' dir='ltr'><strong>iquid</strong></span> <span class='ocrx_word' id='word_1_198' title='bbox 1225 2559 1279 2613; x_wconf 90' lang='lat' dir='ltr'><strong>in</strong></span> <span class='ocrx_word' id='word_1_199' title='bbox 1337 2561 1574 2630; x_wconf 87' lang='lat' dir='ltr'><strong>cogitatu</strong></span> <span class='ocrx_word' id='word_1_200' title='bbox 1643 2563 2043 2620; x_wconf 73' lang='lat' dir='ltr'><strong>subtiliusillt</strong></span> 
     </span>
    </p>
   </div>
   <div class='ocr_carea' id='block_1_26' title="bbox 465 2651 2077 2728">
    <p class='ocr_par' dir='ltr' id='par_1_26' title="bbox 465 2651 2077 2728">
     <span class='ocr_line' id='line_1_26' title="bbox 465 2651 2077 2728; baseline 0.005 -23"><span class='ocrx_word' id='word_1_201' title='bbox 465 2651 747 2706; x_wconf 78' lang='lat' dir='ltr'><strong>evidenter</strong></span> <span class='ocrx_word' id='word_1_202' title='bbox 778 2659 1045 2722; x_wconf 88' lang='lat' dir='ltr'><strong>appareat</strong></span> <span class='ocrx_word' id='word_1_203' title='bbox 1077 2651 1220 2720; x_wconf 86' lang='lat' dir='ltr'><strong>quod</strong></span> <span class='ocrx_word' id='word_1_204' title='bbox 1274 2652 1423 2708; x_wconf 90' lang='lat' dir='ltr'><strong>illum</strong></span> <span class='ocrx_word' id='word_1_205' title='bbox 1479 2656 1896 2724; x_wconf 85' lang='lat' dir='ltr'><strong>protoplastum,</strong></span> <span class='ocrx_word' id='word_1_206' title='bbox 1926 2658 2077 2728; x_wconf 86' lang='lat' dir='ltr'><strong>jam&#39;</strong></span> 
     </span>
    </p>
   </div>
   <div class='ocr_carea' id='block_1_27' title="bbox 467 2744 2039 2815">
    <p class='ocr_par' dir='ltr' id='par_1_27' title="bbox 467 2744 2039 2815">
     <span class='ocr_line' id='line_1_27' title="bbox 467 2744 2039 2815; baseline 0.004 -17"><span class='ocrx_word' id='word_1_207' title='bbox 467 2757 581 2798; x_wconf 87' lang='lat' dir='ltr'><strong>tum</strong></span> <span class='ocrx_word' id='word_1_208' title='bbox 613 2744 870 2800; x_wconf 82' lang='lat' dir='ltr'><strong>omnibus</strong></span> <span class='ocrx_word' id='word_1_209' title='bbox 897 2745 1259 2815; x_wconf 85' lang='lat' dir='ltr'><strong>dignitatibus</strong></span> <span class='ocrx_word' id='word_1_210' title='bbox 1289 2757 1661 2812; x_wconf 82' lang='lat' dir='ltr'><strong>venustatum,</strong></span> <span class='ocrx_word' id='word_1_211' title='bbox 1699 2751 1808 2804; x_wconf 91' lang='lat' dir='ltr'><strong>imo</strong></span> <span class='ocrx_word' id='word_1_212' title='bbox 1836 2759 2039 2805; x_wconf 83' lang='lat' dir='ltr'><strong>statum</strong></span> 
     </span>
    </p>
   </div>
   <div class='ocr_carea' id='block_1_28' title="bbox 468 2836 2043 2913">
    <p class='ocr_par' dir='ltr' id='par_1_28' title="bbox 468 2836 2043 2913">
     <span class='ocr_line' id='line_1_28' title="bbox 468 2836 2043 2913; baseline 0.003 -23"><span class='ocrx_word' id='word_1_213' title='bbox 468 2836 565 2890; x_wconf 78' lang='lat' dir='ltr'><strong>filii</strong></span> <span class='ocrx_word' id='word_1_214' title='bbox 608 2838 693 2894; x_wconf 88' lang='lat' dir='ltr'><strong>sui</strong></span> <span class='ocrx_word' id='word_1_215' title='bbox 729 2838 820 2892; x_wconf 91' lang='lat' dir='ltr'><strong>Dei</strong></span> <span class='ocrx_word' id='word_1_216' title='bbox 856 2840 1028 2894; x_wconf 89' lang='lat' dir='ltr'><strong>nostri</strong></span> <span class='ocrx_word' id='word_1_217' title='bbox 1056 2839 1123 2893; x_wconf 89' lang='lat' dir='ltr'><strong>ad</strong></span> <span class='ocrx_word' id='word_1_218' title='bbox 1161 2840 1320 2896; x_wconf 90' lang='lat' dir='ltr'><strong>linem</strong></span> <span class='ocrx_word' id='word_1_219' title='bbox 1351 2842 1670 2897; x_wconf 70' lang='lat' dir='ltr'><strong>saecurlorum</strong></span> <span class='ocrx_word' id='word_1_220' title='bbox 1703 2859 1800 2913; x_wconf 88' lang='lat' dir='ltr'><strong>pro</strong></span> <span class='ocrx_word' id='word_1_221' title='bbox 1831 2845 2043 2898; x_wconf 87' lang='lat' dir='ltr'><strong>redem-</strong></span> 
     </span>
    </p>
   </div>
   <div class='ocr_carea' id='block_1_29' title="bbox 465 2935 2038 3007">
    <p class='ocr_par' dir='ltr' id='par_1_29' title="bbox 465 2935 2038 3007">
     <span class='ocr_line' id='line_1_29' title="bbox 465 2935 2038 3007; baseline 0.004 -19"><span class='ocrx_word' id='word_1_222' title='bbox 465 2935 653 3004; x_wconf 82' lang='lat' dir='ltr'><strong>ptione</strong></span> <span class='ocrx_word' id='word_1_223' title='bbox 700 2945 889 2991; x_wconf 87' lang='lat' dir='ltr'><strong>nostra</strong></span> <span class='ocrx_word' id='word_1_224' title='bbox 926 2937 1140 2990; x_wconf 90' lang='lat' dir='ltr'><strong>venturi</strong></span> <span class='ocrx_word' id='word_1_225' title='bbox 1201 2937 1251 2991; x_wconf 92' lang='lat' dir='ltr'><strong>in</strong></span> <span class='ocrx_word' id='word_1_226' title='bbox 1281 2939 1380 2992; x_wconf 90' lang='lat' dir='ltr'><strong>hoc</strong></span> <span class='ocrx_word' id='word_1_227' title='bbox 1439 2954 1636 3007; x_wconf 86' lang='lat' dir='ltr'><strong>corpus</strong></span> <span class='ocrx_word' id='word_1_228' title='bbox 1665 2941 1914 2996; x_wconf 85' lang='lat' dir='ltr'><strong>ornarit:</strong></span> <span class='ocrx_word' id='word_1_229' title='bbox 1951 2941 2038 2995; x_wconf 91' lang='lat' dir='ltr'><strong>cui</strong></span> 
     </span>
    </p>
   </div>
   <div class='ocr_carea' id='block_1_30' title="bbox 465 3029 2034 3098">
    <p class='ocr_par' dir='ltr' id='par_1_30' title="bbox 465 3029 2034 3098">
     <span class='ocr_line' id='line_1_30' title="bbox 465 3029 2034 3098; baseline 0.006 -19"><span class='ocrx_word' id='word_1_230' title='bbox 465 3029 779 3095; x_wconf 75' lang='lat' dir='ltr'><strong>paradisum</strong></span> <span class='ocrx_word' id='word_1_231' title='bbox 815 3030 980 3085; x_wconf 90' lang='lat' dir='ltr'><strong>etiam</strong></span> <span class='ocrx_word' id='word_1_232' title='bbox 1013 3030 1106 3085; x_wconf 92' lang='lat' dir='ltr'><strong>illo</strong></span> <span class='ocrx_word' id='word_1_233' title='bbox 1135 3039 1380 3098; x_wconf 69' lang='lat' dir='ltr'><strong>tempore</strong></span> <span class='ocrx_word' id='word_1_234' title='bbox 1410 3037 1556 3086; x_wconf 90' lang='lat' dir='ltr'><strong>velut</strong></span> <span class='ocrx_word' id='word_1_235' title='bbox 1594 3034 2034 3089; x_wconf 77' lang='lat' dir='ltr'><strong>amcenissimum</strong></span> 
     </span>
    </p>
   </div>
   <div class='ocr_carea' id='block_1_31' title="bbox 2159 545 3736 617">
    <p class='ocr_par' dir='ltr' id='par_1_31' title="bbox 2159 545 3736 617">
     <span class='ocr_line' id='line_1_31' title="bbox 2159 545 3736 617; baseline 0.006 -20"><span class='ocrx_word' id='word_1_236' title='bbox 2159 545 2389 608; x_wconf 82' lang='lat' dir='ltr'><strong>reniam,</strong></span> <span class='ocrx_word' id='word_1_237' title='bbox 2421 556 2470 600; x_wconf 85' lang='lat' dir='ltr'><strong>et</strong></span> <span class='ocrx_word' id='word_1_238' title='bbox 2507 548 2603 600; x_wconf 82' lang='lat' dir='ltr'><strong>erit</strong></span> <span class='ocrx_word' id='word_1_239' title='bbox 2639 547 2791 602; x_wconf 66' lang='lat' dir='ltr'><strong>Sara&#39;</strong></span> <span class='ocrx_word' id='word_1_240' title='bbox 2817 548 2967 615; x_wconf 82' lang='lat' dir='ltr'><strong>[ilius</strong></span> <span class='ocrx_word' id='word_1_241' title='bbox 2998 547 3150 617; x_wconf 82' lang='lat' dir='ltr'><strong>(Cen.</strong></span> <span class='ocrx_word' id='word_1_242' title='bbox 3175 567 3332 614; x_wconf 67' lang='grc' dir='ltr'><strong>ιιι-ιιι,</strong></span> <span class='ocrx_word' id='word_1_243' title='bbox 3364 551 3736 616; x_wconf 74' lang='lat' dir='ltr'><strong>10).Namhoc</strong></span> 
     </span>
    </p>
   </div>
   <div class='ocr_carea' id='block_1_32' title="bbox 2157 639 3733 716">
    <p class='ocr_par' dir='ltr' id='par_1_32' title="bbox 2157 639 3733 716">
     <span class='ocr_line' id='line_1_32' title="bbox 2157 639 3733 716; baseline 0.006 -25"><span class='ocrx_word' id='word_1_244' title='bbox 2157 647 2274 692; x_wconf 90' lang='lat' dir='ltr'><strong>erat</strong></span> <span class='ocrx_word' id='word_1_245' title='bbox 2305 654 2440 706; x_wconf 89' lang='lat' dir='ltr'><strong>pene</strong></span> <span class='ocrx_word' id='word_1_246' title='bbox 2469 639 2582 708; x_wconf 86' lang='lat' dir='ltr'><strong>jam</strong></span> <span class='ocrx_word' id='word_1_247' title='bbox 2620 651 2850 716; x_wconf 25' lang='lat' dir='ltr'><strong>sero,‘et</strong></span> <span class='ocrx_word' id='word_1_248' title='bbox 2895 650 3042 695; x_wconf 92' lang='lat' dir='ltr'><strong>tanta</strong></span> <span class='ocrx_word' id='word_1_249' title='bbox 3093 643 3256 696; x_wconf 84' lang='lat' dir='ltr'><strong>millia</strong></span> <span class='ocrx_word' id='word_1_250' title='bbox 3299 646 3733 712; x_wconf 81' lang='lat' dir='ltr'><strong>patriarcharum</strong></span> 
     </span>
    </p>
   </div>
   <div class='ocr_carea' id='block_1_33' title="bbox 2154 729 3728 799">
    <p class='ocr_par' dir='ltr' id='par_1_33' title="bbox 2154 729 3728 799">
     <span class='ocr_line' id='line_1_33' title="bbox 2154 729 3728 799; baseline 0.004 -17"><span class='ocrx_word' id='word_1_251' title='bbox 2154 729 2274 784; x_wconf 82' lang='lat' dir='ltr'><strong>sine</strong></span> <span class='ocrx_word' id='word_1_252' title='bbox 2304 745 2399 798; x_wconf 89' lang='lat' dir='ltr'><strong>spe</strong></span> <span class='ocrx_word' id='word_1_253' title='bbox 2437 741 2648 783; x_wconf 89' lang='lat' dir='ltr'><strong>mortua</strong></span> <span class='ocrx_word' id='word_1_254' title='bbox 2698 731 3016 783; x_wconf 77' lang='lat' dir='ltr'><strong>videbantur</strong></span> <span class='ocrx_word' id='word_1_255' title='bbox 3058 747 3072 785; x_wconf 89' lang='lat'><strong>:</strong></span> <span class='ocrx_word' id='word_1_256' title='bbox 3125 734 3322 799; x_wconf 88' lang='lat' dir='ltr'><strong>quibus</strong></span> <span class='ocrx_word' id='word_1_257' title='bbox 3369 735 3558 799; x_wconf 82' lang='lat' dir='ltr'><strong>utique</strong></span> <span class='ocrx_word' id='word_1_258' title='bbox 3601 735 3728 788; x_wconf 84' lang='lat' dir='ltr'><strong>vitia</strong></span> 
     </span>
    </p>
   </div>
   <div class='ocr_carea' id='block_1_34' title="bbox 2157 824 3734 892">
    <p class='ocr_par' dir='ltr' id='par_1_34' title="bbox 2157 824 3734 892">
     <span class='ocr_line' id='line_1_34' title="bbox 2157 824 3734 892; baseline 0.001 -15"><span class='ocrx_word' id='word_1_259' title='bbox 2157 839 2281 877; x_wconf 85' lang='lat' dir='ltr'><strong>esse</strong></span> <span class='ocrx_word' id='word_1_260' title='bbox 2314 840 2417 877; x_wconf 91' lang='lat' dir='ltr'><strong>non</strong></span> <span class='ocrx_word' id='word_1_261' title='bbox 2455 825 2650 891; x_wconf 88' lang='lat' dir='ltr'><strong>potuit,</strong></span> <span class='ocrx_word' id='word_1_262' title='bbox 2687 825 2729 876; x_wconf 92' lang='lat' dir='ltr'><strong>si</strong></span> <span class='ocrx_word' id='word_1_263' title='bbox 2767 824 3050 876; x_wconf 89' lang='lat' dir='ltr'><strong>Dominum</strong></span> <span class='ocrx_word' id='word_1_264' title='bbox 3084 839 3190 878; x_wconf 89' lang='lat' dir='ltr'><strong>non</strong></span> <span class='ocrx_word' id='word_1_265' title='bbox 3225 839 3582 892; x_wconf 76' lang='lat' dir='ltr'><strong>aperaverunt</strong></span> <span class='ocrx_word' id='word_1_266' title='bbox 3609 841 3734 881; x_wconf 84' lang='lat' dir='ltr'><strong>esse</strong></span> 
     </span>
    </p>
   </div>
   <div class='ocr_carea' id='block_1_35' title="bbox 2155 915 3734 987">
    <p class='ocr_par' dir='ltr' id='par_1_35' title="bbox 2155 915 3734 987">
     <span class='ocr_line' id='line_1_35' title="bbox 2155 915 3734 987; baseline 0.001 -18"><span class='ocrx_word' id='word_1_267' title='bbox 2155 926 2470 978; x_wconf 88' lang='lat' dir='ltr'><strong>venturum,</strong></span> <span class='ocrx_word' id='word_1_268' title='bbox 2513 919 2724 970; x_wconf 85' lang='lat' dir='ltr'><strong>dicente</strong></span> <span class='ocrx_word' id='word_1_269' title='bbox 2757 916 3016 985; x_wconf 82' lang='lat' dir='ltr'><strong>Apostolo</strong></span> <span class='ocrx_word' id='word_1_270' title='bbox 3059 915 3213 987; x_wconf 84' lang='lat' dir='ltr'><strong>:Spe</strong></span> <span class='ocrx_word' id='word_1_271' title='bbox 3260 918 3397 970; x_wconf 84' lang='lat' dir='ltr'><strong>enim</strong></span> <span class='ocrx_word' id='word_1_272' title='bbox 3429 918 3562 972; x_wconf 79' lang='lat' dir='ltr'><strong>salvi</strong></span> <span class='ocrx_word' id='word_1_273' title='bbox 3605 919 3734 987; x_wconf 81' lang='lat' dir='ltr'><strong>facti</strong></span> 
     </span>
    </p>
   </div>
   <div class='ocr_carea' id='block_1_36' title="bbox 2156 1006 3782 1084">
    <p class='ocr_par' dir='ltr' id='par_1_36' title="bbox 2156 1006 3782 1084">
     <span class='ocr_line' id='line_1_36' title="bbox 2156 1006 3782 1084; baseline -0.001 -23"><span class='ocrx_word' id='word_1_274' title='bbox 2156 1023 2364 1062; x_wconf 85' lang='lat' dir='ltr'><strong>sumus.</strong></span> <span class='ocrx_word' id='word_1_275' title='bbox 2394 1007 2525 1077; x_wconf 85' lang='lat' dir='ltr'><strong>Spes</strong></span> <span class='ocrx_word' id='word_1_276' title='bbox 2547 1009 2684 1061; x_wconf 84' lang='lat' dir='ltr'><strong>enim</strong></span> <span class='ocrx_word' id='word_1_277' title='bbox 2717 1024 2833 1076; x_wconf 74' lang='lat' dir='ltr'><strong>qua:</strong></span> <span class='ocrx_word' id='word_1_278' title='bbox 2863 1007 3069 1062; x_wconf 76' lang='lat' dir='ltr'><strong>videtur</strong></span> <span class='ocrx_word' id='word_1_279' title='bbox 3101 1024 3203 1062; x_wconf 83' lang='lat' dir='ltr'><strong>non</strong></span> <span class='ocrx_word' id='word_1_280' title='bbox 3231 1018 3305 1062; x_wconf 87' lang='lat' dir='ltr'><strong>cst</strong></span> <span class='ocrx_word' id='word_1_281' title='bbox 3335 1022 3472 1074; x_wconf 80' lang='lat' dir='ltr'><strong>spes,</strong></span> <span class='ocrx_word' id='word_1_282' title='bbox 3501 1006 3590 1060; x_wconf 79' lang='lat' dir='ltr'><strong>sed</strong></span> <span class='ocrx_word' id='word_1_283' title='bbox 3615 1022 3734 1077; x_wconf 78' lang='lat' dir='ltr'><strong>quce</strong></span> <span class='ocrx_word' id='word_1_284' title='bbox 3759 1033 3782 1084; x_wconf 50' lang='grc' dir='ltr'>ι</span> 
     </span>
    </p>
   </div>
   <div class='ocr_carea' id='block_1_37' title="bbox 2156 1097 3730 1171">
    <p class='ocr_par' dir='ltr' id='par_1_37' title="bbox 2156 1097 3730 1171">
     <span class='ocr_line' id='line_1_37' title="bbox 2156 1097 3730 1171; baseline -0.001 -19"><span class='ocrx_word' id='word_1_285' title='bbox 2156 1111 2401 1165; x_wconf 76' lang='lat' dir='ltr'><strong>speratur</strong></span> <span class='ocrx_word' id='word_1_286' title='bbox 2441 1097 2618 1168; x_wconf 85' lang='lat' dir='ltr'><strong>(Rom.</strong></span> <span class='ocrx_word' id='word_1_287' title='bbox 2667 1114 2787 1165; x_wconf 86' lang='lat' dir='ltr'><strong>vm,</strong></span> <span class='ocrx_word' id='word_1_288' title='bbox 2834 1099 2948 1164; x_wconf 82' lang='grc' dir='ltr'><strong>Η).</strong></span> <span class='ocrx_word' id='word_1_289' title='bbox 2997 1098 3062 1153; x_wconf 80' lang='lat' dir='ltr'><strong>Et</strong></span> <span class='ocrx_word' id='word_1_290' title='bbox 3107 1099 3282 1167; x_wconf 85' lang='lat' dir='ltr'><strong>qualis</strong></span> <span class='ocrx_word' id='word_1_291' title='bbox 3331 1098 3440 1170; x_wconf 74' lang='grc' dir='ltr'><strong>[ΑΙ.</strong></span> <span class='ocrx_word' id='word_1_292' title='bbox 3473 1097 3730 1171; x_wconf 69' lang='lat' dir='ltr'><strong>qualiter]</strong></span> 
     </span>
    </p>
   </div>
   <div class='ocr_carea' id='block_1_38' title="bbox 2155 1189 3733 1259">
    <p class='ocr_par' dir='ltr' id='par_1_38' title="bbox 2155 1189 3733 1259">
     <span class='ocr_line' id='line_1_38' title="bbox 2155 1189 3733 1259; baseline 0.001 -16"><span class='ocrx_word' id='word_1_293' title='bbox 2155 1205 2280 1258; x_wconf 85' lang='lat' dir='ltr'><strong>spes</strong></span> <span class='ocrx_word' id='word_1_294' title='bbox 2324 1205 2445 1244; x_wconf 83' lang='lat' dir='ltr'><strong>csse</strong></span> <span class='ocrx_word' id='word_1_295' title='bbox 2489 1191 2679 1258; x_wconf 87' lang='lat' dir='ltr'><strong>potuit,</strong></span> <span class='ocrx_word' id='word_1_296' title='bbox 2714 1191 2760 1246; x_wconf 92' lang='lat' dir='ltr'><strong>si</strong></span> <span class='ocrx_word' id='word_1_297' title='bbox 2803 1205 2908 1244; x_wconf 90' lang='lat' dir='ltr'><strong>non</strong></span> <span class='ocrx_word' id='word_1_298' title='bbox 2955 1191 3057 1245; x_wconf 89' lang='lat' dir='ltr'><strong>fuit</strong></span> <span class='ocrx_word' id='word_1_299' title='bbox 3095 1191 3468 1259; x_wconf 83' lang='lat' dir='ltr'><strong>repromissa?</strong></span> <span class='ocrx_word' id='word_1_300' title='bbox 3511 1189 3623 1245; x_wconf 88' lang='lat' dir='ltr'><strong>lmo</strong></span> <span class='ocrx_word' id='word_1_301' title='bbox 3670 1198 3733 1245; x_wconf 87' lang='lat' dir='ltr'><strong>ut</strong></span> 
     </span>
    </p>
   </div>
   <div class='ocr_carea' id='block_1_39' title="bbox 2156 1279 3730 1351">
    <p class='ocr_par' dir='ltr' id='par_1_39' title="bbox 2156 1279 3730 1351">
     <span class='ocr_line' id='line_1_39' title="bbox 2156 1279 3730 1351; baseline -0.001 -17"><span class='ocrx_word' id='word_1_302' title='bbox 2156 1283 2332 1351; x_wconf 86' lang='lat' dir='ltr'><strong>primo</strong></span> <span class='ocrx_word' id='word_1_303' title='bbox 2363 1283 2565 1335; x_wconf 87' lang='lat' dir='ltr'><strong>homini</strong></span> <span class='ocrx_word' id='word_1_304' title='bbox 2591 1279 2683 1335; x_wconf 85' lang='lat' dir='ltr'><strong>illa</strong></span> <span class='ocrx_word' id='word_1_305' title='bbox 2710 1281 3011 1350; x_wconf 90' lang='lat' dir='ltr'><strong>sapientior</strong></span> <span class='ocrx_word' id='word_1_306' title='bbox 3034 1282 3285 1336; x_wconf 89' lang='lat' dir='ltr'><strong>omnibus</strong></span> <span class='ocrx_word' id='word_1_307' title='bbox 3316 1281 3506 1336; x_wconf 85' lang='lat' dir='ltr'><strong>bestiis</strong></span> <span class='ocrx_word' id='word_1_308' title='bbox 3537 1283 3730 1345; x_wconf 82' lang='lat' dir='ltr'><strong>bestia,</strong></span> 
     </span>
    </p>
   </div>
   <div class='ocr_carea' id='block_1_40' title="bbox 2155 1373 3732 1444">
    <p class='ocr_par' dir='ltr' id='par_1_40' title="bbox 2155 1373 3732 1444">
     <span class='ocr_line' id='line_1_40' title="bbox 2155 1373 3732 1444; baseline 0.001 -17"><span class='ocrx_word' id='word_1_309' title='bbox 2155 1385 2382 1428; x_wconf 88' lang='lat' dir='ltr'><strong>mortem</strong></span> <span class='ocrx_word' id='word_1_310' title='bbox 2433 1373 2613 1443; x_wconf 87' lang='lat' dir='ltr'><strong>sapuit</strong></span> <span class='ocrx_word' id='word_1_311' title='bbox 2658 1394 2671 1428; x_wconf 92' lang='lat'>:</span> <span class='ocrx_word' id='word_1_312' title='bbox 2713 1376 2784 1427; x_wconf 90' lang='lat' dir='ltr'><strong>ita</strong></span> <span class='ocrx_word' id='word_1_313' title='bbox 2823 1374 3068 1444; x_wconf 86' lang='lat' dir='ltr'><strong>oportuit</strong></span> <span class='ocrx_word' id='word_1_314' title='bbox 3116 1373 3266 1428; x_wconf 83' lang='lat' dir='ltr'><strong>illum</strong></span> <span class='ocrx_word' id='word_1_315' title='bbox 3305 1374 3589 1429; x_wconf 83' lang='lat' dir='ltr'><strong>Doninum</strong></span> <span class='ocrx_word' id='word_1_316' title='bbox 3629 1390 3732 1429; x_wconf 82' lang='lat' dir='ltr'><strong>no-</strong></span> 
     </span>
    </p>
   </div>
   <div class='ocr_carea' id='block_1_41' title="bbox 2155 1466 3730 1535">
    <p class='ocr_par' dir='ltr' id='par_1_41' title="bbox 2155 1466 3730 1535">
     <span class='ocr_line' id='line_1_41' title="bbox 2155 1466 3730 1535; baseline -0.001 -16"><span class='ocrx_word' id='word_1_317' title='bbox 2155 1475 2326 1519; x_wconf 87' lang='lat' dir='ltr'><strong>strum</strong></span> <span class='ocrx_word' id='word_1_318' title='bbox 2360 1481 2538 1520; x_wconf 80' lang='lat' dir='ltr'><strong>veram</strong></span> <span class='ocrx_word' id='word_1_319' title='bbox 2564 1467 2912 1535; x_wconf 88' lang='lat' dir='ltr'><strong>sapientiam,</strong></span> <span class='ocrx_word' id='word_1_320' title='bbox 2941 1466 3044 1532; x_wconf 84' lang='lat' dir='ltr'><strong>iam</strong></span> <span class='ocrx_word' id='word_1_321' title='bbox 3076 1475 3184 1519; x_wconf 89' lang='lat' dir='ltr'><strong>tum</strong></span> <span class='ocrx_word' id='word_1_322' title='bbox 3221 1466 3311 1518; x_wconf 88' lang='lat' dir='ltr'><strong>illo</strong></span> <span class='ocrx_word' id='word_1_323' title='bbox 3344 1476 3584 1534; x_wconf 84' lang='lat' dir='ltr'><strong>tempore</strong></span> <span class='ocrx_word' id='word_1_324' title='bbox 3615 1467 3730 1520; x_wconf 82' lang='lat' dir='ltr'><strong>suf-</strong></span> 
     </span>
    </p>
   </div>
   <div class='ocr_carea' id='block_1_42' title="bbox 2153 1553 3729 1627">
    <p class='ocr_par' dir='ltr' id='par_1_42' title="bbox 2153 1553 3729 1627">
     <span class='ocr_line' id='line_1_42' title="bbox 2153 1553 3729 1627; baseline 0.002 -19"><span class='ocrx_word' id='word_1_325' title='bbox 2153 1555 2384 1623; x_wconf 78' lang='lat' dir='ltr'><strong>fragium</strong></span> <span class='ocrx_word' id='word_1_326' title='bbox 2416 1571 2606 1627; x_wconf 88' lang='lat' dir='ltr'><strong>sapere</strong></span> <span class='ocrx_word' id='word_1_327' title='bbox 2642 1556 2826 1618; x_wconf 86' lang='lat' dir='ltr'><strong>vitale,</strong></span> <span class='ocrx_word' id='word_1_328' title='bbox 2864 1559 3008 1622; x_wconf 87' lang='lat' dir='ltr'><strong>quod</strong></span> <span class='ocrx_word' id='word_1_329' title='bbox 3042 1566 3096 1610; x_wconf 91' lang='lat' dir='ltr'><strong>et</strong></span> <span class='ocrx_word' id='word_1_330' title='bbox 3123 1555 3270 1610; x_wconf 89' lang='lat' dir='ltr'><strong>fecit.</strong></span> <span class='ocrx_word' id='word_1_331' title='bbox 3307 1553 3492 1624; x_wconf 89' lang='lat' dir='ltr'><strong>Neque</strong></span> <span class='ocrx_word' id='word_1_332' title='bbox 3523 1556 3729 1611; x_wconf 77' lang='lat' dir='ltr'><strong>destitit</strong></span> 
     </span>
    </p>
   </div>
   <div class='ocr_carea' id='block_1_43' title="bbox 2151 1647 3729 1718">
    <p class='ocr_par' dir='ltr' id='par_1_43' title="bbox 2151 1647 3729 1718">
     <span class='ocr_line' id='line_1_43' title="bbox 2151 1647 3729 1718; baseline 0.001 -18"><span class='ocrx_word' id='word_1_333' title='bbox 2151 1649 2448 1718; x_wconf 86' lang='lat' dir='ltr'><strong>publicare,</strong></span> <span class='ocrx_word' id='word_1_334' title='bbox 2484 1664 2549 1704; x_wconf 86' lang='lat' dir='ltr'><strong>ne</strong></span> <span class='ocrx_word' id='word_1_335' title='bbox 2581 1657 2728 1702; x_wconf 86' lang='lat' dir='ltr'><strong>tanta</strong></span> <span class='ocrx_word' id='word_1_336' title='bbox 2773 1648 2891 1717; x_wconf 86' lang='lat' dir='ltr'><strong>ejus</strong></span> <span class='ocrx_word' id='word_1_337' title='bbox 2931 1648 3139 1703; x_wconf 88' lang='lat' dir='ltr'><strong>factura</strong></span> <span class='ocrx_word' id='word_1_338' title='bbox 3173 1665 3280 1702; x_wconf 88' lang='lat' dir='ltr'><strong>uno</strong></span> <span class='ocrx_word' id='word_1_339' title='bbox 3313 1648 3515 1703; x_wconf 90' lang='lat' dir='ltr'><strong>inimici</strong></span> <span class='ocrx_word' id='word_1_340' title='bbox 3557 1647 3729 1702; x_wconf 85' lang='lat' dir='ltr'><strong>ariete</strong></span> 
     </span>
    </p>
   </div>
   <div class='ocr_carea' id='block_1_44' title="bbox 2151 1740 3724 1810">
    <p class='ocr_par' dir='ltr' id='par_1_44' title="bbox 2151 1740 3724 1810">
     <span class='ocr_line' id='line_1_44' title="bbox 2151 1740 3724 1810; baseline 0.003 -20"><span class='ocrx_word' id='word_1_341' title='bbox 2151 1740 2486 1808; x_wconf 83' lang='lat' dir='ltr'><strong>prepulsata,</strong></span> <span class='ocrx_word' id='word_1_342' title='bbox 2542 1740 2659 1794; x_wconf 88' lang='lat' dir='ltr'><strong>sine</strong></span> <span class='ocrx_word' id='word_1_343' title='bbox 2706 1740 2957 1808; x_wconf 60' lang='lat' dir='ltr'><strong>praesidio</strong></span> <span class='ocrx_word' id='word_1_344' title='bbox 3009 1740 3242 1809; x_wconf 75' lang='lat' dir='ltr'><strong>alicujus</strong></span> <span class='ocrx_word' id='word_1_345' title='bbox 3294 1741 3470 1809; x_wconf 86' lang='lat' dir='ltr'><strong>lapsui</strong></span> <span class='ocrx_word' id='word_1_346' title='bbox 3520 1741 3724 1810; x_wconf 84' lang='lat' dir='ltr'><strong>potius,</strong></span> 
     </span>
    </p>
   </div>
   <div class='ocr_carea' id='block_1_45' title="bbox 2148 1825 3729 1900">
    <p class='ocr_par' dir='ltr' id='par_1_45' title="bbox 2148 1825 3729 1900">
     <span class='ocr_line' id='line_1_45' title="bbox 2148 1825 3729 1900; baseline 0.003 -18"><span class='ocrx_word' id='word_1_347' title='bbox 2148 1845 2308 1899; x_wconf 90' lang='lat' dir='ltr'><strong>quam</strong></span> <span class='ocrx_word' id='word_1_348' title='bbox 2347 1831 2527 1884; x_wconf 81' lang='lat' dir='ltr'><strong>decori</strong></span> <span class='ocrx_word' id='word_1_349' title='bbox 2562 1825 2818 1900; x_wconf 88' lang='lat' dir='ltr'><strong>generata</strong></span> <span class='ocrx_word' id='word_1_350' title='bbox 2856 1831 3136 1885; x_wconf 91' lang='lat' dir='ltr'><strong>videretur</strong></span> <span class='ocrx_word' id='word_1_351' title='bbox 3171 1848 3185 1884; x_wconf 92' lang='lat'><strong>:</strong></span> <span class='ocrx_word' id='word_1_352' title='bbox 3218 1831 3376 1885; x_wconf 88' lang='lat' dir='ltr'><strong>simul</strong></span> <span class='ocrx_word' id='word_1_353' title='bbox 3411 1847 3476 1886; x_wconf 87' lang='lat' dir='ltr'><strong>ne</strong></span> <span class='ocrx_word' id='word_1_354' title='bbox 3513 1833 3559 1886; x_wconf 90' lang='lat' dir='ltr'><strong>is</strong></span> <span class='ocrx_word' id='word_1_355' title='bbox 3595 1833 3729 1886; x_wconf 80' lang='lat' dir='ltr'><strong>vali-</strong></span> 
     </span>
    </p>
   </div>
   <div class='ocr_carea' id='block_1_46' title="bbox 2148 1920 3728 1990">
    <p class='ocr_par' dir='ltr' id='par_1_46' title="bbox 2148 1920 3728 1990">
     <span class='ocr_line' id='line_1_46' title="bbox 2148 1920 3728 1990; baseline 0.003 -18"><span class='ocrx_word' id='word_1_356' title='bbox 2148 1920 2268 1974; x_wconf 82' lang='lat' dir='ltr'><strong>dior</strong></span> <span class='ocrx_word' id='word_1_357' title='bbox 2317 1921 2630 1984; x_wconf 88' lang='lat' dir='ltr'><strong>hahcrctur,</strong></span> <span class='ocrx_word' id='word_1_358' title='bbox 2683 1923 2772 1990; x_wconf 86' lang='lat' dir='ltr'><strong>qui</strong></span> <span class='ocrx_word' id='word_1_359' title='bbox 2825 1929 3033 1974; x_wconf 86' lang='lat' dir='ltr'><strong>tantum</strong></span> <span class='ocrx_word' id='word_1_360' title='bbox 3085 1935 3222 1990; x_wconf 87' lang='lat' dir='ltr'><strong>opus</strong></span> <span class='ocrx_word' id='word_1_361' title='bbox 3273 1921 3463 1975; x_wconf 72' lang='lat' dir='ltr'><strong>alienae</strong></span> <span class='ocrx_word' id='word_1_362' title='bbox 3509 1921 3728 1976; x_wconf 81' lang='lat' dir='ltr'><strong>virtutis</strong></span> 
     </span>
    </p>
   </div>
   <div class='ocr_carea' id='block_1_47' title="bbox 2147 2013 3726 2083">
    <p class='ocr_par' dir='ltr' id='par_1_47' title="bbox 2147 2013 3726 2083">
     <span class='ocr_line' id='line_1_47' title="bbox 2147 2013 3726 2083; baseline 0 -16"><span class='ocrx_word' id='word_1_363' title='bbox 2147 2014 2381 2068; x_wconf 86' lang='lat' dir='ltr'><strong>obruere</strong></span> <span class='ocrx_word' id='word_1_364' title='bbox 2424 2014 2715 2083; x_wconf 82' lang='lat' dir='ltr'><strong>potuisset.</strong></span> <span class='ocrx_word' id='word_1_365' title='bbox 2757 2028 2920 2082; x_wconf 85' lang='lat' dir='ltr'><strong>quam</strong></span> <span class='ocrx_word' id='word_1_366' title='bbox 2958 2013 3064 2077; x_wconf 89' lang='lat' dir='ltr'><strong>ille,</strong></span> <span class='ocrx_word' id='word_1_367' title='bbox 3103 2015 3147 2067; x_wconf 91' lang='lat' dir='ltr'><strong>si</strong></span> <span class='ocrx_word' id='word_1_368' title='bbox 3196 2028 3332 2081; x_wconf 86' lang='lat' dir='ltr'><strong>opus</strong></span> <span class='ocrx_word' id='word_1_369' title='bbox 3370 2028 3550 2076; x_wconf 91' lang='lat' dir='ltr'><strong>suum,</strong></span> <span class='ocrx_word' id='word_1_370' title='bbox 3583 2014 3726 2081; x_wconf 86' lang='lat' dir='ltr'><strong>quod</strong></span> 
     </span>
    </p>
   </div>
   <div class='ocr_carea' id='block_1_48' title="bbox 2147 2104 3728 2174">
    <p class='ocr_par' dir='ltr' id='par_1_48' title="bbox 2147 2104 3728 2174">
     <span class='ocr_line' id='line_1_48' title="bbox 2147 2104 3728 2174; baseline 0 -16"><span class='ocrx_word' id='word_1_371' title='bbox 2147 2121 2308 2174; x_wconf 84' lang='lat' dir='ltr'><strong>super</strong></span> <span class='ocrx_word' id='word_1_372' title='bbox 2331 2120 2518 2159; x_wconf 50' lang='lat' dir='ltr'><strong>ou‘mes</strong></span> <span class='ocrx_word' id='word_1_373' title='bbox 2541 2115 2820 2160; x_wconf 81' lang='lat' dir='ltr'><strong>creaturas</strong></span> <span class='ocrx_word' id='word_1_374' title='bbox 2849 2105 3196 2158; x_wconf 72' lang='lat' dir='ltr'><strong>iueffabililer</strong></span> <span class='ocrx_word' id='word_1_375' title='bbox 3219 2104 3370 2169; x_wconf 61' lang='lat' dir='ltr'><strong>fecit,</strong></span> <span class='ocrx_word' id='word_1_376' title='bbox 3393 2116 3482 2158; x_wconf 86' lang='lat' dir='ltr'><strong>aut</strong></span> <span class='ocrx_word' id='word_1_377' title='bbox 3506 2119 3728 2159; x_wconf 83' lang='lat' dir='ltr'><strong>servare</strong></span> 
     </span>
    </p>
   </div>
   <div class='ocr_carea' id='block_1_49' title="bbox 2149 2184 3722 2268">
    <p class='ocr_par' dir='ltr' id='par_1_49' title="bbox 2149 2184 3722 2268">
     <span class='ocr_line' id='line_1_49' title="bbox 2149 2184 3722 2268; baseline 0.001 -16"><span class='ocrx_word' id='word_1_378' title='bbox 2149 2214 2252 2252; x_wconf 90' lang='lat' dir='ltr'><strong>nou</strong></span> <span class='ocrx_word' id='word_1_379' title='bbox 2313 2184 2599 2268; x_wconf 81' lang='lat' dir='ltr'><strong>potuisset,</strong></span> <span class='ocrx_word' id='word_1_380' title='bbox 2653 2209 2744 2252; x_wconf 89' lang='lat' dir='ltr'><strong>aut</strong></span> <span class='ocrx_word' id='word_1_381' title='bbox 2804 2214 3056 2265; x_wconf 87' lang='lat' dir='ltr'><strong>reparare</strong></span> <span class='ocrx_word' id='word_1_382' title='bbox 3114 2198 3394 2252; x_wconf 86' lang='lat' dir='ltr'><strong>noluisset.</strong></span> <span class='ocrx_word' id='word_1_383' title='bbox 3452 2196 3722 2257; x_wconf 79' lang='lat' dir='ltr'><strong>Defendit.</strong></span> 
     </span>
    </p>
   </div>
   <div class='ocr_carea' id='block_1_50' title="bbox 2148 2289 3726 2361">
    <p class='ocr_par' dir='ltr' id='par_1_50' title="bbox 2148 2289 3726 2361">
     <span class='ocr_line' id='line_1_50' title="bbox 2148 2289 3726 2361; baseline -0.001 -16"><span class='ocrx_word' id='word_1_384' title='bbox 2148 2293 2389 2361; x_wconf 87' lang='lat' dir='ltr'><strong>inquam,</strong></span> <span class='ocrx_word' id='word_1_385' title='bbox 2441 2292 2529 2345; x_wconf 90' lang='lat' dir='ltr'><strong>ille</strong></span> <span class='ocrx_word' id='word_1_386' title='bbox 2573 2307 2630 2344; x_wconf 87' lang='lat' dir='ltr'><strong>se</strong></span> <span class='ocrx_word' id='word_1_387' title='bbox 2679 2293 2779 2345; x_wconf 89' lang='lat' dir='ltr'><strong>hac</strong></span> <span class='ocrx_word' id='word_1_388' title='bbox 2825 2289 3052 2344; x_wconf 81' lang='lat' dir='ltr'><strong>invidia.</strong></span> <span class='ocrx_word' id='word_1_389' title='bbox 3101 2289 3350 2344; x_wconf 83' lang='lat' dir='ltr'><strong>Defendit</strong></span> <span class='ocrx_word' id='word_1_390' title='bbox 3401 2291 3494 2344; x_wconf 88' lang='lat' dir='ltr'><strong>ille</strong></span> <span class='ocrx_word' id='word_1_391' title='bbox 3539 2299 3726 2344; x_wconf 83' lang='lat' dir='ltr'><strong>noster</strong></span> 
     </span>
    </p>
   </div>
   <div class='ocr_carea' id='block_1_51' title="bbox 2146 2382 3726 2453">
    <p class='ocr_par' dir='ltr' id='par_1_51' title="bbox 2146 2382 3726 2453">
     <span class='ocr_line' id='line_1_51' title="bbox 2146 2382 3726 2453; baseline -0.001 -16"><span class='ocrx_word' id='word_1_392' title='bbox 2146 2385 2400 2440; x_wconf 90' lang='lat' dir='ltr'><strong>conditor</strong></span> <span class='ocrx_word' id='word_1_393' title='bbox 2433 2393 2488 2438; x_wconf 92' lang='lat' dir='ltr'><strong>et</strong></span> <span class='ocrx_word' id='word_1_394' title='bbox 2523 2384 2833 2453; x_wconf 86' lang='lat' dir='ltr'><strong>redemptor</strong></span> <span class='ocrx_word' id='word_1_395' title='bbox 2875 2397 2894 2436; x_wconf 89' lang='lat'><strong><em>:</em></strong></span> <span class='ocrx_word' id='word_1_396' title='bbox 2925 2382 3240 2451; x_wconf 83' lang='lat' dir='ltr'><strong>pariterque</strong></span> <span class='ocrx_word' id='word_1_397' title='bbox 3284 2396 3344 2436; x_wconf 90' lang='lat' dir='ltr'><strong>se</strong></span> <span class='ocrx_word' id='word_1_398' title='bbox 3384 2390 3439 2436; x_wconf 86' lang='lat' dir='ltr'><strong>et</strong></span> <span class='ocrx_word' id='word_1_399' title='bbox 3473 2396 3634 2449; x_wconf 85' lang='lat' dir='ltr'><strong>posse</strong></span> <span class='ocrx_word' id='word_1_400' title='bbox 3669 2391 3726 2436; x_wconf 91' lang='lat' dir='ltr'><strong>et</strong></span> 
     </span>
    </p>
   </div>
   <div class='ocr_carea' id='block_1_52' title="bbox 2145 2474 3724 2545">
    <p class='ocr_par' dir='ltr' id='par_1_52' title="bbox 2145 2474 3724 2545">
     <span class='ocr_line' id='line_1_52' title="bbox 2145 2474 3724 2545; baseline 0 -19"><span class='ocrx_word' id='word_1_401' title='bbox 2145 2476 2283 2531; x_wconf 88' lang='lat' dir='ltr'><strong>velle</strong></span> <span class='ocrx_word' id='word_1_402' title='bbox 2327 2477 2672 2537; x_wconf 82' lang='lat' dir='ltr'><strong>monstravit,</strong></span> <span class='ocrx_word' id='word_1_403' title='bbox 2719 2475 2975 2545; x_wconf 85' lang='lat' dir='ltr'><strong>quoniam</strong></span> <span class='ocrx_word' id='word_1_404' title='bbox 3011 2490 3112 2528; x_wconf 84' lang='lat' dir='ltr'><strong>nec</strong></span> <span class='ocrx_word' id='word_1_405' title='bbox 3144 2475 3315 2528; x_wconf 87' lang='lat' dir='ltr'><strong>virtus</strong></span> <span class='ocrx_word' id='word_1_406' title='bbox 3348 2474 3602 2542; x_wconf 70' lang='lat' dir='ltr'><strong>potentia:</strong></span> <span class='ocrx_word' id='word_1_407' title='bbox 3631 2474 3724 2528; x_wconf 88' lang='lat' dir='ltr'><strong>de-</strong></span> 
     </span>
    </p>
   </div>
   <div class='ocr_carea' id='block_1_53' title="bbox 2146 2563 3722 2635">
    <p class='ocr_par' dir='ltr' id='par_1_53' title="bbox 2146 2563 3722 2635">
     <span class='ocr_line' id='line_1_53' title="bbox 2146 2563 3722 2635; baseline -0.003 -16"><span class='ocrx_word' id='word_1_408' title='bbox 2146 2567 2268 2629; x_wconf 85' lang='lat' dir='ltr'><strong>fuit,</strong></span> <span class='ocrx_word' id='word_1_409' title='bbox 2295 2581 2395 2620; x_wconf 91' lang='lat' dir='ltr'><strong>nec</strong></span> <span class='ocrx_word' id='word_1_410' title='bbox 2417 2566 2654 2635; x_wconf 82' lang='lat' dir='ltr'><strong>dignatio</strong></span> <span class='ocrx_word' id='word_1_411' title='bbox 2679 2565 2885 2633; x_wconf 88' lang='lat' dir='ltr'><strong>pietati.</strong></span> <span class='ocrx_word' id='word_1_412' title='bbox 2914 2564 3038 2618; x_wconf 66' lang='lat' dir='ltr'><strong>[hac</strong></span> <span class='ocrx_word' id='word_1_413' title='bbox 3059 2563 3216 2618; x_wconf 85' lang='lat' dir='ltr'><strong>nobis</strong></span> <span class='ocrx_word' id='word_1_414' title='bbox 3235 2563 3406 2632; x_wconf 81' lang='lat' dir='ltr'><strong>magis</strong></span> <span class='ocrx_word' id='word_1_415' title='bbox 3419 2563 3722 2625; x_wconf 75' lang='lat' dir='ltr'><strong>adoranda.</strong></span> 
     </span>
    </p>
   </div>
   <div class='ocr_carea' id='block_1_54' title="bbox 2145 2655 3725 2727">
    <p class='ocr_par' dir='ltr' id='par_1_54' title="bbox 2145 2655 3725 2727">
     <span class='ocr_line' id='line_1_54' title="bbox 2145 2655 3725 2727; baseline 0 -17"><span class='ocrx_word' id='word_1_416' title='bbox 2145 2659 2290 2726; x_wconf 86' lang='lat' dir='ltr'><strong>quod</strong></span> <span class='ocrx_word' id='word_1_417' title='bbox 2327 2659 2425 2713; x_wconf 85' lang='lat' dir='ltr'><strong>sub</strong></span> <span class='ocrx_word' id='word_1_418' title='bbox 2467 2660 2580 2727; x_wconf 82' lang='lat' dir='ltr'><strong>ipsa</strong></span> <span class='ocrx_word' id='word_1_419' title='bbox 2613 2657 2818 2712; x_wconf 85' lang='lat' dir='ltr'><strong>erroris</strong></span> <span class='ocrx_word' id='word_1_420' title='bbox 2853 2656 3024 2712; x_wconf 85' lang='lat' dir='ltr'><strong>nostri</strong></span> <span class='ocrx_word' id='word_1_421' title='bbox 3065 2667 3391 2725; x_wconf 78' lang='lat' dir='ltr'><strong>tempestate</strong></span> <span class='ocrx_word' id='word_1_422' title='bbox 3443 2671 3552 2710; x_wconf 89' lang='lat' dir='ltr'><strong>non</strong></span> <span class='ocrx_word' id='word_1_423' title='bbox 3593 2655 3725 2710; x_wconf 82' lang='lat' dir='ltr'><strong>sub-</strong></span> 
     </span>
    </p>
   </div>
   <div class='ocr_carea' id='block_1_55' title="bbox 2145 2747 3722 2820">
    <p class='ocr_par' dir='ltr' id='par_1_55' title="bbox 2145 2747 3722 2820">
     <span class='ocr_line' id='line_1_55' title="bbox 2145 2747 3722 2820; baseline -0.004 -15"><span class='ocrx_word' id='word_1_424' title='bbox 2145 2752 2285 2805; x_wconf 81' lang='lat' dir='ltr'><strong>stitit</strong></span> <span class='ocrx_word' id='word_1_425' title='bbox 2331 2770 2344 2807; x_wconf 90' lang='lat'><strong>:</strong></span> <span class='ocrx_word' id='word_1_426' title='bbox 2402 2750 2685 2820; x_wconf 73' lang='lat' dir='ltr'><strong>majorque</strong></span> <span class='ocrx_word' id='word_1_427' title='bbox 2730 2751 2896 2804; x_wconf 88' lang='lat' dir='ltr'><strong>etiam</strong></span> <span class='ocrx_word' id='word_1_428' title='bbox 2940 2753 3068 2803; x_wconf 87' lang='lat' dir='ltr'><strong>dum</strong></span> <span class='ocrx_word' id='word_1_429' title='bbox 3122 2749 3478 2804; x_wconf 70' lang='lat' dir='ltr'><strong>exacerbatur</strong></span> <span class='ocrx_word' id='word_1_430' title='bbox 3521 2747 3722 2817; x_wconf 80' lang='lat' dir='ltr'><strong>erupit,</strong></span> 
     </span>
    </p>
   </div>
   <div class='ocr_carea' id='block_1_56' title="bbox 2144 2840 3726 2912">
    <p class='ocr_par' dir='ltr' id='par_1_56' title="bbox 2144 2840 3726 2912">
     <span class='ocr_line' id='line_1_56' title="bbox 2144 2840 3726 2912; baseline -0.003 -14"><span class='ocrx_word' id='word_1_431' title='bbox 2144 2843 2273 2898; x_wconf 80' lang='lat' dir='ltr'><strong>dum</strong></span> <span class='ocrx_word' id='word_1_432' title='bbox 2331 2843 2420 2896; x_wconf 80' lang='lat' dir='ltr'><strong>tibi</strong></span> <span class='ocrx_word' id='word_1_433' title='bbox 2479 2858 2694 2912; x_wconf 69' lang='lat' dir='ltr'><strong>poenam</strong></span> <span class='ocrx_word' id='word_1_434' title='bbox 2749 2841 3097 2896; x_wconf 72' lang='lat' dir='ltr'><strong>merebantur</strong></span> <span class='ocrx_word' id='word_1_435' title='bbox 3152 2857 3280 2910; x_wconf 81' lang='lat' dir='ltr'><strong>spes</strong></span> <span class='ocrx_word' id='word_1_436' title='bbox 3333 2840 3726 2908; x_wconf 84' lang='lat' dir='ltr'><strong>redemptionis</strong></span> 
     </span>
    </p>
   </div>
   <div class='ocr_carea' id='block_1_57' title="bbox 2143 2934 3725 3004">
    <p class='ocr_par' dir='ltr' id='par_1_57' title="bbox 2143 2934 3725 3004">
     <span class='ocr_line' id='line_1_57' title="bbox 2143 2934 3725 3004; baseline -0.003 -12"><span class='ocrx_word' id='word_1_437' title='bbox 2143 2937 2471 2997; x_wconf 85' lang='lat' dir='ltr'><strong>ostenditur,</strong></span> <span class='ocrx_word' id='word_1_438' title='bbox 2508 2945 2560 2989; x_wconf 85' lang='lat' dir='ltr'><strong>cl</strong></span> <span class='ocrx_word' id='word_1_439' title='bbox 2600 2935 2729 2988; x_wconf 91' lang='lat' dir='ltr'><strong>dum</strong></span> <span class='ocrx_word' id='word_1_440' title='bbox 2775 2935 2831 2988; x_wconf 90' lang='lat' dir='ltr'><strong>in</strong></span> <span class='ocrx_word' id='word_1_441' title='bbox 2877 2934 3141 3004; x_wconf 83' lang='lat' dir='ltr'><strong>naufragii</strong></span> <span class='ocrx_word' id='word_1_442' title='bbox 3179 2935 3379 2988; x_wconf 82' lang='lat' dir='ltr'><strong>acerbo</strong></span> <span class='ocrx_word' id='word_1_443' title='bbox 3409 2935 3725 2988; x_wconf 75' lang='lat' dir='ltr'><strong>discrimine</strong></span> 
     </span>
    </p>
   </div>
   <div class='ocr_carea' id='block_1_58' title="bbox 2143 3024 3722 3096">
    <p class='ocr_par' dir='ltr' id='par_1_58' title="bbox 2143 3024 3722 3096">
     <span class='ocr_line' id='line_1_58' title="bbox 2143 3024 3722 3096; baseline 0 -19"><span class='ocrx_word' id='word_1_444' title='bbox 2143 3035 2338 3096; x_wconf 79' lang='lat' dir='ltr'><strong>portus</strong></span> <span class='ocrx_word' id='word_1_445' title='bbox 2369 3025 2563 3079; x_wconf 85' lang='lat' dir='ltr'><strong>salutis</strong></span> <span class='ocrx_word' id='word_1_446' title='bbox 2591 3025 2832 3092; x_wconf 88' lang='lat' dir='ltr'><strong>aperitur</strong></span> <span class='ocrx_word' id='word_1_447' title='bbox 2859 3039 2872 3080; x_wconf 91' lang='lat'><strong>:</strong></span> <span class='ocrx_word' id='word_1_448' title='bbox 2909 3036 2966 3078; x_wconf 86' lang='lat' dir='ltr'><strong>ut</strong></span> <span class='ocrx_word' id='word_1_449' title='bbox 2994 3038 3134 3078; x_wconf 89' lang='lat' dir='ltr'><strong>novo</strong></span> <span class='ocrx_word' id='word_1_450' title='bbox 3165 3039 3315 3078; x_wconf 90' lang='lat' dir='ltr'><strong>more</strong></span> <span class='ocrx_word' id='word_1_451' title='bbox 3340 3038 3462 3094; x_wconf 72' lang='lat' dir='ltr'><strong>quze</strong></span> <span class='ocrx_word' id='word_1_452' title='bbox 3495 3024 3722 3077; x_wconf 87' lang='lat' dir='ltr'><strong>materia</strong></span> 
     </span>
    </p>
   </div>
   <div class='ocr_carea' id='block_1_59' title="bbox 465 3115 3724 3193">
    <p class='ocr_par' dir='ltr' id='par_1_59' title="bbox 465 3115 3724 3193">
     <span class='ocr_line' id='line_1_59' title="bbox 465 3115 3724 3193; baseline 0.001 -19"><span class='ocrx_word' id='word_1_453' title='bbox 465 3123 755 3191; x_wconf 71' lang='lat' dir='ltr'><strong>prmdium,</strong></span> <span class='ocrx_word' id='word_1_454' title='bbox 793 3129 847 3178; x_wconf 91' lang='lat' dir='ltr'><strong>et</strong></span> <span class='ocrx_word' id='word_1_455' title='bbox 905 3124 1132 3179; x_wconf 84' lang='lat' dir='ltr'><strong>urbanis</strong></span> <span class='ocrx_word' id='word_1_456' title='bbox 1193 3134 1675 3191; x_wconf 83' lang='lat' dir='ltr'><strong>conventtstatum,</strong></span> <span class='ocrx_word' id='word_1_457' title='bbox 1712 3136 1767 3180; x_wconf 77' lang='lat' dir='ltr'><strong>et</strong></span> <span class='ocrx_word' id='word_1_458' title='bbox 1819 3128 2111 3193; x_wconf 78' lang='lat' dir='ltr'><strong>rusticisc</strong></span> <span class='ocrx_word' id='word_1_459' title='bbox 2145 3117 2322 3170; x_wconf 75' lang='lat' dir='ltr'><strong>fuerat</strong></span> <span class='ocrx_word' id='word_1_460' title='bbox 2371 3116 2691 3180; x_wconf 62' lang='lat' dir='ltr'><strong>iracundiae.</strong></span> <span class='ocrx_word' id='word_1_461' title='bbox 2741 3131 2862 3170; x_wconf 78' lang='lat' dir='ltr'><strong>esse</strong></span> <span class='ocrx_word' id='word_1_462' title='bbox 2925 3117 3155 3186; x_wconf 70' lang='lat' dir='ltr'><strong>coeperit</strong></span> <span class='ocrx_word' id='word_1_463' title='bbox 3207 3115 3358 3184; x_wconf 79' lang='lat' dir='ltr'><strong>origo</strong></span> <span class='ocrx_word' id='word_1_464' title='bbox 3400 3116 3724 3176; x_wconf 67' lang='lat' dir='ltr'><strong>clementiae.</strong></span> 
     </span>
    </p>
   </div>
   <div class='ocr_carea' id='block_1_60' title="bbox 461 3213 2037 3284">
    <p class='ocr_par' dir='ltr' id='par_1_60' title="bbox 461 3213 2037 3284">
     <span class='ocr_line' id='line_1_60' title="bbox 461 3213 2037 3284; baseline 0.002 -17"><span class='ocrx_word' id='word_1_465' title='bbox 461 3214 756 3276; x_wconf 85' lang='lat' dir='ltr'><strong>consitum,</strong></span> <span class='ocrx_word' id='word_1_466' title='bbox 791 3215 891 3268; x_wconf 90' lang='lat' dir='ltr'><strong>sub</strong></span> <span class='ocrx_word' id='word_1_467' title='bbox 919 3213 1037 3284; x_wconf 87' lang='lat' dir='ltr'><strong>lege</strong></span> <span class='ocrx_word' id='word_1_468' title='bbox 1065 3216 1348 3279; x_wconf 88' lang='lat' dir='ltr'><strong>donatum,</strong></span> <span class='ocrx_word' id='word_1_469' title='bbox 1383 3216 1576 3270; x_wconf 84' lang='lat' dir='ltr'><strong>mortis</strong></span> <span class='ocrx_word' id='word_1_470' title='bbox 1613 3217 1700 3270; x_wconf 91' lang='lat' dir='ltr'><strong>ille</strong></span> <span class='ocrx_word' id='word_1_471' title='bbox 1754 3217 2037 3282; x_wconf 73' lang='lat' dir='ltr'><strong>praesemi-</strong></span> 
     </span>
    </p>
   </div>
   <div class='ocr_carea' id='block_1_61' title="bbox 461 3305 2039 3377">
    <p class='ocr_par' dir='ltr' id='par_1_61' title="bbox 461 3305 2039 3377">
     <span class='ocr_line' id='line_1_61' title="bbox 461 3305 2039 3377; baseline 0.001 -18"><span class='ocrx_word' id='word_1_472' title='bbox 461 3315 622 3359; x_wconf 82' lang='lat' dir='ltr'><strong>nator</strong></span> <span class='ocrx_word' id='word_1_473' title='bbox 645 3305 838 3360; x_wconf 85' lang='lat' dir='ltr'><strong>invidit</strong></span> <span class='ocrx_word' id='word_1_474' title='bbox 873 3323 889 3362; x_wconf 88' lang='lat'>:</span> <span class='ocrx_word' id='word_1_475' title='bbox 923 3321 1303 3376; x_wconf 84' lang='lat' dir='ltr'><strong>venenumque</strong></span> <span class='ocrx_word' id='word_1_476' title='bbox 1351 3323 1510 3362; x_wconf 85' lang='lat' dir='ltr'><strong>suum</strong></span> <span class='ocrx_word' id='word_1_477' title='bbox 1564 3307 1886 3377; x_wconf 88' lang='lat' dir='ltr'><strong>decipiendo</strong></span> <span class='ocrx_word' id='word_1_478' title='bbox 1930 3310 2039 3376; x_wconf 80' lang='lat' dir='ltr'><strong>pri-</strong></span> 
     </span>
    </p>
   </div>
   <div class='ocr_carea' id='block_1_62' title="bbox 461 3395 2036 3468">
    <p class='ocr_par' dir='ltr' id='par_1_62' title="bbox 461 3395 2036 3468">
     <span class='ocr_line' id='line_1_62' title="bbox 461 3395 2036 3468; baseline 0.003 -18"><span class='ocrx_word' id='word_1_479' title='bbox 461 3411 676 3450; x_wconf 82' lang='lat' dir='ltr'><strong>morum</strong></span> <span class='ocrx_word' id='word_1_480' title='bbox 713 3395 995 3452; x_wconf 81' lang='lat' dir='ltr'><strong>hominum</strong></span> <span class='ocrx_word' id='word_1_481' title='bbox 1037 3397 1312 3452; x_wconf 89' lang='lat' dir='ltr'><strong>credulam</strong></span> <span class='ocrx_word' id='word_1_482' title='bbox 1373 3397 1668 3453; x_wconf 83' lang='lat' dir='ltr'><strong>novitatem</strong></span> <span class='ocrx_word' id='word_1_483' title='bbox 1719 3399 1773 3453; x_wconf 92' lang='lat' dir='ltr'><strong>in</strong></span> <span class='ocrx_word' id='word_1_484' title='bbox 1805 3415 2036 3468; x_wconf 80' lang='lat' dir='ltr'><strong>empora</strong></span> 
     </span>
    </p>
   </div>
   <div class='ocr_carea' id='block_1_63' title="bbox 462 3487 2034 3554">
    <p class='ocr_par' dir='ltr' id='par_1_63' title="bbox 462 3487 2034 3554">
     <span class='ocr_line' id='line_1_63' title="bbox 462 3487 2034 3554; baseline 0.003 -14"><span class='ocrx_word' id='word_1_485' title='bbox 462 3498 649 3541; x_wconf 87' lang='lat' dir='ltr'><strong>nostra</strong></span> <span class='ocrx_word' id='word_1_486' title='bbox 680 3487 912 3542; x_wconf 85' lang='lat' dir='ltr'><strong>latenter</strong></span> <span class='ocrx_word' id='word_1_487' title='bbox 937 3489 1206 3544; x_wconf 85' lang='lat' dir='ltr'><strong>immersit</strong></span> <span class='ocrx_word' id='word_1_488' title='bbox 1237 3505 1252 3544; x_wconf 88' lang='lat'><strong>:</strong></span> <span class='ocrx_word' id='word_1_489' title='bbox 1279 3499 1330 3544; x_wconf 87' lang='lat' dir='ltr'><strong>et</strong></span> <span class='ocrx_word' id='word_1_490' title='bbox 1350 3507 1413 3544; x_wconf 85' lang='lat' dir='ltr'><strong>ex</strong></span> <span class='ocrx_word' id='word_1_491' title='bbox 1443 3491 1660 3546; x_wconf 88' lang='lat' dir='ltr'><strong>duabus</strong></span> <span class='ocrx_word' id='word_1_492' title='bbox 1687 3493 2034 3554; x_wconf 85' lang='lat' dir='ltr'><strong>substantiis,</strong></span> 
     </span>
    </p>
   </div>
   <div class='ocr_carea' id='block_1_64' title="bbox 463 3581 2036 3654">
    <p class='ocr_par' dir='ltr' id='par_1_64' title="bbox 463 3581 2036 3654">
     <span class='ocr_line' id='line_1_64' title="bbox 463 3581 2036 3654; baseline 0.002 -21"><span class='ocrx_word' id='word_1_493' title='bbox 463 3581 680 3636; x_wconf 87' lang='lat' dir='ltr'><strong>unicam</strong></span> <span class='ocrx_word' id='word_1_494' title='bbox 707 3581 946 3637; x_wconf 90' lang='lat' dir='ltr'><strong>hominis</strong></span> <span class='ocrx_word' id='word_1_495' title='bbox 965 3581 1372 3652; x_wconf 87' lang='lat' dir='ltr'><strong>perfectamque</strong></span> <span class='ocrx_word' id='word_1_496' title='bbox 1405 3593 1654 3638; x_wconf 90' lang='lat' dir='ltr'><strong>naturam</strong></span> <span class='ocrx_word' id='word_1_497' title='bbox 1687 3585 1921 3654; x_wconf 87' lang='lat' dir='ltr'><strong>quadarn</strong></span> <span class='ocrx_word' id='word_1_498' title='bbox 1957 3585 2036 3636; x_wconf 90' lang='lat' dir='ltr'><strong>di-</strong></span> 
     </span>
    </p>
   </div>
   <div class='ocr_carea' id='block_1_65' title="bbox 461 3673 2034 3732">
    <p class='ocr_par' dir='ltr' id='par_1_65' title="bbox 461 3673 2034 3732">
     <span class='ocr_line' id='line_1_65' title="bbox 461 3673 2034 3732; baseline 0.001 -6"><span class='ocrx_word' id='word_1_499' title='bbox 461 3673 691 3728; x_wconf 79' lang='lat' dir='ltr'><strong>visionis</strong></span> <span class='ocrx_word' id='word_1_500' title='bbox 739 3673 1012 3728; x_wconf 89' lang='lat' dir='ltr'><strong>discordia</strong></span> <span class='ocrx_word' id='word_1_501' title='bbox 1073 3674 1368 3729; x_wconf 89' lang='lat' dir='ltr'><strong>dissecavit</strong></span> <span class='ocrx_word' id='word_1_502' title='bbox 1405 3691 1422 3732; x_wconf 89' lang='lat'><strong>:</strong></span> <span class='ocrx_word' id='word_1_503' title='bbox 1455 3687 1514 3729; x_wconf 92' lang='lat' dir='ltr'><strong>ut</strong></span> <span class='ocrx_word' id='word_1_504' title='bbox 1543 3692 1666 3730; x_wconf 90' lang='lat' dir='ltr'><strong>cum</strong></span> <span class='ocrx_word' id='word_1_505' title='bbox 1727 3676 1883 3730; x_wconf 87' lang='lat' dir='ltr'><strong>nobis</strong></span> <span class='ocrx_word' id='word_1_506' title='bbox 1929 3690 2034 3728; x_wconf 92' lang='lat' dir='ltr'><strong>una</strong></span> 
     </span>
    </p>
   </div>
   <div class='ocr_carea' id='block_1_66' title="bbox 460 3765 2032 3838">
    <p class='ocr_par' dir='ltr' id='par_1_66' title="bbox 460 3765 2032 3838">
     <span class='ocr_line' id='line_1_66' title="bbox 460 3765 2032 3838; baseline 0.003 -19"><span class='ocrx_word' id='word_1_507' title='bbox 460 3781 617 3821; x_wconf 89' lang='lat' dir='ltr'><strong>mens</strong></span> <span class='ocrx_word' id='word_1_508' title='bbox 649 3775 816 3832; x_wconf 73' lang='lat' dir='ltr'><strong>esset,</strong></span> <span class='ocrx_word' id='word_1_509' title='bbox 875 3765 928 3822; x_wconf 87' lang='lat' dir='ltr'><strong>id</strong></span> <span class='ocrx_word' id='word_1_510' title='bbox 952 3777 1064 3832; x_wconf 88' lang='lat' dir='ltr'><strong>est,</strong></span> <span class='ocrx_word' id='word_1_511' title='bbox 1089 3769 1204 3832; x_wconf 90' lang='lat' dir='ltr'><strong>illa,</strong></span> <span class='ocrx_word' id='word_1_512' title='bbox 1255 3784 1416 3836; x_wconf 86' lang='lat' dir='ltr'><strong>quam</strong></span> <span class='ocrx_word' id='word_1_513' title='bbox 1451 3771 1787 3838; x_wconf 80' lang='lat' dir='ltr'><strong>germanitas</strong></span> <span class='ocrx_word' id='word_1_514' title='bbox 1815 3770 2032 3835; x_wconf 70' lang='lat' dir='ltr'><strong>animze,</strong></span> 
     </span>
    </p>
   </div>
   <div class='ocr_carea' id='block_1_67' title="bbox 417 3861 2036 3933">
    <p class='ocr_par' dir='ltr' id='par_1_67' title="bbox 417 3861 2036 3933">
     <span class='ocr_line' id='line_1_67' title="bbox 417 3861 2036 3933; baseline 0.003 -21"><span class='ocrx_word' id='word_1_515' title='bbox 417 3877 422 3882; x_wconf 57' lang='grc'><strong><em>’</em></strong></span> <span class='ocrx_word' id='word_1_516' title='bbox 458 3869 516 3913; x_wconf 91' lang='lat' dir='ltr'><strong>et</strong></span> <span class='ocrx_word' id='word_1_517' title='bbox 542 3861 790 3930; x_wconf 87' lang='lat' dir='ltr'><strong>corporis</strong></span> <span class='ocrx_word' id='word_1_518' title='bbox 832 3861 1110 3929; x_wconf 84' lang='lat' dir='ltr'><strong>gignebat,</strong></span> <span class='ocrx_word' id='word_1_519' title='bbox 1180 3862 1342 3914; x_wconf 91' lang='lat' dir='ltr'><strong>aliam</strong></span> <span class='ocrx_word' id='word_1_520' title='bbox 1381 3861 1716 3917; x_wconf 86' lang='lat' dir='ltr'><strong>voluntatem</strong></span> <span class='ocrx_word' id='word_1_521' title='bbox 1753 3878 1850 3933; x_wconf 89' lang='lat' dir='ltr'><strong>per</strong></span> <span class='ocrx_word' id='word_1_522' title='bbox 1874 3865 2036 3918; x_wconf 87' lang='lat' dir='ltr'><strong>vitia-</strong></span> 
     </span>
    </p>
   </div>
   <div class='ocr_carea' id='block_1_68' title="bbox 459 3954 2034 4024">
    <p class='ocr_par' dir='ltr' id='par_1_68' title="bbox 459 3954 2034 4024">
     <span class='ocr_line' id='line_1_68' title="bbox 459 3954 2034 4024; baseline 0.003 -19"><span class='ocrx_word' id='word_1_523' title='bbox 459 3963 570 4005; x_wconf 83' lang='lat' dir='ltr'><strong>tam</strong></span> <span class='ocrx_word' id='word_1_524' title='bbox 619 3961 867 4007; x_wconf 84' lang='lat' dir='ltr'><strong>naturam</strong></span> <span class='ocrx_word' id='word_1_525' title='bbox 905 3963 1093 4007; x_wconf 89' lang='lat' dir='ltr'><strong>contra</strong></span> <span class='ocrx_word' id='word_1_526' title='bbox 1149 3954 1392 4008; x_wconf 89' lang='lat' dir='ltr'><strong>animam</strong></span> <span class='ocrx_word' id='word_1_527' title='bbox 1423 3957 1742 4024; x_wconf 80' lang='lat' dir='ltr'><strong>parturiret.</strong></span> <span class='ocrx_word' id='word_1_528' title='bbox 1790 3955 2034 4024; x_wconf 85' lang='lat' dir='ltr'><strong>Denique</strong></span> 
     </span>
    </p>
   </div>
   <div class='ocr_carea' id='block_1_69' title="bbox 456 4043 2035 4114">
    <p class='ocr_par' dir='ltr' id='par_1_69' title="bbox 456 4043 2035 4114">
     <span class='ocr_line' id='line_1_69' title="bbox 456 4043 2035 4114; baseline 0.001 -15"><span class='ocrx_word' id='word_1_529' title='bbox 456 4054 512 4100; x_wconf 87' lang='lat' dir='ltr'><strong>et</strong></span> <span class='ocrx_word' id='word_1_530' title='bbox 543 4045 836 4114; x_wconf 78' lang='lat' dir='ltr'><strong>Apostolus</strong></span> <span class='ocrx_word' id='word_1_531' title='bbox 881 4045 1004 4100; x_wconf 88' lang='lat' dir='ltr'><strong>ait:</strong></span> <span class='ocrx_word' id='word_1_532' title='bbox 1056 4043 1213 4098; x_wconf 79' lang='lat' dir='ltr'><strong>Video</strong></span> <span class='ocrx_word' id='word_1_533' title='bbox 1266 4045 1432 4100; x_wconf 86' lang='lat' dir='ltr'><strong>aliam</strong></span> <span class='ocrx_word' id='word_1_534' title='bbox 1483 4046 1646 4114; x_wconf 82' lang='lat' dir='ltr'><strong>legem</strong></span> <span class='ocrx_word' id='word_1_535' title='bbox 1695 4047 1750 4100; x_wconf 81' lang='lat' dir='ltr'><strong>in</strong></span> <span class='ocrx_word' id='word_1_536' title='bbox 1790 4047 2035 4102; x_wconf 76' lang='lat' dir='ltr'><strong>membris</strong></span> 
     </span>
    </p>
   </div>
   <div class='ocr_carea' id='block_1_70' title="bbox 456 4139 2036 4211">
    <p class='ocr_par' dir='ltr' id='par_1_70' title="bbox 456 4139 2036 4211">
     <span class='ocr_line' id='line_1_70' title="bbox 456 4139 2036 4211; baseline 0.002 -18"><span class='ocrx_word' id='word_1_537' title='bbox 456 4140 585 4194; x_wconf 78' lang='lat' dir='ltr'><strong>meis</strong></span> <span class='ocrx_word' id='word_1_538' title='bbox 612 4148 987 4210; x_wconf 76' lang='lat' dir='ltr'><strong>repugnantem</strong></span> <span class='ocrx_word' id='word_1_539' title='bbox 1014 4139 1114 4208; x_wconf 85' lang='lat' dir='ltr'><strong>legi</strong></span> <span class='ocrx_word' id='word_1_540' title='bbox 1133 4141 1320 4193; x_wconf 83' lang='lat' dir='ltr'><strong>mentis</strong></span> <span class='ocrx_word' id='word_1_541' title='bbox 1347 4155 1477 4194; x_wconf 63' lang='lat' dir='ltr'><strong>ntere</strong></span> <span class='ocrx_word' id='word_1_542' title='bbox 1507 4153 1527 4191; x_wconf 89' lang='lat'><strong><em>:</em></strong></span> <span class='ocrx_word' id='word_1_543' title='bbox 1558 4150 1608 4194; x_wconf 86' lang='lat' dir='ltr'><strong>et</strong></span> <span class='ocrx_word' id='word_1_544' title='bbox 1665 4143 2036 4211; x_wconf 78' lang='lat' dir='ltr'><strong>captivitatem</strong></span> 
     </span>
    </p>
   </div>
   <div class='ocr_carea' id='block_1_71' title="bbox 457 4233 2032 4303">
    <p class='ocr_par' dir='ltr' id='par_1_71' title="bbox 457 4233 2032 4303">
     <span class='ocr_line' id='line_1_71' title="bbox 457 4233 2032 4303; baseline 0 -18"><span class='ocrx_word' id='word_1_545' title='bbox 457 4249 539 4287; x_wconf 78' lang='lat' dir='ltr'><strong>me</strong></span> <span class='ocrx_word' id='word_1_546' title='bbox 561 4233 615 4286; x_wconf 82' lang='lat' dir='ltr'><strong>in</strong></span> <span class='ocrx_word' id='word_1_547' title='bbox 637 4233 747 4302; x_wconf 83' lang='lat' dir='ltr'><strong>lege</strong></span> <span class='ocrx_word' id='word_1_548' title='bbox 767 4234 1122 4300; x_wconf 47' lang='lat' dir='ltr'><strong>peccatique</strong></span> <span class='ocrx_word' id='word_1_549' title='bbox 1135 4243 1210 4287; x_wconf 89' lang='lat' dir='ltr'><strong>est</strong></span> <span class='ocrx_word' id='word_1_550' title='bbox 1239 4233 1290 4285; x_wconf 84' lang='lat' dir='ltr'><strong>in</strong></span> <span class='ocrx_word' id='word_1_551' title='bbox 1312 4234 1558 4287; x_wconf 83' lang='lat' dir='ltr'><strong>membris</strong></span> <span class='ocrx_word' id='word_1_552' title='bbox 1584 4237 1709 4288; x_wconf 83' lang='lat' dir='ltr'><strong>meis</strong></span> <span class='ocrx_word' id='word_1_553' title='bbox 1733 4234 1910 4303; x_wconf 81' lang='lat' dir='ltr'><strong>(Rom.</strong></span> <span class='ocrx_word' id='word_1_554' title='bbox 1935 4253 2032 4302; x_wconf 85' lang='lat' dir='ltr'><strong>vn,</strong></span> 
     </span>
    </p>
   </div>
   <div class='ocr_carea' id='block_1_72' title="bbox 455 4324 2034 4399">
    <p class='ocr_par' dir='ltr' id='par_1_72' title="bbox 455 4324 2034 4399">
     <span class='ocr_line' id='line_1_72' title="bbox 455 4324 2034 4399; baseline 0.003 -19"><span class='ocrx_word' id='word_1_555' title='bbox 455 4325 570 4388; x_wconf 77' lang='grc'>25).</span> <span class='ocrx_word' id='word_1_556' title='bbox 626 4326 691 4380; x_wconf 81' lang='lat' dir='ltr'><strong>Et</strong></span> <span class='ocrx_word' id='word_1_557' title='bbox 719 4325 846 4380; x_wconf 83' lang='lat' dir='ltr'><strong>alibi</strong></span> <span class='ocrx_word' id='word_1_558' title='bbox 878 4341 894 4381; x_wconf 83' lang='lat'><strong>:</strong></span> <span class='ocrx_word' id='word_1_559' title='bbox 921 4324 1058 4380; x_wconf 86' lang='lat' dir='ltr'><strong>Caro</strong></span> <span class='ocrx_word' id='word_1_560' title='bbox 1106 4327 1424 4394; x_wconf 83' lang='lat' dir='ltr'><strong>concupiscit</strong></span> <span class='ocrx_word' id='word_1_561' title='bbox 1466 4328 1716 4384; x_wconf 82' lang='lat' dir='ltr'><strong>adversus</strong></span> <span class='ocrx_word' id='word_1_562' title='bbox 1765 4331 2034 4399; x_wconf 82' lang='lat' dir='ltr'><strong>spiritum,</strong></span> 
     </span>
    </p>
   </div>
   <div class='ocr_carea' id='block_1_73' title="bbox 455 4419 2037 4485">
    <p class='ocr_par' dir='ltr' id='par_1_73' title="bbox 455 4419 2037 4485">
     <span class='ocr_line' id='line_1_73' title="bbox 455 4419 2037 4485; baseline 0.004 -13"><span class='ocrx_word' id='word_1_563' title='bbox 455 4419 674 4485; x_wconf 77' lang='lat' dir='ltr'><strong>spiritus</strong></span> <span class='ocrx_word' id='word_1_564' title='bbox 713 4427 892 4471; x_wconf 82' lang='lat' dir='ltr'><strong>autem</strong></span> <span class='ocrx_word' id='word_1_565' title='bbox 920 4419 1172 4472; x_wconf 76' lang='lat' dir='ltr'><strong>adversus</strong></span> <span class='ocrx_word' id='word_1_566' title='bbox 1199 4435 1434 4473; x_wconf 84' lang='lat' dir='ltr'><strong>carnem.</strong></span> <span class='ocrx_word' id='word_1_567' title='bbox 1461 4421 1592 4474; x_wconf 79' lang='grc' dir='ltr'><strong>Ηωσ</strong></span> <span class='ocrx_word' id='word_1_568' title='bbox 1615 4423 1833 4477; x_wconf 79' lang='lat' dir='ltr'><strong>invicem</strong></span> <span class='ocrx_word' id='word_1_569' title='bbox 1852 4425 2037 4478; x_wconf 79' lang='lat' dir='ltr'><strong>adver-</strong></span> 
     </span>
    </p>
   </div>
   <div class='ocr_carea' id='block_1_74' title="bbox 2150 3208 3724 3277">
    <p class='ocr_par' dir='ltr' id='par_1_74' title="bbox 2150 3208 3724 3277">
     <span class='ocr_line' id='line_1_74' title="bbox 2150 3208 3724 3277; baseline 0.001 -15"><span class='ocrx_word' id='word_1_570' title='bbox 2150 3208 2241 3264; x_wconf 87' lang='lat' dir='ltr'><strong>Sic</strong></span> <span class='ocrx_word' id='word_1_571' title='bbox 2291 3223 2487 3261; x_wconf 77' lang='lat' dir='ltr'><strong>arcana</strong></span> <span class='ocrx_word' id='word_1_572' title='bbox 2536 3211 2851 3276; x_wconf 85' lang='lat' dir='ltr'><strong>operatione</strong></span> <span class='ocrx_word' id='word_1_573' title='bbox 2891 3209 3268 3271; x_wconf 89' lang='lat' dir='ltr'><strong>manifestans,</strong></span> <span class='ocrx_word' id='word_1_574' title='bbox 3307 3212 3452 3277; x_wconf 87' lang='lat' dir='ltr'><strong>quod</strong></span> <span class='ocrx_word' id='word_1_575' title='bbox 3492 3209 3724 3264; x_wconf 82' lang='lat' dir='ltr'><strong>infirmi-</strong></span> 
     </span>
    </p>
   </div>
   <div class='ocr_carea' id='block_1_75' title="bbox 2148 3303 3727 3370">
    <p class='ocr_par' dir='ltr' id='par_1_75' title="bbox 2148 3303 3727 3370">
     <span class='ocr_line' id='line_1_75' title="bbox 2148 3303 3727 3370; baseline 0.001 -17"><span class='ocrx_word' id='word_1_576' title='bbox 2148 3310 2314 3355; x_wconf 88' lang='lat' dir='ltr'><strong>tatem</strong></span> <span class='ocrx_word' id='word_1_577' title='bbox 2356 3311 2596 3354; x_wconf 91' lang='lat' dir='ltr'><strong>nostram</strong></span> <span class='ocrx_word' id='word_1_578' title='bbox 2632 3312 3010 3370; x_wconf 82' lang='lat' dir='ltr'><strong>argumentum</strong></span> <span class='ocrx_word' id='word_1_579' title='bbox 3043 3318 3153 3356; x_wconf 73' lang='lat' dir='ltr'><strong>sua:</strong></span> <span class='ocrx_word' id='word_1_580' title='bbox 3186 3303 3418 3356; x_wconf 88' lang='lat' dir='ltr'><strong>voluerit</strong></span> <span class='ocrx_word' id='word_1_581' title='bbox 3459 3318 3580 3358; x_wconf 88' lang='lat' dir='ltr'><strong>esse</strong></span> <span class='ocrx_word' id='word_1_582' title='bbox 3613 3305 3727 3356; x_wconf 82' lang='lat' dir='ltr'><strong>vir-</strong></span> 
     </span>
    </p>
   </div>
   <div class='ocr_carea' id='block_1_76' title="bbox 2148 3396 3716 3464">
    <p class='ocr_par' dir='ltr' id='par_1_76' title="bbox 2148 3396 3716 3464">
     <span class='ocr_line' id='line_1_76' title="bbox 2148 3396 3716 3464; baseline -0.003 -14"><span class='ocrx_word' id='word_1_583' title='bbox 2148 3397 2281 3451; x_wconf 91' lang='lat' dir='ltr'><strong>tutis</strong></span> <span class='ocrx_word' id='word_1_584' title='bbox 2332 3412 2346 3450; x_wconf 89' lang='lat'><strong>:</strong></span> <span class='ocrx_word' id='word_1_585' title='bbox 2397 3405 2773 3464; x_wconf 88' lang='lat' dir='ltr'><strong>quantumque</strong></span> <span class='ocrx_word' id='word_1_586' title='bbox 2817 3411 2915 3450; x_wconf 88' lang='lat' dir='ltr'><strong>nos</strong></span> <span class='ocrx_word' id='word_1_587' title='bbox 2978 3406 3211 3464; x_wconf 89' lang='lat' dir='ltr'><strong>amaret,</strong></span> <span class='ocrx_word' id='word_1_588' title='bbox 3264 3399 3390 3449; x_wconf 85' lang='lat' dir='ltr'><strong>dum</strong></span> <span class='ocrx_word' id='word_1_589' title='bbox 3441 3396 3493 3450; x_wconf 92' lang='lat' dir='ltr'><strong>iu</strong></span> <span class='ocrx_word' id='word_1_590' title='bbox 3541 3396 3716 3463; x_wconf 84' lang='lat' dir='ltr'><strong>ipsum</strong></span> 
     </span>
    </p>
   </div>
   <div class='ocr_carea' id='block_1_77' title="bbox 2146 3489 3717 3559">
    <p class='ocr_par' dir='ltr' id='par_1_77' title="bbox 2146 3489 3717 3559">
     <span class='ocr_line' id='line_1_77' title="bbox 2146 3489 3717 3559; baseline 0.002 -18"><span class='ocrx_word' id='word_1_591' title='bbox 2146 3492 2511 3559; x_wconf 80' lang='lat' dir='ltr'><strong>peccavimus,</strong></span> <span class='ocrx_word' id='word_1_592' title='bbox 2572 3491 2912 3553; x_wconf 84' lang='lat' dir='ltr'><strong>ostenderet,</strong></span> <span class='ocrx_word' id='word_1_593' title='bbox 2966 3504 3196 3558; x_wconf 88' lang='lat' dir='ltr'><strong>quorum</strong></span> <span class='ocrx_word' id='word_1_594' title='bbox 3251 3489 3498 3544; x_wconf 89' lang='lat' dir='ltr'><strong>oblivisci</strong></span> <span class='ocrx_word' id='word_1_595' title='bbox 3552 3491 3717 3544; x_wconf 80' lang='lat' dir='ltr'><strong>etiarn</strong></span> 
     </span>
    </p>
   </div>
   <div class='ocr_carea' id='block_1_78' title="bbox 2146 3583 3725 3652">
    <p class='ocr_par' dir='ltr' id='par_1_78' title="bbox 2146 3583 3725 3652">
     <span class='ocr_line' id='line_1_78' title="bbox 2146 3583 3725 3652; baseline 0.001 -17"><span class='ocrx_word' id='word_1_596' title='bbox 2146 3596 2266 3651; x_wconf 82' lang='lat' dir='ltr'><strong>pOst</strong></span> <span class='ocrx_word' id='word_1_597' title='bbox 2301 3591 2480 3637; x_wconf 81' lang='lat' dir='ltr'><strong>errata</strong></span> <span class='ocrx_word' id='word_1_598' title='bbox 2529 3599 2634 3636; x_wconf 87' lang='lat' dir='ltr'><strong>non</strong></span> <span class='ocrx_word' id='word_1_599' title='bbox 2679 3593 2884 3652; x_wconf 81' lang='lat' dir='ltr'><strong>posset,</strong></span> <span class='ocrx_word' id='word_1_600' title='bbox 2926 3583 3034 3636; x_wconf 92' lang='lat' dir='ltr'><strong>imo</strong></span> <span class='ocrx_word' id='word_1_601' title='bbox 3075 3597 3216 3650; x_wconf 89' lang='lat' dir='ltr'><strong>quos</strong></span> <span class='ocrx_word' id='word_1_602' title='bbox 3250 3585 3540 3648; x_wconf 88' lang='lat' dir='ltr'><strong>pretiosius</strong></span> <span class='ocrx_word' id='word_1_603' title='bbox 3583 3585 3725 3638; x_wconf 83' lang='lat' dir='ltr'><strong>redi-</strong></span> 
     </span>
    </p>
   </div>
   <div class='ocr_carea' id='block_1_79' title="bbox 2147 3673 3721 3747">
    <p class='ocr_par' dir='ltr' id='par_1_79' title="bbox 2147 3673 3721 3747">
     <span class='ocr_line' id='line_1_79' title="bbox 2147 3673 3721 3747; baseline 0 -19"><span class='ocrx_word' id='word_1_604' title='bbox 2147 3685 2337 3739; x_wconf 82' lang='lat' dir='ltr'><strong>rueret,</strong></span> <span class='ocrx_word' id='word_1_605' title='bbox 2371 3691 2535 3745; x_wconf 87' lang='lat' dir='ltr'><strong>quam</strong></span> <span class='ocrx_word' id='word_1_606' title='bbox 2579 3675 2690 3746; x_wconf 80' lang='grc' dir='ltr'><strong>[ΑΙ.</strong></span> <span class='ocrx_word' id='word_1_607' title='bbox 2729 3673 2872 3747; x_wconf 62' lang='lat' dir='ltr'><strong>quin]</strong></span> <span class='ocrx_word' id='word_1_608' title='bbox 2916 3675 3157 3730; x_wconf 81' lang='lat' dir='ltr'><strong>fecisset.</strong></span> <span class='ocrx_word' id='word_1_609' title='bbox 3189 3675 3407 3740; x_wconf 65' lang='lat' dir='ltr'><strong>Quaerat</strong></span> <span class='ocrx_word' id='word_1_610' title='bbox 3440 3691 3582 3728; x_wconf 87' lang='lat' dir='ltr'><strong>nunc</strong></span> <span class='ocrx_word' id='word_1_611' title='bbox 3617 3677 3721 3729; x_wconf 84' lang='lat' dir='ltr'><strong>hu-</strong></span> 
     </span>
    </p>
   </div>
   <div class='ocr_carea' id='block_1_80' title="bbox 2146 3766 3718 3833">
    <p class='ocr_par' dir='ltr' id='par_1_80' title="bbox 2146 3766 3718 3833">
     <span class='ocr_line' id='line_1_80' title="bbox 2146 3766 3718 3833; baseline 0.001 -15"><span class='ocrx_word' id='word_1_612' title='bbox 2146 3781 2304 3821; x_wconf 89' lang='lat' dir='ltr'><strong>mana</strong></span> <span class='ocrx_word' id='word_1_613' title='bbox 2337 3767 2634 3820; x_wconf 83' lang='lat' dir='ltr'><strong>crudelitas</strong></span> <span class='ocrx_word' id='word_1_614' title='bbox 2680 3767 3008 3832; x_wconf 87' lang='lat' dir='ltr'><strong>criminosis,</strong></span> <span class='ocrx_word' id='word_1_615' title='bbox 3051 3766 3134 3822; x_wconf 85' lang='lat' dir='ltr'><strong>vel</strong></span> <span class='ocrx_word' id='word_1_616' title='bbox 3175 3767 3381 3833; x_wconf 89' lang='lat' dir='ltr'><strong>privata</strong></span> <span class='ocrx_word' id='word_1_617' title='bbox 3414 3768 3718 3833; x_wconf 75' lang='lat' dir='ltr'><strong>ergastula,</strong></span> 
     </span>
    </p>
   </div>
   <div class='ocr_carea' id='block_1_81' title="bbox 2146 3858 3719 3928">
    <p class='ocr_par' dir='ltr' id='par_1_81' title="bbox 2146 3858 3719 3928">
     <span class='ocr_line' id='line_1_81' title="bbox 2146 3858 3719 3928; baseline 0.001 -18"><span class='ocrx_word' id='word_1_618' title='bbox 2146 3860 2229 3912; x_wconf 87' lang='lat' dir='ltr'><strong>vel</strong></span> <span class='ocrx_word' id='word_1_619' title='bbox 2265 3859 2512 3928; x_wconf 87' lang='lat' dir='ltr'><strong>publicos</strong></span> <span class='ocrx_word' id='word_1_620' title='bbox 2541 3875 2812 3924; x_wconf 86' lang='lat' dir='ltr'><strong>carceres,</strong></span> <span class='ocrx_word' id='word_1_621' title='bbox 2850 3875 2968 3912; x_wconf 91' lang='lat' dir='ltr'><strong>cum</strong></span> <span class='ocrx_word' id='word_1_622' title='bbox 2997 3858 3227 3912; x_wconf 88' lang='lat' dir='ltr'><strong>manicis</strong></span> <span class='ocrx_word' id='word_1_623' title='bbox 3257 3859 3446 3912; x_wconf 85' lang='lat' dir='ltr'><strong>ferreis</strong></span> <span class='ocrx_word' id='word_1_624' title='bbox 3482 3869 3533 3912; x_wconf 90' lang='lat' dir='ltr'><strong>et</strong></span> <span class='ocrx_word' id='word_1_625' title='bbox 3562 3858 3719 3913; x_wconf 87' lang='lat' dir='ltr'><strong>duris</strong></span> 
     </span>
    </p>
   </div>
   <div class='ocr_carea' id='block_1_82' title="bbox 2148 3951 3720 4022">
    <p class='ocr_par' dir='ltr' id='par_1_82' title="bbox 2148 3951 3720 4022">
     <span class='ocr_line' id='line_1_82' title="bbox 2148 3951 3720 4022; baseline 0.001 -18"><span class='ocrx_word' id='word_1_626' title='bbox 2148 3953 2316 4022; x_wconf 86' lang='lat' dir='ltr'><strong>rigida</strong></span> <span class='ocrx_word' id='word_1_627' title='bbox 2349 3951 2503 4007; x_wconf 83' lang='lat' dir='ltr'><strong>trabe</strong></span> <span class='ocrx_word' id='word_1_628' title='bbox 2527 3952 2879 4020; x_wconf 79' lang='lat' dir='ltr'><strong>compedibus</strong></span> <span class='ocrx_word' id='word_1_629' title='bbox 2911 3952 3047 4005; x_wconf 88' lang='lat' dir='ltr'><strong>irata</strong></span> <span class='ocrx_word' id='word_1_630' title='bbox 3079 3952 3334 4020; x_wconf 88' lang='lat' dir='ltr'><strong>suspiret,</strong></span> <span class='ocrx_word' id='word_1_631' title='bbox 3363 3960 3414 4004; x_wconf 89' lang='lat' dir='ltr'><strong>et</strong></span> <span class='ocrx_word' id='word_1_632' title='bbox 3445 3951 3495 4002; x_wconf 89' lang='lat' dir='ltr'><strong>in</strong></span> <span class='ocrx_word' id='word_1_633' title='bbox 3527 3966 3720 4020; x_wconf 66' lang='lat' dir='ltr'><strong>poenas</strong></span> 
     </span>
    </p>
   </div>
   <div class='ocr_carea' id='block_1_83' title="bbox 2147 4043 3720 4113">
    <p class='ocr_par' dir='ltr' id='par_1_83' title="bbox 2147 4043 3720 4113">
     <span class='ocr_line' id='line_1_83' title="bbox 2147 4043 3720 4113; baseline 0.001 -16"><span class='ocrx_word' id='word_1_634' title='bbox 2147 4043 2499 4097; x_wconf 86' lang='lat' dir='ltr'><strong>multimodas</strong></span> <span class='ocrx_word' id='word_1_635' title='bbox 2535 4044 2978 4098; x_wconf 83' lang='lat' dir='ltr'><strong>adiuventionum</strong></span> <span class='ocrx_word' id='word_1_636' title='bbox 3013 4044 3160 4097; x_wconf 77' lang='lat' dir='ltr'><strong>laxet</strong></span> <span class='ocrx_word' id='word_1_637' title='bbox 3206 4043 3418 4113; x_wconf 90' lang='lat' dir='ltr'><strong>ingenia</strong></span> <span class='ocrx_word' id='word_1_638' title='bbox 3467 4060 3482 4099; x_wconf 87' lang='lat'><strong>:</strong></span> <span class='ocrx_word' id='word_1_639' title='bbox 3514 4045 3720 4098; x_wconf 81' lang='lat' dir='ltr'><strong>omnis-</strong></span> 
     </span>
    </p>
   </div>
   <div class='ocr_carea' id='block_1_84' title="bbox 2145 4135 3720 4208">
    <p class='ocr_par' dir='ltr' id='par_1_84' title="bbox 2145 4135 3720 4208">
     <span class='ocr_line' id='line_1_84' title="bbox 2145 4135 3720 4208; baseline 0.003 -21"><span class='ocrx_word' id='word_1_640' title='bbox 2145 4151 2248 4205; x_wconf 87' lang='lat' dir='ltr'><strong>que</strong></span> <span class='ocrx_word' id='word_1_641' title='bbox 2302 4135 2466 4204; x_wconf 76' lang='lat' dir='ltr'><strong>judex</strong></span> <span class='ocrx_word' id='word_1_642' title='bbox 2525 4136 2756 4189; x_wconf 72' lang='lat' dir='ltr'><strong>surrecti</strong></span> <span class='ocrx_word' id='word_1_643' title='bbox 2849 4135 3066 4204; x_wconf 87' lang='lat' dir='ltr'><strong>capitis,</strong></span> <span class='ocrx_word' id='word_1_644' title='bbox 3118 4137 3424 4191; x_wconf 88' lang='lat' dir='ltr'><strong>castitatem</strong></span> <span class='ocrx_word' id='word_1_645' title='bbox 3484 4137 3720 4208; x_wconf 64' lang='lat' dir='ltr'><strong>proprias</strong></span> 
     </span>
    </p>
   </div>
   <div class='ocr_carea' id='block_1_85' title="bbox 2147 4228 3719 4298">
    <p class='ocr_par' dir='ltr' id='par_1_85' title="bbox 2147 4228 3719 4298">
     <span class='ocr_line' id='line_1_85' title="bbox 2147 4228 3719 4298; baseline 0.001 -18"><span class='ocrx_word' id='word_1_646' title='bbox 2147 4229 2342 4282; x_wconf 88' lang='lat' dir='ltr'><strong>mentis</strong></span> <span class='ocrx_word' id='word_1_647' title='bbox 2364 4228 2684 4282; x_wconf 86' lang='lat' dir='ltr'><strong>discrimine</strong></span> <span class='ocrx_word' id='word_1_648' title='bbox 2711 4229 2905 4297; x_wconf 87' lang='lat' dir='ltr'><strong>probet</strong></span> <span class='ocrx_word' id='word_1_649' title='bbox 2934 4229 3114 4281; x_wconf 87' lang='lat' dir='ltr'><strong>alieno</strong></span> <span class='ocrx_word' id='word_1_650' title='bbox 3147 4247 3160 4282; x_wconf 91' lang='lat'><strong>:</strong></span> <span class='ocrx_word' id='word_1_651' title='bbox 3188 4231 3287 4282; x_wconf 83' lang='lat' dir='ltr'><strong>hoc</strong></span> <span class='ocrx_word' id='word_1_652' title='bbox 3316 4230 3483 4298; x_wconf 87' lang='lat' dir='ltr'><strong>magis</strong></span> <span class='ocrx_word' id='word_1_653' title='bbox 3508 4232 3719 4283; x_wconf 85' lang='lat' dir='ltr'><strong>amicus</strong></span> 
     </span>
    </p>
   </div>
   <div class='ocr_carea' id='block_1_86' title="bbox 2145 4318 3716 4390">
    <p class='ocr_par' dir='ltr' id='par_1_86' title="bbox 2145 4318 3716 4390">
     <span class='ocr_line' id='line_1_86' title="bbox 2145 4318 3716 4390; baseline 0.002 -20"><span class='ocrx_word' id='word_1_654' title='bbox 2145 4318 2444 4382; x_wconf 89' lang='lat' dir='ltr'><strong>atrocitati,</strong></span> <span class='ocrx_word' id='word_1_655' title='bbox 2477 4335 2584 4387; x_wconf 85' lang='lat' dir='ltr'><strong>quo</strong></span> <span class='ocrx_word' id='word_1_656' title='bbox 2618 4319 2790 4387; x_wconf 77' lang='lat' dir='ltr'><strong>magis</strong></span> <span class='ocrx_word' id='word_1_657' title='bbox 2821 4319 3032 4374; x_wconf 84' lang='lat' dir='ltr'><strong>alienus</strong></span> <span class='ocrx_word' id='word_1_658' title='bbox 3060 4331 3143 4374; x_wconf 87' lang='lat' dir='ltr'><strong>est</strong></span> <span class='ocrx_word' id='word_1_659' title='bbox 3171 4322 3406 4374; x_wconf 86' lang='lat' dir='ltr'><strong>crimini.</strong></span> <span class='ocrx_word' id='word_1_660' title='bbox 3435 4321 3538 4390; x_wconf 85' lang='lat' dir='ltr'><strong>Ipsi</strong></span> <span class='ocrx_word' id='word_1_661' title='bbox 3572 4321 3716 4375; x_wconf 88' lang='lat' dir='ltr'><strong>enim</strong></span> 
     </span>
    </p>
   </div>
   <div class='ocr_carea' id='block_1_87' title="bbox 2148 4413 3718 4482">
    <p class='ocr_par' dir='ltr' id='par_1_87' title="bbox 2148 4413 3718 4482">
     <span class='ocr_line' id='line_1_87' title="bbox 2148 4413 3718 4482; baseline 0.003 -16"><span class='ocrx_word' id='word_1_662' title='bbox 2148 4413 2326 4467; x_wconf 86' lang='lat' dir='ltr'><strong>solent</strong></span> <span class='ocrx_word' id='word_1_663' title='bbox 2362 4413 2798 4467; x_wconf 84' lang='lat' dir='ltr'><strong>truculentiores-</strong></span> <span class='ocrx_word' id='word_1_664' title='bbox 2821 4429 2941 4468; x_wconf 79' lang='lat' dir='ltr'><strong>esse</strong></span> <span class='ocrx_word' id='word_1_665' title='bbox 2973 4414 3026 4466; x_wconf 92' lang='lat' dir='ltr'><strong>iu</strong></span> <span class='ocrx_word' id='word_1_666' title='bbox 3062 4429 3204 4477; x_wconf 86' lang='lat' dir='ltr'><strong>reos,</strong></span> <span class='ocrx_word' id='word_1_667' title='bbox 3234 4415 3324 4482; x_wconf 87' lang='lat' dir='ltr'><strong>qui</strong></span> <span class='ocrx_word' id='word_1_668' title='bbox 3353 4425 3480 4468; x_wconf 89' lang='lat' dir='ltr'><strong>sunt</strong></span> <span class='ocrx_word' id='word_1_669' title='bbox 3504 4429 3532 4468; x_wconf 90' lang='lat' dir='ltr'><strong>a</strong></span> <span class='ocrx_word' id='word_1_670' title='bbox 3564 4427 3718 4470; x_wconf 85' lang='lat' dir='ltr'><strong>reatu</strong></span> 
     </span>
    </p>
   </div>
   <div class='ocr_carea' id='block_1_88' title="bbox 455 4491 3716 4584">
    <p class='ocr_par' dir='ltr' id='par_1_88' title="bbox 455 4491 3716 4584">
     <span class='ocr_line' id='line_1_88' title="bbox 455 4491 3716 4584; baseline -0.001 -21"><span class='ocrx_word' id='word_1_671' title='bbox 455 4521 644 4562; x_wconf 81' lang='lat' dir='ltr'><strong>santur</strong></span> <span class='ocrx_word' id='word_1_672' title='bbox 673 4507 789 4570; x_wconf 78' lang='lat' dir='ltr'><strong>sibi,</strong></span> <span class='ocrx_word' id='word_1_673' title='bbox 845 4517 901 4561; x_wconf 86' lang='lat' dir='ltr'><strong>ut</strong></span> <span class='ocrx_word' id='word_1_674' title='bbox 959 4525 1062 4562; x_wconf 84' lang='lat' dir='ltr'><strong>non</strong></span> <span class='ocrx_word' id='word_1_675' title='bbox 1120 4525 1446 4581; x_wconf 61' lang='lat' dir='ltr'><strong>quiscunque</strong></span> <span class='ocrx_word' id='word_1_676' title='bbox 1476 4513 1636 4567; x_wconf 76' lang='lat' dir='ltr'><strong>vultis</strong></span> <span class='ocrx_word' id='word_1_677' title='bbox 1669 4513 1764 4568; x_wconf 85' lang='lat' dir='ltr'><strong>illa</strong></span> <span class='ocrx_word' id='word_1_678' title='bbox 1821 4516 2035 4584; x_wconf 73' lang='lat' dir='ltr'><strong>faciatis</strong></span> <span class='ocrx_word' id='word_1_679' title='bbox 2073 4491 2114 4544; x_wconf 75' lang='grc' dir='ltr'><strong>θ</strong></span> <span class='ocrx_word' id='word_1_680' title='bbox 2145 4506 2412 4575; x_wconf 87' lang='lat' dir='ltr'><strong>puriores.</strong></span> <span class='ocrx_word' id='word_1_681' title='bbox 2443 4503 2506 4556; x_wconf 87' lang='lat' dir='ltr'><strong>Hi</strong></span> <span class='ocrx_word' id='word_1_682' title='bbox 2533 4504 2834 4560; x_wconf 88' lang='lat' dir='ltr'><strong>studiosius</strong></span> <span class='ocrx_word' id='word_1_683' title='bbox 2867 4504 3158 4570; x_wconf 78' lang='lat' dir='ltr'><strong>maleﬁcia,</strong></span> <span class='ocrx_word' id='word_1_684' title='bbox 3185 4505 3266 4559; x_wconf 79' lang='lat' dir='ltr'><strong>vel</strong></span> <span class='ocrx_word' id='word_1_685' title='bbox 3294 4505 3716 4560; x_wconf 87' lang='lat' dir='ltr'><strong>criminosorum</strong></span> 
     </span>
    </p>
   </div>
   <div class='ocr_carea' id='block_1_89' title="bbox 457 4601 892 4674">
    <p class='ocr_par' dir='ltr' id='par_1_89' title="bbox 457 4601 892 4674">
     <span class='ocr_line' id='line_1_89' title="bbox 457 4601 892 4674; baseline 0 -18"><span class='ocrx_word' id='word_1_686' title='bbox 457 4601 658 4674; x_wconf 70' lang='grc' dir='ltr'><strong>(επιστ.</strong></span> <span class='ocrx_word' id='word_1_687' title='bbox 687 4619 740 4670; x_wconf 84' lang='lat' dir='ltr'><strong>v,</strong></span> <span class='ocrx_word' id='word_1_688' title='bbox 780 4603 892 4671; x_wconf 79' lang='lat' dir='ltr'><strong>l7).</strong></span> 
     </span>
    </p>
   </div>
   <div class='ocr_carea' id='block_1_90' title="bbox 531 4694 2036 4770">
    <p class='ocr_par' dir='ltr' id='par_1_90' title="bbox 531 4694 2036 4770">
     <span class='ocr_line' id='line_1_90' title="bbox 531 4694 2036 4770; baseline 0.005 -22"><span class='ocrx_word' id='word_1_689' title='bbox 531 4694 594 4749; x_wconf 74' lang='grc' dir='ltr'><strong>ν.</strong></span> <span class='ocrx_word' id='word_1_690' title='bbox 634 4694 776 4749; x_wconf 80' lang='lat' dir='ltr'><strong>Hinc</strong></span> <span class='ocrx_word' id='word_1_691' title='bbox 815 4697 981 4750; x_wconf 89' lang='lat' dir='ltr'><strong>etiam</strong></span> <span class='ocrx_word' id='word_1_692' title='bbox 1019 4697 1124 4751; x_wconf 84' lang='lat' dir='ltr'><strong>iste</strong></span> <span class='ocrx_word' id='word_1_693' title='bbox 1152 4706 1347 4752; x_wconf 83' lang='lat' dir='ltr'><strong>noster</strong></span> <span class='ocrx_word' id='word_1_694' title='bbox 1375 4699 1643 4763; x_wconf 84' lang='lat' dir='ltr'><strong>conditor,</strong></span> <span class='ocrx_word' id='word_1_695' title='bbox 1687 4700 1779 4770; x_wconf 85' lang='lat' dir='ltr'><strong>qui</strong></span> <span class='ocrx_word' id='word_1_696' title='bbox 1817 4701 1901 4754; x_wconf 88' lang='lat' dir='ltr'><strong>vel</strong></span> <span class='ocrx_word' id='word_1_697' title='bbox 1936 4717 2036 4756; x_wconf 84' lang='lat' dir='ltr'><strong>nos</strong></span> 
     </span>
    </p>
   </div>
   <div class='ocr_carea' id='block_1_91' title="bbox 453 4786 2035 4861">
    <p class='ocr_par' dir='ltr' id='par_1_91' title="bbox 453 4786 2035 4861">
     <span class='ocr_line' id='line_1_91' title="bbox 453 4786 2035 4861; baseline 0.004 -20"><span class='ocrx_word' id='word_1_698' title='bbox 453 4786 636 4852; x_wconf 79' lang='lat' dir='ltr'><strong>nobis,</strong></span> <span class='ocrx_word' id='word_1_699' title='bbox 665 4788 746 4840; x_wconf 90' lang='lat' dir='ltr'><strong>vel</strong></span> <span class='ocrx_word' id='word_1_700' title='bbox 781 4787 1045 4841; x_wconf 90' lang='lat' dir='ltr'><strong>mundum</strong></span> <span class='ocrx_word' id='word_1_701' title='bbox 1078 4803 1178 4856; x_wconf 90' lang='lat' dir='ltr'><strong>pro</strong></span> <span class='ocrx_word' id='word_1_702' title='bbox 1199 4789 1357 4843; x_wconf 84' lang='lat' dir='ltr'><strong>nobis</strong></span> <span class='ocrx_word' id='word_1_703' title='bbox 1392 4787 1615 4856; x_wconf 87' lang='lat' dir='ltr'><strong>fecerat,</strong></span> <span class='ocrx_word' id='word_1_704' title='bbox 1645 4806 1675 4844; x_wconf 91' lang='lat' dir='ltr'><strong>a</strong></span> <span class='ocrx_word' id='word_1_705' title='bbox 1712 4792 1902 4861; x_wconf 89' lang='lat' dir='ltr'><strong>primis</strong></span> <span class='ocrx_word' id='word_1_706' title='bbox 1929 4793 2035 4848; x_wconf 87' lang='lat' dir='ltr'><strong>illis</strong></span> 
     </span>
    </p>
   </div>
   <div class='ocr_carea' id='block_1_92' title="bbox 453 4877 2036 4954">
    <p class='ocr_par' dir='ltr' id='par_1_92' title="bbox 453 4877 2036 4954">
     <span class='ocr_line' id='line_1_92' title="bbox 453 4877 2036 4954; baseline 0.004 -23"><span class='ocrx_word' id='word_1_707' title='bbox 453 4877 766 4934; x_wconf 87' lang='lat' dir='ltr'><strong>horninibus</strong></span> <span class='ocrx_word' id='word_1_708' title='bbox 789 4878 1052 4944; x_wconf 84' lang='lat' dir='ltr'><strong>offensus,</strong></span> <span class='ocrx_word' id='word_1_709' title='bbox 1081 4880 1370 4936; x_wconf 85' lang='lat' dir='ltr'><strong>maledicta</strong></span> <span class='ocrx_word' id='word_1_710' title='bbox 1405 4897 1574 4948; x_wconf 84' lang='lat' dir='ltr'><strong>super</strong></span> <span class='ocrx_word' id='word_1_711' title='bbox 1603 4883 1846 4954; x_wconf 79' lang='lat' dir='ltr'><strong>singulos</strong></span> <span class='ocrx_word' id='word_1_712' title='bbox 1872 4893 2036 4954; x_wconf 89' lang='lat' dir='ltr'><strong>prout</strong></span> 
     </span>
    </p>
   </div>
   <div class='ocr_carea' id='block_1_93' title="bbox 451 4969 2034 5046">
    <p class='ocr_par' dir='ltr' id='par_1_93' title="bbox 451 4969 2034 5046">
     <span class='ocr_line' id='line_1_93' title="bbox 451 4969 2034 5046; baseline 0.008 -27"><span class='ocrx_word' id='word_1_713' title='bbox 451 4969 702 5024; x_wconf 64' lang='lat' dir='ltr'><strong>criminis</strong></span> <span class='ocrx_word' id='word_1_714' title='bbox 752 4970 1030 5041; x_wconf 77' lang='lat' dir='ltr'><strong>quantitas</strong></span> <span class='ocrx_word' id='word_1_715' title='bbox 1079 4972 1352 5041; x_wconf 78' lang='lat' dir='ltr'><strong>exigebat.</strong></span> <span class='ocrx_word' id='word_1_716' title='bbox 1408 4973 1617 5030; x_wconf 82' lang='lat' dir='ltr'><strong>eﬂ&#39;udit.</strong></span> <span class='ocrx_word' id='word_1_717' title='bbox 1669 4975 1735 5029; x_wconf 84' lang='lat' dir='ltr'><strong>Et</strong></span> <span class='ocrx_word' id='word_1_718' title='bbox 1783 4979 2034 5046; x_wconf 80' lang='lat' dir='ltr'><strong>quamvis</strong></span> 
     </span>
    </p>
   </div>
   <div class='ocr_carea' id='block_1_94' title="bbox 453 5065 2034 5138">
    <p class='ocr_par' dir='ltr' id='par_1_94' title="bbox 453 5065 2034 5138">
     <span class='ocr_line' id='line_1_94' title="bbox 453 5065 2034 5138; baseline 0.005 -19"><span class='ocrx_word' id='word_1_719' title='bbox 453 5065 650 5126; x_wconf 89' lang='lat' dir='ltr'><strong>iratus,</strong></span> <span class='ocrx_word' id='word_1_720' title='bbox 706 5080 828 5118; x_wconf 81' lang='lat' dir='ltr'><strong>mox</strong></span> <span class='ocrx_word' id='word_1_721' title='bbox 873 5073 1053 5118; x_wconf 90' lang='lat' dir='ltr'><strong>tamen</strong></span> <span class='ocrx_word' id='word_1_722' title='bbox 1108 5068 1424 5136; x_wconf 85' lang='lat' dir='ltr'><strong>mysterium</strong></span> <span class='ocrx_word' id='word_1_723' title='bbox 1477 5081 1676 5123; x_wconf 69' lang='lat' dir='ltr'><strong>nostra:</strong></span> <span class='ocrx_word' id='word_1_724' title='bbox 1715 5071 1922 5138; x_wconf 86' lang='lat' dir='ltr'><strong>salutis,</strong></span> <span class='ocrx_word' id='word_1_725' title='bbox 1974 5081 2034 5127; x_wconf 88' lang='lat' dir='ltr'><strong>ut</strong></span> 
     </span>
    </p>
   </div>
   <div class='ocr_carea' id='block_1_95' title="bbox 452 5157 2034 5228">
    <p class='ocr_par' dir='ltr' id='par_1_95' title="bbox 452 5157 2034 5228">
     <span class='ocr_line' id='line_1_95' title="bbox 452 5157 2034 5228; baseline 0.004 -18"><span class='ocrx_word' id='word_1_726' title='bbox 452 5163 578 5228; x_wconf 86' lang='lat' dir='ltr'><strong>pius</strong></span> <span class='ocrx_word' id='word_1_727' title='bbox 613 5167 772 5228; x_wconf 85' lang='lat' dir='ltr'><strong>pater</strong></span> <span class='ocrx_word' id='word_1_728' title='bbox 797 5157 1058 5212; x_wconf 87' lang='lat' dir='ltr'><strong>ostendit.</strong></span> <span class='ocrx_word' id='word_1_729' title='bbox 1088 5157 1275 5226; x_wconf 88' lang='lat' dir='ltr'><strong>Neque</strong></span> <span class='ocrx_word' id='word_1_730' title='bbox 1301 5175 1514 5228; x_wconf 63' lang='lat' dir='ltr'><strong>atquutn</strong></span> <span class='ocrx_word' id='word_1_731' title='bbox 1552 5161 1730 5215; x_wconf 90' lang='lat' dir='ltr'><strong>fuerat</strong></span> <span class='ocrx_word' id='word_1_732' title='bbox 1762 5163 1870 5216; x_wconf 80' lang='lat' dir='ltr'><strong>alio</strong></span> <span class='ocrx_word' id='word_1_733' title='bbox 1899 5173 2034 5218; x_wconf 81' lang='lat' dir='ltr'><strong>tetu-</strong></span> 
     </span>
    </p>
   </div>
   <div class='ocr_carea' id='block_1_96' title="bbox 451 5250 2030 5324">
    <p class='ocr_par' dir='ltr' id='par_1_96' title="bbox 451 5250 2030 5324">
     <span class='ocr_line' id='line_1_96' title="bbox 451 5250 2030 5324; baseline 0.005 -22"><span class='ocrx_word' id='word_1_734' title='bbox 451 5264 582 5320; x_wconf 85' lang='lat' dir='ltr'><strong>pore</strong></span> <span class='ocrx_word' id='word_1_735' title='bbox 619 5250 689 5304; x_wconf 86' lang='lat' dir='ltr'><strong>de</strong></span> <span class='ocrx_word' id='word_1_736' title='bbox 733 5250 928 5304; x_wconf 88' lang='lat' dir='ltr'><strong>salutis</strong></span> <span class='ocrx_word' id='word_1_737' title='bbox 974 5259 1174 5304; x_wconf 65' lang='lat' dir='ltr'><strong>nostra</strong></span> <span class='ocrx_word' id='word_1_738' title='bbox 1219 5252 1465 5306; x_wconf 85' lang='lat' dir='ltr'><strong>remedio</strong></span> <span class='ocrx_word' id='word_1_739' title='bbox 1506 5254 1772 5324; x_wconf 82' lang='lat' dir='ltr'><strong>cOgitare,</strong></span> <span class='ocrx_word' id='word_1_740' title='bbox 1818 5256 1920 5311; x_wconf 92' lang='lat' dir='ltr'><strong>nisi</strong></span> <span class='ocrx_word' id='word_1_741' title='bbox 1964 5272 2030 5310; x_wconf 82' lang='lat' dir='ltr'><strong>eo</strong></span> 
     </span>
    </p>
   </div>
   <div class='ocr_carea' id='block_1_97' title="bbox 451 5343 2028 5416">
    <p class='ocr_par' dir='ltr' id='par_1_97' title="bbox 451 5343 2028 5416">
     <span class='ocr_line' id='line_1_97' title="bbox 451 5343 2028 5416; baseline 0.004 -22"><span class='ocrx_word' id='word_1_742' title='bbox 451 5357 558 5410; x_wconf 80' lang='lat' dir='ltr'><strong>quo</strong></span> <span class='ocrx_word' id='word_1_743' title='bbox 585 5357 732 5396; x_wconf 91' lang='lat' dir='ltr'><strong>mors</strong></span> <span class='ocrx_word' id='word_1_744' title='bbox 757 5353 902 5396; x_wconf 83' lang='lat' dir='ltr'><strong>esset</strong></span> <span class='ocrx_word' id='word_1_745' title='bbox 930 5343 1174 5399; x_wconf 67' lang='lat' dir='ltr'><strong>inventa.</strong></span> <span class='ocrx_word' id='word_1_746' title='bbox 1204 5344 1297 5398; x_wconf 86' lang='lat' dir='ltr'><strong>Sic</strong></span> <span class='ocrx_word' id='word_1_747' title='bbox 1325 5359 1352 5396; x_wconf 94' lang='lat' dir='ltr'><strong>a</strong></span> <span class='ocrx_word' id='word_1_748' title='bbox 1377 5346 1828 5412; x_wconf 81' lang='lat' dir='ltr'><strong>prudentioribus</strong></span> <span class='ocrx_word' id='word_1_749' title='bbox 1855 5349 2028 5416; x_wconf 88' lang='lat' dir='ltr'><strong>prima</strong></span> 
     </span>
    </p>
   </div>
   <div class='ocr_carea' id='block_1_98' title="bbox 449 5430 2029 5506">
    <p class='ocr_par' dir='ltr' id='par_1_98' title="bbox 449 5430 2029 5506">
     <span class='ocr_line' id='line_1_98' title="bbox 449 5430 2029 5506; baseline 0.004 -21"><span class='ocrx_word' id='word_1_750' title='bbox 449 5430 632 5487; x_wconf 89' lang='lat' dir='ltr'><strong>fronte</strong></span> <span class='ocrx_word' id='word_1_751' title='bbox 669 5433 842 5488; x_wconf 85' lang='lat' dir='ltr'><strong>morbi</strong></span> <span class='ocrx_word' id='word_1_752' title='bbox 873 5433 1165 5488; x_wconf 84' lang='lat' dir='ltr'><strong>adhibetur</strong></span> <span class='ocrx_word' id='word_1_753' title='bbox 1200 5436 1443 5490; x_wconf 80' lang='lat' dir='ltr'><strong>medicus</strong></span> <span class='ocrx_word' id='word_1_754' title='bbox 1475 5453 1489 5490; x_wconf 89' lang='lat'><strong>:</strong></span> <span class='ocrx_word' id='word_1_755' title='bbox 1523 5443 1582 5491; x_wconf 89' lang='lat' dir='ltr'><strong>ut</strong></span> <span class='ocrx_word' id='word_1_756' title='bbox 1611 5437 1789 5506; x_wconf 87' lang='lat' dir='ltr'><strong>capite</strong></span> <span class='ocrx_word' id='word_1_757' title='bbox 1819 5439 2029 5493; x_wconf 89' lang='lat' dir='ltr'><strong>valetu-</strong></span> 
     </span>
    </p>
   </div>
   <div class='ocr_carea' id='block_1_99' title="bbox 450 5523 2022 5591">
    <p class='ocr_par' dir='ltr' id='par_1_99' title="bbox 450 5523 2022 5591">
     <span class='ocr_line' id='line_1_99' title="bbox 450 5523 2022 5591; baseline 0.001 -13"><span class='ocrx_word' id='word_1_758' title='bbox 450 5523 592 5578; x_wconf 89' lang='lat' dir='ltr'><strong>dinis</strong></span> <span class='ocrx_word' id='word_1_759' title='bbox 629 5523 992 5591; x_wconf 85' lang='lat' dir='ltr'><strong>deprehenso,</strong></span> <span class='ocrx_word' id='word_1_760' title='bbox 1032 5524 1244 5579; x_wconf 89' lang='lat' dir='ltr'><strong>facilius</strong></span> <span class='ocrx_word' id='word_1_761' title='bbox 1282 5526 1578 5579; x_wconf 87' lang='lat' dir='ltr'><strong>remedium</strong></span> <span class='ocrx_word' id='word_1_762' title='bbox 1624 5527 1864 5581; x_wconf 88' lang='lat' dir='ltr'><strong>salutare</strong></span> <span class='ocrx_word' id='word_1_763' title='bbox 1905 5543 2022 5580; x_wconf 61' lang='grc' dir='ltr'><strong>ευρ-</strong></span> 
     </span>
    </p>
   </div>
   <div class='ocr_carea' id='block_1_100' title="bbox 450 5613 2028 5686">
    <p class='ocr_par' dir='ltr' id='par_1_100' title="bbox 450 5613 2028 5686">
     <span class='ocr_line' id='line_1_100' title="bbox 450 5613 2028 5686; baseline 0.003 -18"><span class='ocrx_word' id='word_1_764' title='bbox 450 5623 654 5670; x_wconf 85' lang='lat' dir='ltr'><strong>currat.</strong></span> <span class='ocrx_word' id='word_1_765' title='bbox 687 5613 805 5670; x_wconf 85' lang='lat' dir='ltr'><strong>Non</strong></span> <span class='ocrx_word' id='word_1_766' title='bbox 835 5631 965 5686; x_wconf 85' lang='lat' dir='ltr'><strong>ergo</strong></span> <span class='ocrx_word' id='word_1_767' title='bbox 999 5625 1128 5670; x_wconf 90' lang='lat' dir='ltr'><strong>tunc</strong></span> <span class='ocrx_word' id='word_1_768' title='bbox 1155 5625 1361 5670; x_wconf 88' lang='lat' dir='ltr'><strong>tantum</strong></span> <span class='ocrx_word' id='word_1_769' title='bbox 1399 5617 1656 5670; x_wconf 82' lang='lat' dir='ltr'><strong>Dominus</strong></span> <span class='ocrx_word' id='word_1_770' title='bbox 1687 5635 1749 5672; x_wconf 92' lang='lat' dir='ltr'><strong>ac</strong></span> <span class='ocrx_word' id='word_1_771' title='bbox 1776 5619 2028 5673; x_wconf 79' lang='lat' dir='ltr'><strong>Salvator</strong></span> 
     </span>
    </p>
   </div>
   <div class='ocr_carea' id='block_1_101' title="bbox 450 5708 2025 5781">
    <p class='ocr_par' dir='ltr' id='par_1_101' title="bbox 450 5708 2025 5781">
     <span class='ocr_line' id='line_1_101' title="bbox 450 5708 2025 5781; baseline 0.003 -21"><span class='ocrx_word' id='word_1_772' title='bbox 450 5717 636 5762; x_wconf 84' lang='lat' dir='ltr'><strong>noster</strong></span> <span class='ocrx_word' id='word_1_773' title='bbox 665 5708 966 5778; x_wconf 86' lang='lat' dir='ltr'><strong>promissus</strong></span> <span class='ocrx_word' id='word_1_774' title='bbox 993 5720 1082 5765; x_wconf 86' lang='lat' dir='ltr'><strong>est</strong></span> <span class='ocrx_word' id='word_1_775' title='bbox 1108 5725 1230 5765; x_wconf 91' lang='lat' dir='ltr'><strong>cum</strong></span> <span class='ocrx_word' id='word_1_776' title='bbox 1257 5711 1456 5765; x_wconf 88' lang='lat' dir='ltr'><strong>clamat</strong></span> <span class='ocrx_word' id='word_1_777' title='bbox 1479 5709 1652 5766; x_wconf 88' lang='lat' dir='ltr'><strong>lsaias</strong></span> <span class='ocrx_word' id='word_1_778' title='bbox 1678 5727 1692 5764; x_wconf 88' lang='lat'>:</span> <span class='ocrx_word' id='word_1_779' title='bbox 1721 5710 1852 5764; x_wconf 79' lang='lat' dir='ltr'><strong>Ecce</strong></span> <span class='ocrx_word' id='word_1_780' title='bbox 1879 5713 2025 5781; x_wconf 82' lang='lat' dir='ltr'><strong>virgo</strong></span> 
     </span>
    </p>
   </div>
   <div class='ocr_carea' id='block_1_102' title="bbox 450 5802 2024 5875">
    <p class='ocr_par' dir='ltr' id='par_1_102' title="bbox 450 5802 2024 5875">
     <span class='ocr_line' id='line_1_102' title="bbox 450 5802 2024 5875; baseline 0.006 -24"><span class='ocrx_word' id='word_1_781' title='bbox 450 5802 506 5852; x_wconf 75' lang='lat' dir='ltr'><strong>in</strong></span> <span class='ocrx_word' id='word_1_782' title='bbox 538 5812 690 5857; x_wconf 78' lang='lat' dir='ltr'><strong>utero</strong></span> <span class='ocrx_word' id='word_1_783' title='bbox 722 5803 980 5871; x_wconf 78' lang='lat' dir='ltr'><strong>concipiet</strong></span> <span class='ocrx_word' id='word_1_784' title='bbox 1007 5814 1054 5859; x_wconf 86' lang='lat' dir='ltr'><strong>et</strong></span> <span class='ocrx_word' id='word_1_785' title='bbox 1082 5805 1255 5872; x_wconf 83' lang='lat' dir='ltr'><strong>pariet</strong></span> <span class='ocrx_word' id='word_1_786' title='bbox 1284 5805 1453 5872; x_wconf 73' lang='lat' dir='ltr'><strong>ﬁlium</strong></span> <span class='ocrx_word' id='word_1_787' title='bbox 1491 5803 1625 5875; x_wconf 82' lang='lat' dir='ltr'><strong>(lsa.</strong></span> <span class='ocrx_word' id='word_1_788' title='bbox 1665 5819 1766 5872; x_wconf 86' lang='lat' dir='ltr'><strong>vn,</strong></span> <span class='ocrx_word' id='word_1_789' title='bbox 1803 5803 1891 5875; x_wconf 69' lang='grc' dir='ltr'><strong>ἰαί)</strong></span> <span class='ocrx_word' id='word_1_790' title='bbox 1919 5821 1932 5872; x_wconf 87' lang='grc'>;</span> <span class='ocrx_word' id='word_1_791' title='bbox 1969 5815 2024 5861; x_wconf 94' lang='lat' dir='ltr'><strong>ct</strong></span> 
     </span>
    </p>
   </div>
   <div class='ocr_carea' id='block_1_103' title="bbox 2141 4598 3720 4669">
    <p class='ocr_par' dir='ltr' id='par_1_103' title="bbox 2141 4598 3720 4669">
     <span class='ocr_line' id='line_1_103' title="bbox 2141 4598 3720 4669; baseline 0.003 -19"><span class='ocrx_word' id='word_1_792' title='bbox 2141 4599 2396 4668; x_wconf 82' lang='lat' dir='ltr'><strong>contagia</strong></span> <span class='ocrx_word' id='word_1_793' title='bbox 2433 4607 2842 4668; x_wconf 86' lang='lat' dir='ltr'><strong>persequentes,</strong></span> <span class='ocrx_word' id='word_1_794' title='bbox 2879 4615 2986 4664; x_wconf 82' lang='lat' dir='ltr'><strong>quo</strong></span> <span class='ocrx_word' id='word_1_795' title='bbox 3032 4600 3211 4652; x_wconf 90' lang='lat' dir='ltr'><strong>minus</strong></span> <span class='ocrx_word' id='word_1_796' title='bbox 3258 4613 3321 4650; x_wconf 90' lang='lat' dir='ltr'><strong>ac</strong></span> <span class='ocrx_word' id='word_1_797' title='bbox 3360 4598 3720 4669; x_wconf 80' lang='lat' dir='ltr'><strong>negligentius</strong></span> 
     </span>
    </p>
   </div>
   <div class='ocr_carea' id='block_1_104' title="bbox 2140 4690 3717 4746">
    <p class='ocr_par' dir='ltr' id='par_1_104' title="bbox 2140 4690 3717 4746">
     <span class='ocr_line' id='line_1_104' title="bbox 2140 4690 3717 4746; baseline 0.001 -2"><span class='ocrx_word' id='word_1_798' title='bbox 2140 4690 2438 4744; x_wconf 76' lang='lat' dir='ltr'><strong>fminarum</strong></span> <span class='ocrx_word' id='word_1_799' title='bbox 2489 4692 2734 4743; x_wconf 87' lang='lat' dir='ltr'><strong>vitavere</strong></span> <span class='ocrx_word' id='word_1_800' title='bbox 2781 4691 3085 4744; x_wconf 85' lang='lat' dir='ltr'><strong>consortia.</strong></span> <span class='ocrx_word' id='word_1_801' title='bbox 3127 4693 3168 4743; x_wconf 87' lang='grc'><strong>0</strong></span> <span class='ocrx_word' id='word_1_802' title='bbox 3205 4691 3434 4745; x_wconf 88' lang='lat' dir='ltr'><strong>miseros</strong></span> <span class='ocrx_word' id='word_1_803' title='bbox 3472 4700 3524 4745; x_wconf 87' lang='lat' dir='ltr'><strong>et</strong></span> <span class='ocrx_word' id='word_1_804' title='bbox 3569 4691 3717 4746; x_wconf 89' lang='lat' dir='ltr'><strong>omni</strong></span> 
     </span>
    </p>
   </div>
   <div class='ocr_carea' id='block_1_105' title="bbox 2137 4785 3716 4856">
    <p class='ocr_par' dir='ltr' id='par_1_105' title="bbox 2137 4785 3716 4856">
     <span class='ocr_line' id='line_1_105' title="bbox 2137 4785 3716 4856; baseline 0.001 -18"><span class='ocrx_word' id='word_1_805' title='bbox 2137 4786 2399 4856; x_wconf 68' lang='lat' dir='ltr'><strong>praeditos</strong></span> <span class='ocrx_word' id='word_1_806' title='bbox 2435 4786 2702 4847; x_wconf 57' lang='lat' dir='ltr'><strong>caecitate,</strong></span> <span class='ocrx_word' id='word_1_807' title='bbox 2734 4785 2826 4853; x_wconf 89' lang='lat' dir='ltr'><strong>qui</strong></span> <span class='ocrx_word' id='word_1_808' title='bbox 2861 4785 3062 4839; x_wconf 88' lang='lat' dir='ltr'><strong>bonum</strong></span> <span class='ocrx_word' id='word_1_809' title='bbox 3109 4793 3381 4840; x_wconf 77' lang='lat' dir='ltr'><strong>exornant</strong></span> <span class='ocrx_word' id='word_1_810' title='bbox 3422 4785 3588 4850; x_wconf 87' lang='lat' dir='ltr'><strong>malo,</strong></span> <span class='ocrx_word' id='word_1_811' title='bbox 3623 4785 3716 4855; x_wconf 88' lang='lat' dir='ltr'><strong>qui</strong></span> 
     </span>
    </p>
   </div>
   <div class='ocr_carea' id='block_1_106' title="bbox 2135 4874 3718 4942">
    <p class='ocr_par' dir='ltr' id='par_1_106' title="bbox 2135 4874 3718 4942">
     <span class='ocr_line' id='line_1_106' title="bbox 2135 4874 3718 4942; baseline 0.001 -15"><span class='ocrx_word' id='word_1_812' title='bbox 2135 4874 2532 4928; x_wconf 85' lang='lat' dir='ltr'><strong>continentiam</strong></span> <span class='ocrx_word' id='word_1_813' title='bbox 2580 4874 2685 4928; x_wconf 87' lang='lat' dir='ltr'><strong>sub</strong></span> <span class='ocrx_word' id='word_1_814' title='bbox 2730 4883 2882 4942; x_wconf 87' lang='lat' dir='ltr'><strong>gestu</strong></span> <span class='ocrx_word' id='word_1_815' title='bbox 2933 4875 3274 4929; x_wconf 82' lang='lat' dir='ltr'><strong>crudelitatis</strong></span> <span class='ocrx_word' id='word_1_816' title='bbox 3332 4874 3609 4942; x_wconf 88' lang='lat' dir='ltr'><strong>attollunt,</strong></span> <span class='ocrx_word' id='word_1_817' title='bbox 3662 4883 3718 4928; x_wconf 89' lang='lat' dir='ltr'><strong>et</strong></span> 
     </span>
    </p>
   </div>
   <div class='ocr_carea' id='block_1_107' title="bbox 2136 4963 3717 5036">
    <p class='ocr_par' dir='ltr' id='par_1_107' title="bbox 2136 4963 3717 5036">
     <span class='ocr_line' id='line_1_107' title="bbox 2136 4963 3717 5036; baseline 0 -16"><span class='ocrx_word' id='word_1_818' title='bbox 2136 4965 2515 5020; x_wconf 84' lang='lat' dir='ltr'><strong>crudelitatem</strong></span> <span class='ocrx_word' id='word_1_819' title='bbox 2557 4966 2831 5036; x_wconf 80' lang='lat' dir='ltr'><strong>propriam</strong></span> <span class='ocrx_word' id='word_1_820' title='bbox 2864 4968 3041 5020; x_wconf 87' lang='lat' dir='ltr'><strong>aliena</strong></span> <span class='ocrx_word' id='word_1_821' title='bbox 3084 4963 3404 5020; x_wconf 87' lang='lat' dir='ltr'><strong>infelicitate</strong></span> <span class='ocrx_word' id='word_1_822' title='bbox 3440 4980 3717 5020; x_wconf 86' lang='lat' dir='ltr'><strong>commen-</strong></span> 
     </span>
    </p>
   </div>
   <div class='ocr_carea' id='block_1_108' title="bbox 2139 5058 3714 5129">
    <p class='ocr_par' dir='ltr' id='par_1_108' title="bbox 2139 5058 3714 5129">
     <span class='ocr_line' id='line_1_108' title="bbox 2139 5058 3714 5129; baseline -0.001 -15"><span class='ocrx_word' id='word_1_823' title='bbox 2139 5059 2271 5114; x_wconf 84' lang='lat' dir='ltr'><strong>dant</strong></span> <span class='ocrx_word' id='word_1_824' title='bbox 2311 5077 2325 5113; x_wconf 95' lang='lat'>:</span> <span class='ocrx_word' id='word_1_825' title='bbox 2365 5061 2584 5129; x_wconf 86' lang='lat' dir='ltr'><strong>quando</strong></span> <span class='ocrx_word' id='word_1_826' title='bbox 2633 5061 2926 5114; x_wconf 78' lang='lat' dir='ltr'><strong>virtutibus</strong></span> <span class='ocrx_word' id='word_1_827' title='bbox 2969 5058 3085 5113; x_wconf 82' lang='lat' dir='ltr'><strong>suis</strong></span> <span class='ocrx_word' id='word_1_828' title='bbox 3131 5058 3454 5114; x_wconf 86' lang='lat' dir='ltr'><strong>miserorum</strong></span> <span class='ocrx_word' id='word_1_829' title='bbox 3504 5058 3714 5127; x_wconf 85' lang='lat' dir='ltr'><strong>astipu-</strong></span> 
     </span>
    </p>
   </div>
   <div class='ocr_carea' id='block_1_109' title="bbox 2135 5152 3715 5223">
    <p class='ocr_par' dir='ltr' id='par_1_109' title="bbox 2135 5152 3715 5223">
     <span class='ocr_line' id='line_1_109' title="bbox 2135 5152 3715 5223; baseline -0.001 -13"><span class='ocrx_word' id='word_1_830' title='bbox 2135 5158 2317 5210; x_wconf 91' lang='lat' dir='ltr'><strong>lantur</strong></span> <span class='ocrx_word' id='word_1_831' title='bbox 2363 5156 2552 5218; x_wconf 82' lang='lat' dir='ltr'><strong>cxitio,</strong></span> <span class='ocrx_word' id='word_1_832' title='bbox 2605 5166 2658 5209; x_wconf 86' lang='lat' dir='ltr'><strong>et</strong></span> <span class='ocrx_word' id='word_1_833' title='bbox 2715 5154 3039 5209; x_wconf 74' lang='lat' dir='ltr'><strong>innocentia:</strong></span> <span class='ocrx_word' id='word_1_834' title='bbox 3081 5152 3382 5223; x_wconf 75' lang='lat' dir='ltr'><strong>iudicantis</strong></span> <span class='ocrx_word' id='word_1_835' title='bbox 3423 5152 3715 5208; x_wconf 76' lang='lat' dir='ltr'><strong>noxiorum</strong></span> 
     </span>
    </p>
   </div>
   <div class='ocr_carea' id='block_1_110' title="bbox 2136 5248 2927 5318">
    <p class='ocr_par' dir='ltr' id='par_1_110' title="bbox 2136 5248 2927 5318">
     <span class='ocr_line' id='line_1_110' title="bbox 2136 5248 2927 5318; baseline -0.005 -14"><span class='ocrx_word' id='word_1_836' title='bbox 2136 5249 2506 5304; x_wconf 88' lang='lat' dir='ltr'><strong>cruciamenta</strong></span> <span class='ocrx_word' id='word_1_837' title='bbox 2538 5248 2927 5318; x_wconf 77' lang='lat' dir='ltr'><strong>strpplaudunt.</strong></span> 
     </span>
    </p>
   </div>
   <div class='ocr_carea' id='block_1_111' title="bbox 2210 5341 3713 5410">
    <p class='ocr_par' dir='ltr' id='par_1_111' title="bbox 2210 5341 3713 5410">
     <span class='ocr_line' id='line_1_111' title="bbox 2210 5341 3713 5410; baseline -0.001 -16"><span class='ocrx_word' id='word_1_838' title='bbox 2210 5341 2297 5395; x_wconf 81' lang='lat' dir='ltr'><strong>Vl.</strong></span> <span class='ocrx_word' id='word_1_839' title='bbox 2353 5341 2494 5394; x_wconf 89' lang='lat' dir='ltr'><strong>Deus</strong></span> <span class='ocrx_word' id='word_1_840' title='bbox 2546 5352 2725 5395; x_wconf 88' lang='lat' dir='ltr'><strong>autem</strong></span> <span class='ocrx_word' id='word_1_841' title='bbox 2776 5350 2963 5394; x_wconf 89' lang='lat' dir='ltr'><strong>noster</strong></span> <span class='ocrx_word' id='word_1_842' title='bbox 3012 5349 3202 5395; x_wconf 89' lang='lat' dir='ltr'><strong>contra</strong></span> <span class='ocrx_word' id='word_1_843' title='bbox 3268 5355 3484 5395; x_wconf 86' lang='lat' dir='ltr'><strong>omnem</strong></span> <span class='ocrx_word' id='word_1_844' title='bbox 3537 5353 3713 5410; x_wconf 75' lang='lat' dir='ltr'><strong>spem,</strong></span> 
     </span>
    </p>
   </div>
   <div class='ocr_carea' id='block_1_112' title="bbox 2137 5430 3711 5501">
    <p class='ocr_par' dir='ltr' id='par_1_112' title="bbox 2137 5430 3711 5501">
     <span class='ocr_line' id='line_1_112' title="bbox 2137 5430 3711 5501; baseline 0.001 -14"><span class='ocrx_word' id='word_1_845' title='bbox 2137 5444 2325 5488; x_wconf 88' lang='lat' dir='ltr'><strong>contra</strong></span> <span class='ocrx_word' id='word_1_846' title='bbox 2360 5448 2576 5487; x_wconf 88' lang='lat' dir='ltr'><strong>omnem</strong></span> <span class='ocrx_word' id='word_1_847' title='bbox 2613 5447 2750 5501; x_wconf 82' lang='lat' dir='ltr'><strong>pene</strong></span> <span class='ocrx_word' id='word_1_848' title='bbox 2784 5432 2966 5496; x_wconf 88' lang='lat' dir='ltr'><strong>tidem,</strong></span> <span class='ocrx_word' id='word_1_849' title='bbox 2995 5447 3058 5487; x_wconf 84' lang='lat' dir='ltr'><strong>ex</strong></span> <span class='ocrx_word' id='word_1_850' title='bbox 3089 5433 3290 5486; x_wconf 77' lang='lat' dir='ltr'><strong>divitiis</strong></span> <span class='ocrx_word' id='word_1_851' title='bbox 3321 5430 3711 5488; x_wconf 67' lang='lat' dir='ltr'><strong>misericordia</strong></span> 
     </span>
    </p>
   </div>
   <div class='ocr_carea' id='block_1_113' title="bbox 2135 5525 3713 5592">
    <p class='ocr_par' dir='ltr' id='par_1_113' title="bbox 2135 5525 3713 5592">
     <span class='ocr_line' id='line_1_113' title="bbox 2135 5525 3713 5592; baseline 0.001 -13"><span class='ocrx_word' id='word_1_852' title='bbox 2135 5543 2247 5579; x_wconf 65' lang='lat' dir='ltr'><strong>suae</strong></span> <span class='ocrx_word' id='word_1_853' title='bbox 2282 5528 2336 5580; x_wconf 90' lang='lat' dir='ltr'><strong>in</strong></span> <span class='ocrx_word' id='word_1_854' title='bbox 2371 5527 2512 5578; x_wconf 87' lang='lat' dir='ltr'><strong>malo</strong></span> <span class='ocrx_word' id='word_1_855' title='bbox 2550 5528 2752 5579; x_wconf 85' lang='lat' dir='ltr'><strong>bonum</strong></span> <span class='ocrx_word' id='word_1_856' title='bbox 2791 5537 3002 5590; x_wconf 84' lang='lat' dir='ltr'><strong>nactus,</strong></span> <span class='ocrx_word' id='word_1_857' title='bbox 3040 5526 3092 5579; x_wconf 90' lang='lat' dir='ltr'><strong>in</strong></span> <span class='ocrx_word' id='word_1_858' title='bbox 3134 5525 3412 5580; x_wconf 82' lang='lat' dir='ltr'><strong>iracundia</strong></span> <span class='ocrx_word' id='word_1_859' title='bbox 3447 5539 3713 5592; x_wconf 80' lang='lat' dir='ltr'><strong>generatis</strong></span> 
     </span>
    </p>
   </div>
   <div class='ocr_carea' id='block_1_114' title="bbox 2131 5615 3712 5687">
    <p class='ocr_par' dir='ltr' id='par_1_114' title="bbox 2131 5615 3712 5687">
     <span class='ocr_line' id='line_1_114' title="bbox 2131 5615 3712 5687; baseline -0.001 -15"><span class='ocrx_word' id='word_1_860' title='bbox 2131 5619 2578 5686; x_wconf 61' lang='lat' dir='ltr'><strong>confirmatisque</strong></span> <span class='ocrx_word' id='word_1_861' title='bbox 2610 5619 2893 5687; x_wconf 84' lang='lat' dir='ltr'><strong>pietatem,</strong></span> <span class='ocrx_word' id='word_1_862' title='bbox 2937 5617 3198 5684; x_wconf 88' lang='lat' dir='ltr'><strong>peccandi</strong></span> <span class='ocrx_word' id='word_1_863' title='bbox 3231 5630 3438 5681; x_wconf 88' lang='lat' dir='ltr'><strong>semen,</strong></span> <span class='ocrx_word' id='word_1_864' title='bbox 3475 5617 3532 5671; x_wconf 90' lang='lat' dir='ltr'><strong>in</strong></span> <span class='ocrx_word' id='word_1_865' title='bbox 3592 5615 3712 5670; x_wconf 77' lang='lat' dir='ltr'><strong>fru-</strong></span> 
     </span>
    </p>
   </div>
   <div class='ocr_carea' id='block_1_115' title="bbox 2131 5709 3712 5780">
    <p class='ocr_par' dir='ltr' id='par_1_115' title="bbox 2131 5709 3712 5780">
     <span class='ocr_line' id='line_1_115' title="bbox 2131 5709 3712 5780; baseline -0.003 -12"><span class='ocrx_word' id='word_1_866' title='bbox 2131 5723 2276 5768; x_wconf 90' lang='lat' dir='ltr'><strong>ctum</strong></span> <span class='ocrx_word' id='word_1_867' title='bbox 2299 5712 2466 5765; x_wconf 88' lang='lat' dir='ltr'><strong>voluit</strong></span> <span class='ocrx_word' id='word_1_868' title='bbox 2504 5712 2735 5766; x_wconf 87' lang='lat' dir='ltr'><strong>evadere</strong></span> <span class='ocrx_word' id='word_1_869' title='bbox 2776 5710 3071 5766; x_wconf 86' lang='lat' dir='ltr'><strong>miscrcudi</strong></span> <span class='ocrx_word' id='word_1_870' title='bbox 3113 5728 3126 5765; x_wconf 90' lang='lat'><strong>:</strong></span> <span class='ocrx_word' id='word_1_871' title='bbox 3161 5719 3215 5765; x_wconf 89' lang='lat' dir='ltr'><strong>et</strong></span> <span class='ocrx_word' id='word_1_872' title='bbox 3240 5709 3332 5779; x_wconf 93' lang='lat' dir='ltr'><strong>qui</strong></span> <span class='ocrx_word' id='word_1_873' title='bbox 3361 5724 3460 5763; x_wconf 88' lang='lat' dir='ltr'><strong>nos</strong></span> <span class='ocrx_word' id='word_1_874' title='bbox 3489 5718 3712 5780; x_wconf 86' lang='lat' dir='ltr'><strong>propter</strong></span> 
     </span>
    </p>
   </div>
   <div class='ocr_carea' id='block_1_116' title="bbox 2130 5803 3709 5889">
    <p class='ocr_par' dir='ltr' id='par_1_116' title="bbox 2130 5803 3709 5889">
     <span class='ocr_line' id='line_1_116' title="bbox 2130 5803 3709 5889; baseline -0.005 -27"><span class='ocrx_word' id='word_1_875' title='bbox 2130 5804 2620 5889; x_wconf 77' lang='lat' dir='ltr'><strong>transgressionem</strong></span> <span class='ocrx_word' id='word_1_876' title='bbox 2672 5805 2902 5873; x_wconf 85' lang='lat' dir='ltr'><strong>perdere</strong></span> <span class='ocrx_word' id='word_1_877' title='bbox 2947 5803 3244 5871; x_wconf 86' lang='lat' dir='ltr'><strong>debuisset,</strong></span> <span class='ocrx_word' id='word_1_878' title='bbox 3289 5811 3511 5872; x_wconf 85' lang='lat' dir='ltr'><strong>propter</strong></span> <span class='ocrx_word' id='word_1_879' title='bbox 3553 5817 3709 5857; x_wconf 82' lang='lat' dir='ltr'><strong>suam</strong></span> 
     </span>
    </p>
   </div>
  </div>
