  <div class='ocr_page' id='page_1' title='image "/cluster/home/n/w/nwhite01/storage/ocr_20150623/30/hvd.32044096580527/048.png"; bbox 0 0 4056 6200; ppageno 0'>
   <div class='ocr_carea' id='block_1_1' title="bbox 1186 142 1221 175">
    <p class='ocr_par' dir='ltr' id='par_1_1' title="bbox 1186 142 1221 175">
     <span class='ocr_line' id='line_1_1' title="bbox 1186 142 1221 175; baseline 0 0"><span class='ocrx_word' id='word_1_1' title='bbox 1186 142 1221 175; x_wconf 73' lang='grc' dir='ltr'><em>ο</em></span> 
     </span>
    </p>
   </div>
   <div class='ocr_carea' id='block_1_2' title="bbox 328 304 3607 390">
    <p class='ocr_par' dir='ltr' id='par_1_2' title="bbox 328 304 3607 390">
     <span class='ocr_line' id='line_1_2' title="bbox 328 304 3607 390; baseline 0.006 -20"><span class='ocrx_word' id='word_1_2' title='bbox 328 304 404 370; x_wconf 74' lang='lat'><strong>8&#39;:</strong></span> <span class='ocrx_word' id='word_1_3' title='bbox 1179 305 1551 370; x_wconf 79' lang='lat' dir='ltr'><strong>EPISTOLA</strong></span> <span class='ocrx_word' id='word_1_4' title='bbox 1595 310 1697 373; x_wconf 83' lang='lat' dir='ltr'><strong>Vl.</strong></span> <span class='ocrx_word' id='word_1_5' title='bbox 1732 304 1847 373; x_wconf 79' lang='grc' dir='ltr'><strong>ἈΒ</strong></span> <span class='ocrx_word' id='word_1_6' title='bbox 1887 312 2202 377; x_wconf 77' lang='lat' dir='ltr'><strong>AMICUM</strong></span> <span class='ocrx_word' id='word_1_7' title='bbox 2242 315 2637 381; x_wconf 66' lang='lat' dir='ltr'><strong>tEGROTUM</strong></span> <span class='ocrx_word' id='word_1_8' title='bbox 2678 319 2768 382; x_wconf 86' lang='lat' dir='ltr'><strong>Il.</strong></span> <span class='ocrx_word' id='word_1_9' title='bbox 3533 324 3607 390; x_wconf 82' lang='grc'><strong>86</strong></span> 
     </span>
    </p>
   </div>
   <div class='ocr_carea' id='block_1_3' title="bbox 330 417 3607 504">
    <p class='ocr_par' dir='ltr' id='par_1_3' title="bbox 330 417 3607 504">
     <span class='ocr_line' id='line_1_3' title="bbox 330 417 3607 504; baseline 0.006 -32"><span class='ocrx_word' id='word_1_10' title='bbox 330 417 777 474; x_wconf 88' lang='lat' dir='ltr'><strong>misericordiam</strong></span> <span class='ocrx_word' id='word_1_11' title='bbox 834 426 1215 491; x_wconf 73' lang='lat' dir='ltr'><strong>reparaturum</strong></span> <span class='ocrx_word' id='word_1_12' title='bbox 1265 436 1323 478; x_wconf 90' lang='lat' dir='ltr'><strong>se</strong></span> <span class='ocrx_word' id='word_1_13' title='bbox 1367 436 1487 478; x_wconf 83' lang='lat' dir='ltr'><strong>esse</strong></span> <span class='ocrx_word' id='word_1_14' title='bbox 1527 425 1808 495; x_wconf 76' lang='lat' dir='ltr'><strong>promisit.</strong></span> <span class='ocrx_word' id='word_1_15' title='bbox 1861 426 1925 481; x_wconf 82' lang='lat' dir='ltr'><strong>Et</strong></span> <span class='ocrx_word' id='word_1_16' title='bbox 1954 431 1999 489; x_wconf 80' lang='grc' dir='ltr'>Α</span> <span class='ocrx_word' id='word_1_17' title='bbox 2030 438 2083 482; x_wconf 90' lang='lat' dir='ltr'><strong>et</strong></span> <span class='ocrx_word' id='word_1_18' title='bbox 2132 430 2358 502; x_wconf 76' lang='lat' dir='ltr'><strong>angelus</strong></span> <span class='ocrx_word' id='word_1_19' title='bbox 2398 446 2506 487; x_wconf 86' lang='lat' dir='ltr'><strong>non</strong></span> <span class='ocrx_word' id='word_1_20' title='bbox 2550 432 2925 489; x_wconf 78' lang='lat' dir='ltr'><strong>infidelitatem</strong></span> <span class='ocrx_word' id='word_1_21' title='bbox 2966 434 3266 504; x_wconf 84' lang='lat' dir='ltr'><strong>redarguit,</strong></span> <span class='ocrx_word' id='word_1_22' title='bbox 3307 446 3368 491; x_wconf 88' lang='lat' dir='ltr'><strong>ut</strong></span> <span class='ocrx_word' id='word_1_23' title='bbox 3403 452 3459 492; x_wconf 84' lang='lat' dir='ltr'><strong>in</strong></span> <span class='ocrx_word' id='word_1_24' title='bbox 3501 436 3607 493; x_wconf 82' lang='lat' dir='ltr'><strong>Za-</strong></span> 
     </span>
    </p>
   </div>
   <div class='ocr_carea' id='block_1_4' title="bbox 325 510 1911 587">
    <p class='ocr_par' dir='ltr' id='par_1_4' title="bbox 325 510 1911 587">
     <span class='ocr_line' id='line_1_4' title="bbox 325 510 1911 587; baseline 0.007 -23"><span class='ocrx_word' id='word_1_25' title='bbox 325 510 421 565; x_wconf 81' lang='lat' dir='ltr'><strong>illo</strong></span> <span class='ocrx_word' id='word_1_26' title='bbox 448 520 692 581; x_wconf 90' lang='lat' dir='ltr'><strong>tempore</strong></span> <span class='ocrx_word' id='word_1_27' title='bbox 716 526 825 581; x_wconf 89' lang='lat' dir='ltr'><strong>quo</strong></span> <span class='ocrx_word' id='word_1_28' title='bbox 848 511 1113 581; x_wconf 85' lang='lat' dir='ltr'><strong>supplicia</strong></span> <span class='ocrx_word' id='word_1_29' title='bbox 1140 515 1506 581; x_wconf 82' lang='lat' dir='ltr'><strong>merebamur,</strong></span> <span class='ocrx_word' id='word_1_30' title='bbox 1529 528 1911 587; x_wconf 75' lang='lat' dir='ltr'><strong>argumentum</strong></span> 
     </span>
    </p>
   </div>
   <div class='ocr_carea' id='block_1_5' title="bbox 325 599 1912 676">
    <p class='ocr_par' dir='ltr' id='par_1_5' title="bbox 325 599 1912 676">
     <span class='ocr_line' id='line_1_5' title="bbox 325 599 1912 676; baseline 0.006 -23"><span class='ocrx_word' id='word_1_31' title='bbox 325 600 652 654; x_wconf 70' lang='lat' dir='ltr'><strong>salvationis</strong></span> <span class='ocrx_word' id='word_1_32' title='bbox 721 599 967 655; x_wconf 84' lang='lat' dir='ltr'><strong>ostendit</strong></span> <span class='ocrx_word' id='word_1_33' title='bbox 1026 616 1042 655; x_wconf 87' lang='lat'><strong>:</strong></span> <span class='ocrx_word' id='word_1_34' title='bbox 1101 611 1160 655; x_wconf 88' lang='lat' dir='ltr'><strong>ttt</strong></span> <span class='ocrx_word' id='word_1_35' title='bbox 1232 602 1537 675; x_wconf 68' lang='lat' dir='ltr'><strong>intelligere</strong></span> <span class='ocrx_word' id='word_1_36' title='bbox 1608 622 1912 676; x_wconf 83' lang='lat' dir='ltr'><strong>possemus,</strong></span> 
     </span>
    </p>
   </div>
   <div class='ocr_carea' id='block_1_6' title="bbox 323 689 1913 767">
    <p class='ocr_par' dir='ltr' id='par_1_6' title="bbox 323 689 1913 767">
     <span class='ocr_line' id='line_1_6' title="bbox 323 689 1913 767; baseline 0.01 -29"><span class='ocrx_word' id='word_1_37' title='bbox 323 698 594 758; x_wconf 85' lang='lat' dir='ltr'><strong>quantum</strong></span> <span class='ocrx_word' id='word_1_38' title='bbox 630 689 833 744; x_wconf 76' lang='lat' dir='ltr'><strong>valeret</strong></span> <span class='ocrx_word' id='word_1_39' title='bbox 866 701 1133 758; x_wconf 63' lang='lat' dir='ltr'><strong>prxstare</strong></span> <span class='ocrx_word' id='word_1_40' title='bbox 1177 708 1284 748; x_wconf 90' lang='lat' dir='ltr'><strong>non</strong></span> <span class='ocrx_word' id='word_1_41' title='bbox 1341 696 1523 760; x_wconf 71' lang='lat' dir='ltr'><strong>lavsus,</strong></span> <span class='ocrx_word' id='word_1_42' title='bbox 1566 698 1655 767; x_wconf 88' lang='lat' dir='ltr'><strong>qui</strong></span> <span class='ocrx_word' id='word_1_43' title='bbox 1700 704 1913 754; x_wconf 88' lang='lat' dir='ltr'><strong>tantum</strong></span> 
     </span>
    </p>
   </div>
   <div class='ocr_carea' id='block_1_7' title="bbox 326 780 1916 859">
    <p class='ocr_par' dir='ltr' id='par_1_7' title="bbox 326 780 1916 859">
     <span class='ocr_line' id='line_1_7' title="bbox 326 780 1916 859; baseline 0.008 -26"><span class='ocrx_word' id='word_1_44' title='bbox 326 783 560 834; x_wconf 64' lang='lat' dir='ltr'><strong>deiraret</strong></span> <span class='ocrx_word' id='word_1_45' title='bbox 608 780 802 834; x_wconf 88' lang='lat' dir='ltr'><strong>iratus.</strong></span> <span class='ocrx_word' id='word_1_46' title='bbox 848 780 905 833; x_wconf 89' lang='lat' dir='ltr'><strong>lu</strong></span> <span class='ocrx_word' id='word_1_47' title='bbox 952 782 1132 851; x_wconf 90' lang='lat' dir='ltr'><strong>primo</strong></span> <span class='ocrx_word' id='word_1_48' title='bbox 1172 799 1304 854; x_wconf 88' lang='lat' dir='ltr'><strong>ergo</strong></span> <span class='ocrx_word' id='word_1_49' title='bbox 1349 787 1587 851; x_wconf 81' lang='lat' dir='ltr'><strong>herniae,</strong></span> <span class='ocrx_word' id='word_1_50' title='bbox 1638 797 1693 841; x_wconf 91' lang='lat' dir='ltr'><strong>ut</strong></span> <span class='ocrx_word' id='word_1_51' title='bbox 1732 788 1916 859; x_wconf 80' lang='lat' dir='ltr'><strong>lnque-</strong></span> 
     </span>
    </p>
   </div>
   <div class='ocr_carea' id='block_1_8' title="bbox 326 867 1910 943">
    <p class='ocr_par' dir='ltr' id='par_1_8' title="bbox 326 867 1910 943">
     <span class='ocr_line' id='line_1_8' title="bbox 326 867 1910 943; baseline 0.003 -20"><span class='ocrx_word' id='word_1_52' title='bbox 326 868 515 931; x_wconf 87' lang='lat' dir='ltr'><strong>batur,</strong></span> <span class='ocrx_word' id='word_1_53' title='bbox 541 867 727 923; x_wconf 79' lang='lat' dir='ltr'><strong>statim</strong></span> <span class='ocrx_word' id='word_1_54' title='bbox 753 870 908 923; x_wconf 82' lang='lat' dir='ltr'><strong>nobis</strong></span> <span class='ocrx_word' id='word_1_55' title='bbox 933 869 1291 939; x_wconf 87' lang='lat' dir='ltr'><strong>judiciarium</strong></span> <span class='ocrx_word' id='word_1_56' title='bbox 1321 872 1910 943; x_wconf 74' lang='lat' dir='ltr'><strong>Spoponditauxiltutn,</strong></span> 
     </span>
    </p>
   </div>
   <div class='ocr_carea' id='block_1_9' title="bbox 324 958 1913 1031">
    <p class='ocr_par' dir='ltr' id='par_1_9' title="bbox 324 958 1913 1031">
     <span class='ocr_line' id='line_1_9' title="bbox 324 958 1913 1031; baseline 0.006 -20"><span class='ocrx_word' id='word_1_57' title='bbox 324 970 513 1013; x_wconf 79' lang='lat' dir='ltr'><strong>statim</strong></span> <span class='ocrx_word' id='word_1_58' title='bbox 567 958 632 1010; x_wconf 89' lang='lat' dir='ltr'><strong>de</strong></span> <span class='ocrx_word' id='word_1_59' title='bbox 680 958 821 1012; x_wconf 88' lang='lat' dir='ltr'><strong>bono</strong></span> <span class='ocrx_word' id='word_1_60' title='bbox 888 963 1149 1016; x_wconf 79' lang='lat' dir='ltr'><strong>thesauro</strong></span> <span class='ocrx_word' id='word_1_61' title='bbox 1202 961 1348 1015; x_wconf 87' lang='lat' dir='ltr'><strong>bona</strong></span> <span class='ocrx_word' id='word_1_62' title='bbox 1394 963 1671 1031; x_wconf 75' lang='lat' dir='ltr'><strong>produxit,</strong></span> <span class='ocrx_word' id='word_1_63' title='bbox 1726 967 1913 1021; x_wconf 83' lang='lat' dir='ltr'><strong>statim</strong></span> 
     </span>
    </p>
   </div>
   <div class='ocr_carea' id='block_1_10' title="bbox 325 1048 1915 1123">
    <p class='ocr_par' dir='ltr' id='par_1_10' title="bbox 325 1048 1915 1123">
     <span class='ocr_line' id='line_1_10' title="bbox 325 1048 1915 1123; baseline 0.006 -22"><span class='ocrx_word' id='word_1_64' title='bbox 325 1050 574 1119; x_wconf 84' lang='lat' dir='ltr'><strong>ignotum</strong></span> <span class='ocrx_word' id='word_1_65' title='bbox 616 1048 752 1116; x_wconf 80' lang='lat' dir='ltr'><strong>ipsis</strong></span> <span class='ocrx_word' id='word_1_66' title='bbox 787 1050 995 1118; x_wconf 81' lang='lat' dir='ltr'><strong>angelis</strong></span> <span class='ocrx_word' id='word_1_67' title='bbox 1039 1063 1465 1111; x_wconf 76' lang='lat' dir='ltr'><strong>sacramentum.</strong></span> <span class='ocrx_word' id='word_1_68' title='bbox 1505 1053 1647 1121; x_wconf 86' lang='lat' dir='ltr'><strong>quod</strong></span> <span class='ocrx_word' id='word_1_69' title='bbox 1686 1055 1915 1123; x_wconf 88' lang='lat' dir='ltr'><strong>implen-</strong></span> 
     </span>
    </p>
   </div>
   <div class='ocr_carea' id='block_1_11' title="bbox 325 1143 1914 1218">
    <p class='ocr_par' dir='ltr' id='par_1_11' title="bbox 325 1143 1914 1218">
     <span class='ocr_line' id='line_1_11' title="bbox 325 1143 1914 1218; baseline 0.006 -25"><span class='ocrx_word' id='word_1_70' title='bbox 325 1143 457 1196; x_wconf 89' lang='lat' dir='ltr'><strong>dum</strong></span> <span class='ocrx_word' id='word_1_71' title='bbox 489 1154 637 1198; x_wconf 75' lang='lat' dir='ltr'><strong>esset</strong></span> <span class='ocrx_word' id='word_1_72' title='bbox 663 1148 715 1198; x_wconf 91' lang='lat' dir='ltr'><strong>in</strong></span> <span class='ocrx_word' id='word_1_73' title='bbox 736 1145 1036 1201; x_wconf 83' lang='lat' dir='ltr'><strong>novissimo</strong></span> <span class='ocrx_word' id='word_1_74' title='bbox 1067 1147 1651 1218; x_wconf 56' lang='lat' dir='ltr'><strong>temporefpublicavit</strong></span> <span class='ocrx_word' id='word_1_75' title='bbox 1679 1167 1694 1204; x_wconf 88' lang='lat'><strong>:</strong></span> <span class='ocrx_word' id='word_1_76' title='bbox 1722 1159 1776 1204; x_wconf 86' lang='lat' dir='ltr'><strong>et</strong></span> <span class='ocrx_word' id='word_1_77' title='bbox 1807 1163 1914 1205; x_wconf 85' lang='lat' dir='ltr'><strong>ter-</strong></span> 
     </span>
    </p>
   </div>
   <div class='ocr_carea' id='block_1_12' title="bbox 326 1235 1913 1310">
    <p class='ocr_par' dir='ltr' id='par_1_12' title="bbox 326 1235 1913 1310">
     <span class='ocr_line' id='line_1_12' title="bbox 326 1235 1913 1310; baseline 0.009 -25"><span class='ocrx_word' id='word_1_78' title='bbox 326 1250 465 1290; x_wconf 78' lang='lat' dir='ltr'><strong>reno</strong></span> <span class='ocrx_word' id='word_1_79' title='bbox 508 1235 640 1290; x_wconf 74' lang='lat' dir='ltr'><strong>Adae</strong></span> <span class='ocrx_word' id='word_1_80' title='bbox 688 1237 859 1291; x_wconf 81' lang='lat' dir='ltr'><strong>Adam</strong></span> <span class='ocrx_word' id='word_1_81' title='bbox 909 1238 1162 1310; x_wconf 82' lang='lat' dir='ltr'><strong>promisit</strong></span> <span class='ocrx_word' id='word_1_82' title='bbox 1204 1257 1235 1296; x_wconf 90' lang='lat' dir='ltr'><strong>e</strong></span> <span class='ocrx_word' id='word_1_83' title='bbox 1277 1242 1439 1297; x_wconf 74' lang='lat' dir='ltr'><strong>cmlo.</strong></span> <span class='ocrx_word' id='word_1_84' title='bbox 1479 1242 1611 1297; x_wconf 82' lang='lat' dir='ltr'><strong>Nam</strong></span> <span class='ocrx_word' id='word_1_85' title='bbox 1646 1259 1770 1298; x_wconf 90' lang='lat' dir='ltr'><strong>cum</strong></span> <span class='ocrx_word' id='word_1_86' title='bbox 1800 1259 1913 1299; x_wconf 81' lang='lat' dir='ltr'><strong>ser-</strong></span> 
     </span>
    </p>
   </div>
   <div class='ocr_carea' id='block_1_13' title="bbox 325 1330 1913 1405">
    <p class='ocr_par' dir='ltr' id='par_1_13' title="bbox 325 1330 1913 1405">
     <span class='ocr_line' id='line_1_13' title="bbox 325 1330 1913 1405; baseline 0.007 -25"><span class='ocrx_word' id='word_1_87' title='bbox 325 1337 557 1397; x_wconf 82' lang='lat' dir='ltr'><strong>pentem</strong></span> <span class='ocrx_word' id='word_1_88' title='bbox 589 1343 689 1397; x_wconf 87' lang='lat' dir='ltr'><strong>pro</strong></span> <span class='ocrx_word' id='word_1_89' title='bbox 716 1330 915 1384; x_wconf 89' lang='lat' dir='ltr'><strong>merito</strong></span> <span class='ocrx_word' id='word_1_90' title='bbox 946 1346 1046 1385; x_wconf 92' lang='lat' dir='ltr'><strong>suo</strong></span> <span class='ocrx_word' id='word_1_91' title='bbox 1076 1332 1364 1388; x_wconf 84' lang='lat' dir='ltr'><strong>maledicto</strong></span> <span class='ocrx_word' id='word_1_92' title='bbox 1397 1334 1737 1399; x_wconf 88' lang='lat' dir='ltr'><strong>fulminaret,</strong></span> <span class='ocrx_word' id='word_1_93' title='bbox 1761 1332 1913 1405; x_wconf 80' lang='lat' dir='ltr'><strong>jubet</strong></span> 
     </span>
    </p>
   </div>
   <div class='ocr_carea' id='block_1_14' title="bbox 322 1422 1913 1496">
    <p class='ocr_par' dir='ltr' id='par_1_14' title="bbox 322 1422 1913 1496">
     <span class='ocr_line' id='line_1_14' title="bbox 322 1422 1913 1496; baseline 0.006 -23"><span class='ocrx_word' id='word_1_94' title='bbox 322 1434 451 1473; x_wconf 89' lang='lat' dir='ltr'><strong>eum</strong></span> <span class='ocrx_word' id='word_1_95' title='bbox 499 1426 702 1474; x_wconf 86' lang='lat' dir='ltr'><strong>terram</strong></span> <span class='ocrx_word' id='word_1_96' title='bbox 751 1436 848 1489; x_wconf 83' lang='lat' dir='ltr'><strong>pro</strong></span> <span class='ocrx_word' id='word_1_97' title='bbox 892 1422 1017 1476; x_wconf 89' lang='lat' dir='ltr'><strong>cibo</strong></span> <span class='ocrx_word' id='word_1_98' title='bbox 1066 1422 1289 1490; x_wconf 90' lang='lat' dir='ltr'><strong>habere,</strong></span> <span class='ocrx_word' id='word_1_99' title='bbox 1333 1441 1495 1496; x_wconf 81' lang='lat' dir='ltr'><strong>supra</strong></span> <span class='ocrx_word' id='word_1_100' title='bbox 1530 1437 1780 1482; x_wconf 81' lang='lat' dir='ltr'><strong>ventrem</strong></span> <span class='ocrx_word' id='word_1_101' title='bbox 1828 1443 1913 1484; x_wconf 87' lang='lat' dir='ltr'><strong>re-</strong></span> 
     </span>
    </p>
   </div>
   <div class='ocr_carea' id='block_1_15' title="bbox 323 1511 1910 1586">
    <p class='ocr_par' dir='ltr' id='par_1_15' title="bbox 323 1511 1910 1586">
     <span class='ocr_line' id='line_1_15' title="bbox 323 1511 1910 1586; baseline 0.008 -25"><span class='ocrx_word' id='word_1_102' title='bbox 323 1525 457 1578; x_wconf 56' lang='lat' dir='ltr'><strong>pere</strong></span> <span class='ocrx_word' id='word_1_103' title='bbox 481 1528 495 1563; x_wconf 88' lang='lat'>:</span> <span class='ocrx_word' id='word_1_104' title='bbox 529 1520 586 1563; x_wconf 91' lang='lat' dir='ltr'><strong>et</strong></span> <span class='ocrx_word' id='word_1_105' title='bbox 609 1511 862 1580; x_wconf 88' lang='lat' dir='ltr'><strong>quoniam</strong></span> <span class='ocrx_word' id='word_1_106' title='bbox 890 1522 1122 1569; x_wconf 91' lang='lat' dir='ltr'><strong>mortem</strong></span> <span class='ocrx_word' id='word_1_107' title='bbox 1153 1516 1303 1570; x_wconf 91' lang='lat' dir='ltr'><strong>illam</strong></span> <span class='ocrx_word' id='word_1_108' title='bbox 1332 1517 1450 1586; x_wconf 82' lang='lat' dir='ltr'><strong>ipse</strong></span> <span class='ocrx_word' id='word_1_109' title='bbox 1478 1515 1724 1584; x_wconf 77' lang='lat' dir='ltr'><strong>fecisset,</strong></span> <span class='ocrx_word' id='word_1_110' title='bbox 1752 1519 1910 1574; x_wconf 84' lang='lat' dir='ltr'><strong>addi-</strong></span> 
     </span>
    </p>
   </div>
   <div class='ocr_carea' id='block_1_16' title="bbox 321 1604 1911 1676">
    <p class='ocr_par' dir='ltr' id='par_1_16' title="bbox 321 1604 1911 1676">
     <span class='ocr_line' id='line_1_16' title="bbox 321 1604 1911 1676; baseline 0.007 -21"><span class='ocrx_word' id='word_1_111' title='bbox 321 1604 425 1668; x_wconf 87' lang='lat' dir='ltr'><strong>dit,</strong></span> <span class='ocrx_word' id='word_1_112' title='bbox 458 1607 648 1659; x_wconf 83' lang='lat' dir='ltr'><strong>dicens</strong></span> <span class='ocrx_word' id='word_1_113' title='bbox 689 1624 702 1659; x_wconf 93' lang='lat'>:</span> <span class='ocrx_word' id='word_1_114' title='bbox 744 1605 811 1661; x_wconf 81' lang='lat' dir='ltr'><strong>Et</strong></span> <span class='ocrx_word' id='word_1_115' title='bbox 842 1622 1037 1676; x_wconf 87' lang='lat' dir='ltr'><strong>ponam</strong></span> <span class='ocrx_word' id='word_1_116' title='bbox 1070 1608 1374 1663; x_wconf 82' lang='lat' dir='ltr'><strong>inimicitias</strong></span> <span class='ocrx_word' id='word_1_117' title='bbox 1401 1611 1541 1663; x_wconf 86' lang='lat' dir='ltr'><strong>inter</strong></span> <span class='ocrx_word' id='word_1_118' title='bbox 1570 1623 1618 1665; x_wconf 89' lang='lat' dir='ltr'><strong>te</strong></span> <span class='ocrx_word' id='word_1_119' title='bbox 1646 1622 1693 1665; x_wconf 89' lang='lat' dir='ltr'><strong>et</strong></span> <span class='ocrx_word' id='word_1_120' title='bbox 1720 1614 1911 1666; x_wconf 82' lang='lat' dir='ltr'><strong>mulie-</strong></span> 
     </span>
    </p>
   </div>
   <div class='ocr_carea' id='block_1_17' title="bbox 324 1700 1909 1769">
    <p class='ocr_par' dir='ltr' id='par_1_17' title="bbox 324 1700 1909 1769">
     <span class='ocr_line' id='line_1_17' title="bbox 324 1700 1909 1769; baseline 0.006 -22"><span class='ocrx_word' id='word_1_121' title='bbox 324 1712 459 1761; x_wconf 60' lang='lat' dir='ltr'><strong>rum,</strong></span> <span class='ocrx_word' id='word_1_122' title='bbox 491 1705 542 1751; x_wconf 89' lang='lat' dir='ltr'><strong>et</strong></span> <span class='ocrx_word' id='word_1_123' title='bbox 588 1700 728 1751; x_wconf 74' lang='lat' dir='ltr'><strong>inter</strong></span> <span class='ocrx_word' id='word_1_124' title='bbox 756 1715 929 1752; x_wconf 90' lang='lat' dir='ltr'><strong>semen</strong></span> <span class='ocrx_word' id='word_1_125' title='bbox 966 1708 1114 1754; x_wconf 85' lang='lat' dir='ltr'><strong>tuum</strong></span> <span class='ocrx_word' id='word_1_126' title='bbox 1146 1710 1197 1754; x_wconf 90' lang='lat' dir='ltr'><strong>et</strong></span> <span class='ocrx_word' id='word_1_127' title='bbox 1233 1717 1405 1756; x_wconf 78' lang='lat' dir='ltr'><strong>semen</strong></span> <span class='ocrx_word' id='word_1_128' title='bbox 1441 1703 1680 1757; x_wconf 72' lang='lat' dir='ltr'><strong>mulieris</strong></span> <span class='ocrx_word' id='word_1_129' title='bbox 1720 1719 1738 1758; x_wconf 89' lang='grc'><strong>.·</strong></span> <span class='ocrx_word' id='word_1_130' title='bbox 1786 1702 1909 1769; x_wconf 82' lang='lat' dir='ltr'><strong>Ipsa</strong></span> 
     </span>
    </p>
   </div>
   <div class='ocr_carea' id='block_1_18' title="bbox 2026 521 3608 597">
    <p class='ocr_par' dir='ltr' id='par_1_18' title="bbox 2026 521 3608 597">
     <span class='ocr_line' id='line_1_18' title="bbox 2026 521 3608 597; baseline 0.005 -23"><span class='ocrx_word' id='word_1_131' title='bbox 2026 521 2212 575; x_wconf 86' lang='lat' dir='ltr'><strong>charia</strong></span> <span class='ocrx_word' id='word_1_132' title='bbox 2244 540 2258 576; x_wconf 91' lang='lat'><strong>:</strong></span> <span class='ocrx_word' id='word_1_133' title='bbox 2287 524 2382 578; x_wconf 88' lang='lat' dir='ltr'><strong>sed</strong></span> <span class='ocrx_word' id='word_1_134' title='bbox 2415 524 2742 581; x_wconf 86' lang='lat' dir='ltr'><strong>instituitde</strong></span> <span class='ocrx_word' id='word_1_135' title='bbox 2770 527 2969 582; x_wconf 83' lang='lat' dir='ltr'><strong>divinae</strong></span> <span class='ocrx_word' id='word_1_136' title='bbox 2990 529 3327 597; x_wconf 80' lang='lat' dir='ltr'><strong>operationis</strong></span> <span class='ocrx_word' id='word_1_137' title='bbox 3345 533 3608 595; x_wconf 82' lang='lat' dir='ltr'><strong>novitate,</strong></span> 
     </span>
    </p>
   </div>
   <div class='ocr_carea' id='block_1_19' title="bbox 2022 614 3610 693">
    <p class='ocr_par' dir='ltr' id='par_1_19' title="bbox 2022 614 3610 693">
     <span class='ocr_line' id='line_1_19' title="bbox 2022 614 3610 693; baseline 0.008 -25"><span class='ocrx_word' id='word_1_138' title='bbox 2022 614 2214 670; x_wconf 78' lang='lat' dir='ltr'><strong>dicens</strong></span> <span class='ocrx_word' id='word_1_139' title='bbox 2259 635 2273 671; x_wconf 93' lang='lat'><strong>:</strong></span> <span class='ocrx_word' id='word_1_140' title='bbox 2320 615 2558 682; x_wconf 82' lang='lat' dir='ltr'><strong>Spiritus</strong></span> <span class='ocrx_word' id='word_1_141' title='bbox 2588 629 2805 673; x_wconf 79' lang='lat' dir='ltr'><strong>sanctus</strong></span> <span class='ocrx_word' id='word_1_142' title='bbox 2833 623 3155 687; x_wconf 78' lang='lat' dir='ltr'><strong>superveniet</strong></span> <span class='ocrx_word' id='word_1_143' title='bbox 3181 623 3235 676; x_wconf 85' lang='lat' dir='ltr'><strong>in</strong></span> <span class='ocrx_word' id='word_1_144' title='bbox 3270 632 3338 689; x_wconf 86' lang='lat' dir='ltr'><strong>te,</strong></span> <span class='ocrx_word' id='word_1_145' title='bbox 3365 632 3417 693; x_wconf 85' lang='lat' dir='ltr'><strong>et</strong></span> <span class='ocrx_word' id='word_1_146' title='bbox 3444 624 3610 680; x_wconf 73' lang='lat' dir='ltr'><strong>uirtus</strong></span> 
     </span>
    </p>
   </div>
   <div class='ocr_carea' id='block_1_20' title="bbox 2023 702 3611 781">
    <p class='ocr_par' dir='ltr' id='par_1_20' title="bbox 2023 702 3611 781">
     <span class='ocr_line' id='line_1_20' title="bbox 2023 702 3611 781; baseline 0.009 -26"><span class='ocrx_word' id='word_1_147' title='bbox 2023 702 2288 759; x_wconf 78' lang='lat' dir='ltr'><strong>Altissimi</strong></span> <span class='ocrx_word' id='word_1_148' title='bbox 2308 706 2640 762; x_wconf 82' lang='lat' dir='ltr'><strong>obumbrobil</strong></span> <span class='ocrx_word' id='word_1_149' title='bbox 2663 709 2778 763; x_wconf 80' lang='lat' dir='ltr'><strong>tibi.</strong></span> <span class='ocrx_word' id='word_1_150' title='bbox 2806 709 2944 767; x_wconf 79' lang='lat' dir='ltr'><strong>Ecce</strong></span> <span class='ocrx_word' id='word_1_151' title='bbox 2970 712 3112 766; x_wconf 81' lang='lat' dir='ltr'><strong>istud</strong></span> <span class='ocrx_word' id='word_1_152' title='bbox 3131 728 3316 767; x_wconf 82' lang='lat' dir='ltr'><strong>semen</strong></span> <span class='ocrx_word' id='word_1_153' title='bbox 3344 714 3611 781; x_wconf 74' lang='lat' dir='ltr'><strong>mulieris,</strong></span> 
     </span>
    </p>
   </div>
   <div class='ocr_carea' id='block_1_21' title="bbox 2020 794 3608 869">
    <p class='ocr_par' dir='ltr' id='par_1_21' title="bbox 2020 794 3608 869">
     <span class='ocr_line' id='line_1_21' title="bbox 2020 794 3608 869; baseline 0.005 -20"><span class='ocrx_word' id='word_1_154' title='bbox 2020 794 2167 864; x_wconf 85' lang='lat' dir='ltr'><strong>quod</strong></span> <span class='ocrx_word' id='word_1_155' title='bbox 2201 812 2306 850; x_wconf 91' lang='lat' dir='ltr'><strong>non</strong></span> <span class='ocrx_word' id='word_1_156' title='bbox 2351 812 2448 865; x_wconf 91' lang='lat' dir='ltr'><strong>per</strong></span> <span class='ocrx_word' id='word_1_157' title='bbox 2482 800 2765 853; x_wconf 79' lang='lat' dir='ltr'><strong>traducem</strong></span> <span class='ocrx_word' id='word_1_158' title='bbox 2800 801 3119 869; x_wconf 71' lang='lat' dir='ltr'><strong>genitalium</strong></span> <span class='ocrx_word' id='word_1_159' title='bbox 3154 804 3608 869; x_wconf 84' lang='lat' dir='ltr'><strong>ministeriorum,</strong></span> 
     </span>
    </p>
   </div>
   <div class='ocr_carea' id='block_1_22' title="bbox 2019 884 3613 957">
    <p class='ocr_par' dir='ltr' id='par_1_22' title="bbox 2019 884 3613 957">
     <span class='ocr_line' id='line_1_22' title="bbox 2019 884 3613 957; baseline 0.005 -19"><span class='ocrx_word' id='word_1_160' title='bbox 2019 884 2400 939; x_wconf 77' lang='lat' dir='ltr'><strong>eammistioue</strong></span> <span class='ocrx_word' id='word_1_161' title='bbox 2455 900 2621 940; x_wconf 76' lang='lat' dir='ltr'><strong>sexus</strong></span> <span class='ocrx_word' id='word_1_162' title='bbox 2651 887 2938 957; x_wconf 80' lang='lat' dir='ltr'><strong>utriusque</strong></span> <span class='ocrx_word' id='word_1_163' title='bbox 2977 887 3360 944; x_wconf 80' lang='lat' dir='ltr'><strong>infunderetur</strong></span> <span class='ocrx_word' id='word_1_164' title='bbox 3398 892 3453 945; x_wconf 86' lang='lat' dir='ltr'><strong>in</strong></span> <span class='ocrx_word' id='word_1_165' title='bbox 3492 898 3613 948; x_wconf 80' lang='lat' dir='ltr'><strong>ute-</strong></span> 
     </span>
    </p>
   </div>
   <div class='ocr_carea' id='block_1_23' title="bbox 2020 975 3610 1053">
    <p class='ocr_par' dir='ltr' id='par_1_23' title="bbox 2020 975 3610 1053">
     <span class='ocr_line' id='line_1_23' title="bbox 2020 975 3610 1053; baseline 0.005 -24"><span class='ocrx_word' id='word_1_166' title='bbox 2020 988 2162 1036; x_wconf 90' lang='lat' dir='ltr'><strong>rum.</strong></span> <span class='ocrx_word' id='word_1_167' title='bbox 2188 975 2282 1030; x_wconf 87' lang='lat' dir='ltr'><strong>sed</strong></span> <span class='ocrx_word' id='word_1_168' title='bbox 2313 975 2554 1032; x_wconf 84' lang='lat' dir='ltr'><strong>claustro</strong></span> <span class='ocrx_word' id='word_1_169' title='bbox 2586 978 2797 1045; x_wconf 80' lang='lat' dir='ltr'><strong>clauso,</strong></span> <span class='ocrx_word' id='word_1_170' title='bbox 2827 979 3162 1036; x_wconf 73' lang='lat' dir='ltr'><strong>intlelloratte</strong></span> <span class='ocrx_word' id='word_1_171' title='bbox 3187 981 3429 1053; x_wconf 72' lang='lat' dir='ltr'><strong>Virginis</strong></span> <span class='ocrx_word' id='word_1_172' title='bbox 3457 983 3610 1037; x_wconf 57' lang='lat' dir='ltr'><strong>inve.</strong></span> 
     </span>
    </p>
   </div>
   <div class='ocr_carea' id='block_1_24' title="bbox 2019 1065 3610 1143">
    <p class='ocr_par' dir='ltr' id='par_1_24' title="bbox 2019 1065 3610 1143">
     <span class='ocr_line' id='line_1_24' title="bbox 2019 1065 3610 1143; baseline 0.008 -25"><span class='ocrx_word' id='word_1_173' title='bbox 2019 1065 2231 1119; x_wconf 90' lang='lat' dir='ltr'><strong>niretur</strong></span> <span class='ocrx_word' id='word_1_174' title='bbox 2275 1065 2330 1121; x_wconf 91' lang='lat' dir='ltr'><strong>in</strong></span> <span class='ocrx_word' id='word_1_175' title='bbox 2378 1077 2558 1122; x_wconf 89' lang='lat' dir='ltr'><strong>utero.</strong></span> <span class='ocrx_word' id='word_1_176' title='bbox 2610 1067 2851 1138; x_wconf 85' lang='lat' dir='ltr'><strong>Denique</strong></span> <span class='ocrx_word' id='word_1_177' title='bbox 2885 1086 2999 1126; x_wconf 88' lang='lat' dir='ltr'><strong>rem</strong></span> <span class='ocrx_word' id='word_1_178' title='bbox 3046 1087 3243 1127; x_wconf 82' lang='lat' dir='ltr'><strong>novam</strong></span> <span class='ocrx_word' id='word_1_179' title='bbox 3284 1073 3610 1143; x_wconf 81' lang='lat' dir='ltr'><strong>plenamque</strong></span> 
     </span>
    </p>
   </div>
   <div class='ocr_carea' id='block_1_25' title="bbox 2028 1157 3608 1233">
    <p class='ocr_par' dir='ltr' id='par_1_25' title="bbox 2028 1157 3608 1233">
     <span class='ocr_line' id='line_1_25' title="bbox 2028 1157 3608 1233; baseline 0.004 -20"><span class='ocrx_word' id='word_1_180' title='bbox 2028 1157 2300 1221; x_wconf 81' lang='lat' dir='ltr'><strong>miraculi,</strong></span> <span class='ocrx_word' id='word_1_181' title='bbox 2334 1173 2478 1216; x_wconf 84' lang='lat' dir='ltr'><strong>novo</strong></span> <span class='ocrx_word' id='word_1_182' title='bbox 2509 1160 2673 1214; x_wconf 84' lang='lat' dir='ltr'><strong>verbo</strong></span> <span class='ocrx_word' id='word_1_183' title='bbox 2714 1160 2983 1232; x_wconf 86' lang='lat' dir='ltr'><strong>Propheta</strong></span> <span class='ocrx_word' id='word_1_184' title='bbox 3021 1164 3150 1219; x_wconf 86' lang='lat' dir='ltr'><strong>dum</strong></span> <span class='ocrx_word' id='word_1_185' title='bbox 3190 1166 3480 1233; x_wconf 84' lang='lat' dir='ltr'><strong>promittit.</strong></span> <span class='ocrx_word' id='word_1_186' title='bbox 3512 1180 3608 1220; x_wconf 82' lang='lat' dir='ltr'><strong>ex-</strong></span> 
     </span>
    </p>
   </div>
   <div class='ocr_carea' id='block_1_26' title="bbox 2017 1248 3610 1325">
    <p class='ocr_par' dir='ltr' id='par_1_26' title="bbox 2017 1248 3610 1325">
     <span class='ocr_line' id='line_1_26' title="bbox 2017 1248 3610 1325; baseline 0.004 -21"><span class='ocrx_word' id='word_1_187' title='bbox 2017 1249 2269 1318; x_wconf 82' lang='lat' dir='ltr'><strong>sequitur</strong></span> <span class='ocrx_word' id='word_1_188' title='bbox 2310 1265 2328 1304; x_wconf 92' lang='lat'><strong>:</strong></span> <span class='ocrx_word' id='word_1_189' title='bbox 2380 1248 2518 1304; x_wconf 83' lang='lat' dir='ltr'><strong>Ecce</strong></span> <span class='ocrx_word' id='word_1_190' title='bbox 2556 1251 2701 1323; x_wconf 67' lang='lat' dir='ltr'><strong>virgo</strong></span> <span class='ocrx_word' id='word_1_191' title='bbox 2740 1252 2794 1306; x_wconf 86' lang='lat' dir='ltr'><strong>in</strong></span> <span class='ocrx_word' id='word_1_192' title='bbox 2837 1261 2985 1309; x_wconf 85' lang='lat' dir='ltr'><strong>utero</strong></span> <span class='ocrx_word' id='word_1_193' title='bbox 3037 1256 3315 1323; x_wconf 73' lang='lat' dir='ltr'><strong>concipiet,</strong></span> <span class='ocrx_word' id='word_1_194' title='bbox 3348 1266 3397 1311; x_wconf 91' lang='lat' dir='ltr'><strong>et</strong></span> <span class='ocrx_word' id='word_1_195' title='bbox 3436 1258 3610 1325; x_wconf 82' lang='lat' dir='ltr'><strong>pariet</strong></span> 
     </span>
    </p>
   </div>
   <div class='ocr_carea' id='block_1_27' title="bbox 2016 1339 3602 1419">
    <p class='ocr_par' dir='ltr' id='par_1_27' title="bbox 2016 1339 3602 1419">
     <span class='ocr_line' id='line_1_27' title="bbox 2016 1339 3602 1419; baseline 0.006 -26"><span class='ocrx_word' id='word_1_196' title='bbox 2016 1341 2187 1411; x_wconf 75' lang='lat' dir='ltr'><strong>ﬁlium</strong></span> <span class='ocrx_word' id='word_1_197' title='bbox 2225 1339 2363 1410; x_wconf 80' lang='lat' dir='ltr'><strong>(lsa.</strong></span> <span class='ocrx_word' id='word_1_198' title='bbox 2399 1357 2493 1405; x_wconf 80' lang='lat' dir='ltr'><strong>vn,</strong></span> <span class='ocrx_word' id='word_1_199' title='bbox 2540 1343 2646 1410; x_wconf 65' lang='lat' dir='ltr'><strong>l4).</strong></span> <span class='ocrx_word' id='word_1_200' title='bbox 2678 1343 2932 1410; x_wconf 79' lang='lat' dir='ltr'><strong>Quotidie</strong></span> <span class='ocrx_word' id='word_1_201' title='bbox 2962 1357 3110 1402; x_wconf 87' lang='lat' dir='ltr'><strong>certe</strong></span> <span class='ocrx_word' id='word_1_202' title='bbox 3155 1348 3224 1404; x_wconf 89' lang='lat' dir='ltr'><strong>de</strong></span> <span class='ocrx_word' id='word_1_203' title='bbox 3272 1350 3602 1419; x_wconf 74' lang='lat' dir='ltr'><strong>procreandi</strong></span> 
     </span>
    </p>
   </div>
   <div class='ocr_carea' id='block_1_28' title="bbox 2020 1433 3608 1507">
    <p class='ocr_par' dir='ltr' id='par_1_28' title="bbox 2020 1433 3608 1507">
     <span class='ocr_line' id='line_1_28' title="bbox 2020 1433 3608 1507; baseline 0.005 -20"><span class='ocrx_word' id='word_1_204' title='bbox 2020 1433 2348 1488; x_wconf 84' lang='lat' dir='ltr'><strong>necessitate</strong></span> <span class='ocrx_word' id='word_1_205' title='bbox 2397 1435 2688 1491; x_wconf 86' lang='lat' dir='ltr'><strong>mulierum</strong></span> <span class='ocrx_word' id='word_1_206' title='bbox 2763 1447 3065 1507; x_wconf 80' lang='lat' dir='ltr'><strong>conceptus</strong></span> <span class='ocrx_word' id='word_1_207' title='bbox 3120 1450 3177 1494; x_wconf 90' lang='lat' dir='ltr'><strong>et</strong></span> <span class='ocrx_word' id='word_1_208' title='bbox 3228 1440 3503 1496; x_wconf 86' lang='lat' dir='ltr'><strong>cernimus</strong></span> <span class='ocrx_word' id='word_1_209' title='bbox 3549 1450 3608 1495; x_wconf 88' lang='lat' dir='ltr'><strong>et</strong></span> 
     </span>
    </p>
   </div>
   <div class='ocr_carea' id='block_1_29' title="bbox 2017 1525 3604 1590">
    <p class='ocr_par' dir='ltr' id='par_1_29' title="bbox 2017 1525 3604 1590">
     <span class='ocr_line' id='line_1_29' title="bbox 2017 1525 3604 1590; baseline 0.005 -11"><span class='ocrx_word' id='word_1_210' title='bbox 2017 1527 2293 1590; x_wconf 82' lang='lat' dir='ltr'><strong>audimus,</strong></span> <span class='ocrx_word' id='word_1_211' title='bbox 2329 1525 2399 1581; x_wconf 89' lang='lat' dir='ltr'><strong>de</strong></span> <span class='ocrx_word' id='word_1_212' title='bbox 2432 1528 2574 1580; x_wconf 73' lang='lat' dir='ltr'><strong>nulla</strong></span> <span class='ocrx_word' id='word_1_213' title='bbox 2611 1538 2793 1585; x_wconf 84' lang='lat' dir='ltr'><strong>tamen</strong></span> <span class='ocrx_word' id='word_1_214' title='bbox 2825 1530 3031 1586; x_wconf 87' lang='lat' dir='ltr'><strong>dicitur</strong></span> <span class='ocrx_word' id='word_1_215' title='bbox 3071 1548 3087 1587; x_wconf 86' lang='lat'>:</span> <span class='ocrx_word' id='word_1_216' title='bbox 3129 1531 3183 1587; x_wconf 90' lang='lat' dir='ltr'><strong>In</strong></span> <span class='ocrx_word' id='word_1_217' title='bbox 3218 1541 3375 1587; x_wconf 84' lang='lat' dir='ltr'><strong>utero</strong></span> <span class='ocrx_word' id='word_1_218' title='bbox 3404 1548 3604 1587; x_wconf 85' lang='lat' dir='ltr'><strong>conce-</strong></span> 
     </span>
    </p>
   </div>
   <div class='ocr_carea' id='block_1_30' title="bbox 2017 1618 3608 1694">
    <p class='ocr_par' dir='ltr' id='par_1_30' title="bbox 2017 1618 3608 1694">
     <span class='ocr_line' id='line_1_30' title="bbox 2017 1618 3608 1694; baseline 0.004 -23"><span class='ocrx_word' id='word_1_219' title='bbox 2017 1619 2112 1686; x_wconf 85' lang='lat' dir='ltr'><strong>p&#39;t,</strong></span> <span class='ocrx_word' id='word_1_220' title='bbox 2172 1618 2431 1687; x_wconf 88' lang='lat' dir='ltr'><strong>quoniam</strong></span> <span class='ocrx_word' id='word_1_221' title='bbox 2494 1620 2799 1676; x_wconf 83' lang='lat' dir='ltr'><strong>substantia</strong></span> <span class='ocrx_word' id='word_1_222' title='bbox 2837 1623 3003 1678; x_wconf 88' lang='lat' dir='ltr'><strong>futttri</strong></span> <span class='ocrx_word' id='word_1_223' title='bbox 3046 1623 3307 1690; x_wconf 83' lang='lat' dir='ltr'><strong>hominis,</strong></span> <span class='ocrx_word' id='word_1_224' title='bbox 3344 1624 3462 1679; x_wconf 87' lang='lat' dir='ltr'><strong>fusa</strong></span> <span class='ocrx_word' id='word_1_225' title='bbox 3511 1636 3608 1694; x_wconf 85' lang='lat' dir='ltr'><strong>per</strong></span> 
     </span>
    </p>
   </div>
   <div class='ocr_carea' id='block_1_31' title="bbox 2016 1710 3605 1784">
    <p class='ocr_par' dir='ltr' id='par_1_31' title="bbox 2016 1710 3605 1784">
     <span class='ocr_line' id='line_1_31' title="bbox 2016 1710 3605 1784; baseline 0.004 -20"><span class='ocrx_word' id='word_1_226' title='bbox 2016 1710 2214 1774; x_wconf 85' lang='lat' dir='ltr'><strong>virum,</strong></span> <span class='ocrx_word' id='word_1_227' title='bbox 2250 1711 2506 1766; x_wconf 78' lang='lat' dir='ltr'><strong>coalescit</strong></span> <span class='ocrx_word' id='word_1_228' title='bbox 2542 1711 2594 1766; x_wconf 91' lang='lat' dir='ltr'><strong>in</strong></span> <span class='ocrx_word' id='word_1_229' title='bbox 2628 1711 2864 1770; x_wconf 77' lang='lat' dir='ltr'><strong>femina:</strong></span> <span class='ocrx_word' id='word_1_230' title='bbox 2897 1724 3193 1784; x_wconf 79' lang='lat' dir='ltr'><strong>uterttsque</strong></span> <span class='ocrx_word' id='word_1_231' title='bbox 3224 1716 3467 1771; x_wconf 84' lang='lat' dir='ltr'><strong>mulieris</strong></span> <span class='ocrx_word' id='word_1_232' title='bbox 3500 1730 3605 1771; x_wconf 78' lang='lat' dir='ltr'><strong>nou</strong></span> 
     </span>
    </p>
   </div>
   <div class='ocr_carea' id='block_1_32' title="bbox 324 1771 3607 1878">
    <p class='ocr_par' dir='ltr' id='par_1_32' title="bbox 324 1771 3607 1878">
     <span class='ocr_line' id='line_1_32' title="bbox 324 1771 3607 1878; baseline 0.005 -38"><span class='ocrx_word' id='word_1_233' title='bbox 324 1788 558 1842; x_wconf 78' lang='lat' dir='ltr'><strong>calcabit</strong></span> <span class='ocrx_word' id='word_1_234' title='bbox 578 1801 733 1855; x_wconf 83' lang='lat' dir='ltr'><strong>caput</strong></span> <span class='ocrx_word' id='word_1_235' title='bbox 762 1802 933 1856; x_wconf 84' lang='lat' dir='ltr'><strong>tuum,</strong></span> <span class='ocrx_word' id='word_1_236' title='bbox 958 1800 1007 1844; x_wconf 83' lang='lat' dir='ltr'><strong>et</strong></span> <span class='ocrx_word' id='word_1_237' title='bbox 1031 1805 1085 1845; x_wconf 77' lang='grc' dir='ltr'><em>ιη</em></span> <span class='ocrx_word' id='word_1_238' title='bbox 1111 1792 1224 1863; x_wconf 83' lang='lat' dir='ltr'><strong>ejus</strong></span> <span class='ocrx_word' id='word_1_239' title='bbox 1243 1794 1541 1848; x_wconf 80' lang='lat' dir='ltr'><strong>observabis</strong></span> <span class='ocrx_word' id='word_1_240' title='bbox 1573 1795 1910 1849; x_wconf 75' lang='lat' dir='ltr'><strong>calcaneum‘</strong></span> <span class='ocrx_word' id='word_1_241' title='bbox 1945 1771 1986 1827; x_wconf 73' lang='grc' dir='ltr'><strong><em>Β</em></strong></span> <span class='ocrx_word' id='word_1_242' title='bbox 2022 1803 2345 1873; x_wconf 87' lang='lat' dir='ltr'><strong>principium</strong></span> <span class='ocrx_word' id='word_1_243' title='bbox 2377 1813 2463 1859; x_wconf 85' lang='lat' dir='ltr'><strong>est</strong></span> <span class='ocrx_word' id='word_1_244' title='bbox 2497 1804 2763 1860; x_wconf 86' lang='lat' dir='ltr'><strong>nascituri</strong></span> <span class='ocrx_word' id='word_1_245' title='bbox 2798 1806 3060 1873; x_wconf 82' lang='lat' dir='ltr'><strong>hominis,</strong></span> <span class='ocrx_word' id='word_1_246' title='bbox 3108 1810 3202 1863; x_wconf 78' lang='lat' dir='ltr'><strong>seti</strong></span> <span class='ocrx_word' id='word_1_247' title='bbox 3236 1808 3468 1878; x_wconf 72' lang='lat' dir='ltr'><strong>depositi</strong></span> <span class='ocrx_word' id='word_1_248' title='bbox 3506 1824 3607 1862; x_wconf 77' lang='lat' dir='ltr'><strong>un.</strong></span> 
     </span>
    </p>
   </div>
   <div class='ocr_carea' id='block_1_33' title="bbox 328 1880 1913 1944">
    <p class='ocr_par' dir='ltr' id='par_1_33' title="bbox 328 1880 1913 1944">
     <span class='ocr_line' id='line_1_33' title="bbox 328 1880 1913 1944; baseline 0.003 -11"><span class='ocrx_word' id='word_1_249' title='bbox 328 1880 487 1944; x_wconf 77' lang='lat' dir='ltr'><strong>(Gen.</strong></span> <span class='ocrx_word' id='word_1_250' title='bbox 530 1896 617 1943; x_wconf 80' lang='grc' dir='ltr'><strong>ιιι,</strong></span> <span class='ocrx_word' id='word_1_251' title='bbox 680 1882 794 1943; x_wconf 82' lang='grc'><strong>15).</strong></span> <span class='ocrx_word' id='word_1_252' title='bbox 857 1882 1051 1940; x_wconf 82' lang='lat' dir='ltr'><strong>Nonne</strong></span> <span class='ocrx_word' id='word_1_253' title='bbox 1119 1887 1435 1940; x_wconf 80' lang='lat' dir='ltr'><strong>consideras</strong></span> <span class='ocrx_word' id='word_1_254' title='bbox 1488 1901 1501 1938; x_wconf 90' lang='lat'><strong>:</strong></span> <span class='ocrx_word' id='word_1_255' title='bbox 1550 1901 1733 1940; x_wconf 88' lang='lat' dir='ltr'><strong>nonne</strong></span> <span class='ocrx_word' id='word_1_256' title='bbox 1779 1900 1913 1939; x_wconf 86' lang='lat' dir='ltr'><strong>cou-</strong></span> 
     </span>
    </p>
   </div>
   <div class='ocr_carea' id='block_1_34' title="bbox 325 1973 1911 2041">
    <p class='ocr_par' dir='ltr' id='par_1_34' title="bbox 325 1973 1911 2041">
     <span class='ocr_line' id='line_1_34' title="bbox 325 1973 1911 2041; baseline 0.002 -15"><span class='ocrx_word' id='word_1_257' title='bbox 325 1973 517 2040; x_wconf 81' lang='lat' dir='ltr'><strong>spicis,</strong></span> <span class='ocrx_word' id='word_1_258' title='bbox 537 1977 683 2041; x_wconf 68' lang='lat' dir='ltr'><strong>quotl</strong></span> <span class='ocrx_word' id='word_1_259' title='bbox 706 1975 879 2029; x_wconf 84' lang='lat' dir='ltr'><strong>eidem</strong></span> <span class='ocrx_word' id='word_1_260' title='bbox 908 1985 1035 2031; x_wconf 89' lang='lat' dir='ltr'><strong>tunc</strong></span> <span class='ocrx_word' id='word_1_261' title='bbox 1058 1976 1444 2031; x_wconf 76' lang='lat' dir='ltr'><strong>minabaturin</strong></span> <span class='ocrx_word' id='word_1_262' title='bbox 1471 1975 1726 2032; x_wconf 80' lang='lat' dir='ltr'><strong>Christo?</strong></span> <span class='ocrx_word' id='word_1_263' title='bbox 1753 1975 1911 2030; x_wconf 78' lang='lat' dir='ltr'><strong>Aliud</strong></span> 
     </span>
    </p>
   </div>
   <div class='ocr_carea' id='block_1_35' title="bbox 324 2066 1909 2140">
    <p class='ocr_par' dir='ltr' id='par_1_35' title="bbox 324 2066 1909 2140">
     <span class='ocr_line' id='line_1_35' title="bbox 324 2066 1909 2140; baseline 0.004 -24"><span class='ocrx_word' id='word_1_264' title='bbox 324 2066 470 2117; x_wconf 84' lang='lat' dir='ltr'><strong>enim</strong></span> <span class='ocrx_word' id='word_1_265' title='bbox 503 2078 692 2119; x_wconf 85' lang='lat' dir='ltr'><strong>semen</strong></span> <span class='ocrx_word' id='word_1_266' title='bbox 728 2066 974 2123; x_wconf 83' lang='lat' dir='ltr'><strong>mulieris</strong></span> <span class='ocrx_word' id='word_1_267' title='bbox 1010 2069 1215 2121; x_wconf 88' lang='lat' dir='ltr'><strong>nullum</strong></span> <span class='ocrx_word' id='word_1_268' title='bbox 1252 2076 1491 2140; x_wconf 70' lang='lat' dir='ltr'><strong>prorsus</strong></span> <span class='ocrx_word' id='word_1_269' title='bbox 1538 2069 1770 2138; x_wconf 88' lang='lat' dir='ltr'><strong>accipio,</strong></span> <span class='ocrx_word' id='word_1_270' title='bbox 1807 2068 1909 2123; x_wconf 84' lang='lat' dir='ltr'><strong>nisi</strong></span> 
     </span>
    </p>
   </div>
   <div class='ocr_carea' id='block_1_36' title="bbox 328 2156 1909 2229">
    <p class='ocr_par' dir='ltr' id='par_1_36' title="bbox 328 2156 1909 2229">
     <span class='ocr_line' id='line_1_36' title="bbox 328 2156 1909 2229; baseline 0.004 -23"><span class='ocrx_word' id='word_1_271' title='bbox 328 2156 457 2209; x_wconf 89' lang='lat' dir='ltr'><strong>illttd</strong></span> <span class='ocrx_word' id='word_1_272' title='bbox 479 2158 623 2225; x_wconf 70' lang='lat' dir='ltr'><strong>quod</strong></span> <span class='ocrx_word' id='word_1_273' title='bbox 648 2159 940 2227; x_wconf 76' lang='lat' dir='ltr'><strong>Apostolus</strong></span> <span class='ocrx_word' id='word_1_274' title='bbox 963 2161 1079 2216; x_wconf 89' lang='lat' dir='ltr'><strong>ait:</strong></span> <span class='ocrx_word' id='word_1_275' title='bbox 1102 2159 1333 2215; x_wconf 87' lang='lat' dir='ltr'><strong>Factum</strong></span> <span class='ocrx_word' id='word_1_276' title='bbox 1357 2177 1422 2217; x_wconf 75' lang='lat' dir='ltr'><strong>ea:</strong></span> <span class='ocrx_word' id='word_1_277' title='bbox 1444 2161 1684 2226; x_wconf 81' lang='lat' dir='ltr'><strong>muliere,</strong></span> <span class='ocrx_word' id='word_1_278' title='bbox 1705 2161 1909 2229; x_wconf 75' lang='lat' dir='ltr'><strong>factum</strong></span> 
     </span>
    </p>
   </div>
   <div class='ocr_carea' id='block_1_37' title="bbox 326 2249 1910 2322">
    <p class='ocr_par' dir='ltr' id='par_1_37' title="bbox 326 2249 1910 2322">
     <span class='ocr_line' id='line_1_37' title="bbox 326 2249 1910 2322; baseline 0.003 -21"><span class='ocrx_word' id='word_1_279' title='bbox 326 2265 391 2301; x_wconf 73' lang='lat' dir='ltr'><strong>ex</strong></span> <span class='ocrx_word' id='word_1_280' title='bbox 425 2264 591 2302; x_wconf 85' lang='lat' dir='ltr'><strong>carne</strong></span> <span class='ocrx_word' id='word_1_281' title='bbox 628 2249 830 2320; x_wconf 76' lang='lat' dir='ltr'><strong>(Calai.</strong></span> <span class='ocrx_word' id='word_1_282' title='bbox 873 2269 948 2317; x_wconf 85' lang='lat' dir='ltr'><strong>tv,</strong></span> <span class='ocrx_word' id='word_1_283' title='bbox 984 2252 1062 2322; x_wconf 76' lang='grc'><strong>4).</strong></span> <span class='ocrx_word' id='word_1_284' title='bbox 1104 2253 1233 2308; x_wconf 83' lang='lat' dir='ltr'><strong>illud</strong></span> <span class='ocrx_word' id='word_1_285' title='bbox 1268 2256 1431 2321; x_wconf 83' lang='lat' dir='ltr'><strong>quod,</strong></span> <span class='ocrx_word' id='word_1_286' title='bbox 1471 2266 1529 2307; x_wconf 90' lang='lat' dir='ltr'><strong>ut</strong></span> <span class='ocrx_word' id='word_1_287' title='bbox 1566 2252 1910 2322; x_wconf 71' lang='lat' dir='ltr'><strong>Etangelista</strong></span> 
     </span>
    </p>
   </div>
   <div class='ocr_carea' id='block_1_38' title="bbox 326 2337 1910 2413">
    <p class='ocr_par' dir='ltr' id='par_1_38' title="bbox 326 2337 1910 2413">
     <span class='ocr_line' id='line_1_38' title="bbox 326 2337 1910 2413; baseline 0.001 -20"><span class='ocrx_word' id='word_1_288' title='bbox 326 2342 421 2402; x_wconf 85' lang='lat' dir='ltr'><strong>ait.</strong></span> <span class='ocrx_word' id='word_1_289' title='bbox 456 2337 653 2409; x_wconf 71' lang='lat' dir='ltr'><strong>Ioseph</strong></span> <span class='ocrx_word' id='word_1_290' title='bbox 682 2341 830 2408; x_wconf 81' lang='lat' dir='ltr'><strong>[ilius</strong></span> <span class='ocrx_word' id='word_1_291' title='bbox 865 2343 1157 2413; x_wconf 82' lang='lat' dir='ltr'><strong>putabatur</strong></span> <span class='ocrx_word' id='word_1_292' title='bbox 1185 2359 1293 2398; x_wconf 83' lang='lat' dir='ltr'><strong>esse</strong></span> <span class='ocrx_word' id='word_1_293' title='bbox 1327 2342 1480 2412; x_wconf 85' lang='lat' dir='ltr'><strong>(Luc.</strong></span> <span class='ocrx_word' id='word_1_294' title='bbox 1520 2359 1600 2405; x_wconf 90' lang='lat' dir='ltr'><strong>ttt,</strong></span> <span class='ocrx_word' id='word_1_295' title='bbox 1631 2342 1725 2412; x_wconf 73' lang='grc'><strong>25)</strong></span> <span class='ocrx_word' id='word_1_296' title='bbox 1759 2356 1777 2396; x_wconf 91' lang='lat'><strong><em>:</em></strong></span> <span class='ocrx_word' id='word_1_297' title='bbox 1813 2338 1910 2396; x_wconf 87' lang='lat' dir='ltr'><strong>sed</strong></span> 
     </span>
    </p>
   </div>
   <div class='ocr_carea' id='block_1_39' title="bbox 328 2433 1909 2506">
    <p class='ocr_par' dir='ltr' id='par_1_39' title="bbox 328 2433 1909 2506">
     <span class='ocr_line' id='line_1_39' title="bbox 328 2433 1909 2506; baseline 0.001 -20"><span class='ocrx_word' id='word_1_298' title='bbox 328 2450 433 2486; x_wconf 85' lang='lat' dir='ltr'><strong>non</strong></span> <span class='ocrx_word' id='word_1_299' title='bbox 466 2443 589 2487; x_wconf 83' lang='lat' dir='ltr'><strong>erat</strong></span> <span class='ocrx_word' id='word_1_300' title='bbox 618 2447 637 2485; x_wconf 91' lang='lat'><strong><em>:</em></strong></span> <span class='ocrx_word' id='word_1_301' title='bbox 674 2434 804 2488; x_wconf 88' lang='lat' dir='ltr'><strong>illttd</strong></span> <span class='ocrx_word' id='word_1_302' title='bbox 838 2437 1047 2506; x_wconf 84' lang='lat' dir='ltr'><strong>utique,</strong></span> <span class='ocrx_word' id='word_1_303' title='bbox 1089 2434 1230 2500; x_wconf 86' lang='lat' dir='ltr'><strong>quod</strong></span> <span class='ocrx_word' id='word_1_304' title='bbox 1283 2433 1506 2489; x_wconf 78' lang='lat' dir='ltr'><strong>Verbum</strong></span> <span class='ocrx_word' id='word_1_305' title='bbox 1546 2450 1671 2488; x_wconf 86' lang='lat' dir='ltr'><strong>caro</strong></span> <span class='ocrx_word' id='word_1_306' title='bbox 1709 2435 1909 2504; x_wconf 81' lang='lat' dir='ltr'><strong>factum</strong></span> 
     </span>
    </p>
   </div>
   <div class='ocr_carea' id='block_1_40' title="bbox 326 2522 1909 2597">
    <p class='ocr_par' dir='ltr' id='par_1_40' title="bbox 326 2522 1909 2597">
     <span class='ocr_line' id='line_1_40' title="bbox 326 2522 1909 2597; baseline 0.001 -21"><span class='ocrx_word' id='word_1_307' title='bbox 326 2533 406 2576; x_wconf 78' lang='lat' dir='ltr'><strong>est</strong></span> <span class='ocrx_word' id='word_1_308' title='bbox 438 2522 626 2591; x_wconf 80' lang='lat' dir='ltr'><strong>(Joan.</strong></span> <span class='ocrx_word' id='word_1_309' title='bbox 661 2540 704 2591; x_wconf 83' lang='grc' dir='ltr'><strong>ι,</strong></span> <span class='ocrx_word' id='word_1_310' title='bbox 733 2524 846 2594; x_wconf 59' lang='lat' dir='ltr'><strong>ii).</strong></span> <span class='ocrx_word' id='word_1_311' title='bbox 874 2523 1010 2580; x_wconf 85' lang='lat' dir='ltr'><strong>Nam</strong></span> <span class='ocrx_word' id='word_1_312' title='bbox 1039 2527 1084 2581; x_wconf 92' lang='lat' dir='ltr'><strong>si</strong></span> <span class='ocrx_word' id='word_1_313' title='bbox 1112 2527 1409 2597; x_wconf 77' lang='lat' dir='ltr'><strong>generandi</strong></span> <span class='ocrx_word' id='word_1_314' title='bbox 1445 2526 1714 2597; x_wconf 85' lang='lat' dir='ltr'><strong>publicam</strong></span> <span class='ocrx_word' id='word_1_315' title='bbox 1749 2527 1909 2580; x_wconf 81' lang='lat' dir='ltr'><strong>istam</strong></span> 
     </span>
    </p>
   </div>
   <div class='ocr_carea' id='block_1_41' title="bbox 327 2616 1910 2689">
    <p class='ocr_par' dir='ltr' id='par_1_41' title="bbox 327 2616 1910 2689">
     <span class='ocr_line' id='line_1_41' title="bbox 327 2616 1910 2689; baseline 0.003 -22"><span class='ocrx_word' id='word_1_316' title='bbox 327 2628 383 2668; x_wconf 77' lang='lat' dir='ltr'><strong>et</strong></span> <span class='ocrx_word' id='word_1_317' title='bbox 413 2632 445 2668; x_wconf 83' lang='grc' dir='ltr'><strong>η</strong></span> <span class='ocrx_word' id='word_1_318' title='bbox 466 2616 723 2670; x_wconf 69' lang='grc' dir='ltr'><strong>ιιιιτειειη</strong></span> <span class='ocrx_word' id='word_1_319' title='bbox 750 2618 1222 2689; x_wconf 71' lang='lat' dir='ltr'><strong>circumspicimus</strong></span> <span class='ocrx_word' id='word_1_320' title='bbox 1248 2621 1534 2682; x_wconf 86' lang='lat' dir='ltr'><strong>rationem,</strong></span> <span class='ocrx_word' id='word_1_321' title='bbox 1562 2618 1772 2675; x_wconf 87' lang='lat' dir='ltr'><strong>semina</strong></span> <span class='ocrx_word' id='word_1_322' title='bbox 1805 2634 1910 2673; x_wconf 87' lang='lat' dir='ltr'><strong>non</strong></span> 
     </span>
    </p>
   </div>
   <div class='ocr_carea' id='block_1_42' title="bbox 328 2708 1912 2780">
    <p class='ocr_par' dir='ltr' id='par_1_42' title="bbox 328 2708 1912 2780">
     <span class='ocr_line' id='line_1_42' title="bbox 328 2708 1912 2780; baseline 0.003 -21"><span class='ocrx_word' id='word_1_323' title='bbox 328 2708 537 2761; x_wconf 76' lang='lat' dir='ltr'><strong>habent</strong></span> <span class='ocrx_word' id='word_1_324' title='bbox 562 2708 822 2762; x_wconf 83' lang='lat' dir='ltr'><strong>mulieres</strong></span> <span class='ocrx_word' id='word_1_325' title='bbox 849 2724 865 2762; x_wconf 93' lang='lat'><strong>:</strong></span> <span class='ocrx_word' id='word_1_326' title='bbox 890 2710 1124 2780; x_wconf 83' lang='lat' dir='ltr'><strong>denique</strong></span> <span class='ocrx_word' id='word_1_327' title='bbox 1146 2709 1289 2764; x_wconf 83' lang='lat' dir='ltr'><strong>nulla</strong></span> <span class='ocrx_word' id='word_1_328' title='bbox 1314 2710 1555 2780; x_wconf 88' lang='lat' dir='ltr'><strong>concipit</strong></span> <span class='ocrx_word' id='word_1_329' title='bbox 1598 2711 1718 2765; x_wconf 87' lang='lat' dir='ltr'><strong>sine</strong></span> <span class='ocrx_word' id='word_1_330' title='bbox 1750 2710 1865 2763; x_wconf 79' lang='lat' dir='ltr'><strong>viro</strong></span> <span class='ocrx_word' id='word_1_331' title='bbox 1892 2722 1912 2763; x_wconf 89' lang='lat'><strong><em>:</em></strong></span> 
     </span>
    </p>
   </div>
   <div class='ocr_carea' id='block_1_43' title="bbox 326 2787 1912 2871">
    <p class='ocr_par' dir='ltr' id='par_1_43' title="bbox 326 2787 1912 2871">
     <span class='ocr_line' id='line_1_43' title="bbox 326 2787 1912 2871; baseline 0.002 -19"><span class='ocrx_word' id='word_1_332' title='bbox 326 2814 393 2852; x_wconf 83' lang='lat' dir='ltr'><strong>se</strong></span> <span class='ocrx_word' id='word_1_333' title='bbox 435 2814 536 2868; x_wconf 92' lang='lat' dir='ltr'><strong>per</strong></span> <span class='ocrx_word' id='word_1_334' title='bbox 568 2800 672 2853; x_wconf 90' lang='lat' dir='ltr'><strong>hoc</strong></span> <span class='ocrx_word' id='word_1_335' title='bbox 707 2801 965 2868; x_wconf 82' lang='lat' dir='ltr'><strong>quoniam</strong></span> <span class='ocrx_word' id='word_1_336' title='bbox 993 2801 1106 2871; x_wconf 82' lang='lat' dir='ltr'><strong>jam</strong></span> <span class='ocrx_word' id='word_1_337' title='bbox 1140 2810 1266 2856; x_wconf 92' lang='lat' dir='ltr'><strong>tunc</strong></span> <span class='ocrx_word' id='word_1_338' title='bbox 1300 2804 1351 2856; x_wconf 83' lang='lat' dir='ltr'><strong>iit</strong></span> <span class='ocrx_word' id='word_1_339' title='bbox 1385 2787 1558 2855; x_wconf 78' lang='lat' dir='ltr'><strong>Adam</strong></span> <span class='ocrx_word' id='word_1_340' title='bbox 1593 2815 1777 2861; x_wconf 68' lang='lat' dir='ltr'><strong>semen</strong></span> <span class='ocrx_word' id='word_1_341' title='bbox 1813 2802 1912 2856; x_wconf 86' lang='lat' dir='ltr'><strong>hu-</strong></span> 
     </span>
    </p>
   </div>
   <div class='ocr_carea' id='block_1_44' title="bbox 328 2894 1913 2964">
    <p class='ocr_par' dir='ltr' id='par_1_44' title="bbox 328 2894 1913 2964">
     <span class='ocr_line' id='line_1_44' title="bbox 328 2894 1913 2964; baseline 0.001 -19"><span class='ocrx_word' id='word_1_342' title='bbox 328 2908 507 2947; x_wconf 72' lang='lat' dir='ltr'><strong>manae</strong></span> <span class='ocrx_word' id='word_1_343' title='bbox 555 2894 925 2964; x_wconf 76' lang='lat' dir='ltr'><strong>generationis</strong></span> <span class='ocrx_word' id='word_1_344' title='bbox 974 2904 1118 2949; x_wconf 79' lang='lat' dir='ltr'><strong>esset</strong></span> <span class='ocrx_word' id='word_1_345' title='bbox 1171 2894 1578 2964; x_wconf 83' lang='lat' dir='ltr'><strong>trangressiuue</strong></span> <span class='ocrx_word' id='word_1_346' title='bbox 1638 2894 1913 2958; x_wconf 80' lang='lat' dir='ltr'><strong>vitiatum,</strong></span> 
     </span>
    </p>
   </div>
   <div class='ocr_carea' id='block_1_45' title="bbox 322 2986 1908 3058">
    <p class='ocr_par' dir='ltr' id='par_1_45' title="bbox 322 2986 1908 3058">
     <span class='ocr_line' id='line_1_45' title="bbox 322 2986 1908 3058; baseline -0.001 -16"><span class='ocrx_word' id='word_1_347' title='bbox 322 3002 514 3047; x_wconf 73' lang='lat' dir='ltr'><strong>semen</strong></span> <span class='ocrx_word' id='word_1_348' title='bbox 546 2989 770 3042; x_wconf 73' lang='lat' dir='ltr'><strong>cmleste</strong></span> <span class='ocrx_word' id='word_1_349' title='bbox 800 2988 1159 3058; x_wconf 82' lang='lat' dir='ltr'><strong>promittitur,</strong></span> <span class='ocrx_word' id='word_1_350' title='bbox 1188 3000 1244 3042; x_wconf 91' lang='lat' dir='ltr'><strong>ut</strong></span> <span class='ocrx_word' id='word_1_351' title='bbox 1267 2989 1558 3058; x_wconf 81' lang='lat' dir='ltr'><strong>Apostolus</strong></span> <span class='ocrx_word' id='word_1_352' title='bbox 1585 2986 1770 3052; x_wconf 73' lang='lat' dir='ltr'><strong>sentit,</strong></span> <span class='ocrx_word' id='word_1_353' title='bbox 1803 3002 1908 3041; x_wconf 89' lang='lat' dir='ltr'><strong>non</strong></span> 
     </span>
    </p>
   </div>
   <div class='ocr_carea' id='block_1_46' title="bbox 320 3080 1911 3150">
    <p class='ocr_par' dir='ltr' id='par_1_46' title="bbox 320 3080 1911 3150">
     <span class='ocr_line' id='line_1_46' title="bbox 320 3080 1911 3150; baseline -0.002 -13"><span class='ocrx_word' id='word_1_354' title='bbox 320 3095 389 3137; x_wconf 78' lang='lat' dir='ltr'><strong>ex</strong></span> <span class='ocrx_word' id='word_1_355' title='bbox 423 3081 778 3150; x_wconf 86' lang='lat' dir='ltr'><strong>corruptione</strong></span> <span class='ocrx_word' id='word_1_356' title='bbox 813 3081 937 3147; x_wconf 87' lang='lat' dir='ltr'><strong>viri,</strong></span> <span class='ocrx_word' id='word_1_357' title='bbox 971 3083 1064 3136; x_wconf 89' lang='lat' dir='ltr'><strong>sed</strong></span> <span class='ocrx_word' id='word_1_358' title='bbox 1099 3097 1165 3136; x_wconf 75' lang='lat' dir='ltr'><strong>ex</strong></span> <span class='ocrx_word' id='word_1_359' title='bbox 1194 3080 1303 3136; x_wconf 87' lang='lat' dir='ltr'><strong>Deo</strong></span> <span class='ocrx_word' id='word_1_360' title='bbox 1336 3097 1355 3136; x_wconf 89' lang='lat'><em>:</em></span> <span class='ocrx_word' id='word_1_361' title='bbox 1388 3082 1531 3149; x_wconf 87' lang='lat' dir='ltr'><strong>quod</strong></span> <span class='ocrx_word' id='word_1_362' title='bbox 1568 3081 1590 3112; x_wconf 76' lang='grc'>⁸</span> <span class='ocrx_word' id='word_1_363' title='bbox 1624 3096 1748 3135; x_wconf 89' lang='lat' dir='ltr'><strong>eum</strong></span> <span class='ocrx_word' id='word_1_364' title='bbox 1781 3095 1911 3134; x_wconf 88' lang='lat' dir='ltr'><strong>caro</strong></span> 
     </span>
    </p>
   </div>
   <div class='ocr_carea' id='block_1_47' title="bbox 324 3172 1918 3241">
    <p class='ocr_par' dir='ltr' id='par_1_47' title="bbox 324 3172 1918 3241">
     <span class='ocr_line' id='line_1_47' title="bbox 324 3172 1918 3241; baseline -0.003 -14"><span class='ocrx_word' id='word_1_365' title='bbox 324 3172 485 3227; x_wconf 51' lang='grc' dir='ltr'><strong>ὕψει</strong></span> <span class='ocrx_word' id='word_1_366' title='bbox 512 3173 565 3226; x_wconf 90' lang='lat' dir='ltr'><strong>in</strong></span> <span class='ocrx_word' id='word_1_367' title='bbox 598 3172 847 3235; x_wconf 88' lang='lat' dir='ltr'><strong>muliere,</strong></span> <span class='ocrx_word' id='word_1_368' title='bbox 872 3172 1036 3226; x_wconf 87' lang='lat' dir='ltr'><strong>ctiam</strong></span> <span class='ocrx_word' id='word_1_369' title='bbox 1065 3172 1338 3227; x_wconf 76' lang='lat' dir='ltr'><strong>elementa</strong></span> <span class='ocrx_word' id='word_1_370' title='bbox 1366 3173 1452 3225; x_wconf 82' lang='lat' dir='ltr'><strong>illa</strong></span> <span class='ocrx_word' id='word_1_371' title='bbox 1486 3187 1762 3241; x_wconf 74' lang='lat' dir='ltr'><strong>corporea:</strong></span> <span class='ocrx_word' id='word_1_372' title='bbox 1790 3172 1918 3226; x_wconf 85' lang='lat' dir='ltr'><strong>sub-</strong></span> 
     </span>
    </p>
   </div>
   <div class='ocr_carea' id='block_1_48' title="bbox 322 3265 1912 3337">
    <p class='ocr_par' dir='ltr' id='par_1_48' title="bbox 322 3265 1912 3337">
     <span class='ocr_line' id='line_1_48' title="bbox 322 3265 1912 3337; baseline -0.001 -18"><span class='ocrx_word' id='word_1_373' title='bbox 322 3265 568 3332; x_wconf 61' lang='lat' dir='ltr'><strong>stantia,</strong></span> <span class='ocrx_word' id='word_1_374' title='bbox 599 3265 651 3320; x_wconf 90' lang='lat' dir='ltr'><strong>id</strong></span> <span class='ocrx_word' id='word_1_375' title='bbox 680 3276 785 3331; x_wconf 88' lang='lat' dir='ltr'><strong>est,</strong></span> <span class='ocrx_word' id='word_1_376' title='bbox 832 3266 1076 3321; x_wconf 88' lang='lat' dir='ltr'><strong>humoris</strong></span> <span class='ocrx_word' id='word_1_377' title='bbox 1119 3278 1173 3321; x_wconf 89' lang='lat' dir='ltr'><strong>et</strong></span> <span class='ocrx_word' id='word_1_378' title='bbox 1223 3265 1528 3337; x_wconf 84' lang='lat' dir='ltr'><strong>sanguinis,</strong></span> <span class='ocrx_word' id='word_1_379' title='bbox 1578 3268 1630 3319; x_wconf 92' lang='lat' dir='ltr'><strong>in</strong></span> <span class='ocrx_word' id='word_1_380' title='bbox 1662 3266 1780 3335; x_wconf 90' lang='lat' dir='ltr'><strong>ipso</strong></span> <span class='ocrx_word' id='word_1_381' title='bbox 1812 3265 1912 3320; x_wconf 86' lang='lat' dir='ltr'><strong>sibi</strong></span> 
     </span>
    </p>
   </div>
   <div class='ocr_carea' id='block_1_49' title="bbox 254 3356 1916 3429">
    <p class='ocr_par' dir='ltr' id='par_1_49' title="bbox 254 3356 1916 3429">
     <span class='ocr_line' id='line_1_49' title="bbox 254 3356 1916 3429; baseline -0.001 -16"><span class='ocrx_word' id='word_1_382' title='bbox 254 3366 260 3371; x_wconf 80' lang='grc'><em>’</em></span> <span class='ocrx_word' id='word_1_383' title='bbox 324 3358 584 3424; x_wconf 82' lang='lat' dir='ltr'><strong>vasculo,</strong></span> <span class='ocrx_word' id='word_1_384' title='bbox 614 3356 670 3412; x_wconf 85' lang='lat' dir='ltr'><strong>in</strong></span> <span class='ocrx_word' id='word_1_385' title='bbox 704 3373 811 3428; x_wconf 88' lang='lat' dir='ltr'><strong>quo</strong></span> <span class='ocrx_word' id='word_1_386' title='bbox 837 3358 952 3429; x_wconf 89' lang='lat' dir='ltr'><strong>ipsa</strong></span> <span class='ocrx_word' id='word_1_387' title='bbox 977 3358 1240 3414; x_wconf 89' lang='lat' dir='ltr'><strong>elementa</strong></span> <span class='ocrx_word' id='word_1_388' title='bbox 1273 3360 1378 3413; x_wconf 89' lang='lat' dir='ltr'><strong>sita</strong></span> <span class='ocrx_word' id='word_1_389' title='bbox 1413 3369 1561 3423; x_wconf 87' lang='lat' dir='ltr'><strong>sunt,</strong></span> <span class='ocrx_word' id='word_1_390' title='bbox 1591 3357 1916 3412; x_wconf 80' lang='lat' dir='ltr'><strong>naturaliter</strong></span> 
     </span>
    </p>
   </div>
   <div class='ocr_carea' id='block_1_50' title="bbox 325 3449 1912 3522">
    <p class='ocr_par' dir='ltr' id='par_1_50' title="bbox 325 3449 1912 3522">
     <span class='ocr_line' id='line_1_50' title="bbox 325 3449 1912 3522; baseline -0.003 -16"><span class='ocrx_word' id='word_1_391' title='bbox 325 3462 568 3522; x_wconf 82' lang='lat' dir='ltr'><strong>aptaret.</strong></span> <span class='ocrx_word' id='word_1_392' title='bbox 591 3451 965 3521; x_wconf 65' lang='lat' dir='ltr'><strong>Materiaque</strong></span> <span class='ocrx_word' id='word_1_393' title='bbox 986 3451 1204 3506; x_wconf 85' lang='lat' dir='ltr'><strong>Domini</strong></span> <span class='ocrx_word' id='word_1_394' title='bbox 1225 3449 1397 3506; x_wconf 86' lang='lat' dir='ltr'><strong>nostri</strong></span> <span class='ocrx_word' id='word_1_395' title='bbox 1435 3449 1563 3506; x_wconf 82' lang='lat' dir='ltr'><strong>Jesu</strong></span> <span class='ocrx_word' id='word_1_396' title='bbox 1602 3449 1828 3516; x_wconf 82' lang='lat' dir='ltr'><strong>Christi,</strong></span> <span class='ocrx_word' id='word_1_397' title='bbox 1860 3449 1912 3503; x_wconf 93' lang='lat' dir='ltr'><strong>in</strong></span> 
     </span>
    </p>
   </div>
   <div class='ocr_carea' id='block_1_51' title="bbox 325 3541 1917 3616">
    <p class='ocr_par' dir='ltr' id='par_1_51' title="bbox 325 3541 1917 3616">
     <span class='ocr_line' id='line_1_51' title="bbox 325 3541 1917 3616; baseline -0.002 -15"><span class='ocrx_word' id='word_1_398' title='bbox 325 3548 421 3601; x_wconf 85' lang='lat' dir='ltr'><strong>illa</strong></span> <span class='ocrx_word' id='word_1_399' title='bbox 455 3548 569 3616; x_wconf 85' lang='lat' dir='ltr'><strong>jam</strong></span> <span class='ocrx_word' id='word_1_400' title='bbox 611 3553 741 3600; x_wconf 91' lang='lat' dir='ltr'><strong>tunc</strong></span> <span class='ocrx_word' id='word_1_401' title='bbox 784 3544 1011 3601; x_wconf 87' lang='lat' dir='ltr'><strong>muliere</strong></span> <span class='ocrx_word' id='word_1_402' title='bbox 1042 3545 1307 3616; x_wconf 83' lang='lat' dir='ltr'><strong>promissa</strong></span> <span class='ocrx_word' id='word_1_403' title='bbox 1334 3553 1442 3601; x_wconf 91' lang='lat' dir='ltr'><strong>est.</strong></span> <span class='ocrx_word' id='word_1_404' title='bbox 1468 3542 1592 3600; x_wconf 75' lang='lat' dir='ltr'><strong>Haec</strong></span> <span class='ocrx_word' id='word_1_405' title='bbox 1615 3541 1917 3598; x_wconf 83' lang='lat' dir='ltr'><strong>inimicitiis</strong></span> 
     </span>
    </p>
   </div>
   <div class='ocr_carea' id='block_1_52' title="bbox 320 3636 1911 3706">
    <p class='ocr_par' dir='ltr' id='par_1_52' title="bbox 320 3636 1911 3706">
     <span class='ocr_line' id='line_1_52' title="bbox 320 3636 1911 3706; baseline -0.001 -14"><span class='ocrx_word' id='word_1_406' title='bbox 320 3639 575 3706; x_wconf 79' lang='lat' dir='ltr'><strong>opposita</strong></span> <span class='ocrx_word' id='word_1_407' title='bbox 608 3642 695 3692; x_wconf 88' lang='lat' dir='ltr'><strong>est</strong></span> <span class='ocrx_word' id='word_1_408' title='bbox 728 3636 1003 3706; x_wconf 78' lang='lat' dir='ltr'><strong>serpentis</strong></span> <span class='ocrx_word' id='word_1_409' title='bbox 1031 3652 1052 3692; x_wconf 87' lang='lat'><strong><em>:</em></strong></span> <span class='ocrx_word' id='word_1_410' title='bbox 1080 3636 1308 3704; x_wconf 86' lang='lat' dir='ltr'><strong>Ponant,</strong></span> <span class='ocrx_word' id='word_1_411' title='bbox 1349 3636 1566 3706; x_wconf 91' lang='lat' dir='ltr'><strong>inquit,</strong></span> <span class='ocrx_word' id='word_1_412' title='bbox 1599 3636 1911 3690; x_wconf 72' lang='lat' dir='ltr'><strong>inimicitias</strong></span> 
     </span>
    </p>
   </div>
   <div class='ocr_carea' id='block_1_53' title="bbox 320 3727 1912 3799">
    <p class='ocr_par' dir='ltr' id='par_1_53' title="bbox 320 3727 1912 3799">
     <span class='ocr_line' id='line_1_53' title="bbox 320 3727 1912 3799; baseline -0.002 -14"><span class='ocrx_word' id='word_1_413' title='bbox 320 3734 467 3786; x_wconf 77' lang='lat' dir='ltr'><strong>inter</strong></span> <span class='ocrx_word' id='word_1_414' title='bbox 499 3740 553 3785; x_wconf 88' lang='lat' dir='ltr'><strong>te</strong></span> <span class='ocrx_word' id='word_1_415' title='bbox 577 3740 631 3785; x_wconf 86' lang='lat' dir='ltr'><strong>et</strong></span> <span class='ocrx_word' id='word_1_416' title='bbox 662 3728 938 3785; x_wconf 73' lang='lat' dir='ltr'><strong>mulierem</strong></span> <span class='ocrx_word' id='word_1_417' title='bbox 967 3727 1123 3798; x_wconf 85' lang='lat' dir='ltr'><strong>(Gen.</strong></span> <span class='ocrx_word' id='word_1_418' title='bbox 1158 3744 1245 3795; x_wconf 80' lang='grc' dir='ltr'>ιιι,</span> <span class='ocrx_word' id='word_1_419' title='bbox 1275 3730 1362 3799; x_wconf 75' lang='grc'><strong>15)</strong></span> <span class='ocrx_word' id='word_1_420' title='bbox 1392 3744 1412 3782; x_wconf 90' lang='lat'><strong><em>:</em></strong></span> <span class='ocrx_word' id='word_1_421' title='bbox 1445 3744 1552 3784; x_wconf 91' lang='lat' dir='ltr'><strong>non</strong></span> <span class='ocrx_word' id='word_1_422' title='bbox 1590 3738 1742 3782; x_wconf 91' lang='lat' dir='ltr'><strong>certe</strong></span> <span class='ocrx_word' id='word_1_423' title='bbox 1771 3741 1912 3797; x_wconf 84' lang='lat' dir='ltr'><strong>porto</strong></span> 
     </span>
    </p>
   </div>
   <div class='ocr_carea' id='block_1_54' title="bbox 322 3819 1909 3892">
    <p class='ocr_par' dir='ltr' id='par_1_54' title="bbox 322 3819 1909 3892">
     <span class='ocr_line' id='line_1_54' title="bbox 322 3819 1909 3892; baseline -0.003 -14"><span class='ocrx_word' id='word_1_424' title='bbox 322 3827 481 3888; x_wconf 71' lang='lat' dir='ltr'><strong>uicit,</strong></span> <span class='ocrx_word' id='word_1_425' title='bbox 512 3839 583 3879; x_wconf 89' lang='lat' dir='ltr'><strong>ne</strong></span> <span class='ocrx_word' id='word_1_426' title='bbox 612 3823 681 3878; x_wconf 89' lang='lat' dir='ltr'><strong>ad</strong></span> <span class='ocrx_word' id='word_1_427' title='bbox 709 3822 871 3877; x_wconf 83' lang='lat' dir='ltr'><strong>Evam</strong></span> <span class='ocrx_word' id='word_1_428' title='bbox 901 3822 1006 3877; x_wconf 87' lang='lat' dir='ltr'><strong>hoc</strong></span> <span class='ocrx_word' id='word_1_429' title='bbox 1036 3823 1311 3892; x_wconf 84' lang='lat' dir='ltr'><strong>pertinere</strong></span> <span class='ocrx_word' id='word_1_430' title='bbox 1342 3821 1642 3876; x_wconf 83' lang='lat' dir='ltr'><strong>videretur.</strong></span> <span class='ocrx_word' id='word_1_431' title='bbox 1672 3819 1909 3876; x_wconf 82' lang='lat' dir='ltr'><strong>Verbum</strong></span> 
     </span>
    </p>
   </div>
   <div class='ocr_carea' id='block_1_55' title="bbox 316 3913 1908 3985">
    <p class='ocr_par' dir='ltr' id='par_1_55' title="bbox 316 3913 1908 3985">
     <span class='ocr_line' id='line_1_55' title="bbox 316 3913 1908 3985; baseline -0.001 -16"><span class='ocrx_word' id='word_1_432' title='bbox 316 3915 712 3984; x_wconf 78' lang='lat' dir='ltr'><strong>promissionis</strong></span> <span class='ocrx_word' id='word_1_433' title='bbox 772 3921 879 3981; x_wconf 88' lang='lat' dir='ltr'><strong>est,</strong></span> <span class='ocrx_word' id='word_1_434' title='bbox 933 3914 1080 3985; x_wconf 89' lang='lat' dir='ltr'><strong>quod</strong></span> <span class='ocrx_word' id='word_1_435' title='bbox 1136 3913 1535 3969; x_wconf 81' lang='lat' dir='ltr'><strong>transmittitur</strong></span> <span class='ocrx_word' id='word_1_436' title='bbox 1588 3914 1642 3968; x_wconf 91' lang='lat' dir='ltr'><strong>in</strong></span> <span class='ocrx_word' id='word_1_437' title='bbox 1706 3913 1908 3967; x_wconf 89' lang='lat' dir='ltr'><strong>futura.</strong></span> 
     </span>
    </p>
   </div>
   <div class='ocr_carea' id='block_1_56' title="bbox 319 4007 1908 4078">
    <p class='ocr_par' dir='ltr' id='par_1_56' title="bbox 319 4007 1908 4078">
     <span class='ocr_line' id='line_1_56' title="bbox 319 4007 1908 4078; baseline 0.001 -15"><span class='ocrx_word' id='word_1_438' title='bbox 319 4007 558 4071; x_wconf 79' lang='lat' dir='ltr'><strong>l’onam,</strong></span> <span class='ocrx_word' id='word_1_439' title='bbox 605 4007 808 4078; x_wconf 86' lang='lat' dir='ltr'><strong>inquit,</strong></span> <span class='ocrx_word' id='word_1_440' title='bbox 856 4007 1173 4063; x_wconf 84' lang='lat' dir='ltr'><strong>inimicitias</strong></span> <span class='ocrx_word' id='word_1_441' title='bbox 1219 4009 1366 4064; x_wconf 84' lang='lat' dir='ltr'><strong>inter</strong></span> <span class='ocrx_word' id='word_1_442' title='bbox 1411 4019 1462 4064; x_wconf 87' lang='lat' dir='ltr'><strong>te</strong></span> <span class='ocrx_word' id='word_1_443' title='bbox 1505 4018 1563 4064; x_wconf 86' lang='lat' dir='ltr'><strong>et</strong></span> <span class='ocrx_word' id='word_1_444' title='bbox 1601 4009 1908 4064; x_wconf 82' lang='lat' dir='ltr'><strong>mulierem.</strong></span> 
     </span>
    </p>
   </div>
   <div class='ocr_carea' id='block_1_57' title="bbox 321 4099 1908 4172">
    <p class='ocr_par' dir='ltr' id='par_1_57' title="bbox 321 4099 1908 4172">
     <span class='ocr_line' id='line_1_57' title="bbox 321 4099 1908 4172; baseline 0.001 -18"><span class='ocrx_word' id='word_1_445' title='bbox 321 4099 477 4154; x_wconf 82' lang='lat' dir='ltr'><strong>Illam</strong></span> <span class='ocrx_word' id='word_1_446' title='bbox 512 4102 705 4169; x_wconf 80' lang='lat' dir='ltr'><strong>utique</strong></span> <span class='ocrx_word' id='word_1_447' title='bbox 736 4099 1040 4166; x_wconf 87' lang='lat' dir='ltr'><strong>mulierem,</strong></span> <span class='ocrx_word' id='word_1_448' title='bbox 1072 4116 1195 4170; x_wconf 73' lang='lat' dir='ltr'><strong>qua:</strong></span> <span class='ocrx_word' id='word_1_449' title='bbox 1222 4100 1562 4158; x_wconf 85' lang='lat' dir='ltr'><strong>Salvaturent</strong></span> <span class='ocrx_word' id='word_1_450' title='bbox 1618 4102 1908 4172; x_wconf 87' lang='lat' dir='ltr'><strong>parturiat,</strong></span> 
     </span>
    </p>
   </div>
   <div class='ocr_carea' id='block_1_58' title="bbox 324 4191 1910 4265">
    <p class='ocr_par' dir='ltr' id='par_1_58' title="bbox 324 4191 1910 4265">
     <span class='ocr_line' id='line_1_58' title="bbox 324 4191 1910 4265; baseline 0.001 -18"><span class='ocrx_word' id='word_1_451' title='bbox 324 4207 435 4247; x_wconf 85' lang='lat' dir='ltr'><strong>non</strong></span> <span class='ocrx_word' id='word_1_452' title='bbox 480 4207 606 4262; x_wconf 61' lang='lat' dir='ltr'><strong>qua</strong></span> <span class='ocrx_word' id='word_1_453' title='bbox 648 4201 873 4262; x_wconf 89' lang='lat' dir='ltr'><strong>generet</strong></span> <span class='ocrx_word' id='word_1_454' title='bbox 913 4192 1273 4248; x_wconf 89' lang='lat' dir='ltr'><strong>fratricidam.</strong></span> <span class='ocrx_word' id='word_1_455' title='bbox 1305 4191 1536 4261; x_wconf 86' lang='lat' dir='ltr'><strong>Ponatn,</strong></span> <span class='ocrx_word' id='word_1_456' title='bbox 1569 4193 1766 4265; x_wconf 87' lang='lat' dir='ltr'><strong>inquit,</strong></span> <span class='ocrx_word' id='word_1_457' title='bbox 1810 4193 1910 4248; x_wconf 83' lang='lat' dir='ltr'><strong>ini-</strong></span> 
     </span>
    </p>
   </div>
   <div class='ocr_carea' id='block_1_59' title="bbox 322 4284 1910 4352">
    <p class='ocr_par' dir='ltr' id='par_1_59' title="bbox 322 4284 1910 4352">
     <span class='ocr_line' id='line_1_59' title="bbox 322 4284 1910 4352; baseline -0.001 -12"><span class='ocrx_word' id='word_1_458' title='bbox 322 4285 565 4341; x_wconf 82' lang='lat' dir='ltr'><strong>mieitiss</strong></span> <span class='ocrx_word' id='word_1_459' title='bbox 620 4284 765 4340; x_wconf 89' lang='lat' dir='ltr'><strong>inter</strong></span> <span class='ocrx_word' id='word_1_460' title='bbox 814 4292 868 4340; x_wconf 89' lang='lat' dir='ltr'><strong>te</strong></span> <span class='ocrx_word' id='word_1_461' title='bbox 913 4295 970 4341; x_wconf 87' lang='lat' dir='ltr'><strong>et</strong></span> <span class='ocrx_word' id='word_1_462' title='bbox 1015 4284 1322 4351; x_wconf 87' lang='lat' dir='ltr'><strong>mulierem,</strong></span> <span class='ocrx_word' id='word_1_463' title='bbox 1367 4286 1417 4340; x_wconf 88' lang='lat' dir='ltr'><strong>id</strong></span> <span class='ocrx_word' id='word_1_464' title='bbox 1462 4294 1567 4352; x_wconf 90' lang='lat' dir='ltr'><strong>est,</strong></span> <span class='ocrx_word' id='word_1_465' title='bbox 1633 4284 1910 4340; x_wconf 82' lang='lat' dir='ltr'><strong>suscitabo</strong></span> 
     </span>
    </p>
   </div>
   <div class='ocr_carea' id='block_1_60' title="bbox 323 4376 1905 4449">
    <p class='ocr_par' dir='ltr' id='par_1_60' title="bbox 323 4376 1905 4449">
     <span class='ocr_line' id='line_1_60' title="bbox 323 4376 1905 4449; baseline -0.001 -15"><span class='ocrx_word' id='word_1_466' title='bbox 323 4380 636 4442; x_wconf 83' lang='lat' dir='ltr'><strong>mulierem,</strong></span> <span class='ocrx_word' id='word_1_467' title='bbox 676 4392 800 4449; x_wconf 73' lang='lat' dir='ltr'><strong>qua:</strong></span> <span class='ocrx_word' id='word_1_468' title='bbox 842 4377 1128 4445; x_wconf 85' lang='lat' dir='ltr'><strong>repudiata</strong></span> <span class='ocrx_word' id='word_1_469' title='bbox 1169 4376 1430 4434; x_wconf 77' lang='lat' dir='ltr'><strong>facilitate</strong></span> <span class='ocrx_word' id='word_1_470' title='bbox 1475 4376 1757 4445; x_wconf 85' lang='lat' dir='ltr'><strong>credendi,</strong></span> <span class='ocrx_word' id='word_1_471' title='bbox 1796 4391 1905 4432; x_wconf 91' lang='lat' dir='ltr'><strong>non</strong></span> 
     </span>
    </p>
   </div>
   <div class='ocr_carea' id='block_1_61' title="bbox 2026 1895 3603 1969">
    <p class='ocr_par' dir='ltr' id='par_1_61' title="bbox 2026 1895 3603 1969">
     <span class='ocr_line' id='line_1_61' title="bbox 2026 1895 3603 1969; baseline 0.004 -20"><span class='ocrx_word' id='word_1_472' title='bbox 2026 1896 2366 1951; x_wconf 88' lang='lat' dir='ltr'><strong>trimentttm.</strong></span> <span class='ocrx_word' id='word_1_473' title='bbox 2398 1895 2564 1950; x_wconf 74' lang='lat' dir='ltr'><strong>Maria</strong></span> <span class='ocrx_word' id='word_1_474' title='bbox 2594 1907 2772 1951; x_wconf 86' lang='lat' dir='ltr'><strong>autem</strong></span> <span class='ocrx_word' id='word_1_475' title='bbox 2804 1913 2907 1953; x_wconf 89' lang='lat' dir='ltr'><strong>non</strong></span> <span class='ocrx_word' id='word_1_476' title='bbox 2940 1908 3049 1953; x_wconf 90' lang='lat' dir='ltr'><strong>tam</strong></span> <span class='ocrx_word' id='word_1_477' title='bbox 3082 1900 3256 1968; x_wconf 82' lang='lat' dir='ltr'><strong>prima</strong></span> <span class='ocrx_word' id='word_1_478' title='bbox 3288 1915 3455 1969; x_wconf 83' lang='lat' dir='ltr'><strong>quam</strong></span> <span class='ocrx_word' id='word_1_479' title='bbox 3488 1901 3603 1956; x_wconf 79' lang='lat' dir='ltr'><strong>sols</strong></span> 
     </span>
    </p>
   </div>
   <div class='ocr_carea' id='block_1_62' title="bbox 2025 1986 3605 2062">
    <p class='ocr_par' dir='ltr' id='par_1_62' title="bbox 2025 1986 3605 2062">
     <span class='ocr_line' id='line_1_62' title="bbox 2025 1986 3605 2062; baseline 0.004 -21"><span class='ocrx_word' id='word_1_480' title='bbox 2025 1986 2079 2041; x_wconf 90' lang='lat' dir='ltr'><strong>in</strong></span> <span class='ocrx_word' id='word_1_481' title='bbox 2106 1997 2263 2043; x_wconf 87' lang='lat' dir='ltr'><strong>utero</strong></span> <span class='ocrx_word' id='word_1_482' title='bbox 2288 1989 2562 2059; x_wconf 82' lang='lat' dir='ltr'><strong>concepit,</strong></span> <span class='ocrx_word' id='word_1_483' title='bbox 2590 1990 2746 2058; x_wconf 82' lang='lat' dir='ltr'><strong>cujus</strong></span> <span class='ocrx_word' id='word_1_484' title='bbox 2771 1989 2994 2059; x_wconf 90' lang='lat' dir='ltr'><strong>pudoris</strong></span> <span class='ocrx_word' id='word_1_485' title='bbox 3020 1991 3250 2046; x_wconf 83' lang='lat' dir='ltr'><strong>illihatio</strong></span> <span class='ocrx_word' id='word_1_486' title='bbox 3274 2003 3605 2062; x_wconf 80' lang='lat' dir='ltr'><strong>conceptum</strong></span> 
     </span>
    </p>
   </div>
   <div class='ocr_carea' id='block_1_63' title="bbox 2022 2080 3605 2153">
    <p class='ocr_par' dir='ltr' id='par_1_63' title="bbox 2022 2080 3605 2153">
     <span class='ocr_line' id='line_1_63' title="bbox 2022 2080 3605 2153; baseline 0.003 -20"><span class='ocrx_word' id='word_1_487' title='bbox 2022 2081 2162 2134; x_wconf 85' lang='lat' dir='ltr'><strong>uteri</strong></span> <span class='ocrx_word' id='word_1_488' title='bbox 2196 2080 2312 2134; x_wconf 85' lang='lat' dir='ltr'><strong>sine</strong></span> <span class='ocrx_word' id='word_1_489' title='bbox 2343 2080 2549 2135; x_wconf 84' lang='lat' dir='ltr'><strong>damno</strong></span> <span class='ocrx_word' id='word_1_490' title='bbox 2578 2081 2905 2151; x_wconf 78' lang='lat' dir='ltr'><strong>virginitatis</strong></span> <span class='ocrx_word' id='word_1_491' title='bbox 2940 2083 3215 2153; x_wconf 75' lang='lat' dir='ltr'><strong>expressit</strong></span> <span class='ocrx_word' id='word_1_492' title='bbox 3265 2101 3278 2138; x_wconf 94' lang='lat'>:</span> <span class='ocrx_word' id='word_1_493' title='bbox 3322 2099 3442 2153; x_wconf 66' lang='lat' dir='ltr'><strong>quae</strong></span> <span class='ocrx_word' id='word_1_494' title='bbox 3488 2085 3605 2139; x_wconf 82' lang='lat' dir='ltr'><strong>sola</strong></span> 
     </span>
    </p>
   </div>
   <div class='ocr_carea' id='block_1_64' title="bbox 2025 2171 3606 2241">
    <p class='ocr_par' dir='ltr' id='par_1_64' title="bbox 2025 2171 3606 2241">
     <span class='ocr_line' id='line_1_64' title="bbox 2025 2171 3606 2241; baseline 0.003 -17"><span class='ocrx_word' id='word_1_495' title='bbox 2025 2171 2182 2225; x_wconf 83' lang='lat' dir='ltr'><strong>nobis</strong></span> <span class='ocrx_word' id='word_1_496' title='bbox 2220 2171 2451 2241; x_wconf 78' lang='lat' dir='ltr'><strong>peperit,</strong></span> <span class='ocrx_word' id='word_1_497' title='bbox 2486 2171 2629 2240; x_wconf 84' lang='lat' dir='ltr'><strong>quod</strong></span> <span class='ocrx_word' id='word_1_498' title='bbox 2668 2187 2777 2226; x_wconf 89' lang='lat' dir='ltr'><strong>non</strong></span> <span class='ocrx_word' id='word_1_499' title='bbox 2816 2173 3031 2241; x_wconf 85' lang='lat' dir='ltr'><strong>accepit</strong></span> <span class='ocrx_word' id='word_1_500' title='bbox 3069 2188 3134 2228; x_wconf 82' lang='lat' dir='ltr'><strong>ex</strong></span> <span class='ocrx_word' id='word_1_501' title='bbox 3171 2172 3349 2231; x_wconf 84' lang='lat' dir='ltr'><strong>nobis.</strong></span> <span class='ocrx_word' id='word_1_502' title='bbox 3388 2174 3606 2229; x_wconf 66' lang='lat' dir='ltr'><strong>dicente</strong></span> 
     </span>
    </p>
   </div>
   <div class='ocr_carea' id='block_1_65' title="bbox 2024 2262 3605 2336">
    <p class='ocr_par' dir='ltr' id='par_1_65' title="bbox 2024 2262 3605 2336">
     <span class='ocr_line' id='line_1_65' title="bbox 2024 2262 3605 2336; baseline 0.003 -19"><span class='ocrx_word' id='word_1_503' title='bbox 2024 2262 2252 2317; x_wconf 87' lang='lat' dir='ltr'><strong>Domino</strong></span> <span class='ocrx_word' id='word_1_504' title='bbox 2294 2279 2312 2318; x_wconf 67' lang='grc' dir='ltr'><strong>ξ</strong></span> <span class='ocrx_word' id='word_1_505' title='bbox 2360 2262 2460 2317; x_wconf 84' lang='lat' dir='ltr'><strong>Vos</strong></span> <span class='ocrx_word' id='word_1_506' title='bbox 2494 2264 2557 2317; x_wconf 87' lang='lat' dir='ltr'><strong>de</strong></span> <span class='ocrx_word' id='word_1_507' title='bbox 2590 2263 2933 2331; x_wconf 75' lang='lat' dir='ltr'><strong>inferioribus</strong></span> <span class='ocrx_word' id='word_1_508' title='bbox 2968 2266 3116 2330; x_wconf 81' lang='lat' dir='ltr'><strong>estis,</strong></span> <span class='ocrx_word' id='word_1_509' title='bbox 3142 2282 3238 2335; x_wconf 86' lang='lat' dir='ltr'><strong>ego</strong></span> <span class='ocrx_word' id='word_1_510' title='bbox 3268 2266 3332 2321; x_wconf 81' lang='lat' dir='ltr'><strong>de</strong></span> <span class='ocrx_word' id='word_1_511' title='bbox 3363 2268 3605 2336; x_wconf 78' lang='lat' dir='ltr'><strong>superio-</strong></span> 
     </span>
    </p>
   </div>
   <div class='ocr_carea' id='block_1_66' title="bbox 2023 2354 3602 2427">
    <p class='ocr_par' dir='ltr' id='par_1_66' title="bbox 2023 2354 3602 2427">
     <span class='ocr_line' id='line_1_66' title="bbox 2023 2354 3602 2427; baseline 0.004 -20"><span class='ocrx_word' id='word_1_512' title='bbox 2023 2354 2168 2408; x_wconf 80' lang='lat' dir='ltr'><strong>ribus</strong></span> <span class='ocrx_word' id='word_1_513' title='bbox 2194 2371 2307 2409; x_wconf 75' lang='lat' dir='ltr'><strong>sum</strong></span> <span class='ocrx_word' id='word_1_514' title='bbox 2334 2354 2517 2425; x_wconf 83' lang='lat' dir='ltr'><strong>(Joan.</strong></span> <span class='ocrx_word' id='word_1_515' title='bbox 2553 2372 2666 2419; x_wconf 84' lang='lat' dir='ltr'><strong>vttt,</strong></span> <span class='ocrx_word' id='word_1_516' title='bbox 2693 2356 2809 2427; x_wconf 70' lang='lat'><strong>23).</strong></span> <span class='ocrx_word' id='word_1_517' title='bbox 2839 2356 2971 2423; x_wconf 70' lang='lat' dir='ltr'><strong>Quae</strong></span> <span class='ocrx_word' id='word_1_518' title='bbox 2999 2357 3115 2412; x_wconf 83' lang='lat' dir='ltr'><strong>sola</strong></span> <span class='ocrx_word' id='word_1_519' title='bbox 3150 2367 3324 2413; x_wconf 87' lang='lat' dir='ltr'><strong>mater</strong></span> <span class='ocrx_word' id='word_1_520' title='bbox 3353 2369 3434 2413; x_wconf 84' lang='lat' dir='ltr'><strong>est</strong></span> <span class='ocrx_word' id='word_1_521' title='bbox 3467 2358 3602 2423; x_wconf 80' lang='lat' dir='ltr'><strong>lilio,</strong></span> 
     </span>
    </p>
   </div>
   <div class='ocr_carea' id='block_1_67' title="bbox 2024 2446 3603 2518">
    <p class='ocr_par' dir='ltr' id='par_1_67' title="bbox 2024 2446 3603 2518">
     <span class='ocr_line' id='line_1_67' title="bbox 2024 2446 3603 2518; baseline 0.001 -16"><span class='ocrx_word' id='word_1_522' title='bbox 2024 2461 2145 2502; x_wconf 87' lang='lat' dir='ltr'><strong>cum</strong></span> <span class='ocrx_word' id='word_1_523' title='bbox 2171 2446 2319 2515; x_wconf 67' lang='lat' dir='ltr'><strong>virgo</strong></span> <span class='ocrx_word' id='word_1_524' title='bbox 2342 2446 2413 2502; x_wconf 92' lang='lat' dir='ltr'><strong>sit</strong></span> <span class='ocrx_word' id='word_1_525' title='bbox 2438 2447 2637 2501; x_wconf 89' lang='lat' dir='ltr'><strong>marito</strong></span> <span class='ocrx_word' id='word_1_526' title='bbox 2664 2465 2679 2502; x_wconf 86' lang='lat'><strong>:</strong></span> <span class='ocrx_word' id='word_1_527' title='bbox 2704 2448 2859 2518; x_wconf 84' lang='lat' dir='ltr'><strong>cujus</strong></span> <span class='ocrx_word' id='word_1_528' title='bbox 2883 2449 3297 2517; x_wconf 76' lang='lat' dir='ltr'><strong>conceptionem</strong></span> <span class='ocrx_word' id='word_1_529' title='bbox 3320 2449 3603 2518; x_wconf 82' lang='lat' dir='ltr'><strong>ignorante</strong></span> 
     </span>
    </p>
   </div>
   <div class='ocr_carea' id='block_1_68' title="bbox 2024 2541 3602 2612">
    <p class='ocr_par' dir='ltr' id='par_1_68' title="bbox 2024 2541 3602 2612">
     <span class='ocr_line' id='line_1_68' title="bbox 2024 2541 3602 2612; baseline 0.004 -20"><span class='ocrx_word' id='word_1_530' title='bbox 2024 2541 2352 2612; x_wconf 74' lang='lat' dir='ltr'><strong>virginitate,</strong></span> <span class='ocrx_word' id='word_1_531' title='bbox 2387 2550 2582 2612; x_wconf 84' lang='lat' dir='ltr'><strong>partus</strong></span> <span class='ocrx_word' id='word_1_532' title='bbox 2611 2543 2829 2612; x_wconf 87' lang='lat' dir='ltr'><strong>agnovit</strong></span> <span class='ocrx_word' id='word_1_533' title='bbox 2874 2558 2893 2597; x_wconf 72' lang='grc' dir='ltr'>ε</span> <span class='ocrx_word' id='word_1_534' title='bbox 2928 2556 3047 2611; x_wconf 80' lang='lat' dir='ltr'><strong>quae</strong></span> <span class='ocrx_word' id='word_1_535' title='bbox 3084 2544 3199 2598; x_wconf 86' lang='lat' dir='ltr'><strong>sola</strong></span> <span class='ocrx_word' id='word_1_536' title='bbox 3236 2544 3431 2597; x_wconf 83' lang='lat' dir='ltr'><strong>mulier</strong></span> <span class='ocrx_word' id='word_1_537' title='bbox 3456 2544 3602 2599; x_wconf 79' lang='lat' dir='ltr'><strong>dicta</strong></span> 
     </span>
    </p>
   </div>
   <div class='ocr_carea' id='block_1_69' title="bbox 2023 2633 3604 2705">
    <p class='ocr_par' dir='ltr' id='par_1_69' title="bbox 2023 2633 3604 2705">
     <span class='ocr_line' id='line_1_69' title="bbox 2023 2633 3604 2705; baseline 0.002 -17"><span class='ocrx_word' id='word_1_538' title='bbox 2023 2641 2128 2695; x_wconf 81' lang='lat' dir='ltr'><strong>est.</strong></span> <span class='ocrx_word' id='word_1_539' title='bbox 2160 2649 2269 2688; x_wconf 85' lang='lat' dir='ltr'><strong>non</strong></span> <span class='ocrx_word' id='word_1_540' title='bbox 2302 2633 2682 2704; x_wconf 84' lang='lat' dir='ltr'><strong>concipiendo,</strong></span> <span class='ocrx_word' id='word_1_541' title='bbox 2727 2634 2821 2689; x_wconf 89' lang='lat' dir='ltr'><strong>sed</strong></span> <span class='ocrx_word' id='word_1_542' title='bbox 2866 2636 3149 2702; x_wconf 82' lang='lat' dir='ltr'><strong>pariendo.</strong></span> <span class='ocrx_word' id='word_1_543' title='bbox 3201 2635 3275 2689; x_wconf 75' lang='lat' dir='ltr'><strong>Ex</strong></span> <span class='ocrx_word' id='word_1_544' title='bbox 3322 2636 3425 2689; x_wconf 80' lang='lat' dir='ltr'><strong>hac</strong></span> <span class='ocrx_word' id='word_1_545' title='bbox 3470 2650 3604 2705; x_wconf 81' lang='lat' dir='ltr'><strong>ergo</strong></span> 
     </span>
    </p>
   </div>
   <div class='ocr_carea' id='block_1_70' title="bbox 2024 2726 3603 2797">
    <p class='ocr_par' dir='ltr' id='par_1_70' title="bbox 2024 2726 3603 2797">
     <span class='ocr_line' id='line_1_70' title="bbox 2024 2726 3603 2797; baseline 0.002 -15"><span class='ocrx_word' id='word_1_546' title='bbox 2024 2740 2213 2782; x_wconf 87' lang='lat' dir='ltr'><strong>semen</strong></span> <span class='ocrx_word' id='word_1_547' title='bbox 2249 2726 2577 2797; x_wconf 79' lang='lat' dir='ltr'><strong>promissum</strong></span> <span class='ocrx_word' id='word_1_548' title='bbox 2609 2738 2695 2783; x_wconf 89' lang='lat' dir='ltr'><strong>est</strong></span> <span class='ocrx_word' id='word_1_549' title='bbox 2739 2727 3008 2793; x_wconf 78' lang='lat' dir='ltr'><strong>mulieris,</strong></span> <span class='ocrx_word' id='word_1_550' title='bbox 3033 2743 3144 2797; x_wconf 89' lang='lat' dir='ltr'><strong>quo</strong></span> <span class='ocrx_word' id='word_1_551' title='bbox 3168 2731 3470 2785; x_wconf 82' lang='lat' dir='ltr'><strong>secundum</strong></span> <span class='ocrx_word' id='word_1_552' title='bbox 3502 2730 3603 2785; x_wconf 86' lang='lat' dir='ltr'><strong>ho-</strong></span> 
     </span>
    </p>
   </div>
   <div class='ocr_carea' id='block_1_71' title="bbox 2028 2817 3604 2892">
    <p class='ocr_par' dir='ltr' id='par_1_71' title="bbox 2028 2817 3604 2892">
     <span class='ocr_line' id='line_1_71' title="bbox 2028 2817 3604 2892; baseline 0.002 -20"><span class='ocrx_word' id='word_1_553' title='bbox 2028 2819 2227 2873; x_wconf 89' lang='lat' dir='ltr'><strong>minem</strong></span> <span class='ocrx_word' id='word_1_554' title='bbox 2260 2817 2525 2874; x_wconf 88' lang='lat' dir='ltr'><strong>Dominus</strong></span> <span class='ocrx_word' id='word_1_555' title='bbox 2565 2821 2705 2874; x_wconf 83' lang='lat' dir='ltr'><strong>Deus</strong></span> <span class='ocrx_word' id='word_1_556' title='bbox 2738 2829 2927 2875; x_wconf 83' lang='lat' dir='ltr'><strong>noster</strong></span> <span class='ocrx_word' id='word_1_557' title='bbox 2952 2830 3037 2876; x_wconf 87' lang='lat' dir='ltr'><strong>est</strong></span> <span class='ocrx_word' id='word_1_558' title='bbox 3070 2837 3086 2875; x_wconf 86' lang='lat'><strong>:</strong></span> <span class='ocrx_word' id='word_1_559' title='bbox 3116 2820 3210 2892; x_wconf 87' lang='lat' dir='ltr'><strong>qui</strong></span> <span class='ocrx_word' id='word_1_560' title='bbox 3254 2839 3359 2877; x_wconf 82' lang='lat' dir='ltr'><strong>non</strong></span> <span class='ocrx_word' id='word_1_561' title='bbox 3393 2821 3604 2876; x_wconf 83' lang='lat' dir='ltr'><strong>infusus</strong></span> 
     </span>
    </p>
   </div>
   <div class='ocr_carea' id='block_1_72' title="bbox 2025 2908 3598 2982">
    <p class='ocr_par' dir='ltr' id='par_1_72' title="bbox 2025 2908 3598 2982">
     <span class='ocr_line' id='line_1_72' title="bbox 2025 2908 3598 2982; baseline 0.004 -23"><span class='ocrx_word' id='word_1_562' title='bbox 2025 2917 2109 2963; x_wconf 77' lang='lat' dir='ltr'><strong>est</strong></span> <span class='ocrx_word' id='word_1_563' title='bbox 2138 2909 2192 2963; x_wconf 93' lang='lat' dir='ltr'><strong>in</strong></span> <span class='ocrx_word' id='word_1_564' title='bbox 2227 2918 2403 2973; x_wconf 86' lang='lat' dir='ltr'><strong>utero,</strong></span> <span class='ocrx_word' id='word_1_565' title='bbox 2431 2908 2526 2964; x_wconf 80' lang='lat' dir='ltr'><strong>sed</strong></span> <span class='ocrx_word' id='word_1_566' title='bbox 2554 2910 2827 2976; x_wconf 77' lang='lat' dir='ltr'><strong>inventus,</strong></span> <span class='ocrx_word' id='word_1_567' title='bbox 2855 2911 3187 2982; x_wconf 77' lang='lat' dir='ltr'><strong>evangelista</strong></span> <span class='ocrx_word' id='word_1_568' title='bbox 3214 2911 3598 2978; x_wconf 78' lang='lat' dir='ltr'><strong>conllrntante,</strong></span> 
     </span>
    </p>
   </div>
   <div class='ocr_carea' id='block_1_73' title="bbox 2028 3000 3605 3061">
    <p class='ocr_par' dir='ltr' id='par_1_73' title="bbox 2028 3000 3605 3061">
     <span class='ocr_line' id='line_1_73' title="bbox 2028 3000 3605 3061; baseline 0.004 -7"><span class='ocrx_word' id='word_1_569' title='bbox 2028 3016 2151 3054; x_wconf 90' lang='lat' dir='ltr'><strong>cum</strong></span> <span class='ocrx_word' id='word_1_570' title='bbox 2191 3001 2324 3056; x_wconf 85' lang='lat' dir='ltr'><strong>dicit</strong></span> <span class='ocrx_word' id='word_1_571' title='bbox 2363 3002 2428 3056; x_wconf 89' lang='lat' dir='ltr'><strong>de</strong></span> <span class='ocrx_word' id='word_1_572' title='bbox 2472 3000 2642 3056; x_wconf 82' lang='lat' dir='ltr'><strong>Maria</strong></span> <span class='ocrx_word' id='word_1_573' title='bbox 2688 3020 2702 3057; x_wconf 91' lang='lat'><strong>:</strong></span> <span class='ocrx_word' id='word_1_574' title='bbox 2748 3003 2969 3058; x_wconf 81' lang='lat' dir='ltr'><strong>Inuenta</strong></span> <span class='ocrx_word' id='word_1_575' title='bbox 3010 3013 3089 3059; x_wconf 79' lang='lat' dir='ltr'><strong>est</strong></span> <span class='ocrx_word' id='word_1_576' title='bbox 3130 3007 3182 3058; x_wconf 88' lang='lat' dir='ltr'><strong>in</strong></span> <span class='ocrx_word' id='word_1_577' title='bbox 3224 3013 3374 3059; x_wconf 83' lang='lat' dir='ltr'><strong>utero</strong></span> <span class='ocrx_word' id='word_1_578' title='bbox 3411 3004 3605 3061; x_wconf 84' lang='lat' dir='ltr'><strong>habens</strong></span> 
     </span>
    </p>
   </div>
   <div class='ocr_carea' id='block_1_74' title="bbox 2026 3090 3604 3166">
    <p class='ocr_par' dir='ltr' id='par_1_74' title="bbox 2026 3090 3604 3166">
     <span class='ocr_line' id='line_1_74' title="bbox 2026 3090 3604 3166; baseline 0.005 -22"><span class='ocrx_word' id='word_1_579' title='bbox 2026 3090 2244 3161; x_wconf 76' lang='lat' dir='ltr'><strong>(Matth.</strong></span> <span class='ocrx_word' id='word_1_580' title='bbox 2284 3108 2324 3157; x_wconf 87' lang='lat' dir='ltr'><strong>t,</strong></span> <span class='ocrx_word' id='word_1_581' title='bbox 2370 3093 2481 3163; x_wconf 74' lang='grc'><strong>18).</strong></span> <span class='ocrx_word' id='word_1_582' title='bbox 2524 3095 2665 3150; x_wconf 84' lang='lat' dir='ltr'><strong>Ecce</strong></span> <span class='ocrx_word' id='word_1_583' title='bbox 2707 3105 2761 3151; x_wconf 90' lang='lat' dir='ltr'><strong>et</strong></span> <span class='ocrx_word' id='word_1_584' title='bbox 2801 3097 2869 3151; x_wconf 89' lang='lat' dir='ltr'><strong>ab</strong></span> <span class='ocrx_word' id='word_1_585' title='bbox 2910 3096 3026 3165; x_wconf 83' lang='lat' dir='ltr'><strong>ipso</strong></span> <span class='ocrx_word' id='word_1_586' title='bbox 3065 3098 3412 3166; x_wconf 68' lang='lat' dir='ltr'><strong>praecedente</strong></span> <span class='ocrx_word' id='word_1_587' title='bbox 3463 3097 3604 3152; x_wconf 75' lang='lat' dir='ltr'><strong>Pro-</strong></span> 
     </span>
    </p>
   </div>
   <div class='ocr_carea' id='block_1_75' title="bbox 2024 3182 3601 3259">
    <p class='ocr_par' dir='ltr' id='par_1_75' title="bbox 2024 3182 3601 3259">
     <span class='ocr_line' id='line_1_75' title="bbox 2024 3182 3601 3259; baseline 0.005 -23"><span class='ocrx_word' id='word_1_588' title='bbox 2024 3182 2201 3251; x_wconf 72' lang='lat' dir='ltr'><strong>pheta:</strong></span> <span class='ocrx_word' id='word_1_589' title='bbox 2231 3199 2482 3239; x_wconf 77' lang='lat' dir='ltr'><strong>sermone</strong></span> <span class='ocrx_word' id='word_1_590' title='bbox 2512 3201 2618 3239; x_wconf 87' lang='lat' dir='ltr'><strong>non</strong></span> <span class='ocrx_word' id='word_1_591' title='bbox 2650 3186 2831 3241; x_wconf 87' lang='lat' dir='ltr'><strong>deviat</strong></span> <span class='ocrx_word' id='word_1_592' title='bbox 2855 3188 3001 3259; x_wconf 86' lang='lat' dir='ltr'><strong>quod</strong></span> <span class='ocrx_word' id='word_1_593' title='bbox 3035 3188 3211 3243; x_wconf 80' lang='lat' dir='ltr'><strong>fuerat</strong></span> <span class='ocrx_word' id='word_1_594' title='bbox 3238 3189 3549 3245; x_wconf 87' lang='lat' dir='ltr'><strong>nuntiatum</strong></span> <span class='ocrx_word' id='word_1_595' title='bbox 3583 3205 3601 3245; x_wconf 89' lang='lat'><strong>:</strong></span> 
     </span>
    </p>
   </div>
   <div class='ocr_carea' id='block_1_76' title="bbox 2034 3273 3598 3351">
    <p class='ocr_par' dir='ltr' id='par_1_76' title="bbox 2034 3273 3598 3351">
     <span class='ocr_line' id='line_1_76' title="bbox 2034 3273 3598 3351; baseline 0.004 -24"><span class='ocrx_word' id='word_1_596' title='bbox 2034 3273 2187 3346; x_wconf 83' lang='lat' dir='ltr'><strong>Virgo</strong></span> <span class='ocrx_word' id='word_1_597' title='bbox 2216 3276 2272 3330; x_wconf 87' lang='lat' dir='ltr'><strong>in</strong></span> <span class='ocrx_word' id='word_1_598' title='bbox 2304 3287 2450 3332; x_wconf 85' lang='lat' dir='ltr'><strong>utero</strong></span> <span class='ocrx_word' id='word_1_599' title='bbox 2484 3279 2781 3347; x_wconf 78' lang='lat' dir='ltr'><strong>concipiet;</strong></span> <span class='ocrx_word' id='word_1_600' title='bbox 2813 3280 2907 3335; x_wconf 79' lang='lat' dir='ltr'><strong>sed</strong></span> <span class='ocrx_word' id='word_1_601' title='bbox 2954 3280 3009 3335; x_wconf 88' lang='lat' dir='ltr'><strong>in</strong></span> <span class='ocrx_word' id='word_1_602' title='bbox 3054 3281 3300 3351; x_wconf 81' lang='lat' dir='ltr'><strong>mysterii</strong></span> <span class='ocrx_word' id='word_1_603' title='bbox 3334 3281 3598 3345; x_wconf 85' lang='lat' dir='ltr'><strong>novitate,</strong></span> 
     </span>
    </p>
   </div>
   <div class='ocr_carea' id='block_1_77' title="bbox 2016 3369 3599 3445">
    <p class='ocr_par' dir='ltr' id='par_1_77' title="bbox 2016 3369 3599 3445">
     <span class='ocr_line' id='line_1_77' title="bbox 2016 3369 3599 3445; baseline 0.006 -26"><span class='ocrx_word' id='word_1_604' title='bbox 2016 3369 2288 3423; x_wconf 87' lang='lat' dir='ltr'><strong>sermonis</strong></span> <span class='ocrx_word' id='word_1_605' title='bbox 2323 3370 2485 3424; x_wconf 86' lang='lat' dir='ltr'><strong>etiam</strong></span> <span class='ocrx_word' id='word_1_606' title='bbox 2520 3371 2800 3440; x_wconf 86' lang='lat' dir='ltr'><strong>partlitate</strong></span> <span class='ocrx_word' id='word_1_607' title='bbox 2829 3374 3129 3428; x_wconf 89' lang='lat' dir='ltr'><strong>concordat</strong></span> <span class='ocrx_word' id='word_1_608' title='bbox 3176 3389 3191 3427; x_wconf 89' lang='lat'><strong>:</strong></span> <span class='ocrx_word' id='word_1_609' title='bbox 3234 3389 3411 3445; x_wconf 88' lang='lat' dir='ltr'><strong>eoque</strong></span> <span class='ocrx_word' id='word_1_610' title='bbox 3454 3376 3599 3445; x_wconf 76' lang='lat' dir='ltr'><strong>style</strong></span> 
     </span>
    </p>
   </div>
   <div class='ocr_carea' id='block_1_78' title="bbox 2017 3458 3594 3531">
    <p class='ocr_par' dir='ltr' id='par_1_78' title="bbox 2017 3458 3594 3531">
     <span class='ocr_line' id='line_1_78' title="bbox 2017 3458 3594 3531; baseline 0.006 -20"><span class='ocrx_word' id='word_1_611' title='bbox 2017 3458 2147 3512; x_wconf 82' lang='lat' dir='ltr'><strong>facti</strong></span> <span class='ocrx_word' id='word_1_612' title='bbox 2181 3458 2405 3513; x_wconf 83' lang='lat' dir='ltr'><strong>historia</strong></span> <span class='ocrx_word' id='word_1_613' title='bbox 2434 3460 2775 3529; x_wconf 80' lang='lat' dir='ltr'><strong>designatur,</strong></span> <span class='ocrx_word' id='word_1_614' title='bbox 2805 3477 2913 3531; x_wconf 88' lang='lat' dir='ltr'><strong>quo</strong></span> <span class='ocrx_word' id='word_1_615' title='bbox 2942 3461 3254 3518; x_wconf 82' lang='lat' dir='ltr'><strong>faciendum</strong></span> <span class='ocrx_word' id='word_1_616' title='bbox 3286 3464 3594 3521; x_wconf 81' lang='lat' dir='ltr'><strong>denuntiat.</strong></span> 
     </span>
    </p>
   </div>
   <div class='ocr_carea' id='block_1_79' title="bbox 2017 3547 3602 3623">
    <p class='ocr_par' dir='ltr' id='par_1_79' title="bbox 2017 3547 3602 3623">
     <span class='ocr_line' id='line_1_79' title="bbox 2017 3547 3602 3623; baseline 0.004 -22"><span class='ocrx_word' id='word_1_617' title='bbox 2017 3547 2083 3602; x_wconf 86' lang='lat' dir='ltr'><strong>Et</strong></span> <span class='ocrx_word' id='word_1_618' title='bbox 2120 3549 2378 3617; x_wconf 84' lang='lat' dir='ltr'><strong>propheta</strong></span> <span class='ocrx_word' id='word_1_619' title='bbox 2415 3550 2494 3604; x_wconf 89' lang='lat' dir='ltr'><strong>ait</strong></span> <span class='ocrx_word' id='word_1_620' title='bbox 2545 3549 2713 3605; x_wconf 83' lang='lat' dir='ltr'><strong>Isaias</strong></span> <span class='ocrx_word' id='word_1_621' title='bbox 2751 3568 2766 3602; x_wconf 89' lang='lat'><strong>:</strong></span> <span class='ocrx_word' id='word_1_622' title='bbox 2814 3550 2972 3623; x_wconf 74' lang='lat' dir='ltr'><strong>Virgo</strong></span> <span class='ocrx_word' id='word_1_623' title='bbox 3034 3553 3087 3606; x_wconf 88' lang='lat' dir='ltr'><strong>in</strong></span> <span class='ocrx_word' id='word_1_624' title='bbox 3147 3564 3296 3607; x_wconf 76' lang='lat' dir='ltr'><strong>utero</strong></span> <span class='ocrx_word' id='word_1_625' title='bbox 3342 3553 3602 3622; x_wconf 74' lang='lat' dir='ltr'><strong>concipiet</strong></span> 
     </span>
    </p>
   </div>
   <div class='ocr_carea' id='block_1_80' title="bbox 2015 3640 3603 3712">
    <p class='ocr_par' dir='ltr' id='par_1_80' title="bbox 2015 3640 3603 3712">
     <span class='ocr_line' id='line_1_80' title="bbox 2015 3640 3603 3712; baseline 0.002 -16"><span class='ocrx_word' id='word_1_626' title='bbox 2015 3640 2150 3712; x_wconf 69' lang='lat' dir='ltr'><strong>(lea.</strong></span> <span class='ocrx_word' id='word_1_627' title='bbox 2190 3656 2283 3705; x_wconf 85' lang='lat' dir='ltr'><strong>vn,</strong></span> <span class='ocrx_word' id='word_1_628' title='bbox 2334 3641 2422 3708; x_wconf 63' lang='lat' dir='ltr'><strong>ll)</strong></span> <span class='ocrx_word' id='word_1_629' title='bbox 2456 3658 2472 3708; x_wconf 88' lang='lat'><strong>;</strong></span> <span class='ocrx_word' id='word_1_630' title='bbox 2510 3640 2797 3698; x_wconf 78' lang='lat' dir='ltr'><strong>Mattbacus</strong></span> <span class='ocrx_word' id='word_1_631' title='bbox 2847 3644 3014 3698; x_wconf 81' lang='lat' dir='ltr'><strong>refert</strong></span> <span class='ocrx_word' id='word_1_632' title='bbox 3070 3661 3085 3698; x_wconf 88' lang='lat'><strong>:</strong></span> <span class='ocrx_word' id='word_1_633' title='bbox 3143 3642 3372 3698; x_wconf 75' lang='lat' dir='ltr'><strong>Inventa</strong></span> <span class='ocrx_word' id='word_1_634' title='bbox 3416 3655 3493 3700; x_wconf 75' lang='lat' dir='ltr'><strong>est</strong></span> <span class='ocrx_word' id='word_1_635' title='bbox 3544 3646 3603 3699; x_wconf 70' lang='lat' dir='ltr'><strong>in</strong></span> 
     </span>
    </p>
   </div>
   <div class='ocr_carea' id='block_1_81' title="bbox 2014 3731 3597 3805">
    <p class='ocr_par' dir='ltr' id='par_1_81' title="bbox 2014 3731 3597 3805">
     <span class='ocr_line' id='line_1_81' title="bbox 2014 3731 3597 3805; baseline 0.004 -19"><span class='ocrx_word' id='word_1_636' title='bbox 2014 3742 2163 3788; x_wconf 89' lang='lat' dir='ltr'><strong>utero</strong></span> <span class='ocrx_word' id='word_1_637' title='bbox 2215 3734 2431 3789; x_wconf 84' lang='lat' dir='ltr'><strong>habens.</strong></span> <span class='ocrx_word' id='word_1_638' title='bbox 2483 3731 2661 3788; x_wconf 76' lang='lat' dir='ltr'><strong>Verbo</strong></span> <span class='ocrx_word' id='word_1_639' title='bbox 2709 3736 2826 3804; x_wconf 86' lang='lat' dir='ltr'><strong>ipso</strong></span> <span class='ocrx_word' id='word_1_640' title='bbox 2876 3735 3257 3804; x_wconf 83' lang='lat' dir='ltr'><strong>promissionis</strong></span> <span class='ocrx_word' id='word_1_641' title='bbox 3302 3738 3597 3805; x_wconf 81' lang='lat' dir='ltr'><strong>respondet</strong></span> 
     </span>
    </p>
   </div>
   <div class='ocr_carea' id='block_1_82' title="bbox 2013 3824 3592 3896">
    <p class='ocr_par' dir='ltr' id='par_1_82' title="bbox 2013 3824 3592 3896">
     <span class='ocr_line' id='line_1_82' title="bbox 2013 3824 3592 3896; baseline 0.002 -16"><span class='ocrx_word' id='word_1_642' title='bbox 2013 3824 2266 3889; x_wconf 77' lang='lat' dir='ltr'><strong>eﬂ&#39;ectus,</strong></span> <span class='ocrx_word' id='word_1_643' title='bbox 2289 3827 2434 3894; x_wconf 90' lang='lat' dir='ltr'><strong>quod</strong></span> <span class='ocrx_word' id='word_1_644' title='bbox 2462 3839 2571 3880; x_wconf 88' lang='lat' dir='ltr'><strong>non</strong></span> <span class='ocrx_word' id='word_1_645' title='bbox 2597 3825 2755 3879; x_wconf 90' lang='lat' dir='ltr'><strong>aliter</strong></span> <span class='ocrx_word' id='word_1_646' title='bbox 2786 3826 3029 3896; x_wconf 85' lang='lat' dir='ltr'><strong>loquitur</strong></span> <span class='ocrx_word' id='word_1_647' title='bbox 3054 3828 3391 3896; x_wconf 80' lang='lat' dir='ltr'><strong>evangelista</strong></span> <span class='ocrx_word' id='word_1_648' title='bbox 3427 3844 3592 3896; x_wconf 83' lang='lat' dir='ltr'><strong>quam</strong></span> 
     </span>
    </p>
   </div>
   <div class='ocr_carea' id='block_1_83' title="bbox 2016 3915 3596 3985">
    <p class='ocr_par' dir='ltr' id='par_1_83' title="bbox 2016 3915 3596 3985">
     <span class='ocr_line' id='line_1_83' title="bbox 2016 3915 3596 3985; baseline 0.002 -16"><span class='ocrx_word' id='word_1_649' title='bbox 2016 3925 2189 3983; x_wconf 81' lang='lat' dir='ltr'><strong>vates,</strong></span> <span class='ocrx_word' id='word_1_650' title='bbox 2227 3931 2328 3970; x_wconf 87' lang='lat' dir='ltr'><strong>nec</strong></span> <span class='ocrx_word' id='word_1_651' title='bbox 2365 3915 2433 3970; x_wconf 84' lang='lat' dir='ltr'><strong>ad</strong></span> <span class='ocrx_word' id='word_1_652' title='bbox 2466 3915 2877 3983; x_wconf 74' lang='lat' dir='ltr'><strong>exprimendam</strong></span> <span class='ocrx_word' id='word_1_653' title='bbox 2925 3915 3109 3985; x_wconf 83' lang='lat' dir='ltr'><strong>operis</strong></span> <span class='ocrx_word' id='word_1_654' title='bbox 3162 3919 3461 3973; x_wconf 89' lang='lat' dir='ltr'><strong>novitatem</strong></span> <span class='ocrx_word' id='word_1_655' title='bbox 3512 3918 3596 3972; x_wconf 87' lang='lat' dir='ltr'><strong>itt-</strong></span> 
     </span>
    </p>
   </div>
   <div class='ocr_carea' id='block_1_84' title="bbox 2014 4004 3594 4063">
    <p class='ocr_par' dir='ltr' id='par_1_84' title="bbox 2014 4004 3594 4063">
     <span class='ocr_line' id='line_1_84' title="bbox 2014 4004 3594 4063; baseline 0.002 -3"><span class='ocrx_word' id='word_1_656' title='bbox 2014 4015 2190 4062; x_wconf 74' lang='lat' dir='ltr'><strong>venta:</strong></span> <span class='ocrx_word' id='word_1_657' title='bbox 2218 4005 2544 4061; x_wconf 86' lang='lat' dir='ltr'><strong>elocutionis</strong></span> <span class='ocrx_word' id='word_1_658' title='bbox 2567 4004 2889 4062; x_wconf 85' lang='lat' dir='ltr'><strong>dillicultate</strong></span> <span class='ocrx_word' id='word_1_659' title='bbox 2916 4008 3294 4062; x_wconf 68' lang='lat' dir='ltr'><strong>cettluutlitur.</strong></span> <span class='ocrx_word' id='word_1_660' title='bbox 3335 4007 3433 4063; x_wconf 88' lang='lat' dir='ltr'><strong>Ubi</strong></span> <span class='ocrx_word' id='word_1_661' title='bbox 3466 4017 3594 4063; x_wconf 82' lang='lat' dir='ltr'><strong>sunt</strong></span> 
     </span>
    </p>
   </div>
   <div class='ocr_carea' id='block_1_85' title="bbox 2013 4096 3595 4168">
    <p class='ocr_par' dir='ltr' id='par_1_85' title="bbox 2013 4096 3595 4168">
     <span class='ocr_line' id='line_1_85' title="bbox 2013 4096 3595 4168; baseline 0.002 -16"><span class='ocrx_word' id='word_1_662' title='bbox 2013 4097 2404 4168; x_wconf 75' lang='lat' dir='ltr'><strong>grammatici?</strong></span> <span class='ocrx_word' id='word_1_663' title='bbox 2444 4096 2545 4154; x_wconf 88' lang='lat' dir='ltr'><strong>Ubi</strong></span> <span class='ocrx_word' id='word_1_664' title='bbox 2582 4098 2922 4155; x_wconf 63' lang='lat' dir='ltr'><strong>consiliarii?</strong></span> <span class='ocrx_word' id='word_1_665' title='bbox 2957 4096 3089 4165; x_wconf 63' lang='lat' dir='ltr'><strong>Quae</strong></span> <span class='ocrx_word' id='word_1_666' title='bbox 3130 4099 3286 4161; x_wconf 77' lang='lat' dir='ltr'><strong>istos.</strong></span> <span class='ocrx_word' id='word_1_667' title='bbox 3335 4113 3395 4154; x_wconf 90' lang='lat' dir='ltr'><strong>ut</strong></span> <span class='ocrx_word' id='word_1_668' title='bbox 3439 4110 3595 4156; x_wconf 64' lang='lat' dir='ltr'><strong>extra</strong></span> 
     </span>
    </p>
   </div>
   <div class='ocr_carea' id='block_1_86' title="bbox 2011 4190 3598 4261">
    <p class='ocr_par' dir='ltr' id='par_1_86' title="bbox 2011 4190 3598 4261">
     <span class='ocr_line' id='line_1_86' title="bbox 2011 4190 3598 4261; baseline 0.001 -15"><span class='ocrx_word' id='word_1_669' title='bbox 2011 4191 2468 4246; x_wconf 87' lang='lat' dir='ltr'><strong>consuetudinem</strong></span> <span class='ocrx_word' id='word_1_670' title='bbox 2523 4190 2838 4261; x_wconf 88' lang='lat' dir='ltr'><strong>loquantur,</strong></span> <span class='ocrx_word' id='word_1_671' title='bbox 2887 4190 3077 4246; x_wconf 84' lang='lat' dir='ltr'><strong>srbola</strong></span> <span class='ocrx_word' id='word_1_672' title='bbox 3125 4192 3423 4260; x_wconf 75' lang='lat' dir='ltr'><strong>produxit?</strong></span> <span class='ocrx_word' id='word_1_673' title='bbox 3466 4190 3598 4259; x_wconf 74' lang='lat' dir='ltr'><strong>Quae</strong></span> 
     </span>
    </p>
   </div>
   <div class='ocr_carea' id='block_1_87' title="bbox 2012 4284 3598 4357">
    <p class='ocr_par' dir='ltr' id='par_1_87' title="bbox 2012 4284 3598 4357">
     <span class='ocr_line' id='line_1_87' title="bbox 2012 4284 3598 4357; baseline 0.002 -21"><span class='ocrx_word' id='word_1_674' title='bbox 2012 4292 2120 4336; x_wconf 86' lang='lat' dir='ltr'><strong>ta-n</strong></span> <span class='ocrx_word' id='word_1_675' title='bbox 2140 4292 2326 4353; x_wconf 88' lang='lat' dir='ltr'><strong>aperte</strong></span> <span class='ocrx_word' id='word_1_676' title='bbox 2345 4286 2569 4357; x_wconf 72' lang='lat' dir='ltr'><strong>signatae</strong></span> <span class='ocrx_word' id='word_1_677' title='bbox 2606 4284 2902 4340; x_wconf 79' lang='lat' dir='ltr'><strong>novitatem</strong></span> <span class='ocrx_word' id='word_1_678' title='bbox 2936 4285 3598 4351; x_wconf 69' lang='lat' dir='ltr'><strong>monstravitdoctriute?</strong></span> 
     </span>
    </p>
   </div>
   <div class='ocr_carea' id='block_1_88' title="bbox 2011 4372 3593 4448">
    <p class='ocr_par' dir='ltr' id='par_1_88' title="bbox 2011 4372 3593 4448">
     <span class='ocr_line' id='line_1_88' title="bbox 2011 4372 3593 4448; baseline 0.004 -19"><span class='ocrx_word' id='word_1_679' title='bbox 2011 4372 2130 4430; x_wconf 77' lang='lat' dir='ltr'><strong>Non</strong></span> <span class='ocrx_word' id='word_1_680' title='bbox 2186 4377 2430 4432; x_wconf 88' lang='lat' dir='ltr'><strong>indicant</strong></span> <span class='ocrx_word' id='word_1_681' title='bbox 2468 4377 2712 4433; x_wconf 83' lang='lat' dir='ltr'><strong>humano</strong></span> <span class='ocrx_word' id='word_1_682' title='bbox 2753 4391 2939 4445; x_wconf 89' lang='lat' dir='ltr'><strong>sensu,</strong></span> <span class='ocrx_word' id='word_1_683' title='bbox 2975 4378 3233 4448; x_wconf 88' lang='lat' dir='ltr'><strong>quoniam</strong></span> <span class='ocrx_word' id='word_1_684' title='bbox 3292 4393 3397 4433; x_wconf 90' lang='lat' dir='ltr'><strong>non</strong></span> <span class='ocrx_word' id='word_1_685' title='bbox 3455 4393 3593 4448; x_wconf 80' lang='lat' dir='ltr'><strong>Opus</strong></span> 
     </span>
    </p>
   </div>
   <div class='ocr_carea' id='block_1_89' title="bbox 321 4468 3588 4541">
    <p class='ocr_par' dir='ltr' id='par_1_89' title="bbox 321 4468 3588 4541">
     <span class='ocr_line' id='line_1_89' title="bbox 321 4468 3588 4541; baseline -0.001 -13"><span class='ocrx_word' id='word_1_686' title='bbox 321 4472 506 4528; x_wconf 85' lang='lat' dir='ltr'><strong>solum</strong></span> <span class='ocrx_word' id='word_1_687' title='bbox 548 4480 604 4527; x_wconf 92' lang='lat' dir='ltr'><strong>te</strong></span> <span class='ocrx_word' id='word_1_688' title='bbox 642 4486 750 4526; x_wconf 91' lang='lat' dir='ltr'><strong>non</strong></span> <span class='ocrx_word' id='word_1_689' title='bbox 791 4470 996 4537; x_wconf 82' lang='lat' dir='ltr'><strong>audiat,</strong></span> <span class='ocrx_word' id='word_1_690' title='bbox 1036 4471 1089 4527; x_wconf 85' lang='lat' dir='ltr'><strong>si</strong></span> <span class='ocrx_word' id='word_1_691' title='bbox 1129 4481 1224 4525; x_wconf 91' lang='lat' dir='ltr'><strong>aut</strong></span> <span class='ocrx_word' id='word_1_692' title='bbox 1257 4472 1579 4527; x_wconf 82' lang='lat' dir='ltr'><strong>suavitatem</strong></span> <span class='ocrx_word' id='word_1_693' title='bbox 1620 4485 1907 4541; x_wconf 86' lang='lat' dir='ltr'><strong>pomorum</strong></span> <span class='ocrx_word' id='word_1_694' title='bbox 1940 4483 1988 4540; x_wconf 74' lang='grc' dir='ltr'><strong>υ</strong></span> <span class='ocrx_word' id='word_1_695' title='bbox 2018 4471 2318 4525; x_wconf 88' lang='lat' dir='ltr'><strong>humanum</strong></span> <span class='ocrx_word' id='word_1_696' title='bbox 2342 4471 2594 4540; x_wconf 85' lang='lat' dir='ltr'><strong>estquod</strong></span> <span class='ocrx_word' id='word_1_697' title='bbox 2618 4471 2934 4541; x_wconf 86' lang='lat' dir='ltr'><strong>loquuntur.</strong></span> <span class='ocrx_word' id='word_1_698' title='bbox 2957 4468 3025 4524; x_wconf 83' lang='lat' dir='ltr'><strong>Et</strong></span> <span class='ocrx_word' id='word_1_699' title='bbox 3047 4480 3227 4526; x_wconf 85' lang='lat' dir='ltr'><strong>tamen</strong></span> <span class='ocrx_word' id='word_1_700' title='bbox 3253 4486 3364 4527; x_wconf 86' lang='lat' dir='ltr'><strong>rem</strong></span> <span class='ocrx_word' id='word_1_701' title='bbox 3393 4487 3588 4525; x_wconf 81' lang='lat' dir='ltr'><strong>novam</strong></span> 
     </span>
    </p>
   </div>
   <div class='ocr_carea' id='block_1_90' title="bbox 322 4561 1909 4637">
    <p class='ocr_par' dir='ltr' id='par_1_90' title="bbox 322 4561 1909 4637">
     <span class='ocr_line' id='line_1_90' title="bbox 322 4561 1909 4637; baseline -0.003 -16"><span class='ocrx_word' id='word_1_702' title='bbox 322 4581 429 4636; x_wconf 81' lang='lat' dir='ltr'><strong>pro</strong></span> <span class='ocrx_word' id='word_1_703' title='bbox 469 4567 826 4637; x_wconf 86' lang='lat' dir='ltr'><strong>adapertione</strong></span> <span class='ocrx_word' id='word_1_704' title='bbox 877 4565 1269 4621; x_wconf 85' lang='lat' dir='ltr'><strong>moustraveris</strong></span> <span class='ocrx_word' id='word_1_705' title='bbox 1311 4563 1619 4631; x_wconf 90' lang='lat' dir='ltr'><strong>oculorum,</strong></span> <span class='ocrx_word' id='word_1_706' title='bbox 1662 4570 1758 4617; x_wconf 91' lang='lat' dir='ltr'><strong>aut</strong></span> <span class='ocrx_word' id='word_1_707' title='bbox 1804 4561 1909 4617; x_wconf 86' lang='lat' dir='ltr'><strong>diis</strong></span> 
     </span>
    </p>
   </div>
   <div class='ocr_carea' id='block_1_91' title="bbox 324 4655 1911 4729">
    <p class='ocr_par' dir='ltr' id='par_1_91' title="bbox 324 4655 1911 4729">
     <span class='ocr_line' id='line_1_91' title="bbox 324 4655 1911 4729; baseline -0.001 -15"><span class='ocrx_word' id='word_1_708' title='bbox 324 4660 568 4715; x_wconf 83' lang='lat' dir='ltr'><strong>similem</strong></span> <span class='ocrx_word' id='word_1_709' title='bbox 600 4675 726 4716; x_wconf 88' lang='lat' dir='ltr'><strong>esse</strong></span> <span class='ocrx_word' id='word_1_710' title='bbox 754 4660 1075 4729; x_wconf 88' lang='lat' dir='ltr'><strong>promiseris</strong></span> <span class='ocrx_word' id='word_1_711' title='bbox 1102 4673 1122 4713; x_wconf 92' lang='lat'><strong><em>:</em></strong></span> <span class='ocrx_word' id='word_1_712' title='bbox 1156 4656 1251 4713; x_wconf 87' lang='lat' dir='ltr'><strong>sed</strong></span> <span class='ocrx_word' id='word_1_713' title='bbox 1281 4658 1444 4712; x_wconf 85' lang='lat' dir='ltr'><strong>etiam</strong></span> <span class='ocrx_word' id='word_1_714' title='bbox 1491 4656 1611 4727; x_wconf 86' lang='lat' dir='ltr'><strong>ipso</strong></span> <span class='ocrx_word' id='word_1_715' title='bbox 1656 4655 1911 4712; x_wconf 87' lang='lat' dir='ltr'><strong>Gabriele</strong></span> 
     </span>
    </p>
   </div>
   <div class='ocr_carea' id='block_1_92' title="bbox 324 4747 1913 4820">
    <p class='ocr_par' dir='ltr' id='par_1_92' title="bbox 324 4747 1913 4820">
     <span class='ocr_line' id='line_1_92' title="bbox 324 4747 1913 4820; baseline -0.004 -13"><span class='ocrx_word' id='word_1_716' title='bbox 324 4751 609 4808; x_wconf 87' lang='lat' dir='ltr'><strong>deferente</strong></span> <span class='ocrx_word' id='word_1_717' title='bbox 636 4752 884 4816; x_wconf 77' lang='lat' dir='ltr'><strong>verbum,</strong></span> <span class='ocrx_word' id='word_1_718' title='bbox 918 4750 1181 4806; x_wconf 87' lang='lat' dir='ltr'><strong>rationem</strong></span> <span class='ocrx_word' id='word_1_719' title='bbox 1211 4748 1281 4805; x_wconf 88' lang='lat' dir='ltr'><strong>de</strong></span> <span class='ocrx_word' id='word_1_720' title='bbox 1310 4747 1691 4820; x_wconf 88' lang='lat' dir='ltr'><strong>promissionis</strong></span> <span class='ocrx_word' id='word_1_721' title='bbox 1725 4748 1913 4818; x_wconf 81' lang='lat' dir='ltr'><strong>exigat</strong></span> 
     </span>
    </p>
   </div>
   <div class='ocr_carea' id='block_1_93' title="bbox 324 4836 1913 4907">
    <p class='ocr_par' dir='ltr' id='par_1_93' title="bbox 324 4836 1913 4907">
     <span class='ocr_line' id='line_1_93' title="bbox 324 4836 1913 4907; baseline -0.003 -12"><span class='ocrx_word' id='word_1_722' title='bbox 324 4843 596 4907; x_wconf 82' lang='lat' dir='ltr'><strong>novitate,</strong></span> <span class='ocrx_word' id='word_1_723' title='bbox 631 4840 863 4895; x_wconf 89' lang='lat' dir='ltr'><strong>dicendo</strong></span> <span class='ocrx_word' id='word_1_724' title='bbox 895 4857 911 4895; x_wconf 87' lang='lat'>:</span> <span class='ocrx_word' id='word_1_725' title='bbox 946 4838 1404 4904; x_wconf 73' lang='lat' dir='ltr'><strong>Quemadmodum</strong></span> <span class='ocrx_word' id='word_1_726' title='bbox 1449 4838 1549 4891; x_wconf 88' lang='lat' dir='ltr'><strong>erit</strong></span> <span class='ocrx_word' id='word_1_727' title='bbox 1587 4836 1751 4901; x_wconf 82' lang='lat' dir='ltr'><strong>istud,</strong></span> <span class='ocrx_word' id='word_1_728' title='bbox 1782 4852 1913 4905; x_wconf 79' lang='lat' dir='ltr'><strong>quo-</strong></span> 
     </span>
    </p>
   </div>
   <div class='ocr_carea' id='block_1_94' title="bbox 327 4928 1904 5003">
    <p class='ocr_par' dir='ltr' id='par_1_94' title="bbox 327 4928 1904 5003">
     <span class='ocr_line' id='line_1_94' title="bbox 327 4928 1904 5003; baseline -0.005 -14"><span class='ocrx_word' id='word_1_729' title='bbox 327 4934 479 4990; x_wconf 70' lang='lat' dir='ltr'><strong>niam</strong></span> <span class='ocrx_word' id='word_1_730' title='bbox 509 4934 676 4987; x_wconf 74' lang='lat' dir='ltr'><strong>virum</strong></span> <span class='ocrx_word' id='word_1_731' title='bbox 707 4948 812 4986; x_wconf 86' lang='lat' dir='ltr'><strong>non</strong></span> <span class='ocrx_word' id='word_1_732' title='bbox 842 4932 1059 5003; x_wconf 76' lang='lat' dir='ltr'><strong>cognoui</strong></span> <span class='ocrx_word' id='word_1_733' title='bbox 1083 4928 1238 5002; x_wconf 75' lang='lat' dir='ltr'><strong>(Luc.</strong></span> <span class='ocrx_word' id='word_1_734' title='bbox 1273 4946 1335 4997; x_wconf 83' lang='grc' dir='ltr'><strong>ιι,</strong></span> <span class='ocrx_word' id='word_1_735' title='bbox 1358 4929 1489 5000; x_wconf 63' lang='lat' dir='ltr'><strong>3i)?</strong></span> <span class='ocrx_word' id='word_1_736' title='bbox 1513 4928 1664 4984; x_wconf 87' lang='lat' dir='ltr'><strong>Illam</strong></span> <span class='ocrx_word' id='word_1_737' title='bbox 1697 4929 1904 4999; x_wconf 89' lang='lat' dir='ltr'><strong>utique,</strong></span> 
     </span>
    </p>
   </div>
   <div class='ocr_carea' id='block_1_95' title="bbox 325 5021 1905 5097">
    <p class='ocr_par' dir='ltr' id='par_1_95' title="bbox 325 5021 1905 5097">
     <span class='ocr_line' id='line_1_95' title="bbox 325 5021 1905 5097; baseline -0.002 -17"><span class='ocrx_word' id='word_1_738' title='bbox 325 5042 495 5091; x_wconf 81' lang='lat' dir='ltr'><strong>quam</strong></span> <span class='ocrx_word' id='word_1_739' title='bbox 526 5028 593 5080; x_wconf 86' lang='lat' dir='ltr'><strong>ad</strong></span> <span class='ocrx_word' id='word_1_740' title='bbox 622 5026 888 5080; x_wconf 79' lang='lat' dir='ltr'><strong>visionem</strong></span> <span class='ocrx_word' id='word_1_741' title='bbox 920 5025 1097 5097; x_wconf 86' lang='lat' dir='ltr'><strong>angeli</strong></span> <span class='ocrx_word' id='word_1_742' title='bbox 1125 5025 1303 5095; x_wconf 89' lang='lat' dir='ltr'><strong>pudor</strong></span> <span class='ocrx_word' id='word_1_743' title='bbox 1332 5038 1529 5079; x_wconf 84' lang='lat' dir='ltr'><strong>aureus</strong></span> <span class='ocrx_word' id='word_1_744' title='bbox 1553 5021 1861 5078; x_wconf 84' lang='lat' dir='ltr'><strong>tremefecit</strong></span> <span class='ocrx_word' id='word_1_745' title='bbox 1889 5037 1905 5077; x_wconf 91' lang='lat'><strong>:</strong></span> 
     </span>
    </p>
   </div>
   <div class='ocr_carea' id='block_1_96' title="bbox 326 5116 1906 5183">
    <p class='ocr_par' dir='ltr' id='par_1_96' title="bbox 326 5116 1906 5183">
     <span class='ocr_line' id='line_1_96' title="bbox 326 5116 1906 5183; baseline -0.003 -7"><span class='ocrx_word' id='word_1_746' title='bbox 326 5118 457 5176; x_wconf 73' lang='lat' dir='ltr'><strong>ﬁdei</strong></span> <span class='ocrx_word' id='word_1_747' title='bbox 506 5128 690 5174; x_wconf 90' lang='lat' dir='ltr'><strong>tsmen</strong></span> <span class='ocrx_word' id='word_1_748' title='bbox 728 5117 894 5173; x_wconf 90' lang='lat' dir='ltr'><strong>ardor</strong></span> <span class='ocrx_word' id='word_1_749' title='bbox 921 5126 978 5173; x_wconf 91' lang='lat' dir='ltr'><strong>et</strong></span> <span class='ocrx_word' id='word_1_750' title='bbox 1020 5117 1354 5183; x_wconf 89' lang='lat' dir='ltr'><strong>constantia,</strong></span> <span class='ocrx_word' id='word_1_751' title='bbox 1384 5116 1493 5172; x_wconf 88' lang='lat' dir='ltr'><strong>labi</strong></span> <span class='ocrx_word' id='word_1_752' title='bbox 1528 5116 1796 5183; x_wconf 89' lang='lat' dir='ltr'><strong>nesciam,</strong></span> <span class='ocrx_word' id='word_1_753' title='bbox 1838 5116 1906 5171; x_wconf 86' lang='lat' dir='ltr'><strong>ad</strong></span> 
     </span>
    </p>
   </div>
   <div class='ocr_carea' id='block_1_97' title="bbox 324 5209 1910 5283">
    <p class='ocr_par' dir='ltr' id='par_1_97' title="bbox 324 5209 1910 5283">
     <span class='ocr_line' id='line_1_97' title="bbox 324 5209 1910 5283; baseline -0.003 -14"><span class='ocrx_word' id='word_1_754' title='bbox 324 5210 709 5283; x_wconf 77' lang='lat' dir='ltr'><strong>inquirendam</strong></span> <span class='ocrx_word' id='word_1_755' title='bbox 745 5210 1011 5266; x_wconf 85' lang='lat' dir='ltr'><strong>rationem</strong></span> <span class='ocrx_word' id='word_1_756' title='bbox 1052 5209 1291 5267; x_wconf 87' lang='lat' dir='ltr'><strong>reddidit</strong></span> <span class='ocrx_word' id='word_1_757' title='bbox 1320 5209 1583 5266; x_wconf 86' lang='lat' dir='ltr'><strong>audacem</strong></span> <span class='ocrx_word' id='word_1_758' title='bbox 1627 5226 1645 5265; x_wconf 89' lang='lat'><strong>:</strong></span> <span class='ocrx_word' id='word_1_759' title='bbox 1687 5219 1744 5266; x_wconf 91' lang='lat' dir='ltr'><strong>et</strong></span> <span class='ocrx_word' id='word_1_760' title='bbox 1789 5223 1910 5279; x_wconf 68' lang='lat' dir='ltr'><strong>quae</strong></span> 
     </span>
    </p>
   </div>
   <div class='ocr_carea' id='block_1_98' title="bbox 326 5301 1910 5374">
    <p class='ocr_par' dir='ltr' id='par_1_98' title="bbox 326 5301 1910 5374">
     <span class='ocr_line' id='line_1_98' title="bbox 326 5301 1910 5374; baseline -0.001 -15"><span class='ocrx_word' id='word_1_761' title='bbox 326 5302 646 5359; x_wconf 80' lang='lat' dir='ltr'><strong>advenienti</strong></span> <span class='ocrx_word' id='word_1_762' title='bbox 680 5302 936 5373; x_wconf 68' lang='lat' dir='ltr'><strong>praestitit</strong></span> <span class='ocrx_word' id='word_1_763' title='bbox 959 5302 1028 5359; x_wconf 91' lang='lat' dir='ltr'><strong>de</strong></span> <span class='ocrx_word' id='word_1_764' title='bbox 1060 5302 1292 5374; x_wconf 89' lang='lat' dir='ltr'><strong>pudore,</strong></span> <span class='ocrx_word' id='word_1_765' title='bbox 1322 5301 1467 5372; x_wconf 90' lang='lat' dir='ltr'><strong>quod</strong></span> <span class='ocrx_word' id='word_1_766' title='bbox 1505 5303 1761 5366; x_wconf 87' lang='lat' dir='ltr'><strong>tacuerit,</strong></span> <span class='ocrx_word' id='word_1_767' title='bbox 1793 5301 1910 5357; x_wconf 69' lang='lat' dir='ltr'><strong>haec</strong></span> 
     </span>
    </p>
   </div>
   <div class='ocr_carea' id='block_1_99' title="bbox 324 5392 1911 5469">
    <p class='ocr_par' dir='ltr' id='par_1_99' title="bbox 324 5392 1911 5469">
     <span class='ocr_line' id='line_1_99' title="bbox 324 5392 1911 5469; baseline -0.003 -16"><span class='ocrx_word' id='word_1_768' title='bbox 324 5395 675 5469; x_wconf 84' lang='lat' dir='ltr'><strong>promittenti</strong></span> <span class='ocrx_word' id='word_1_769' title='bbox 705 5393 777 5451; x_wconf 87' lang='lat' dir='ltr'><strong>de</strong></span> <span class='ocrx_word' id='word_1_770' title='bbox 799 5394 1162 5451; x_wconf 85' lang='lat' dir='ltr'><strong>admiratione</strong></span> <span class='ocrx_word' id='word_1_771' title='bbox 1185 5408 1293 5451; x_wconf 91' lang='lat' dir='ltr'><strong>non</strong></span> <span class='ocrx_word' id='word_1_772' title='bbox 1330 5392 1522 5450; x_wconf 87' lang='lat' dir='ltr'><strong>cessit.</strong></span> <span class='ocrx_word' id='word_1_773' title='bbox 1555 5392 1689 5448; x_wconf 82' lang='lat' dir='ltr'><strong>Nam</strong></span> <span class='ocrx_word' id='word_1_774' title='bbox 1716 5402 1772 5449; x_wconf 90' lang='lat' dir='ltr'><strong>et</strong></span> <span class='ocrx_word' id='word_1_775' title='bbox 1802 5392 1911 5449; x_wconf 88' lang='lat' dir='ltr'><strong>sol-</strong></span> 
     </span>
    </p>
   </div>
   <div class='ocr_carea' id='block_1_100' title="bbox 326 5485 1909 5559">
    <p class='ocr_par' dir='ltr' id='par_1_100' title="bbox 326 5485 1909 5559">
     <span class='ocr_line' id='line_1_100' title="bbox 326 5485 1909 5559; baseline -0.001 -15"><span class='ocrx_word' id='word_1_776' title='bbox 326 5491 481 5546; x_wconf 87' lang='lat' dir='ltr'><strong>licita</strong></span> <span class='ocrx_word' id='word_1_777' title='bbox 515 5491 584 5545; x_wconf 86' lang='lat' dir='ltr'><strong>de</strong></span> <span class='ocrx_word' id='word_1_778' title='bbox 603 5503 670 5546; x_wconf 88' lang='lat' dir='ltr'><strong>eo</strong></span> <span class='ocrx_word' id='word_1_779' title='bbox 689 5490 832 5559; x_wconf 85' lang='lat' dir='ltr'><strong>quod</strong></span> <span class='ocrx_word' id='word_1_780' title='bbox 854 5487 1295 5554; x_wconf 83' lang='lat' dir='ltr'><strong>annuntiabatur,</strong></span> <span class='ocrx_word' id='word_1_781' title='bbox 1322 5485 1639 5559; x_wconf 77' lang='lat' dir='ltr'><strong>exquisivit.</strong></span> <span class='ocrx_word' id='word_1_782' title='bbox 1661 5485 1909 5557; x_wconf 88' lang='lat' dir='ltr'><strong>Denique</strong></span> 
     </span>
    </p>
   </div>
   <div class='ocr_carea' id='block_1_101' title="bbox 402 5626 1908 5698">
    <p class='ocr_par' dir='ltr' id='par_1_101' title="bbox 402 5626 1908 5698">
     <span class='ocr_line' id='line_1_101' title="bbox 402 5626 1908 5698; baseline 0 -17"><span class='ocrx_word' id='word_1_783' title='bbox 402 5629 423 5662; x_wconf 85' lang='grc'>¹</span> <span class='ocrx_word' id='word_1_784' title='bbox 478 5628 1029 5698; x_wconf 77' lang='lat' dir='ltr'><strong>ApudAgobardum,</strong></span> <span class='ocrx_word' id='word_1_785' title='bbox 1059 5629 1151 5696; x_wconf 87' lang='lat' dir='ltr'><strong>qui</strong></span> <span class='ocrx_word' id='word_1_786' title='bbox 1184 5636 1448 5698; x_wconf 85' lang='lat' dir='ltr'><strong>tanquam</strong></span> <span class='ocrx_word' id='word_1_787' title='bbox 1479 5644 1547 5685; x_wconf 79' lang='lat' dir='ltr'><strong>ex</strong></span> <span class='ocrx_word' id='word_1_788' title='bbox 1576 5626 1908 5698; x_wconf 77' lang='lat' dir='ltr'><strong>Hieronymo</strong></span> 
     </span>
    </p>
   </div>
   <div class='ocr_carea' id='block_1_102' title="bbox 328 5697 1909 5769">
    <p class='ocr_par' dir='ltr' id='par_1_102' title="bbox 328 5697 1909 5769">
     <span class='ocr_line' id='line_1_102' title="bbox 328 5697 1909 5769; baseline -0.003 -14"><span class='ocrx_word' id='word_1_789' title='bbox 328 5701 525 5755; x_wconf 81' lang='lat' dir='ltr'><strong>recitat</strong></span> <span class='ocrx_word' id='word_1_790' title='bbox 554 5737 567 5752; x_wconf 94' lang='lat'><strong>.</strong></span> <span class='ocrx_word' id='word_1_791' title='bbox 604 5697 669 5753; x_wconf 82' lang='lat' dir='ltr'><strong>Et</strong></span> <span class='ocrx_word' id='word_1_792' title='bbox 695 5708 754 5753; x_wconf 85' lang='lat' dir='ltr'><strong>tu</strong></span> <span class='ocrx_word' id='word_1_793' title='bbox 777 5698 1110 5755; x_wconf 80' lang='lat' dir='ltr'><strong>insidiaberis</strong></span> <span class='ocrx_word' id='word_1_794' title='bbox 1127 5697 1379 5755; x_wconf 79' lang='lat' dir='ltr'><strong>calcaneo</strong></span> <span class='ocrx_word' id='word_1_795' title='bbox 1429 5697 1909 5769; x_wconf 68' lang='lat' dir='ltr'><strong>ejus;mox.4uod</strong></span> 
     </span>
    </p>
   </div>
   <div class='ocr_carea' id='block_1_103' title="bbox 318 5769 1905 5841">
    <p class='ocr_par' dir='ltr' id='par_1_103' title="bbox 318 5769 1905 5841">
     <span class='ocr_line' id='line_1_103' title="bbox 318 5769 1905 5841; baseline 0.001 -20"><span class='ocrx_word' id='word_1_796' title='bbox 318 5772 444 5840; x_wconf 75' lang='lat' dir='ltr'><strong>jam</strong></span> <span class='ocrx_word' id='word_1_797' title='bbox 480 5784 619 5825; x_wconf 82' lang='lat' dir='ltr'><strong>nunc</strong></span> <span class='ocrx_word' id='word_1_798' title='bbox 646 5769 984 5838; x_wconf 81' lang='lat' dir='ltr'><strong>minabatur;</strong></span> <span class='ocrx_word' id='word_1_799' title='bbox 1010 5778 1084 5835; x_wconf 91' lang='lat' dir='ltr'><strong>ct,</strong></span> <span class='ocrx_word' id='word_1_800' title='bbox 1116 5770 1317 5841; x_wconf 80' lang='lat' dir='ltr'><strong>factum</strong></span> <span class='ocrx_word' id='word_1_801' title='bbox 1353 5771 1408 5824; x_wconf 88' lang='lat' dir='ltr'><strong>in</strong></span> <span class='ocrx_word' id='word_1_802' title='bbox 1435 5784 1614 5837; x_wconf 64' lang='lat' dir='ltr'><strong>carne,</strong></span> <span class='ocrx_word' id='word_1_803' title='bbox 1640 5769 1792 5825; x_wconf 83' lang='lat' dir='ltr'><strong>illum</strong></span> <span class='ocrx_word' id='word_1_804' title='bbox 1816 5769 1905 5839; x_wconf 81' lang='lat' dir='ltr'><strong>qui</strong></span> 
     </span>
    </p>
   </div>
   <div class='ocr_carea' id='block_1_104' title="bbox 2014 4563 3597 4635">
    <p class='ocr_par' dir='ltr' id='par_1_104' title="bbox 2014 4563 3597 4635">
     <span class='ocr_line' id='line_1_104' title="bbox 2014 4563 3597 4635; baseline 0.001 -16"><span class='ocrx_word' id='word_1_805' title='bbox 2014 4580 2119 4620; x_wconf 85' lang='lat' dir='ltr'><strong>nec</strong></span> <span class='ocrx_word' id='word_1_806' title='bbox 2146 4574 2305 4619; x_wconf 90' lang='lat' dir='ltr'><strong>antea</strong></span> <span class='ocrx_word' id='word_1_807' title='bbox 2342 4563 2540 4620; x_wconf 87' lang='lat' dir='ltr'><strong>factam</strong></span> <span class='ocrx_word' id='word_1_808' title='bbox 2578 4563 2658 4619; x_wconf 89' lang='lat' dir='ltr'><strong>sic</strong></span> <span class='ocrx_word' id='word_1_809' title='bbox 2692 4573 2901 4629; x_wconf 90' lang='lat' dir='ltr'><strong>notant,</strong></span> <span class='ocrx_word' id='word_1_810' title='bbox 2938 4576 2997 4618; x_wconf 89' lang='lat' dir='ltr'><strong>ut</strong></span> <span class='ocrx_word' id='word_1_811' title='bbox 3032 4564 3303 4635; x_wconf 85' lang='lat' dir='ltr'><strong>intelligas</strong></span> <span class='ocrx_word' id='word_1_812' title='bbox 3332 4580 3459 4620; x_wconf 90' lang='lat' dir='ltr'><strong>cum</strong></span> <span class='ocrx_word' id='word_1_813' title='bbox 3493 4565 3597 4620; x_wconf 83' lang='lat' dir='ltr'><strong>mi-</strong></span> 
     </span>
    </p>
   </div>
   <div class='ocr_carea' id='block_1_105' title="bbox 2014 4656 3590 4728">
    <p class='ocr_par' dir='ltr' id='par_1_105' title="bbox 2014 4656 3590 4728">
     <span class='ocr_line' id='line_1_105' title="bbox 2014 4656 3590 4728; baseline 0.001 -15"><span class='ocrx_word' id='word_1_814' title='bbox 2014 4658 2170 4713; x_wconf 89' lang='lat' dir='ltr'><strong>rabili</strong></span> <span class='ocrx_word' id='word_1_815' title='bbox 2212 4673 2398 4728; x_wconf 89' lang='lat' dir='ltr'><strong>opere,</strong></span> <span class='ocrx_word' id='word_1_816' title='bbox 2439 4668 2493 4712; x_wconf 90' lang='lat' dir='ltr'><strong>et</strong></span> <span class='ocrx_word' id='word_1_817' title='bbox 2525 4656 2830 4712; x_wconf 85' lang='lat' dir='ltr'><strong>mirabilem</strong></span> <span class='ocrx_word' id='word_1_818' title='bbox 2865 4667 3051 4712; x_wconf 87' lang='lat' dir='ltr'><strong>natum</strong></span> <span class='ocrx_word' id='word_1_819' title='bbox 3091 4671 3210 4712; x_wconf 88' lang='lat' dir='ltr'><strong>esse</strong></span> <span class='ocrx_word' id='word_1_820' title='bbox 3253 4671 3590 4715; x_wconf 90' lang='lat' dir='ltr'><strong>sermonem.</strong></span> 
     </span>
    </p>
   </div>
   <div class='ocr_carea' id='block_1_106' title="bbox 2012 4745 3590 4818">
    <p class='ocr_par' dir='ltr' id='par_1_106' title="bbox 2012 4745 3590 4818">
     <span class='ocr_line' id='line_1_106' title="bbox 2012 4745 3590 4818; baseline -0.001 -16"><span class='ocrx_word' id='word_1_821' title='bbox 2012 4746 2346 4817; x_wconf 74' lang='lat' dir='ltr'><strong>Repetamus</strong></span> <span class='ocrx_word' id='word_1_822' title='bbox 2370 4748 2605 4816; x_wconf 84' lang='lat' dir='ltr'><strong>denique</strong></span> <span class='ocrx_word' id='word_1_823' title='bbox 2627 4757 2847 4803; x_wconf 84' lang='lat' dir='ltr'><strong>sant-tas</strong></span> <span class='ocrx_word' id='word_1_824' title='bbox 2872 4745 3104 4803; x_wconf 87' lang='lat' dir='ltr'><strong>feminas</strong></span> <span class='ocrx_word' id='word_1_825' title='bbox 3128 4747 3590 4818; x_wconf 82' lang='lat' dir='ltr'><strong>patriarcharum.</strong></span> 
     </span>
    </p>
   </div>
   <div class='ocr_carea' id='block_1_107' title="bbox 2012 4839 3591 4911">
    <p class='ocr_par' dir='ltr' id='par_1_107' title="bbox 2012 4839 3591 4911">
     <span class='ocr_line' id='line_1_107' title="bbox 2012 4839 3591 4911; baseline 0.001 -17"><span class='ocrx_word' id='word_1_826' title='bbox 2012 4842 2405 4911; x_wconf 83' lang='lat' dir='ltr'><strong>videamusque</strong></span> <span class='ocrx_word' id='word_1_827' title='bbox 2431 4841 2476 4896; x_wconf 90' lang='lat' dir='ltr'><strong>si</strong></span> <span class='ocrx_word' id='word_1_828' title='bbox 2504 4841 2585 4897; x_wconf 88' lang='lat' dir='ltr'><strong>sic</strong></span> <span class='ocrx_word' id='word_1_829' title='bbox 2616 4841 2682 4896; x_wconf 89' lang='lat' dir='ltr'><strong>de</strong></span> <span class='ocrx_word' id='word_1_830' title='bbox 2706 4840 2888 4911; x_wconf 87' lang='lat' dir='ltr'><strong>aliqua</strong></span> <span class='ocrx_word' id='word_1_831' title='bbox 2914 4841 3177 4910; x_wconf 88' lang='lat' dir='ltr'><strong>scriptum</strong></span> <span class='ocrx_word' id='word_1_832' title='bbox 3204 4849 3307 4896; x_wconf 89' lang='lat' dir='ltr'><strong>est.</strong></span> <span class='ocrx_word' id='word_1_833' title='bbox 3335 4839 3591 4911; x_wconf 82' lang='lat' dir='ltr'><strong>Legimus</strong></span> 
     </span>
    </p>
   </div>
   <div class='ocr_carea' id='block_1_108' title="bbox 2010 4932 3591 4999">
    <p class='ocr_par' dir='ltr' id='par_1_108' title="bbox 2010 4932 3591 4999">
     <span class='ocr_line' id='line_1_108' title="bbox 2010 4932 3591 4999; baseline -0.001 -10"><span class='ocrx_word' id='word_1_834' title='bbox 2010 4933 2079 4989; x_wconf 87' lang='lat' dir='ltr'><strong>de</strong></span> <span class='ocrx_word' id='word_1_835' title='bbox 2114 4932 2249 4989; x_wconf 87' lang='lat' dir='ltr'><strong>Sara</strong></span> <span class='ocrx_word' id='word_1_836' title='bbox 2293 4949 2309 4990; x_wconf 88' lang='lat'><strong>:</strong></span> <span class='ocrx_word' id='word_1_837' title='bbox 2344 4932 2414 4988; x_wconf 85' lang='lat' dir='ltr'><strong>Et</strong></span> <span class='ocrx_word' id='word_1_838' title='bbox 2444 4932 2701 4988; x_wconf 84' lang='lat' dir='ltr'><strong>Dominus</strong></span> <span class='ocrx_word' id='word_1_839' title='bbox 2732 4932 2963 4989; x_wconf 76' lang='lat' dir='ltr'><strong>uisitauit</strong></span> <span class='ocrx_word' id='word_1_840' title='bbox 2988 4932 3202 4999; x_wconf 80' lang='lat' dir='ltr'><strong>Seram,</strong></span> <span class='ocrx_word' id='word_1_841' title='bbox 3235 4933 3371 4988; x_wconf 88' lang='lat' dir='ltr'><strong>sicut</strong></span> <span class='ocrx_word' id='word_1_842' title='bbox 3400 4932 3535 4987; x_wconf 72' lang='lat' dir='ltr'><strong>dixit</strong></span> <span class='ocrx_word' id='word_1_843' title='bbox 3567 4946 3591 4988; x_wconf 91' lang='lat'><strong><em>:</em></strong></span> 
     </span>
    </p>
   </div>
   <div class='ocr_carea' id='block_1_109' title="bbox 2010 5026 3591 5099">
    <p class='ocr_par' dir='ltr' id='par_1_109' title="bbox 2010 5026 3591 5099">
     <span class='ocr_line' id='line_1_109' title="bbox 2010 5026 3591 5099; baseline -0.002 -15"><span class='ocrx_word' id='word_1_844' title='bbox 2010 5038 2060 5084; x_wconf 89' lang='lat' dir='ltr'><strong>et</strong></span> <span class='ocrx_word' id='word_1_845' title='bbox 2089 5028 2212 5099; x_wconf 80' lang='lat' dir='ltr'><strong>fecit</strong></span> <span class='ocrx_word' id='word_1_846' title='bbox 2243 5026 2383 5083; x_wconf 86' lang='lat' dir='ltr'><strong>Deus</strong></span> <span class='ocrx_word' id='word_1_847' title='bbox 2414 5027 2569 5085; x_wconf 77' lang='lat' dir='ltr'><strong>Sara:</strong></span> <span class='ocrx_word' id='word_1_848' title='bbox 2595 5028 2733 5083; x_wconf 84' lang='lat' dir='ltr'><strong>sicut</strong></span> <span class='ocrx_word' id='word_1_849' title='bbox 2763 5028 2969 5083; x_wconf 84' lang='lat' dir='ltr'><strong>locutus</strong></span> <span class='ocrx_word' id='word_1_850' title='bbox 2995 5037 3073 5083; x_wconf 84' lang='lat' dir='ltr'><strong>est</strong></span> <span class='ocrx_word' id='word_1_851' title='bbox 3098 5029 3169 5092; x_wconf 90' lang='lat' dir='ltr'><strong>ei,</strong></span> <span class='ocrx_word' id='word_1_852' title='bbox 3200 5039 3246 5083; x_wconf 88' lang='lat' dir='ltr'><strong>et</strong></span> <span class='ocrx_word' id='word_1_853' title='bbox 3270 5029 3510 5095; x_wconf 76' lang='lat' dir='ltr'><strong>concepit</strong></span> <span class='ocrx_word' id='word_1_854' title='bbox 3538 5034 3591 5081; x_wconf 79' lang='lat' dir='ltr'><strong>et</strong></span> 
     </span>
    </p>
   </div>
   <div class='ocr_carea' id='block_1_110' title="bbox 2009 5116 3590 5196">
    <p class='ocr_par' dir='ltr' id='par_1_110' title="bbox 2009 5116 3590 5196">
     <span class='ocr_line' id='line_1_110' title="bbox 2009 5116 3590 5196; baseline -0.003 -19"><span class='ocrx_word' id='word_1_855' title='bbox 2009 5125 2209 5196; x_wconf 81' lang='lat' dir='ltr'><strong>peperit</strong></span> <span class='ocrx_word' id='word_1_856' title='bbox 2257 5121 2488 5177; x_wconf 78' lang='lat' dir='ltr'><strong>Abraltte</strong></span> <span class='ocrx_word' id='word_1_857' title='bbox 2539 5120 2710 5186; x_wconf 79' lang='lat' dir='ltr'><strong>ﬁlium</strong></span> <span class='ocrx_word' id='word_1_858' title='bbox 2750 5118 2905 5192; x_wconf 77' lang='lat' dir='ltr'><strong>(Gen.</strong></span> <span class='ocrx_word' id='word_1_859' title='bbox 2955 5136 3068 5186; x_wconf 76' lang='lat' dir='ltr'><strong>ut,</strong></span> <span class='ocrx_word' id='word_1_860' title='bbox 3120 5120 3173 5186; x_wconf 74' lang='lat' dir='ltr'><strong>i,</strong></span> <span class='ocrx_word' id='word_1_861' title='bbox 3217 5118 3295 5189; x_wconf 77' lang='lat'><strong>2).</strong></span> <span class='ocrx_word' id='word_1_862' title='bbox 3330 5119 3397 5172; x_wconf 87' lang='lat' dir='ltr'><strong>&#39;ln</strong></span> <span class='ocrx_word' id='word_1_863' title='bbox 3440 5116 3590 5172; x_wconf 75' lang='lat' dir='ltr'><strong>lsaac</strong></span> 
     </span>
    </p>
   </div>
   <div class='ocr_carea' id='block_1_111' title="bbox 2010 5207 3590 5271">
    <p class='ocr_par' dir='ltr' id='par_1_111' title="bbox 2010 5207 3590 5271">
     <span class='ocr_line' id='line_1_111' title="bbox 2010 5207 3590 5271; baseline -0.007 0"><span class='ocrx_word' id='word_1_864' title='bbox 2010 5217 2197 5271; x_wconf 83' lang='lat' dir='ltr'><strong>divina</strong></span> <span class='ocrx_word' id='word_1_865' title='bbox 2222 5212 2595 5270; x_wconf 86' lang='lat' dir='ltr'><strong>benevolentia</strong></span> <span class='ocrx_word' id='word_1_866' title='bbox 2619 5220 2954 5267; x_wconf 83' lang='lat' dir='ltr'><strong>monstratur</strong></span> <span class='ocrx_word' id='word_1_867' title='bbox 2974 5212 3060 5265; x_wconf 86' lang='lat' dir='ltr'><strong>his</strong></span> <span class='ocrx_word' id='word_1_868' title='bbox 3086 5211 3265 5265; x_wconf 86' lang='lat' dir='ltr'><strong>verbis</strong></span> <span class='ocrx_word' id='word_1_869' title='bbox 3291 5225 3308 5265; x_wconf 92' lang='lat'><strong>:</strong></span> <span class='ocrx_word' id='word_1_870' title='bbox 3333 5207 3401 5262; x_wconf 81' lang='lat' dir='ltr'><strong>Et</strong></span> <span class='ocrx_word' id='word_1_871' title='bbox 3424 5224 3590 5264; x_wconf 63' lang='lat' dir='ltr'><strong>exan—</strong></span> 
     </span>
    </p>
   </div>
   <div class='ocr_carea' id='block_1_112' title="bbox 2010 5300 3588 5371">
    <p class='ocr_par' dir='ltr' id='par_1_112' title="bbox 2010 5300 3588 5371">
     <span class='ocr_line' id='line_1_112' title="bbox 2010 5300 3588 5371; baseline -0.004 -9"><span class='ocrx_word' id='word_1_872' title='bbox 2010 5308 2141 5362; x_wconf 79' lang='lat' dir='ltr'><strong>diuit</strong></span> <span class='ocrx_word' id='word_1_873' title='bbox 2179 5304 2335 5360; x_wconf 83' lang='lat' dir='ltr'><strong>illum</strong></span> <span class='ocrx_word' id='word_1_874' title='bbox 2382 5304 2522 5360; x_wconf 84' lang='lat' dir='ltr'><strong>Deus</strong></span> <span class='ocrx_word' id='word_1_875' title='bbox 2583 5317 2603 5357; x_wconf 90' lang='lat'><strong><em>:</em></strong></span> <span class='ocrx_word' id='word_1_876' title='bbox 2657 5313 2706 5357; x_wconf 88' lang='lat' dir='ltr'><strong>et</strong></span> <span class='ocrx_word' id='word_1_877' title='bbox 2756 5302 2992 5371; x_wconf 81' lang='lat' dir='ltr'><strong>concepit</strong></span> <span class='ocrx_word' id='word_1_878' title='bbox 3032 5301 3260 5355; x_wconf 78' lang='lat' dir='ltr'><strong>Rebecca</strong></span> <span class='ocrx_word' id='word_1_879' title='bbox 3299 5315 3434 5353; x_wconf 71' lang='lat' dir='ltr'><strong>uxor</strong></span> <span class='ocrx_word' id='word_1_880' title='bbox 3471 5300 3588 5369; x_wconf 82' lang='lat' dir='ltr'><strong>ejus</strong></span> 
     </span>
    </p>
   </div>
   <div class='ocr_carea' id='block_1_113' title="bbox 2011 5391 3588 5469">
    <p class='ocr_par' dir='ltr' id='par_1_113' title="bbox 2011 5391 3588 5469">
     <span class='ocr_line' id='line_1_113' title="bbox 2011 5391 3588 5469; baseline -0.006 -12"><span class='ocrx_word' id='word_1_881' title='bbox 2011 5398 2164 5467; x_wconf 74' lang='lat' dir='ltr'><strong>(Gen.</strong></span> <span class='ocrx_word' id='word_1_882' title='bbox 2196 5408 2329 5464; x_wconf 79' lang='lat' dir='ltr'><strong>xxv,’</strong></span> <span class='ocrx_word' id='word_1_883' title='bbox 2354 5394 2474 5469; x_wconf 65' lang='lat' dir='ltr'><strong>Si).</strong></span> <span class='ocrx_word' id='word_1_884' title='bbox 2510 5396 2752 5466; x_wconf 81' lang='lat' dir='ltr'><strong>Denique</strong></span> <span class='ocrx_word' id='word_1_885' title='bbox 2783 5404 2840 5449; x_wconf 88' lang='lat' dir='ltr'><strong>et</strong></span> <span class='ocrx_word' id='word_1_886' title='bbox 2870 5394 2938 5450; x_wconf 87' lang='lat' dir='ltr'><strong>de</strong></span> <span class='ocrx_word' id='word_1_887' title='bbox 2964 5391 3135 5451; x_wconf 67' lang='lat' dir='ltr'><strong>iacob</strong></span> <span class='ocrx_word' id='word_1_888' title='bbox 3187 5391 3453 5447; x_wconf 81' lang='lat' dir='ltr'><strong>uxoribus</strong></span> <span class='ocrx_word' id='word_1_889' title='bbox 3504 5393 3588 5448; x_wconf 88' lang='lat' dir='ltr'><strong>sic</strong></span> 
     </span>
    </p>
   </div>
   <div class='ocr_carea' id='block_1_114' title="bbox 2009 5480 3582 5561">
    <p class='ocr_par' dir='ltr' id='par_1_114' title="bbox 2009 5480 3582 5561">
     <span class='ocr_line' id='line_1_114' title="bbox 2009 5480 3582 5561; baseline -0.004 -18"><span class='ocrx_word' id='word_1_890' title='bbox 2009 5488 2230 5561; x_wconf 89' lang='lat' dir='ltr'><strong>ponitur</strong></span> <span class='ocrx_word' id='word_1_891' title='bbox 2264 5503 2281 5546; x_wconf 85' lang='lat'><strong>:</strong></span> <span class='ocrx_word' id='word_1_892' title='bbox 2319 5486 2389 5541; x_wconf 85' lang='lat' dir='ltr'><strong>Et</strong></span> <span class='ocrx_word' id='word_1_893' title='bbox 2415 5488 2647 5558; x_wconf 84' lang='lat' dir='ltr'><strong>concepit</strong></span> <span class='ocrx_word' id='word_1_894' title='bbox 2676 5484 2801 5553; x_wconf 88' lang='lat' dir='ltr'><strong>Lia,</strong></span> <span class='ocrx_word' id='word_1_895' title='bbox 2836 5493 2889 5540; x_wconf 88' lang='lat' dir='ltr'><strong>et</strong></span> <span class='ocrx_word' id='word_1_896' title='bbox 2921 5484 3119 5556; x_wconf 86' lang='lat' dir='ltr'><strong>peperit</strong></span> <span class='ocrx_word' id='word_1_897' title='bbox 3168 5483 3342 5555; x_wconf 70' lang='lat' dir='ltr'><strong>filium</strong></span> <span class='ocrx_word' id='word_1_898' title='bbox 3389 5480 3582 5549; x_wconf 70' lang='lat' dir='ltr'><strong>Iacob,</strong></span> 
     </span>
    </p>
   </div>
   <div class='ocr_carea' id='block_1_115' title="bbox 2009 5622 3510 5702">
    <p class='ocr_par' dir='ltr' id='par_1_115' title="bbox 2009 5622 3510 5702">
     <span class='ocr_line' id='line_1_115' title="bbox 2009 5622 3510 5702; baseline -0.002 -22"><span class='ocrx_word' id='word_1_899' title='bbox 2009 5633 2070 5681; x_wconf 82' lang='lat' dir='ltr'><strong>ut</strong></span> <span class='ocrx_word' id='word_1_900' title='bbox 2091 5624 2441 5702; x_wconf 70' lang='lat' dir='ltr'><strong>evangelista,</strong></span> <span class='ocrx_word' id='word_1_901' title='bbox 2472 5632 2604 5702; x_wconf 73' lang='lat' dir='ltr'><strong>etc.,</strong></span> <span class='ocrx_word' id='word_1_902' title='bbox 2636 5622 2787 5702; x_wconf 69' lang='lat' dir='ltr'><strong>illum</strong></span> <span class='ocrx_word' id='word_1_903' title='bbox 2824 5622 3003 5702; x_wconf 69' lang='lat' dir='ltr'><strong>utique</strong></span> <span class='ocrx_word' id='word_1_904' title='bbox 3031 5623 3123 5686; x_wconf 76' lang='lat' dir='ltr'><strong>qui</strong></span> <span class='ocrx_word' id='word_1_905' title='bbox 3144 5624 3378 5702; x_wconf 55' lang='lat' dir='ltr'><strong>uerbum,</strong></span> <span class='ocrx_word' id='word_1_906' title='bbox 3400 5630 3510 5677; x_wconf 81' lang='lat' dir='ltr'><strong>etc.</strong></span> 
     </span>
    </p>
   </div>
   <div class='ocr_carea' id='block_1_116' title="bbox 2010 5689 3584 5822">
    <p class='ocr_par' dir='ltr' id='par_1_116' title="bbox 2010 5689 3584 5822">
     <span class='ocr_line' id='line_1_116' title="bbox 2010 5689 3584 5822; baseline 0 -74"><span class='ocrx_word' id='word_1_907' title='bbox 2010 5764 2059 5822; x_wconf 51' lang='grc' dir='ltr'><em>α</em></span> <span class='ocrx_word' id='word_1_908' title='bbox 2086 5700 2107 5729; x_wconf 75' lang='grc' dir='ltr'>ί</span> <span class='ocrx_word' id='word_1_909' title='bbox 2149 5689 2305 5818; x_wconf 65' lang='lat' dir='ltr'><strong>Apud</strong></span> <span class='ocrx_word' id='word_1_910' title='bbox 2333 5689 2609 5762; x_wconf 79' lang='lat' dir='ltr'><strong>eumdem,</strong></span> <span class='ocrx_word' id='word_1_911' title='bbox 2638 5693 2777 5765; x_wconf 77' lang='lat' dir='ltr'><strong>quod</strong></span> <span class='ocrx_word' id='word_1_912' title='bbox 2810 5689 2935 5748; x_wconf 83' lang='lat' dir='ltr'><strong>caro</strong></span> <span class='ocrx_word' id='word_1_913' title='bbox 2964 5692 3112 5763; x_wconf 75' lang='lat' dir='ltr'><strong>ﬁeret</strong></span> <span class='ocrx_word' id='word_1_914' title='bbox 3148 5694 3207 5751; x_wconf 86' lang='lat' dir='ltr'><strong>in</strong></span> <span class='ocrx_word' id='word_1_915' title='bbox 3235 5689 3506 5758; x_wconf 84' lang='lat' dir='ltr'><strong>mulieres,</strong></span> <span class='ocrx_word' id='word_1_916' title='bbox 3528 5699 3584 5748; x_wconf 78' lang='grc' dir='ltr'><em>α</em></span> 
     </span>
     <span class='ocr_line' id='line_1_117' title="bbox 2061 5781 2285 5821; baseline 0 0"><span class='ocrx_word' id='word_1_917' title='bbox 2061 5781 2205 5821; x_wconf 80' lang='lat' dir='ltr'><strong>amen</strong></span> <span class='ocrx_word' id='word_1_918' title='bbox 2233 5782 2285 5821; x_wconf 87' lang='lat' dir='ltr'><strong>a.</strong></span> 
     </span>
    </p>
   </div>
  </div>
