4056 6200
428 346 494 405 87
1053 323 1070 336 '
1366 349 1432 412 s.
1473 346 1934 411 HIERONYMI
1973 349 2300 447 OPERUM
2339 353 2745 418 MANTISSA.

3625 359 3698 424 88

429 473 537 514 σξιο.
578 461 736 530 (Gen.
776 477 926 531 nix,
964 463 1078 534 52).
1115 464 1192 518 De
1248 465 1392 520 nulla
1433 479 1580 525 certe
1621 469 1808 524 harum
1866 474 2003 530 scri-
2029 477 2073 536 Δ
2110 475 2328 546 signat:
2355 475 2424 530 Et
2457 495 2561 532 non
2589 471 2828 548 cognovit
2852 493 2965 530 eam
2990 475 3206 544 Ioseph,
3232 477 3394 530 donec
3411 477 3609 545 peperit
3643 477 3700 527 €-

431 565 581 623 ptum
615 557 795 621 est,iu
824 565 978 610 utero
1021 559 1263 627 concepit
1309 576 1324 614 :
1365 577 1484 629 qua!
1527 573 1705 616 tamen
1743 566 2003 636 quidquid

431 647 1015 714 ceucipiebant,-extra
1041 661 1252 703 uterum
1281 655 1572 722 concipere
1599 670 1702 707 non
1724 668 1966 722 poterant
1991 674 2006 711 :

433 738 528 792 sed
559 740 811 806 quoniam
846 741 910 795 de
941 755 1214 797 conventu
1243 744 1387 798 virili
1429 748 1720 816 concipere
1751 765 1809 802 se
1843 765 2011 806 nove-

433 839 580 892 rant,
608 832 804 898 quibus
831 848 936 886 non
967 837 1320 904 proveniebat
1352 837 1502 891 salva
1537 840 1850 908 virginitate
1880 858 2010 898 con-

432 933 642 990 ceptus.
679 925 805 980 Sola
853 943 982 981 vero
1019 927 1184 982 Maria
1219 929 1270 982 in
1301 939 1458 985 utero
1491 934 1742 1002 concepit
1771 950 1891 989 cum
1937 936 2009 990 ir-

434 1022 676 1066 reserato
707 1015 853 1068 aditu
893 1017 1160 1082 semiuali,
1195 1018 1378 1072 clauso
1409 1028 1566 1076 utero
1608 1028 1858 1094 concepit
1891 1043 1905 1079 :
1943 1027 2008 1078 ad

433 1105 600 1175 hujus
632 1109 1004 1176 conceptiouis
1051 1125 1236 1163 semen
1272 1111 1318 1165 si
1355 1122 1501 1168 recte
1532 1115 2010 1182 ratiocinabin'iur,

434 1207 492 1252 et
521 1200 746 1254 interius
768 1201 950 1255 divina
985 1204 1426 1272 tractaverimus,
1453 1207 1732 1275 praecessit
1759 1207 1810 1260 in
1843 1207 2011 1279 ﬁgura

434 1307 538 1360 pro
569 1303 814 1362 tempore
847 1295 933 1348 illa
968 1297 1260 1360 sententia,
1295 1313 1414 1368 quae
1445 1299 1806 1369 primogenita
1845 1301 2013 1356 bene-

438 1385 794 1449 dictionibus,
841 1387 929 1441 vel
979 1388 1405 1458 oliligationibus
1455 1390 1736 1461 obligavit,
1802 1395 2015 1448 dicente

437 1474 669 1530 Domino
721 1497 735 1532 :
788 1478 957 1533 Omne
995 1481 1347 1534 masculinum
1383 1483 1520 1551 quod
1574 1484 1742 1550 aperit
1789 1485 2014 1551 vulvam,

438 1579 679 1620 sanctum
724 1569 946 1625 Domino
981 1572 1252 1626 vocabitur
1291 1573 1488 1645 (Exod.
1524 1591 1604 1639 ιιι,
1635 1575 1743 1642 25;
1787 1576 1918 1632 an.
1956 1595 2014 1645 tt,

438 1658 555 1724 23).
590 1661 740 1724 Quod
791 1674 876 1717 est
909 1664 1050 1719 istud
1086 1665 1475 1733 masculinum,
1506 1667 1651 1736 quod
1685 1671 1857 1739 aperit
1905 1671 2020 1724 vul-

439 1766 562 1806 vam
602 1768 618 1809 ε
655 1769 779 1809 cum
813 1757 1053 1812 omnium
1084 1757 1409 1833 feminarum
1453 1762 1640 1816 vulvas
1671 1763 1879 1831 aperiat
1911 1779 2017 1818 non

2115 568 2241 621 lium
2276 568 2488 639 (Matt/2.
2524 586 2560 632 t,
2584 570 2697 639 25).
2731 570 2900 639 Igitur
2929 571 2978 622 in
3012 569 3174 622 Maria
3210 571 3310 622 hoc
3346 570 3461 623 sine
3489 567 3702 624 dubita-

2117 662 2262 715 tione
2316 664 2612 728 perfectum
2655 674 2760 726 est,
2807 663 2966 731 cujus
3004 663 3216 715 vulvam
3268 679 3374 716 non
3410 661 3701 716 deﬂorazor

2113 753 2447 822 virginitatis
2512 755 2722 820 aperuit
2756 770 2770 807 ε
2823 753 2916 808 sed
2945 765 3127 822 partus
3151 753 3375 818 effusus,
3409 769 3526 822 qua:
3551 752 3702 822 virgo

2115 844 2348 914 peperit,
2384 859 2504 914 qua:
2539 844 2692 912 virgo
2724 845 2997 913 concepit,
3033 860 3149 912 quae
3175 845 3324 913 prius
3357 853 3528 897 mater
3558 843 3698 896 facta

2115 946 2198 989 est
2228 952 2388 1004 quam
2421 938 2693 990 maritata.
2724 935 2796 989 De
2837 936 2938 989 hac
2970 936 3111 990 istud
3145 935 3524 1000 masculinum,
3557 936 3698 1001 quod

2117 1039 2244 1080 vere
2274 1036 2519 1079 sanctum
2543 1025 2840 1080 vorandum
2866 1033 3030 1090 esset,
3061 1025 3195 1080 exiit
3228 1041 3242 1078 :
3267 1023 3466 1094 quique
3487 1024 3699 1078 vulvam

2117 1120 2418 1173 secundum
2459 1117 2878 1187 promissionein
2907 1128 3096 1189 partus
3125 1119 3324 1182 editus,
3359 1133 3467 1172 non
3501 1133 3702 1172 secun~

2119 1213 2244 1264 dum
2277 1214 2725 1267 consuetudinem
2761 1221 3126 1280 naturamque
3167 1224 3528 1274 communem,
3573 1209 3700 1264 dum

2120 1305 2429 1374 concipitur
2482 1306 2582 1360 viri
2633 1307 2845 1362 semine
2869 1308 3159 1361 reseravit.

2195 1395 2305 1451 Vll.
2329 1395 2433 1451 Sed
2452 1398 2706 1468 quoniam
2729 1397 2926 1454 divites
2944 1397 3037 1452 Dei
3057 1413 3250 1454 sensus
3268 1397 3522 1452 velociter
3537 1394 3706 1463 expli-

2121 1507 2247 1546 care
2281 1508 2384 1545 non
2415 1507 2725 1560 po.~sumus,
2754 1495 2919 1548 tantis
2949 1507 3007 1547 se
3037 1490 3442 1562 Scripturarum
3473 1492 3703 1546 molibus

2123 1586 2188 1638 ad
2221 1600 2381 1639 unam
2417 1585 2652 1654 speciem
2683 1585 3100 1654 opponentibus,
3136 1593 3195 1638 ut
3242 1583 3431 1637 lassari
3467 1585 3535 1637 sit
3571 1582 3701 1636 faci-

2122 1677 2228 1730 lius
2257 1693 2418 1746 quam
2457 1677 2611 1730 evndi
2647 1693 2660 1734 :
2694 1676 3127 1746 quandeomnis
3170 1674 3448 1745 Scriptura
3483 1685 3705 1730 cuncto-

2127 1786 2246 1823 rum
2297 1785 2554 1824 seusuum
2586 1785 2728 1824 unus
2762 1779 2964 1824 trames
2995 1769 3088 1833 sit,
3119 1784 3276 1838 quem
3325 1770 3560 1822 humano
3590 1783 3709 1822 sere

446 1849 720 1914 pucrrerii
757 1849 1076 1917 necessitas,
1103 1850 1196 1905 sed
1224 1851 1489 1907 maritalis
1512 1854 1715 1922 agnitio
1736 1855 1760 1908 ‘l
1780 1854 2025 1926 Denique
2054 1864 2101 1924 Β
2133 1877 2289 1915 mone
2313 1863 2598 1916 decurrere
2623 1863 2744 1930 quis
2769 1861 2988 1928 valebit,
3013 1876 3112 1915 nec
3139 1863 3181 1915 si
3207 1861 3481 1930 angelicas
3503 1875 3707 1929 pennas

449 1939 596 1992 nulla
623 1943 774 2012 virgo
798 1941 1000 1996 dicitur
1028 1953 1148 2014 post
1170 1947 1450 2011 maritum,
1478 1949 1620 2015 quod
1647 1963 1842 2002 nomen
1869 1949 2020 2002 clau-

408 2019 416 2026 ’
448 2033 527 2085 sis
554 2033 769 2087 videtur
799 2035 998 2089 futuris
1031 2037 1308 2106 mysteriis
1334 2039 1650 2094 convenire.
1681 2039 1748 2092 Et
1771 2041 2019 2110 superius

446 2125 517 2178 de
559 2123 759 2181 Rachel
803 2127 1146 2197 Scripturam
1193 2131 1393 2185 habere
1437 2135 1860 2187 monstravimus
1897 2152 1910 2186 :
1954 2133 2021 2186 Et

443 2220 712 2295 exaudivit
737 2218 886 2272 illam
919 2218 1082 2284 Deus,
1113 2230 1164 2276 et
1191 2225 1401 2291 aperuit
1427 2224 1542 2293 ejus
1567 2224 1793 2292 vulvam,
1818 2233 1868 2278 et
1895 2241 2021 2279 con-

443 2311 600 2377 cepit.
633 2311 795 2365 Certe
822 2327 928 2366 non
960 2312 1112 2380 prius
1137 2313 1290 2379 dixit,
1320 2317 1614 2384 concepit:
1645 2327 1697 2371 et
1726 2325 1868 2385 post,
1897 2331 2023 2386 ape-

445 2403 559 2458 ruit
589 2405 709 2472 ejus
739 2408 954 2459 vulvam
986 2422 1003 2472 ;
1040 2407 1134 2460 sed
1167 2409 1340 2474 prius,
1383 2409 1616 2476 aperuit,
1665 2409 1938 2476 videlicet,
1967 2419 2024 2464 ut

449 2499 686 2551 maritus
740 2500 944 2568 apertis
994 2500 1167 2554 vulva:
1211 2499 1420 2568 ianuis,
1464 2501 1614 2555 velut
1661 2502 2026 2556 scmiuaturus

451 2597 642 2653 agrum
685 2596 932 2652 paratum
974 2588 1273 2643 seminibus
1314 2589 1563 2645 intraret.
1609 2591 1848 2661 Denique
1895 2593 2024 2646 sub-

448 2676 652 2747 jungit,
680 2688 735 2732 et
789 2679 1058 2748 concepit.
1091 2679 1207 2733 Non
1255 2681 1435 2750 itaque
1482 2690 1662 2750 partu,
1696 2686 1787 2737 sed
1830 2698 2027 2739 ceuce-

451 2772 661 2842 ptione,
695 2773 803 2825 imo
834 2774 1116 2842 conceptio
1150 2773 1414 2842 patefacta
1439 2783 1543 2838 est,
1579 2789 1679 2828 nec
1710 2775 1854 2828 illam
1905 2790 2028 2844 par-

455 2865 749 2920 turiendus
799 2866 925 2920 dum
984 2867 1249 2928 nascitur.
1304 2869 1420 2934 sed,
1473 2869 1563 2937 qui
1617 2869 2026 2935 parturiendum

452 2959 826 3014 seminaturus
854 2957 1053 3023 fuerat,
1082 2959 1410 3030 designavit.
1446 2959 1506 3012 Et
1534 2961 1577 3015 si
1601 2959 1710 3028 jam
1741 2970 1869 3016 ante
1898 2976 2031 3014 con-

454 3063 696 3122 ceptum,
723 3054 920 3122 quippe
946 3061 1006 3106 ut
1029 3054 1342 3123 conciperet
1369 3063 1608 3108 reserata
1636 3063 1738 3119 est,
1774 3069 1878 3107 non
1909 3068 2027 3108 eam

455 3157 608 3200 certe
647 3148 735 3202 ille
764 3147 854 3216 qui
900 3156 1060 3202 natus
1091 3157 1176 3202 est
1217 3147 1305 3201 ditt
1343 3158 1463 3216 post
1500 3155 1710 3215 poterat
1754 3159 2028 3208 reserare,

2132 1955 2440 2008 mortalium
2473 1954 2667 2024 linguis
2697 1955 2919 2023 spiritus
2953 1955 3192 2008 ascribat
3223 1971 3237 2008 :
3273 1954 3445 2008 redire
3472 1956 3538 2006 ad
3579 1967 3708 2022 pro-

2131 2047 2362 2115 positum
2405 2049 2674 2114 convenit,
2725 2058 2778 2100 et
2809 2063 2976 2115 parvo
3021 2048 3236 2116 navigio
3281 2063 3385 2100 non
3437 2047 3488 2100 itt
3539 2046 3704 2100 altum

2133 2139 2248 2194 vela
2280 2138 2573 2207 conligere,
2602 2155 2668 2192 ne
2704 2139 2756 2192 in
2784 2139 3090 2209 periculum
3120 2145 3303 2191 currat
3335 2135 3582 2199 audacia,
3612 2137 3706 2189 sed

2133 2248 2230 2300 pro
2263 2231 2594 2286 infirmitatis
2637 2230 2828 2286 solatio
2878 2232 2930 2284 in
2980 2241 3272 2299 conspectu
3315 2229 3510 2284 littoris
3556 2229 3709 2281 navi-

2133 2340 2296 2394 gare,
2346 2333 2404 2378 ut
2452 2325 2496 2378 si
2543 2324 2668 2393 quid
2723 2323 3028 2378 formidinis
3075 2323 3315 2386 oriatur,
3350 2321 3589 2390 vel-Spes
3637 2323 3708 2374 sit
3750 2348 3765 2359 -

2133 2416 2290 2469 facile
2323 2416 2489 2469 teucri
2522 2429 2679 2484 posse
2705 2415 2844 2485 quod
2873 2417 3131 2469 cernitur.
3168 2413 3489 2468 Dicebamus
3519 2430 3706 2466 semen

2137 2510 2384 2564 mulieris
2412 2509 2698 2563 Dominum
2727 2521 3000 2572 sanctum,
3023 2507 3144 2577 quia
3169 2509 3463 2562 secundum
3488 2521 3707 2560 carm-tn

2135 2611 2344 2670 patrem
2397 2603 2667 2656 hominem
2720 2618 2826 2655 non
2864 2599 3518 2668 haberet:cxuuquejam
3575 2598 3712 2652 infe-

2135 2703 2277 2748 stum
2310 2707 2430 2748 esse
2464 2695 2720 2761 serpenti,
2755 2709 2916 2762 quem
2944 2693 2997 2745 in
3033 2702 3188 2745 utero
3219 2691 3442 2759 virginis
3472 2690 3562 2743 Dei
3590 2689 3711 2755 Spi-

2139 2797 2245 2850 tus,
2279 2802 2384 2840 non
2410 2787 2705 2839 materialis
2729 2795 3042 2854 generasset
3067 2785 3281 2838 humor.
3309 2783 3544 2851 Denique
3569 2784 3710 2850 quod

2138 2878 2386 2948 sequitur
2439 2879 2698 2948 majorem
2761 2877 2829 2932 ab
2892 2875 3112 2930 homine
3166 2875 3388 2944 virginis
3447 2875 3712 2944 promittit

2137 2968 2414 3032 effectum,
2455 2971 2684 3024 dicendo
2719 2987 2734 3026 :
2767 2969 2896 3041 Ipsa
2931 2983 3080 3024 tuum
3116 2968 3336 3022 calcabit
3373 2976 3525 3033 caput
3556 2963 3710 3035 (Cen.

2140 3077 2184 3125 ι,
2219 3063 2306 3128 15,
2341 3081 2444 3118 ser.
2480 3062 2640 3130 LXX)
2673 3063 2834 3133 :quis
2867 3062 3110 3132 ambigit,
3143 3062 3284 3132 quod
3317 3071 3508 3130 praeter
3536 3059 3716 3112 Domi—

2145 3172 2270 3209 num
2307 3165 2553 3209 nostrum
2590 3166 2752 3224 caput
2783 3156 3050 3224 serpentis
3089 3171 3247 3207 nemo
3291 3153 3553 3206 calcavit?
3594 3149 3715 3220 Ipse

457 3243 584 3294 dum
623 3242 847 3306 dicitur,
879 3241 1234 3294 nasciturus:
1269 3239 1358 3309 qui
1403 3241 1564 3293 etiam
1616 3239 1853 3310 concipi,
1903 3239 2029 3292 dum

2144 3249 2286 3302 enim
2317 3249 2466 3302 solus
2497 3263 2659 3315 super
2681 3249 2946 3302 dracones
2966 3257 3020 3302 et
3041 3249 3351 3315 scorpiones
3380 3233 3713 3296 ambulavit:

459 3342 606 3386 esset
639 3331 726 3385 illa
755 3331 962 3397 clausa,
990 3346 1094 3384 non
1127 3331 1320 3399 potuit.
1355 3330 1520 3385 Omne
1546 3331 1922 3394 masculinum,
1955 3331 2038 3383 in-

458 3428 600 3495 quit,
631 3427 769 3496 quod
815 3428 986 3495 aperit
1033 3426 1266 3488 vulvam,
1325 3435 1564 3479 sanctum
1622 3427 1843 3479 Domino
1887 3440 2042 3478 voca-

465 3522 629 3574 bitur.
656 3519 786 3586 Qua:
814 3529 895 3574 est
922 3519 1020 3574 ista
1049 3519 1210 3583 ratio,
1235 3533 1356 3587 quae
1380 3532 1477 3571 nec
1499 3518 1795 3572 secundum
1820 3531 2038 3571 sensum

466 3613 683 3667 videtur
713 3612 978 3682 impleta?
1009 3610 1180 3666 Jacob
1206 3610 1363 3680 primi
1401 3610 1575 3664 locum
1609 3610 1792 3664 fratris
1823 3610 2042 3664 fraudu-

467 3707 645 3762 lenter
677 3705 903 3771 invadit,
939 3721 1038 3761 nec
1072 3705 1324 3758 nascendi
1357 3705 1548 3758 ordine
1577 3704 1914 3773 prohibetur,
1945 3718 2042 3757 nec

465 3800 758 3856 dolositate
789 3799 1098 3854 damnatur.
1129 3797 1327 3867 Joseph
1362 3798 1455 3851 lilii
1492 3813 1585 3868 per
1614 3814 1772 3850 avum
1836 3812 2045 3865 priapo-

473 3903 618 3949 stera
653 3891 952 3947 secundum
989 3891 1247 3946 nascendi
1295 3888 1520 3958 gradum
1567 3889 1943 3943 benedictione
1975 3905 2046 3942 Sl-

468 3999 726 4060 gnantur,
754 4002 854 4040 nec
882 3988 1097 4040 can-itas
1123 3996 1270 4040 errat
1305 3983 1480 4038 futura
1507 3982 1916 4053 prospicientis,
1945 3995 2047 4034 nec

472 4084 710 4136 monitor
760 4081 901 4134 ﬁlius
941 4081 1218 4133 dcxteram
1271 4077 1531 4146 parentis,
1575 4091 1693 4144 qua:
1743 4073 2048 4145 pingttioris

473 4173 875 4228 benedictionis
940 4187 1105 4226 ειη-ρο
1161 4171 1425 4223 minorem
1483 4167 1763 4235 irrigabat,
1814 4165 2044 4221 inﬂexit.

477 4267 608 4333 Quae
657 4266 846 4335 utique
895 4265 1071 4319 omnia
1107 4270 1233 4314 sunt
1280 4261 1570 4324 contraria,
1605 4259 1648 4312 si
1695 4269 1946 4328 putamus
1985 4260 2050 4310 de

475 4361 565 4416 his
613 4360 816 4414 dictqu
860 4373 984 4412 esse
1026 4373 1042 4410 :
1091 4354 1253 4410 Omne
1305 4352 1681 4414 masculinum,
1714 4353 1851 4420 quod
1885 4353 2049 4416 aperit

473 4455 704 4520 vulvam,
752 4454 843 4522 qui
889 4451 955 4506 de
1003 4449 1146 4503 virili
1189 4448 1394 4502 semine
1441 4447 1599 4512 primi
1643 4455 1941 4499 nascuntur
1983 4461 2046 4498 ex

2143 3345 2255 3412 ipse
2286 3345 2554 3412 captivam
2593 3343 2745 3396 duxit
2774 3342 3168 3411 captivitatem.
3202 3339 3333 3392 Nam
3366 3340 3509 3406 quod
3537 3338 3720 3391 subdi-

2145 3447 2236 3492 tur
2272 3456 2285 3491 ε
2320 3435 2385 3489 Et
2433 3448 2486 3489 tn
2525 3436 2638 3505 ejus
2696 3435 2987 3490 observabis
3037 3435 3386 3495 calcaneum,
3440 3431 3504 3484 ad
3558 3445 3714 3497 quem

2145 3529 2312 3581 alium
2359 3529 2632 3583 credimus
2667 3526 2978 3596 pertinere?
3011 3524 3308 3580 Calcaneus
3346 3522 3559 3591 quidem
3594 3534 3719 3588 pars

2121 3631 2387 3672 'extrenta
2427 3618 2631 3686 vestigii
2664 3628 2766 3671 est.
2800 3617 2867 3670 Ει
2913 3616 3172 3670 Dominus
3217 3625 3340 3684 post
3364 3611 3589 3666 Joannis
3623 3613 3718 3664 ba-

2149 3713 2428 3781 ptismum,
2466 3724 2585 3781 post
2630 3714 2840 3764 dierum
2876 3711 3235 3780 quadraginta
3272 3708 3555 3776 jejunium,
3595 3722 3718 3757 cum

2152 3806 2218 3858 ab
2249 3806 2437 3858 eodem
2470 3815 2719 3874 serpente
2750 3813 3010 3864 trntatut‘,
3046 3804 3218 3854 tertia:
3249 3800 3388 3854 illius
3419 3799 3722 3852 dolositatis

2146 3896 2254 3964 iam
2291 3899 2488 3961 victor,
2525 3897 2833 3950 erclamat:
2874 3894 3018 3948 Vade
3050 3904 3191 3946 retro
3235 3902 3347 3961 post
3383 3907 3482 3955 nte,
3517 3890 3725 3944 Sutana

2154 3990 2373 4060 (Matth.
2408 4007 2516 4056 xvi,
2553 3990 2630 4062 ει).
2661 3990 2800 4055 Quid
2840 3989 2984 4043 aliud
3036 3989 3137 4041 nisi
3188 4003 3216 4039 a
3269 3997 3416 4056 tergo
3467 3983 3723 4054 pOsllum,

2151 4085 2235 4136 vel
2266 4084 2534 4148 relictum,
2553 4083 2707 4150 jubet
2734 4096 2890 4135 Sttltttt
2919 4081 3207 4134 observare
3230 4078 3534 4130 calcancum
3557 4075 3574 4127 .7
3599 4073 3726 4126 ιιι-ο

2155 4193 2315 4244 supra
2351 4175 2484 4239 dixi,
2521 4186 2572 4227 et
2602 4174 2726 4226 inde
2759 4177 2823 4226 ad
2858 4171 2959 4225 hoc
2994 4186 3093 4224 nos
3136 4173 3247 4238 ipsa
3281 4167 3500 4222 deduxit
3531 4166 3725 4228 oratio,

2155 4267 2298 4338 quod
2347 4267 2509 4320 homo
2561 4265 2648 4320 ille
2703 4255 2930 4318 interior
2977 4278 3100 4318 cum
3153 4261 3376 4330 cogitat,
3409 4275 3510 4311 non
3543 4259 3594 4310 in
3628 4259 3730 4311 hoc

2159 4359 2380 4420 mundo,
2415 4357 2507 4409 sed
2536 4370 2694 4423 supra
2732 4355 2904 4422 ipsum
2939 4353 3223 4416 mundum,
3259 4367 3379 4404 cum
3419 4349 3507 4401 ilio
3535 4348 3732 4415 cpiiice

2157 4463 2339 4501 rerum
2388 4462 2452 4500 ac
2483 4463 2581 4499 suo
2619 4445 2799 4498 vivere
2829 4444 3062 4507 videtur,
3095 4441 3305 4496 dicente
3341 4439 3503 4491 David
3534 4455 3548 4490 :
3578 4435 3732 4489 Beati

477 4548 717 4603 feminis.
749 4546 856 4600 Sed
899 4544 1158 4616 quoniam
1188 4541 1330 4594 aliud
1365 4541 1596 4594 interius
1625 4539 1782 4592 habet
1818 4539 1903 4592 illa
1933 4553 2054 4591 scn-
2089 4559 2129 4612 ι)
2162 4540 2250 4610 qui
2303 4547 2610 4592 scrutantur
2641 4537 2934 4589 testimonia
2986 4538 3097 4603 ejus
3148 4531 3323 4600 (Psal.
3361 4547 3512 4594 cxrx,
3554 4532 3633 4598 ἓ),
3674 4541 3735 4583 ιιι

479 4641 675 4706 tentia,
725 4635 858 4694 adeo
897 4636 1202 4691 istiusmodi
1252 4633 1513 4704 primit‘ivi
1551 4633 1752 4688 cedunt
1789 4644 1843 4686 et
1886 4632 2046 4686 bene-

481 4735 750 4789 dictioues
780 4733 1038 4802 perdunt.
1072 4728 1225 4782 Jesse
1256 4729 1398 4781 filius
1431 4727 1622 4788 David,
1666 4742 1768 4780 non
1823 4727 2054 4796 primus,

483 4840 582 4880 aut
613 4826 910 4884 secundus,
937 4833 1029 4877 aut
1067 4832 1276 4886 tcrtms,
1309 4823 1404 4874 sed
1435 4823 1676 4873 omnium
1709 4819 1931 4873 ultimus
1957 4835 2057 4872 nn-

487 4921 634 4990 gitur
660 4936 688 4970 a
714 4918 1008 4986 Propheta,
1038 4926 1090 4969 et
1119 4913 1502 4982 despicabilior
1528 4913 1737 4967 cunctis
1760 4911 1979 4979 cligitur
2005 4913 2058 4966 in

491 5029 697 5082 regem.
730 5012 840 5064 Nec
885 5011 959 5063 illi
1011 5011 1186 5076 primo
1232 5013 1328 5060 aut
1373 5005 1614 5060 secundo
1661 5015 1850 5058 contra
1891 5003 2059 5058 David

493 5106 764 5160 sententia
817 5101 952 5171 legis
982 5103 1045 5154 de
1082 5097 1370 5168 primitivis
1415 5095 1712 5160 blanditur,
1749 5097 1876 5162 quia
1919 5094 2064 5162 judi-

489 5207 674 5253 casset
711 5196 897 5266 utique
944 5193 1232 5253 maximos,
1265 5191 1337 5254 ξεῖ
1373 5190 1438 5242 ab
1489 5188 1576 5243 his
1609 5197 1840 5240 matrum
1883 5187 2066 5239 vulvas

499 5291 840 5347 meminisset
868 5286 1064 5357 aperiri
1097 5301 1110 5338 :
1145 5281 1362 5350 quando
1391 5280 1493 5332 hoc
1527 5281 1728 5347 utique,
1758 5287 1853 5331 aut
1880 5278 1930 5329 in
1959 5291 2066 5346 qua

503 5385 739 5439 dicimus
784 5379 1093 5448 impletum,
1124 5373 1265 5443 quod
1314 5372 1502 5446 utique
1547 5385 1655 5424 non
1707 5379 1917 5436 poterat
1961 5383 2068 5421 non

504 5476 741 5544 impleri.
777 5475 908 5538 Qua:
937 5478 1021 5526 est
1063 5470 1189 5531 ista,
1221 5466 1376 5537 cujus
1407 5463 1618 5518 vulvam
1647 5462 1810 5516 foetus
1841 5470 2069 5525 reserat,

500 5582 612 5621 non
651 5563 916 5618 maritus?
939 5575 1061 5632 quae
1094 5560 1246 5628 virgo
1269 5555 1526 5624 concipit,
1564 5569 1681 5623 qum
1710 5568 1818 5606 non
1853 5561 1910 5606 ut
1936 5566 2072 5606 con-

501 5657 732 5722 ciperet,
783 5655 936 5720 virgo
980 5665 1104 5705 esse
1145 5647 1353 5702 desiit?
1386 5643 1504 5698 Non
1541 5651 1688 5696 certe
1739 5641 1826 5694 illa
1858 5642 1923 5694 de
1969 5655 2074 5708 qua

501 5747 782 5815 Scriptura
814 5745 946 5797 dicit
968 5759 983 5795 :
1007 5741 1252 5811 Cognovit
1277 5737 1444 5790 Adam
1473 5749 1689 5788 uxorem
1716 5748 1890 5793 suam,
1917 5741 1965 5784 et
1984 5747 2078 5793 pe-

501 5841 632 5903 perit
659 5837 706 5892 ci
727 5836 897 5906 ﬁlium
924 5831 1077 5904 (Gen.
1105 5847 1180 5901 tv,
1201 5831 1278 5900 1);
1303 5829 1394 5885 sed
1418 5826 1597 5900 illade
1613 5840 1715 5896 qua
1745 5823 2070 5892 evangelista

2163 4649 2300 4702 pent-
2352 4632 2455 4684 ltoc
2492 4629 2583 4693 sit,
2637 4629 2678 4681 si
2729 4626 2812 4679 fas
2864 4639 2947 4680 est
2995 4625 3123 4690 diri,
3163 4625 3325 4679 Deum
3380 4624 3514 4687 fieri,
3553 4624 3731 4675 divina

2163 4721 2408 4778 meditari
2447 4737 2462 4775 :
2497 4720 2644 4774 illum
2684 4718 2968 4771 Dominum
3021 4728 3263 4770 nostrum
3315 4714 3501 4768 salutis
3537 4725 3735 4766 nostrae

2154 4817 2264 4884 jam
2296 4826 2420 4868 tunc
2449 4812 2752 4882 prodidisse
2789 4811 3121 4878 mysterium.
3155 4808 3302 4861 Unde
3334 4816 3386 4861 et
3420 4809 3472 4859 in
3507 4806 3739 4862 Psalmis

2163 4911 2240 4962 ait
2273 4923 2288 4960 ς
2321 4905 2386 4959 1η
2415 4907 2578 4974 capite
2608 4902 2730 4956 libri
2757 4904 3010 4969 srriptum
3041 4911 3112 4954 est
3142 4904 3205 4954 de
3235 4916 3312 4952 me
3342 4898 3513 4968 (Psal.
3542 4915 3626 4962 χι,
3658 4897 3738 4966 8).

2169 5001 2343 5071 Caput
2374 4999 2494 5052 libri
2531 5007 2612 5052 est
2642 4995 2916 5050 Geneseos
2946 4992 3290 5062 principium,
3325 4991 3575 5059 quoniam
3618 5005 3742 5042 om-

2173 5096 2261 5149 nis
2293 5095 2574 5159 Scriptura
2609 5105 2746 5142 unus
2779 5097 2859 5142 est
2891 5087 3048 5150 liber,
3081 5095 3133 5138 et
3173 5100 3333 5148 unus,
3367 5083 3434 5138 de
3465 5097 3570 5150 quo
3607 5083 3747 5136 seri-

2173 5197 2321 5256 ptum
2355 5197 2438 5238 cst
2467 5183 2630 5245 Deus,
2667 5194 2723 5235 et
2753 5180 2910 5233 istam
2943 5177 3351 5248 promissionem
3383 5176 3447 5229 de
3481 5175 3598 5244 ipso
3621 5188 3748 5227 esse

2174 5275 2422 5327 videmus
2452 5273 2504 5324 in
2551 5271 2745 5338 capite,
2782 5275 2835 5320 et
2875 5275 3041 5336 caput
3086 5267 3208 5319 vitae
3253 5273 3451 5318 nostra:
3480 5278 3600 5329 spes
3635 5273 3744 5328 est,

2173 5373 2232 5420 et”
2271 5366 2391 5417 ideo
2443 5371 2605 5430 caput
2652 5360 2776 5414 libri
2825 5359 3006 5412 vitalis
3053 5372 3174 5425 spes
3214 5355 3354 5409 facta
3407 5369 3503 5422 per
3554 5353 3747 5407 Deum.

2175 5459 2328 5512 lllum
2365 5457 2606 5521 inquam,
2645 5463 2700 5505 ut
2735 5466 2874 5521 saepe
2917 5450 3170 5514 diximus,
3204 5447 3561 5507 conditorem,
3592 5458 3754 5496 sene-

2174 5559 2357 5605 scente
2402 5547 2510 5616 jam
2567 5545 2801 5610 mundo,
2851 5544 2990 5612 quod
3045 5543 3097 5595 in
3135 5540 3301 5609 prima
3352 5535 3536 5590 mundi
3586 5545 3753 5590 amite

2180 5641 2528 5710 promiserat,
2566 5638 2903 5706 praestitisse.
2942 5633 3096 5690 Unde
3125 5631 3389 5700 Propheta
3438 5631 3511 5682 ait
3540 5644 3556 5685 ;
3587 5628 3752 5696 Virga

2180 5743 2271 5784 tua
2303 5741 2352 5784 et
2385 5729 2602 5783 baculus
2653 5737 2771 5780 tuus
2820 5729 2934 5796 ipsa
2986 5742 3066 5778 me
3115 5723 3386 5776 consolata
3419 5730 3537 5773 sunt
3572 5717 3750 5790 (Psal.

2178 5840 2296 5886 un,
2334 5824 2409 5888 4).
2451 5819 2610 5888 Virga
2651 5829 2824 5876 mater
2873 5827 2956 5874 est
3003 5813 3234 5880 Domini,
3273 5827 3338 5868 ex
3373 5824 3474 5878 qua
3523 5807 3752 5863 baculus
