4054 6206
363 372 438 433 89
1212 371 1580 433 EPISTOLA
1624 373 1728 436 VI.
1779 373 1879 434 AD
1913 375 2216 437 AMICUM
2258 376 2650 438 [EGROTUM
2698 379 2782 438 Π.
3560 375 3626 438 90

363 481 491 544 iste,
528 478 674 535 fesso
702 479 812 548 jam
843 495 936 549 per
962 488 1176 536 aetatem
1207 483 1431 548 mundo,
1461 485 1550 548 qui
1581 499 1703 539 eum
1734 495 1951 539 susten-
1975 524 2022 579 Α
2054 489 2287 554 laetetur,
2322 507 2439 558 qua!
2477 506 2572 544 nos
2607 492 2858 546 meliores
2885 505 3046 559 quam
3080 499 3381 558 acceperat,
3414 487 3628 548 reddet,

367 582 508 627 taret
531 572 685 626 exiit.
715 571 864 624 lllutn
897 586 1029 642 ergo
1053 572 1108 626 in
1135 573 1368 645 Virginis
1401 586 1610 631 uterum
1639 578 1940 646 delapsum,

369 672 430 717 ut
465 664 854 732 redemptionis
883 673 1083 717 nostrae
1113 673 1274 718 totam
1306 667 1582 721 historiam
1613 683 1943 736 retexamus,

367 767 526 822 partu
561 755 810 808 eﬂ'cclttnt
841 754 1112 809 hominem
1143 769 1204 810 se
1231 757 1544 812 exhibuisse
1570 775 1668 829 pro
1704 760 1942 825 homine,

365 857 422 901 et
465 860 776 902 creaturam
827 864 978 902 suam
1016 862 1076 902 se
1122 847 1190 902 de
1221 847 1478 904 Creatore
1529 850 1743 906 fecisse.
1791 851 1944 906 lllmtt

369 937 601 992 formam
631 939 772 992 servi
806 941 1104 1008 accepisse,
1136 941 1232 994 sed
1269 956 1328 994 se
1365 943 1678 996 exinanisse
1707 953 1948 1011 potesta-

371 1030 440 1084 tis
469 1028 769 1095 voluntate,
805 1045 910 1084 non
953 1012 1142 1084 natura
1193 1032 1430 1094 deitatis,
1481 1046 1576 1100 per
1622 1047 1784 1102 quam
1837 1047 1945 1086 non

372 1131 584 1190 poterat
617 1131 725 1176 11011
771 1135 895 1174 eSse
926 1124 1070 1190 quod
1101 1122 1295 1176 fuerat.
1339 1123 1491 1176 illum
1526 1124 1810 1179 maledicta
1850 1140 1946 1194 pro

371 1213 707 1267 salutaribus
741 1214 1004 1268 meruisse
1038 1212 1335 1268 miraculis.
1387 1215 1540 1268 lllum
1579 1225 1756 1283 sputa,
1796 1215 1943 1268 illum

369 1303 600 1372 palmas,
651 1303 801 1357 illum
844 1319 1103 1358 coronam
1151 1305 1418 1373 spineam,
1471 1304 1620 1360 illum
1671 1315 1948 1373 postremo

369 1409 586 1448 crucem
612 1395 780 1450 fuisse
805 1411 1120 1466 perpessum
1146 1413 1160 1448 :
1187 1397 1334 1450 illum
1366 1395 1576 1452 inferna
1609 1408 1945 1466 penetrasse,

371 1487 521 1541 illum
548 1487 708 1542 tertia
734 1489 820 1542 die
847 1490 1210 1544 resurrexisse
1236 1490 1290 1544 in
1319 1489 1371 1545 id
1401 1505 1598 1560 corpus
1627 1491 1767 1558 quod
1797 1492 1946 1546 cruci

370 1577 549 1633 fuerat
582 1579 800 1633 allixum
831 1595 846 1635 :
875 1579 1024 1633 illum
1064 1581 1335 1634 hominem
1365 1591 1487 1651 post
1520 1592 1744 1634 mortem
1778 1581 1946 1635 Deum

372 1673 552 1726 Vivum
588 1673 784 1728 caelum
819 1675 1039 1743 petiisse
1073 1674 1352 1740 victorem,
1388 1675 1575 1730 sedere
1606 1676 1670 1727 ad
1707 1676 1948 1730 dextram

370 1765 495 1832 Dei,
517 1778 809 1822 venturum
836 1783 936 1821 suo
961 1779 1199 1836 tempore
1224 1767 1288 1820 ad
1309 1767 1570 1834 judicium
1599 1768 1902 1822 faciendum
1933 1785 1946 1821 :

2051 581 2269 636 dicente
2301 583 2560 651 Apostolo
2605 600 2617 637 :
2653 581 2984 636 Rrsurreclio
3031 591 3359 635 mortuorum
3399 580 3628 634 semina-

2051 684 2138 726 tur
2185 673 2240 727 in
2293 675 2651 740 corruptione,
2690 687 2864 743 surget
2913 685 3088 728 autem
3142 675 3195 726 in
3241 671 3630 738 incorruptione

2050 759 2101 832 (Ι
2137 759 2261 816 Cor.
2319 777 2407 825 xv,
2457 763 2572 834 491).
2623 764 2750 828 Quae
2795 763 3064 833 possessio
3112 761 3457 830 prteseutium
3509 759 3632 813 huic

2051 858 2164 924 spei
2198 859 2398 924 poterit
2421 859 2765 926 comparari?
2791 860 2898 912 Aul
2923 860 3050 926 quid
3081 859 3186 912 erit
3215 858 3362 911 aliud
3392 855 3532 924 quod
3563 853 3630 907 ad

2049 958 2413 1019 contemptum
2456 952 2646 1006 mortis
2695 952 2928 1014 attollat,
2961 966 3124 1020 quam
3183 954 3298 1004 ha‘c
3353 946 3632 1002 meditatio

2050 1041 2253 1095 divinis
2311 1045 2766 1112 promissionibns
2826 1054 2880 1098 et
2951 1044 3341 1113 prophetarum
3406 1038 3631 1094 vocibus

2049 1133 2330 1186 excitata?
2381 1133 2518 1199 Quid
2579 1134 2684 1189 tale
2736 1133 3116 1188 Cleombrotus
3168 1132 3518 1186 Ambraciota
3577 1129 3630 1183 in

2050 1221 2295 1277 Platonis
2342 1224 2480 1278 libro
2533 1225 2843 1294 disputante
2897 1226 3190 1288 didicerat,
3224 1224 3315 1292 qui
3361 1222 3630 1277 homicida

2051 1311 2132 1363 sui
2169 1326 2290 1366 esse
2325 1327 2430 1366 non
2479 1313 2678 1376 timuit,
2711 1329 2774 1368 ac
2820 1329 2880 1368 se
2918 1315 3182 1367 altissimo
3212 1313 3567 1381 praecipitavit
3599 1325 3632 1366 e

2051 1417 2228 1463 muro,
2266 1404 2390 1457 dum
2421 1413 2475 1458 et
2512 1404 2716 1458 nullum
2755 1415 2874 1474 post
2908 1417 3136 1459 mortem
3173 1414 3475 1458 autumaret
3509 1416 3632 1458 esse

2047 1494 2311 1560 judicium
2349 1511 2363 1548 :
2395 1506 2450 1549 et
2502 1497 2619 1550 sine
2670 1497 2983 1550 discrimine
3036 1497 3352 1550 meritorum
3408 1496 3628 1564 aliquo,

2058 1601 2249 1640 omnes
2278 1586 2487 1640 animas
2515 1596 2638 1656 post
2671 1603 2896 1657 corpora
2928 1588 3207 1656 aequaliter
3238 1588 3363 1640 ferri
3397 1587 3632 1640 arbitra-

2053 1688 2205 1733 retur
2232 1679 2296 1732 ad
2329 1679 2548 1735 cmlum.
2578 1682 2729 1745 Quod
2760 1682 2899 1735 adeo
2931 1697 3122 1736 omnes
3150 1697 3248 1750 pro
3281 1697 3409 1734 vero
3443 1692 3634 1733 tenue-

2055 1780 2203 1836 runt,
2233 1780 2288 1825 et
2319 1773 2398 1826 sic
2429 1787 2620 1826 omnes
2645 1772 2764 1827 illos
2796 1773 2973 1827 saeculi
2998 1773 3272 1840 sapientes
3297 1787 3400 1824 una
3432 1769 3630 1825 nebula

373 1860 526 1914 illum
560 1861 750 1930 spiritu
781 1861 874 1914 Dei
908 1878 1006 1931 per
1035 1875 1347 1918 sanctorum
1385 1877 1607 1915 suorum
1639 1877 1733 1914 ora
1770 1861 1950 1930 qunti-
1986 1866 2024 1924 Il
2054 1862 2217 1933 hujus
2253 1866 2462 1919 erroris
2500 1864 2723 1918 involvit
2758 1881 2772 1920 :
2803 1875 2860 1918 ut
2905 1873 2959 1919 et
3009 1866 3122 1932 ipse
3171 1873 3277 1918 tam
3321 1862 3630 1925 laudabilis,

373 1952 464 2007 die
497 1953 780 2008 celebrari.
817 1952 941 2008 Haec
983 1955 1254 2024 cogitasse
1285 1953 1486 2007 vixisse
1515 1960 1617 2016 est,
1658 1953 1768 2005 haec
1800 1952 1948 2020 cogi-

371 2047 509 2101 tatio
533 2059 720 2116 pastus
745 2047 940 2101 anima:
962 2058 1046 2101 est
1076 2065 1089 2101 :
1119 2047 1173 2100 in
1199 2047 1311 2100 haec
1338 2044 1504 2099 relabi
1534 2045 1615 2098 vel
1645 2060 1946 2107 recurrere,

372 2155 495 2192 cum
524 2138 754 2193 Domino
780 2139 933 2210 jungi
965 2149 1068 2203 est,
1099 2147 1151 2193 et
1181 2153 1302 2192 cum
1341 2139 1460 2207 ipso
1494 2153 1589 2206 per
1622 2137 1738 2190 haec
1771 2135 1951 2188 humi-

369 2227 517 2293 liari,
564 2241 618 2284 et
645 2245 764 2283 cum
797 2231 911 2300 ipso
940 2231 1072 2299 pati,
1099 2246 1222 2285 cum
1255 2230 1372 2298 ipso
1399 2229 1558 2293 mori,
1596 2237 1649 2280 et
1678 2243 1797 2280 cum
1835 2227 1950 2294 ipso

370 2322 537 2374 etiam
567 2321 845 2375 suscitari.
885 2321 1021 2386 Quid
1055 2321 1229 2373 dicam
1266 2322 1332 2372 de
1374 2320 1485 2386 ipsa
1523 2317 1950 2378 rc‘surrectione,

371 2414 430 2468 in
464 2430 566 2483 qua
600 2430 720 2468 cum
757 2415 1032 2469 rideamur
1066 2429 1093 2466 a
1132 2413 1404 2483 gentibus,
1439 2428 1544 2465 non
1576 2426 1890 2480 separamur
1921 2424 1948 2460 a

371 2507 594 2561 Christo
630 2525 643 2560 :
679 2507 803 2560 licet
838 2516 892 2561 et
928 2507 1080 2560 mttlti
1121 2507 1210 2574 qui
1265 2521 1324 2558 se
1373 2503 1714 2558 Christianos
1762 2501 1951 2555 dicunt

370 2600 832 2654 resurrectionem
870 2600 1050 2653 carnis
1088 2598 1397 2653 excludant.
1434 2595 1540 2650 Sed
1588 2595 1666 2650 sic
1717 2594 1823 2646 sint
1873 2591 1948 2646 illi

373 2694 499 2746 sine
548 2707 800 2763 corpore,
845 2690 1043 2761 quibus
1091 2690 1231 2743 forte
1264 2689 1600 2750 conceditur,
1653 2685 1697 2739 si
1751 2683 1832 2739 fas
1867 2692 1953 2738 est

373 2786 508 2850 dici,
547 2785 705 2839 aliter
760 2785 1136 2853 repraesentari
1185 2783 1434 2847 Domino,
1477 2795 1639 2851 quam
1695 2778 1953 2833 Dominus

373 2877 639 2932 remeavit
693 2876 760 2928 ad
818 2870 1067 2944 patrem,
1121 2887 1220 2928 nos
1273 2882 1329 2926 ut
1390 2871 1700 2930 credimus,
1762 2875 1816 2922 et
1871 2868 1952 2920 lo-

373 2985 628 3041 quamur.

449 3063 587 3119 VIII.
624 3064 788 3130 Quid,
815 3065 1060 3133 inquam,
1092 3060 1197 3114 1100
1228 3056 1554 3127 cegitatione
1581 3054 1786 3108 laetius?
1812 3051 1950 3118 Quid

376 3157 482 3212 hac
529 3171 624 3226 spe
669 3170 791 3210 esse
839 3153 1039 3223 poterit
1071 3148 1348 3206 erectius?
1381 3149 1653 3216 ﬁxumque
1693 3145 1862 3213 magis
1898 3145 1950 3198 in

377 3250 581 3304 nostris
615 3247 813 3301 animis
846 3245 1112 3300 inhaerere
1142 3244 1322 3308 debet,
1357 3257 1457 3294 nos
1498 3238 1789 3308 aliquando
1828 3251 1952 3291 cum

375 3342 508 3396 hinc
540 3341 839 3396 exierimus
882 3340 946 3392 ad
983 3353 1213 3408 corpora
1267 3342 1451 3390 nostra
1500 3349 1620 3386 esse
1659 3331 1952 3392 redituros,

378 3442 436 3486 et
483 3434 680 3485 animas
717 3430 930 3485 interim
966 3438 1020 3484 et
1070 3427 1315 3497 corporis
1367 3423 1691 3487 divortium,
1750 3435 1854 3473 non
1905 3419 1954 3473 id

378 3539 536 3593 agere
572 3533 630 3576 ut
679 3523 812 3576 nihil
865 3522 1038 3576 simus
1070 3521 1313 3584 omnino,
1345 3519 1437 3571 sed
1471 3526 1526 3568 ut
1567 3515 1822 3568 meliores
1860 3526 1957 3581 per

381 3615 472 3669 Dei
500 3617 748 3685 spiritum
783 3611 1146 3667 reformentur
1174 3627 1188 3663 :
1219 3609 1472 3680 quoniam
1506 3606 1619 3675 jam
1653 3606 1741 3659 hic
1780 3603 1960 3658 Dami-

381 3723 508 3761 110111
539 3709 586 3760 id
618 3707 812 3776 pignus
844 3704 998 3758 nobis
1027 3703 1366 3772 promisisse,
1393 3700 1726 3769 accepimus.
1765 3695 1828 3748 Et
1853 3696 1958 3748 1100

381 3815 579 3868 corpus
623 3797 767 3867 quod
803 3798 853 3849 in
887 3795 971 3849 sui
1007 3806 1196 3848 natura
1235 3792 1502 3845 caducum
1537 3800 1643 3852 est,
1671 3799 1728 3842 et
1763 3787 1957 3842 merito

381 3892 631 3962 pristina:
669 3887 1117 3958 transgressionis
1151 3895 1452 3953 gravatum,
1490 3893 1546 3935 ut
1582 3881 1959 3935 maledictione

381 3984 564 4037 divina
598 3982 793 4044 lertnr,
824 3980 891 4032 ad
930 3988 1124 4031 (errant
1169 3976 1262 4028 ihit
1294 3972 1445 4046 (Gen.
1481 3989 1542 4035 11,
1571 3973 1662 4040 27)
1702 3988 1716 4028 :
1750 3970 1801 4023 id
1833 3985 1959 4023 1111-

381 4091 500 4130 sum
525 4085 648 4144 post
686 4072 853 4127 multa
886 4081 1151 4136 tempora,
1178 4068 1226 4122 id
1256 4077 1360 4126 est.
1391 4067 1442 4119 in
1476 4065 1582 4118 line
1613 4061 1958 4126 saeculorum,

383 4179 506 4219 cum
553 4162 782 4216 minima
818 4176 944 4232 pars
975 4159 1171 4214 favilla:
1225 4157 1320 4222 sit,
1356 4165 1447 4208 aut
1480 4153 1619 4208 forte
1643 4154 1752 4221 jam
1789 4152 1957 4215 nulla,

383 4258 454 4313 ab
484 4258 672 4311 eadem
707 4265 870 4316 terra,
899 4269 1019 4322 quas
1053 4251 1182 4306 illud
1233 4249 1532 4316 corrumpit
1579 4249 1632 4300 in
1682 4245 1905 4300 nihilum
1942 4261 1954 4297 :

382 4350 641 4417 quoniam
669 4348 781 4416 ipsa
808 4346 1084 4400 liberanda
1114 4356 1197 4398 est
1229 4357 1257 4396 a
1283 4340 1545 4395 servitute
1572 4336 1958 4408 corruptionis,

384 4440 438 4493 in
473 4440 740 4509 integram
772 4437 1137 4492 membrorum
1171 4449 1394 4490 suorum
1438 4431 1789 4494 soliditatem,
1825 4438 1878 4484 et
1907 4429 1960 4482 in
2006 4492 2010 4494 ,

2056 1962 2114 2007 ut
2166 1965 2379 2024 putant,
2414 1956 2606 2009 doctor
2655 1954 2932 2021 Socrates,
2968 1953 3294 2009 homicidam
3348 1954 3524 2023 ipsum
3573 1969 3634 2005 se

2053 2047 2332 2116 privatim,
2382 2063 2451 2101 ne
2489 2047 2706 2117 publice
2753 2049 3116 2110 occideretur,
3154 2046 3436 2102 occiderit.
3473 2044 3632 2098 Aliud

2057 2139 2216 2205 longe
2267 2138 2460 2193 beatus
2505 2139 2799 2208 Apostolus
2849 2139 3280 2210 praemeditatum
3315 2138 3545 2191 habebat
3579 2147 3634 2192 et

2054 2231 2331 2298 cognitum
2366 2248 2380 2286 :
2417 2231 2521 2296 Qui
2565 2231 2688 2285 11011
2717 2233 2780 2286 ab
2827 2232 3148 2293 hominibus,
3178 2230 3266 2283 sed
3311 2246 3404 2296 per
3431 2230 3630 2283 revela-

2055 2326 2248 2376 tionem
2297 2323 2512 2376 Domini
2565 2325 2733 2376 nostri
2781 2323 2913 2377 Iesu
2959 2322 3161 2376 Citriin
3196 2321 3403 2388 (Galat.
3444 2320 3632 2390 1,12).

2053 2416 2196 2482 quod
2227 2414 2477 2477 docebat,
2512 2425 2816 2482 acceperat,
2857 2430 2956 2467 nec
2989 2414 3300 2468 Academite
3349 2428 3634 2466 nemoroso

2053 2504 2306 2558 obscuris
2341 2513 2516 2558 tectus
2560 2505 2912 2570 mnbraculis,
2945 2505 3039 2558 sed
3078 2503 3285 2558 cu-lesti
3337 2502 3635 2558 illustratus

2057 2593 2265 2645 lumine
2302 2611 2314 2646 :
2353 2609 2450 2647 uec
2495 2594 2546 2646 111
2586 2593 2710 2648 ludo
2755 2594 2938 2663 aliquo
2968 2595 3296 2648 litteratorio
3327 2595 3467 2648 inter
3502 2609 3634 2662 pue-

2054 2685 2205 2738 rulos
2236 2685 2559 2748 oscitantes,
2602 2686 2693 2739 sed
2749 2685 2803 2738 in
2859 2686 3018 2739 tertio
3052 2686 3188 2739 ccelo
3240 2687 3382 2738 inter
3418 2685 3637 2754 angelos

2057 2787 2413 2833 coruscantes
2439 2776 2705 2840 imbutus,
2735 2778 2786 2831 in
2815 2787 3182 2846 contemptum
3207 2779 3326 2831 vita:
3350 2778 3636 2847 prteseutis

2055 2875 2326 2927 exclamat
2357 2890 2372 2929 :
2403 2873 2535 2928 Mihi
2571 2875 2736 2928 vivere
2781 2873 3028 2928 Christus
3058 2883 3154 2936 est,
3190 2885 3236 2928 et
3267 2877 3402 2928 ntori
3431 2874 3636 2927 lucrum

2059 2965 2314 3036 (Philipp.
2355 2983 2394 3033 t,
2427 2967 2540 3035 21).
2573 2967 2687 3022 Non
2719 2978 2865 3022 certe
2901 2984 3114 3021 murum
3152 2968 3220 3022 de
3249 2983 3358 3037 quo
3402 2984 3460 3022 se
3495 2983 3634 3037 prae-

2057 3059 2247 3126 cipitet
2291 3061 2357 3112 ad
2408 3069 2660 3126 mortem,
2710 3059 2802 3113 sed
2855 3059 3134 3114 Christum
3188 3059 3497 3122 Dominum,
3541 3073 3637 3126 per

2059 3165 2218 3219 quem
2261 3152 2361 3205 hoc
2410 3153 2640 3204 mortale
2680 3151 2746 3205 ab
2797 3151 3209 3206 immortalitate
3253 3151 3635 3216 absorbeatur,

2061 3242 2306 3312 inquirit.
2341 3242 2552 3296 Etenim
2586 3243 2838 3312 intelligit
2863 3243 2912 3296 ei
2957 3243 3166 3297 lucrum
3201 3258 3320 3298 esse
3348 3243 3511 3308 mori,
3546 3243 3636 3298 cui

2059 3337 2126 3388 sit
2161 3335 2270 3388 vita
2306 3334 2488 3389 futura
2538 3349 2660 3389 cum
2711 3335 2950 3390 Christo.
3001 3334 3131 3390 Sine
3187 3335 3412 3390 Domino
3455 3348 3638 3390 autem

2061 3426 2192 3481 nihil
2223 3428 2462 3496 prodest,
2492 3427 2706 3482 etiamsi
2735 3434 2907 3480 totum
2939 3429 3195 3481 mundum
3229 3427 3491 3490 lucretur,
3523 3426 3640 3480 ani-

2062 3536 2162 3574 mae
2193 3530 2372 3575 autem
2402 3535 2513 3575 suae
2538 3520 2921 3575 detrimentum
2950 3535 3073 3575 esse
3104 3537 3408 3589 passurum.
3439 3521 3639 3574 Crede-

2063 3611 2153 3662 bat
2183 3609 2347 3679 igitur
2384 3610 2467 3664 vir
2517 3609 2628 3675 ille,
2663 3626 2760 3666 vas
2803 3611 3105 3674 electionis,
3135 3626 3196 3666 se
3228 3627 3320 3680 per
3363 3609 3638 3664 Christum

2061 3699 2347 3755 Dominum
2395 3711 2640 3758 nostrum
2682 3704 2749 3757 de
2795 3709 2898 3757 hac
2945 3713 3123 3767 terra,
3197 3717 3316 3768 qua:
3364 3716 3639 3770 nunquam

2063 3794 2184 3848 sine
2218 3808 2386 3848 usura
2422 3794 2601 3849 reddit
2646 3796 2789 3864 quod
2834 3795 3036 3862 accipit
3067 3811 3082 3848 :
3109 3794 3202 3848 sed
3255 3795 3355 3846 alia
3407 3794 3640 3857 minore,

2064 3889 2168 3943 alia
2201 3887 2524 3958 plerumque
2560 3889 2763 3956 majore
2801 3901 2922 3938 cum
2955 3885 3142 3938 fenore
3172 3901 3185 3939 :
3217 3894 3272 3936 ut
3305 3885 3639 3937 tricesimum

2063 3990 2117 4036 et
2163 3983 2556 4048 sexagesimum
2611 3988 2665 4034 et
2715 3979 3102 4040 centesimum,
3145 3976 3370 4030 Domino
3423 3976 3538 4044 ipso
3583 3976 3639 4029 111

2064 4073 2358 4143 Evangelia
2393 4072 2634 4139 germina
2662 4086 2781 4140 quae
2815 4071 3155 4140 plantaverat
3183 4068 3260 4123 sic
3292 4067 3500 4136 legente
3528 4084 3542 4121 :
3575 4066 3642 4120 de

2063 4181 2166 4236 qua
2207 4175 2373 4233 terra,
2413 4164 2577 4218 etiam
2612 4164 2834 4224 veritas.
2870 4178 3033 4232 quam
3075 4161 3280 4214 Pilatus
3313 4159 3593 4230 ignorabat
3627 4173 3644 4215 ;

2067 4271 2228 4326 quam
2260 4271 2422 4309 nemo
2455 4254 2645 4324 utique
2677 4252 2984 4322 principum
3031 4249 3196 4319 hujus
3243 4248 3422 4302 saeculi
3465 4245 3595 4299 vidit
3626 4259 3644 4300 :

2070 4347 2129 4403 Si
2175 4349 2312 4402 enim
2363 4347 2761 4417 cognouissent,
2812 4357 3078 4412 nunquam
3128 4339 3412 4392 Dominum
3462 4335 3648 4405 gloria:

2067 4439 2453 4508 cruciﬁxissent
2487 4434 2538 4506 (1
2573 4434 2698 4490 Cor.
2748 4450 2819 4499 11,
2875 4433 2928 4503 8)
2960 4449 2974 4486 :
3004 4432 3072 4486 de
3111 4431 3257 4499 ipsa,
3308 4428 3557 4496 inquam,
3589 4440 3648 4479 se

387 4540 588 4585 statum
666 4527 1084 4596 pulchritudinis
1143 4524 1504 4591 decoremque
1564 4519 1956 4574 renovandum.

2071 4529 2365 4600 Apostolus
2413 4527 2861 4582 translormatum
2892 4525 3103 4593 corpori
3134 4520 3398 4577 claritatis
3433 4517 3649 4574 Domini

389 4623 561 4688 Quem
619 4621 745 4675 talis
789 4618 1048 4689 cogitatio
1093 4633 1198 4670 non
1249 4630 1373 4669 cum
1426 4614 1786 4668 admiratione
1820 4613 1966 4666 dele-

386 4717 536 4772 ctet’
572 4713 874 4783 Reliquias,
905 4713 1145 4780 inquam,
1175 4723 1469 4778 corporum
1506 4716 1837 4769 nostrorum,
1875 4713 1968 4759 aut

387 4810 567 4864 nullas
618 4817 711 4860 aut
766 4804 1022 4859 minimas
1071 4813 1237 4866 certe,
1286 4811 1339 4855 et
1387 4799 1896 4869 quantulascuuque
1947 4815 1963 4853 :

389 4909 629 4954 attamen
662 4897 935 4961 sordidas,
969 4906 1020 4948 et
1051 4893 1216 4947 animi
1257 4908 1532 4959 nunquam
1565 4893 1683 4945 sine
1743 4893 1970 4945 horrore

390 4991 690 5060 inspectas,
717 4989 948 5043 insuum
983 4988 1178 5041 iterum
1209 4986 1509 5045 hominem,
1547 5001 1652 5038 non
1689 4993 1746 5038 ut
1775 4983 1972 5055 Pytha-

390 5096 554 5151 goras
584 5081 850 5133 mentiens
885 5087 940 5133 et
989 5077 1229 5133 delirans
1263 5077 1316 5129 in
1357 5074 1647 5143 Euphorbo
1681 5089 1802 5129 esse
1845 5089 1968 5130 010-

391 5178 571 5235 datur,
601 5172 694 5227 sed
725 5178 776 5225 in
815 5172 1092 5242 proprium
1123 5184 1278 5224 suum
1309 5184 1506 5238 corpus
1541 5181 1595 5222 et
1628 5183 1844 5235 nomen,
1876 5183 1972 5237 per

389 5279 537 5326 ossa,
568 5273 624 5317 et
656 5279 872 5326 nervos,
908 5278 1003 5332 per
1035 5253 1238 5326 venas,‘
1260 5275 1356 5330 per
1383 5269 1576 5314 cuncta
1616 5260 1818 5323 vitalia,
1861 5275 1969 5314 0011

391 5359 554 5409 1110110
585 5356 866 5419 artuatim,
896 5369 1081 5408 verum
1113 5354 1277 5408 etiam
1315 5351 1642 5405 articulatim
1695 5367 1974 5421 recompa-

391 5448 709 5518 ginandum.
744 5449 858 5500 Hoc
891 5457 1070 5501 autern
1107 5461 1210 5499 non
1245 5453 1329 5499 e’st
1359 5454 1669 5514 angustum,
1700 5458 1824 5498 cum
1853 5459 1973 5496 om-

391 5539 545 5591 nimu
580 5537 662 5591 vel
694 5536 932 5608 frugum,
961 5537 1048 5590 vel
1095 5537 1346 5605 stirpium
1398 5537 1628 5600 semina,
1679 5536 1884 5604 majora
1919 5544 1974 5588 et

389 5628 705 5698 pulchriora
745 5630 797 5682 in
857 5627 1196 5697 graminibus
1234 5626 1476 5700 redeant,
1512 5642 1675 5696 quam
1723 5627 1776 5680 in
1827 5636 1972 5680 terra

395 5723 483 5774 vel
514 5722 583 5775 ab
615 5723 924 5777 hominibus
953 5730 1068 5776 sata
1103 5729 1250 5787 sunt,
1281 5722 1364 5775 vel
1395 5735 1492 5774 sua
1528 5728 1725 5789 sponte
1757 5719 1975 5775 cecide-

396 5821 545 5866 runt.
571 5811 702 5878 Quis
727 5829 831 5868 non
859 5810 1116 5867 seminari
1153 5827 1211 5866 se
1240 5810 1291 5863 in
1326 5818 1493 5872 terra,
1524 5819 1580 5862 111
1611 5809 1684 5862 ita
1716 5809 1974 5877 dixerim,

2068 4622 2125 4676 in
2151 4619 2383 4674 lucentia
2414 4617 2657 4672 membra
2689 4617 2985 4670 rediturum
3015 4615 3092 4666 ait
3119 4610 3206 4680 (Il
3236 4609 3365 4665 Cor.
3394 4623 3476 4672 111,
3514 4607 3602 4678 18)
3631 4624 3646 4661 :

2068 4729 2166 4784 per
2191 4711 2540 4766 Salomonem
2568 4722 2786 4778 quoque
2813 4707 2956 4761 istud
2983 4703 3249 4774 sapientia
3278 4701 3648 4772 promittente,

2070 4823 2195 4862 cum
2245 4807 2419 4859 dicit:
2462 4801 2764 4871 Fulgebunt
2800 4800 2959 4867 justi,
3004 4810 3053 4854 et
3107 4807 3360 4867 tanquam
3406 4793 3654 4849 scintilla

2071 4900 2127 4952 in
2159 4898 2476 4952 arundineto
2507 4896 2826 4948 discurrent.
2861 4892 2929 4946 Et
2973 4892 3096 4946 ideo
3142 4893 3192 4944 111
3242 4891 3381 4944 11000
3414 4902 3597 4941 vocem
3631 4903 3648 4940 :

2076 4990 2210 5044 Mihi
2249 4990 2413 5043 virere
2463 4988 2700 5039 Christus
2736 4994 2813 5038 est
2863 4983 3118 5055 (Philipp.
3155 4999 3208 5047 t,
3251 4981 3379 5050 21),
3425 4993 3666 5033 securus

2072 5081 2275 5152 erupit,
2312 5081 2364 5134 in
2412 5095 2514 5149 qua
2564 5080 2751 5148 utique
2781 5070 2901 5147 quae
2949 5077 3169 5132 luerunt
3214 5075 3404 5129 merita
3443 5070 3654 5123 victura

2077 5185 2252 5228 sunt:
2285 5172 2376 5240 qui
2428 5180 2608 5225 autem
2662 5170 2849 5240 longe,
2903 5178 2958 5221 ut
3010 5168 3423 5236 ignoraverunt,
3479 5163 3550 5213 ita
3601 5169 3655 5212 ct

2079 5266 2496 5334 ignorabuntur.
2533 5261 2689 5318 Nunc
2735 5263 2780 5317 si
2816 5262 3048 5327 videtur,
3098 5259 3225 5328 quid
3261 5256 3526 5310 sententia
3564 5253 3654 5306 illa

2079 5356 2422 5413 Salomonica
2507 5354 2860 5426 promiserit,
2924 5347 3299 5421 iuquiramus?
3357 5344 3656 5415 Fulgcbttnt

2071 5450 2229 5520 justi,
2268 5458 2314 5502 et
2351 5457 2602 5515 tanquam
2635 5445 2881 5499 scintilla:
2923 5446 2976 5497 in
3009 5443 3325 5494 arundineto
3357 5440 3658 5490 discurrant

2081 5536 2234 5610 (Sap.
2268 5554 2345 5600 111,
2385 5536 2448 5604 7;
2484 5535 2673 5589 Matth.
2713 5550 2830 5596 xui,
2865 5534 2978 5599 45).
3028 5531 3168 5596 Quid
3221 5541 3304 5585 eSt
3349 5539 3408 5583 ut
3457 5530 3657 5596 quibus

2079 5627 2422 5682 ﬂammarum
2477 5627 2700 5680 claritas
2749 5624 3108 5686 condonatur,
3148 5623 3231 5674 his
3287 5633 3391 5675 tam
3443 5619 3662 5673 humilis

2083 5721 2234 5775 locus
2281 5720 2371 5773 ubi
2419 5719 2749 5783 discurrant,
2799 5726 2850 5769 et
2891 5714 3134 5782 abjectus
3180 5715 3426 5777 olfertur,
3464 5724 3520 5765 ut
3553 5711 3659 5766 loci

2081 5805 2337 5884 despectu
2379 5814 2696 5868 decrescere
2739 5810 3044 5872 vidcantur,
3088 5810 3178 5878 qui
3217 5821 3500 5877 corporum
3541 5807 3663 5860 luce
