  <div class='ocr_page' id='page_1' title='image "/cluster/home/n/w/nwhite01/storage/ocr_20150623/30/hvd.32044096580527/051.png"; bbox 0 0 4054 6206; ppageno 0'>
   <div class='ocr_carea' id='block_1_1' title="bbox 410 304 3676 374">
    <p class='ocr_par' dir='ltr' id='par_1_1' title="bbox 410 304 3676 374">
     <span class='ocr_line' id='line_1_1' title="bbox 410 304 3676 374; baseline 0.002 -8"><span class='ocrx_word' id='word_1_1' title='bbox 410 304 470 367; x_wconf 83' lang='grc'><strong>91</strong></span> <span class='ocrx_word' id='word_1_2' title='bbox 1354 306 1423 369; x_wconf 90' lang='lat' dir='ltr'><strong>S.</strong></span> <span class='ocrx_word' id='word_1_3' title='bbox 1459 304 1912 369; x_wconf 80' lang='lat' dir='ltr'><strong>HIERONYMI</strong></span> <span class='ocrx_word' id='word_1_4' title='bbox 1949 307 2273 371; x_wconf 78' lang='lat' dir='ltr'><strong>OPERUM</strong></span> <span class='ocrx_word' id='word_1_5' title='bbox 2316 309 2724 372; x_wconf 70' lang='lat' dir='ltr'><strong>MANTISSA.</strong></span> <span class='ocrx_word' id='word_1_6' title='bbox 3603 311 3676 374; x_wconf 72' lang='lat'><strong><em>92</em></strong></span> 
     </span>
    </p>
   </div>
   <div class='ocr_carea' id='block_1_2' title="bbox 411 423 3676 504">
    <p class='ocr_par' dir='ltr' id='par_1_2' title="bbox 411 423 3676 504">
     <span class='ocr_line' id='line_1_2' title="bbox 411 423 3676 504; baseline 0.002 -22"><span class='ocrx_word' id='word_1_7' title='bbox 411 425 746 482; x_wconf 85' lang='lat' dir='ltr'><strong>creverunt?</strong></span> <span class='ocrx_word' id='word_1_8' title='bbox 775 423 913 493; x_wconf 82' lang='lat' dir='ltr'><strong>Quid</strong></span> <span class='ocrx_word' id='word_1_9' title='bbox 942 431 1045 492; x_wconf 89' lang='lat' dir='ltr'><strong>est,</strong></span> <span class='ocrx_word' id='word_1_10' title='bbox 1079 423 1322 493; x_wconf 85' lang='lat' dir='ltr'><strong>inquam,</strong></span> <span class='ocrx_word' id='word_1_11' title='bbox 1348 424 1680 497; x_wconf 60' lang='lat' dir='ltr'><strong>quod‘astris</strong></span> <span class='ocrx_word' id='word_1_12' title='bbox 1711 443 1807 497; x_wconf 87' lang='lat' dir='ltr'><strong>per</strong></span> <span class='ocrx_word' id='word_1_13' title='bbox 1831 443 1996 484; x_wconf 89' lang='lat' dir='ltr'><strong>arun-</strong></span> <span class='ocrx_word' id='word_1_14' title='bbox 2032 448 2067 503; x_wconf 67' lang='grc' dir='ltr'>Α</span> <span class='ocrx_word' id='word_1_15' title='bbox 2100 431 2254 485; x_wconf 90' lang='lat' dir='ltr'><strong>Tunc</strong></span> <span class='ocrx_word' id='word_1_16' title='bbox 2285 447 2370 495; x_wconf 83' lang='lat' dir='ltr'><strong>ea,</strong></span> <span class='ocrx_word' id='word_1_17' title='bbox 2404 446 2523 501; x_wconf 65' lang='lat' dir='ltr'><strong>qua;</strong></span> <span class='ocrx_word' id='word_1_18' title='bbox 2556 434 2624 486; x_wconf 88' lang='lat' dir='ltr'><strong>de</strong></span> <span class='ocrx_word' id='word_1_19' title='bbox 2655 432 2750 486; x_wconf 91' lang='lat' dir='ltr'><strong>fun</strong></span> <span class='ocrx_word' id='word_1_20' title='bbox 2774 431 3014 489; x_wconf 72' lang='lat' dir='ltr'><strong>Iamcnlo</strong></span> <span class='ocrx_word' id='word_1_21' title='bbox 3045 433 3156 497; x_wconf 91' lang='lat' dir='ltr'><strong>illo,</strong></span> <span class='ocrx_word' id='word_1_22' title='bbox 3192 432 3348 504; x_wconf 80' lang='lat' dir='ltr'><strong><em>quale</em></strong></span> <span class='ocrx_word' id='word_1_23' title='bbox 3383 431 3531 489; x_wconf 83' lang='lat' dir='ltr'><strong>aliud</strong></span> <span class='ocrx_word' id='word_1_24' title='bbox 3574 450 3676 487; x_wconf 80' lang='lat' dir='ltr'><strong>non</strong></span> 
     </span>
    </p>
   </div>
   <div class='ocr_carea' id='block_1_3' title="bbox 410 517 1990 585">
    <p class='ocr_par' dir='ltr' id='par_1_3' title="bbox 410 517 1990 585">
     <span class='ocr_line' id='line_1_3' title="bbox 410 517 1990 585; baseline 0.003 -17"><span class='ocrx_word' id='word_1_25' title='bbox 410 524 595 572; x_wconf 83' lang='lat' dir='ltr'><strong>dinela</strong></span> <span class='ocrx_word' id='word_1_26' title='bbox 642 518 940 585; x_wconf 86' lang='lat' dir='ltr'><strong>comparati</strong></span> <span class='ocrx_word' id='word_1_27' title='bbox 989 517 1330 580; x_wconf 77' lang='lat' dir='ltr'><strong>volitabunt,</strong></span> <span class='ocrx_word' id='word_1_28' title='bbox 1363 527 1417 573; x_wconf 87' lang='lat' dir='ltr'><strong>et</strong></span> <span class='ocrx_word' id='word_1_29' title='bbox 1462 518 1519 573; x_wconf 92' lang='lat' dir='ltr'><strong>in</strong></span> <span class='ocrx_word' id='word_1_30' title='bbox 1567 519 1767 573; x_wconf 78' lang='lat' dir='ltr'><strong>siderei</strong></span> <span class='ocrx_word' id='word_1_31' title='bbox 1820 519 1990 573; x_wconf 85' lang='lat' dir='ltr'><strong>forma</strong></span> 
     </span>
    </p>
   </div>
   <div class='ocr_carea' id='block_1_4' title="bbox 411 609 1990 679">
    <p class='ocr_par' dir='ltr' id='par_1_4' title="bbox 411 609 1990 679">
     <span class='ocr_line' id='line_1_4' title="bbox 411 609 1990 679; baseline 0 -15"><span class='ocrx_word' id='word_1_32' title='bbox 411 609 661 679; x_wconf 73' lang='lat' dir='ltr'><strong>fulgoris,</strong></span> <span class='ocrx_word' id='word_1_33' title='bbox 697 610 896 679; x_wconf 85' lang='lat' dir='ltr'><strong>stirpes</strong></span> <span class='ocrx_word' id='word_1_34' title='bbox 930 618 1194 664; x_wconf 87' lang='lat' dir='ltr'><strong>terrarum</strong></span> <span class='ocrx_word' id='word_1_35' title='bbox 1227 610 1563 665; x_wconf 72' lang='lat' dir='ltr'><strong>miserrimas</strong></span> <span class='ocrx_word' id='word_1_36' title='bbox 1590 611 1946 679; x_wconf 85' lang='lat' dir='ltr'><strong>permeabnnt</strong></span> <span class='ocrx_word' id='word_1_37' title='bbox 1973 629 1990 665; x_wconf 88' lang='lat'><strong>:</strong></span> 
     </span>
    </p>
   </div>
   <div class='ocr_carea' id='block_1_5' title="bbox 410 699 1992 770">
    <p class='ocr_par' dir='ltr' id='par_1_5' title="bbox 410 699 1992 770">
     <span class='ocr_line' id='line_1_5' title="bbox 410 699 1992 770; baseline 0.002 -16"><span class='ocrx_word' id='word_1_38' title='bbox 410 716 534 754; x_wconf 92' lang='lat' dir='ltr'><strong>cum</strong></span> <span class='ocrx_word' id='word_1_39' title='bbox 568 701 728 767; x_wconf 82' lang='lat' dir='ltr'><strong>longe</strong></span> <span class='ocrx_word' id='word_1_40' title='bbox 751 701 1047 770; x_wconf 81' lang='lat' dir='ltr'><strong>iurOngrue</strong></span> <span class='ocrx_word' id='word_1_41' title='bbox 1069 703 1423 768; x_wconf 78' lang='lat' dir='ltr'><strong>misceantur,</strong></span> <span class='ocrx_word' id='word_1_42' title='bbox 1447 701 1527 757; x_wconf 91' lang='lat' dir='ltr'><strong>vel</strong></span> <span class='ocrx_word' id='word_1_43' title='bbox 1557 699 1799 769; x_wconf 74' lang='lat' dir='ltr'><strong>fulgores</strong></span> <span class='ocrx_word' id='word_1_44' title='bbox 1823 717 1992 757; x_wconf 60' lang='lat' dir='ltr'><strong>aruno</strong></span> 
     </span>
    </p>
   </div>
   <div class='ocr_carea' id='block_1_6' title="bbox 413 792 1992 864">
    <p class='ocr_par' dir='ltr' id='par_1_6' title="bbox 413 792 1992 864">
     <span class='ocr_line' id='line_1_6' title="bbox 413 792 1992 864; baseline 0.003 -18"><span class='ocrx_word' id='word_1_45' title='bbox 413 793 633 858; x_wconf 84' lang='lat' dir='ltr'><strong>diaetis,</strong></span> <span class='ocrx_word' id='word_1_46' title='bbox 683 792 767 846; x_wconf 77' lang='lat' dir='ltr'><strong>vel</strong></span> <span class='ocrx_word' id='word_1_47' title='bbox 818 796 1141 848; x_wconf 87' lang='lat' dir='ltr'><strong>aruudiueta</strong></span> <span class='ocrx_word' id='word_1_48' title='bbox 1193 794 1537 864; x_wconf 78' lang='lat' dir='ltr'><strong>fulgoribus?</strong></span> <span class='ocrx_word' id='word_1_49' title='bbox 1583 795 1992 861; x_wconf 82' lang='lat' dir='ltr'><strong>Animadverte,</strong></span> 
     </span>
    </p>
   </div>
   <div class='ocr_carea' id='block_1_7' title="bbox 413 884 1991 957">
    <p class='ocr_par' dir='ltr' id='par_1_7' title="bbox 413 884 1991 957">
     <span class='ocr_line' id='line_1_7' title="bbox 413 884 1991 957; baseline 0.004 -20"><span class='ocrx_word' id='word_1_50' title='bbox 413 899 510 939; x_wconf 89' lang='lat' dir='ltr'><strong>oro</strong></span> <span class='ocrx_word' id='word_1_51' title='bbox 547 896 618 947; x_wconf 84' lang='lat' dir='ltr'><strong>te,</strong></span> <span class='ocrx_word' id='word_1_52' title='bbox 652 884 821 940; x_wconf 83' lang='lat' dir='ltr'><strong>divini</strong></span> <span class='ocrx_word' id='word_1_53' title='bbox 851 886 1012 940; x_wconf 85' lang='lat' dir='ltr'><strong>verba</strong></span> <span class='ocrx_word' id='word_1_54' title='bbox 1063 887 1330 957; x_wconf 76' lang='lat' dir='ltr'><strong>mysterii,</strong></span> <span class='ocrx_word' id='word_1_55' title='bbox 1362 887 1446 942; x_wconf 91' lang='lat' dir='ltr'><strong>cui</strong></span> <span class='ocrx_word' id='word_1_56' title='bbox 1478 898 1535 942; x_wconf 92' lang='lat' dir='ltr'><strong>ut</strong></span> <span class='ocrx_word' id='word_1_57' title='bbox 1563 904 1669 944; x_wconf 91' lang='lat' dir='ltr'><strong>non</strong></span> <span class='ocrx_word' id='word_1_58' title='bbox 1703 890 1767 944; x_wconf 90' lang='lat' dir='ltr'><strong>de</strong></span> <span class='ocrx_word' id='word_1_59' title='bbox 1794 888 1991 955; x_wconf 87' lang='lat' dir='ltr'><strong>bobus,</strong></span> 
     </span>
    </p>
   </div>
   <div class='ocr_carea' id='block_1_8' title="bbox 415 978 1994 1047">
    <p class='ocr_par' dir='ltr' id='par_1_8' title="bbox 415 978 1994 1047">
     <span class='ocr_line' id='line_1_8' title="bbox 415 978 1994 1047; baseline 0.004 -16"><span class='ocrx_word' id='word_1_60' title='bbox 415 978 490 1031; x_wconf 88' lang='lat' dir='ltr'><strong>ita</strong></span> <span class='ocrx_word' id='word_1_61' title='bbox 516 993 614 1032; x_wconf 90' lang='lat' dir='ltr'><strong>nec</strong></span> <span class='ocrx_word' id='word_1_62' title='bbox 640 978 707 1032; x_wconf 89' lang='lat' dir='ltr'><strong>de</strong></span> <span class='ocrx_word' id='word_1_63' title='bbox 732 978 1061 1033; x_wconf 83' lang='lat' dir='ltr'><strong>arundineto</strong></span> <span class='ocrx_word' id='word_1_64' title='bbox 1083 994 1214 1034; x_wconf 90' lang='lat' dir='ltr'><strong>cura</strong></span> <span class='ocrx_word' id='word_1_65' title='bbox 1246 989 1350 1047; x_wconf 70' lang='grc' dir='ltr'><strong>εει,</strong></span> <span class='ocrx_word' id='word_1_66' title='bbox 1380 989 1470 1033; x_wconf 91' lang='lat' dir='ltr'><strong>aut</strong></span> <span class='ocrx_word' id='word_1_67' title='bbox 1505 980 1559 1035; x_wconf 91' lang='lat' dir='ltr'><strong>in</strong></span> <span class='ocrx_word' id='word_1_68' title='bbox 1591 981 1994 1037; x_wconf 79' lang='lat' dir='ltr'><strong>resurrectione</strong></span> 
     </span>
    </p>
   </div>
   <div class='ocr_carea' id='block_1_9' title="bbox 411 1068 1991 1144">
    <p class='ocr_par' dir='ltr' id='par_1_9' title="bbox 411 1068 1991 1144">
     <span class='ocr_line' id='line_1_9' title="bbox 411 1068 1991 1144; baseline 0.003 -22"><span class='ocrx_word' id='word_1_69' title='bbox 411 1068 732 1123; x_wconf 80' lang='lat' dir='ltr'><strong>artmditteta</strong></span> <span class='ocrx_word' id='word_1_70' title='bbox 763 1070 890 1139; x_wconf 86' lang='lat' dir='ltr'><strong>quid</strong></span> <span class='ocrx_word' id='word_1_71' title='bbox 923 1070 1149 1136; x_wconf 69' lang='lat' dir='ltr'><strong>faciunt,</strong></span> <span class='ocrx_word' id='word_1_72' title='bbox 1179 1070 1286 1126; x_wconf 90' lang='lat' dir='ltr'><strong>nisi</strong></span> <span class='ocrx_word' id='word_1_73' title='bbox 1325 1073 1472 1138; x_wconf 88' lang='lat' dir='ltr'><strong>quod</strong></span> <span class='ocrx_word' id='word_1_74' title='bbox 1500 1087 1600 1128; x_wconf 90' lang='lat' dir='ltr'><strong>nos</strong></span> <span class='ocrx_word' id='word_1_75' title='bbox 1628 1087 1728 1144; x_wconf 90' lang='lat' dir='ltr'><strong>per</strong></span> <span class='ocrx_word' id='word_1_76' title='bbox 1747 1073 1991 1129; x_wconf 89' lang='lat' dir='ltr'><strong>oumium</strong></span> 
     </span>
    </p>
   </div>
   <div class='ocr_carea' id='block_1_10' title="bbox 411 1159 1993 1235">
    <p class='ocr_par' dir='ltr' id='par_1_10' title="bbox 411 1159 1993 1235">
     <span class='ocr_line' id='line_1_10' title="bbox 411 1159 1993 1235; baseline 0.004 -21"><span class='ocrx_word' id='word_1_77' title='bbox 411 1159 638 1224; x_wconf 85' lang='lat' dir='ltr'><strong>formas,</strong></span> <span class='ocrx_word' id='word_1_78' title='bbox 678 1161 762 1215; x_wconf 89' lang='lat' dir='ltr'><strong>vel</strong></span> <span class='ocrx_word' id='word_1_79' title='bbox 811 1163 1097 1232; x_wconf 89' lang='lat' dir='ltr'><strong>pecudum,</strong></span> <span class='ocrx_word' id='word_1_80' title='bbox 1134 1163 1216 1218; x_wconf 93' lang='lat' dir='ltr'><strong>vel</strong></span> <span class='ocrx_word' id='word_1_81' title='bbox 1264 1164 1516 1235; x_wconf 86' lang='lat' dir='ltr'><strong>stirpium</strong></span> <span class='ocrx_word' id='word_1_82' title='bbox 1566 1165 1772 1221; x_wconf 84' lang='lat' dir='ltr'><strong>laborat</strong></span> <span class='ocrx_word' id='word_1_83' title='bbox 1807 1175 1993 1223; x_wconf 88' lang='lat' dir='ltr'><strong>osten-</strong></span> 
     </span>
    </p>
   </div>
   <div class='ocr_carea' id='block_1_11' title="bbox 410 1252 1993 1324">
    <p class='ocr_par' dir='ltr' id='par_1_11' title="bbox 410 1252 1993 1324">
     <span class='ocr_line' id='line_1_11' title="bbox 410 1252 1993 1324; baseline 0.007 -22"><span class='ocrx_word' id='word_1_84' title='bbox 410 1252 562 1313; x_wconf 84' lang='lat' dir='ltr'><strong>dero,</strong></span> <span class='ocrx_word' id='word_1_85' title='bbox 592 1267 655 1304; x_wconf 82' lang='lat' dir='ltr'><strong>ac</strong></span> <span class='ocrx_word' id='word_1_86' title='bbox 691 1268 788 1323; x_wconf 88' lang='lat' dir='ltr'><strong>per</strong></span> <span class='ocrx_word' id='word_1_87' title='bbox 818 1254 938 1321; x_wconf 91' lang='lat' dir='ltr'><strong>hoc,</strong></span> <span class='ocrx_word' id='word_1_88' title='bbox 974 1262 1030 1307; x_wconf 91' lang='lat' dir='ltr'><strong>ut</strong></span> <span class='ocrx_word' id='word_1_89' title='bbox 1058 1255 1348 1324; x_wconf 81' lang='lat' dir='ltr'><strong>Apostolus</strong></span> <span class='ocrx_word' id='word_1_90' title='bbox 1377 1257 1475 1323; x_wconf 92' lang='lat' dir='ltr'><strong>ait,</strong></span> <span class='ocrx_word' id='word_1_91' title='bbox 1503 1274 1598 1321; x_wconf 85' lang='lat' dir='ltr'><strong>pro</strong></span> <span class='ocrx_word' id='word_1_92' title='bbox 1625 1258 1774 1313; x_wconf 78' lang='lat' dir='ltr'><strong>nobis</strong></span> <span class='ocrx_word' id='word_1_93' title='bbox 1802 1266 1993 1313; x_wconf 84' lang='lat' dir='ltr'><strong>cuncta</strong></span> 
     </span>
    </p>
   </div>
   <div class='ocr_carea' id='block_1_12' title="bbox 412 1342 1992 1419">
    <p class='ocr_par' dir='ltr' id='par_1_12' title="bbox 412 1342 1992 1419">
     <span class='ocr_line' id='line_1_12' title="bbox 412 1342 1992 1419; baseline 0.004 -24"><span class='ocrx_word' id='word_1_94' title='bbox 412 1343 610 1410; x_wconf 79' lang='lat' dir='ltr'><strong>scripta</strong></span> <span class='ocrx_word' id='word_1_95' title='bbox 656 1351 781 1396; x_wconf 82' lang='lat' dir='ltr'><strong>sunt</strong></span> <span class='ocrx_word' id='word_1_96' title='bbox 829 1342 1002 1413; x_wconf 80' lang='lat' dir='ltr'><strong>(Rom.</strong></span> <span class='ocrx_word' id='word_1_97' title='bbox 1037 1361 1130 1412; x_wconf 76' lang='lat' dir='ltr'><strong>xv,</strong></span> <span class='ocrx_word' id='word_1_98' title='bbox 1162 1345 1241 1414; x_wconf 69' lang='grc'><strong>4).</strong></span> <span class='ocrx_word' id='word_1_99' title='bbox 1273 1346 1517 1419; x_wconf 78' lang='lat' dir='ltr'><strong>Intelligo</strong></span> <span class='ocrx_word' id='word_1_100' title='bbox 1542 1364 1638 1419; x_wconf 88' lang='lat' dir='ltr'><strong>per</strong></span> <span class='ocrx_word' id='word_1_101' title='bbox 1683 1347 1992 1404; x_wconf 85' lang='lat' dir='ltr'><strong>arundineti</strong></span> 
     </span>
    </p>
   </div>
   <div class='ocr_carea' id='block_1_13' title="bbox 412 1432 1993 1502">
    <p class='ocr_par' dir='ltr' id='par_1_13' title="bbox 412 1432 1993 1502">
     <span class='ocr_line' id='line_1_13' title="bbox 412 1432 1993 1502; baseline 0.006 -17"><span class='ocrx_word' id='word_1_102' title='bbox 412 1432 699 1502; x_wconf 70' lang='lat' dir='ltr'><strong>imagines,</strong></span> <span class='ocrx_word' id='word_1_103' title='bbox 737 1434 980 1490; x_wconf 83' lang='lat' dir='ltr'><strong>infideles</strong></span> <span class='ocrx_word' id='word_1_104' title='bbox 1009 1435 1258 1495; x_wconf 84' lang='lat' dir='ltr'><strong>homines</strong></span> <span class='ocrx_word' id='word_1_105' title='bbox 1300 1447 1354 1494; x_wconf 91' lang='lat' dir='ltr'><strong>et</strong></span> <span class='ocrx_word' id='word_1_106' title='bbox 1405 1439 1714 1496; x_wconf 89' lang='lat' dir='ltr'><strong>incredulos</strong></span> <span class='ocrx_word' id='word_1_107' title='bbox 1761 1440 1993 1496; x_wconf 84' lang='lat' dir='ltr'><strong>demon-</strong></span> 
     </span>
    </p>
   </div>
   <div class='ocr_carea' id='block_1_14' title="bbox 409 1524 1993 1597">
    <p class='ocr_par' dir='ltr' id='par_1_14' title="bbox 409 1524 1993 1597">
     <span class='ocr_line' id='line_1_14' title="bbox 409 1524 1993 1597; baseline 0.004 -21"><span class='ocrx_word' id='word_1_108' title='bbox 409 1524 574 1577; x_wconf 75' lang='lat' dir='ltr'><strong>strari</strong></span> <span class='ocrx_word' id='word_1_109' title='bbox 606 1540 620 1578; x_wconf 88' lang='lat'>:</span> <span class='ocrx_word' id='word_1_110' title='bbox 650 1539 948 1594; x_wconf 82' lang='lat' dir='ltr'><strong>eorumque</strong></span> <span class='ocrx_word' id='word_1_111' title='bbox 979 1541 1229 1595; x_wconf 86' lang='lat' dir='ltr'><strong>corpora,</strong></span> <span class='ocrx_word' id='word_1_112' title='bbox 1267 1529 1555 1596; x_wconf 80' lang='lat' dir='ltr'><strong>superficie</strong></span> <span class='ocrx_word' id='word_1_113' title='bbox 1579 1536 1732 1597; x_wconf 86' lang='lat' dir='ltr'><strong>grata</strong></span> <span class='ocrx_word' id='word_1_114' title='bbox 1767 1538 1821 1584; x_wconf 89' lang='lat' dir='ltr'><strong>et</strong></span> <span class='ocrx_word' id='word_1_115' title='bbox 1853 1529 1993 1583; x_wconf 85' lang='lat' dir='ltr'><strong>inte-</strong></span> 
     </span>
    </p>
   </div>
   <div class='ocr_carea' id='block_1_15' title="bbox 413 1609 1992 1687">
    <p class='ocr_par' dir='ltr' id='par_1_15' title="bbox 413 1609 1992 1687">
     <span class='ocr_line' id='line_1_15' title="bbox 413 1609 1992 1687; baseline 0.006 -22"><span class='ocrx_word' id='word_1_116' title='bbox 413 1609 552 1667; x_wconf 77' lang='lat' dir='ltr'><strong>rius‘</strong></span> <span class='ocrx_word' id='word_1_117' title='bbox 582 1629 739 1667; x_wconf 74' lang='lat' dir='ltr'><strong>cassa</strong></span> <span class='ocrx_word' id='word_1_118' title='bbox 790 1613 1124 1678; x_wconf 84' lang='lat' dir='ltr'><strong>virtutibus,</strong></span> <span class='ocrx_word' id='word_1_119' title='bbox 1160 1630 1282 1685; x_wconf 74' lang='lat' dir='ltr'><strong>quae</strong></span> <span class='ocrx_word' id='word_1_120' title='bbox 1335 1617 1423 1671; x_wconf 86' lang='lat' dir='ltr'><strong>ubi</strong></span> <span class='ocrx_word' id='word_1_121' title='bbox 1480 1619 1713 1687; x_wconf 89' lang='lat' dir='ltr'><strong>primum</strong></span> <span class='ocrx_word' id='word_1_122' title='bbox 1767 1618 1992 1687; x_wconf 74' lang='lat' dir='ltr'><strong>spiritus</strong></span> 
     </span>
    </p>
   </div>
   <div class='ocr_carea' id='block_1_16' title="bbox 411 1702 1993 1777">
    <p class='ocr_par' dir='ltr' id='par_1_16' title="bbox 411 1702 1993 1777">
     <span class='ocr_line' id='line_1_16' title="bbox 411 1702 1993 1777; baseline 0.007 -21"><span class='ocrx_word' id='word_1_123' title='bbox 411 1705 671 1759; x_wconf 76' lang='lat' dir='ltr'><strong>vanitatis</strong></span> <span class='ocrx_word' id='word_1_124' title='bbox 724 1702 954 1774; x_wconf 72' lang='lat' dir='ltr'><strong>inflauit,</strong></span> <span class='ocrx_word' id='word_1_125' title='bbox 1014 1707 1170 1762; x_wconf 91' lang='lat' dir='ltr'><strong>sibila</strong></span> <span class='ocrx_word' id='word_1_126' title='bbox 1224 1710 1492 1777; x_wconf 81' lang='lat' dir='ltr'><strong>serpentis</strong></span> <span class='ocrx_word' id='word_1_127' title='bbox 1556 1709 1873 1774; x_wconf 81' lang='lat' dir='ltr'><strong>imitentur,</strong></span> <span class='ocrx_word' id='word_1_128' title='bbox 1937 1721 1993 1767; x_wconf 73' lang='lat' dir='ltr'><strong>et</strong></span> 
     </span>
    </p>
   </div>
   <div class='ocr_carea' id='block_1_17' title="bbox 2099 522 3678 597">
    <p class='ocr_par' dir='ltr' id='par_1_17' title="bbox 2099 522 3678 597">
     <span class='ocr_line' id='line_1_17' title="bbox 2099 522 3678 597; baseline 0.002 -21"><span class='ocrx_word' id='word_1_129' title='bbox 2099 534 2266 592; x_wconf 68' lang='lat' dir='ltr'><strong>potest</strong></span> <span class='ocrx_word' id='word_1_130' title='bbox 2303 525 2428 595; x_wconf 87' lang='lat' dir='ltr'><strong>poni</strong></span> <span class='ocrx_word' id='word_1_131' title='bbox 2462 522 2518 592; x_wconf 86' lang='grc' dir='ltr'><strong>(Ι</strong></span> <span class='ocrx_word' id='word_1_132' title='bbox 2547 523 2670 581; x_wconf 88' lang='lat' dir='ltr'><strong>Cor.</strong></span> <span class='ocrx_word' id='word_1_133' title='bbox 2711 541 2791 586; x_wconf 87' lang='lat' dir='ltr'><strong>tn,</strong></span> <span class='ocrx_word' id='word_1_134' title='bbox 2827 525 2938 597; x_wconf 83' lang='grc'><strong>11),</strong></span> <span class='ocrx_word' id='word_1_135' title='bbox 2974 526 3045 583; x_wconf 89' lang='lat' dir='ltr'><strong>ab</strong></span> <span class='ocrx_word' id='word_1_136' title='bbox 3075 541 3401 596; x_wconf 74' lang='lat' dir='ltr'><strong>uinoquoqne</strong></span> <span class='ocrx_word' id='word_1_137' title='bbox 3441 540 3678 596; x_wconf 69' lang='lat' dir='ltr'><strong>superte-</strong></span> 
     </span>
    </p>
   </div>
   <div class='ocr_carea' id='block_1_18' title="bbox 2100 615 3674 686">
    <p class='ocr_par' dir='ltr' id='par_1_18' title="bbox 2100 615 3674 686">
     <span class='ocr_line' id='line_1_18' title="bbox 2100 615 3674 686; baseline 0.001 -17"><span class='ocrx_word' id='word_1_138' title='bbox 2100 615 2317 670; x_wconf 87' lang='lat' dir='ltr'><strong>dilicata</strong></span> <span class='ocrx_word' id='word_1_139' title='bbox 2356 626 2481 670; x_wconf 91' lang='lat' dir='ltr'><strong>sunt</strong></span> <span class='ocrx_word' id='word_1_140' title='bbox 2512 618 2959 686; x_wconf 65' lang='lat' dir='ltr'><strong>prmeminehunt,</strong></span> <span class='ocrx_word' id='word_1_141' title='bbox 2995 627 3053 672; x_wconf 91' lang='lat' dir='ltr'><strong>ut</strong></span> <span class='ocrx_word' id='word_1_142' title='bbox 3081 626 3174 671; x_wconf 85' lang='lat' dir='ltr'><strong>aut</strong></span> <span class='ocrx_word' id='word_1_143' title='bbox 3200 616 3501 672; x_wconf 83' lang='lat' dir='ltr'><strong>mercedem</strong></span> <span class='ocrx_word' id='word_1_144' title='bbox 3532 615 3674 671; x_wconf 59' lang='lat' dir='ltr'><strong>act-i-</strong></span> 
     </span>
    </p>
   </div>
   <div class='ocr_carea' id='block_1_19' title="bbox 2103 706 3677 778">
    <p class='ocr_par' dir='ltr' id='par_1_19' title="bbox 2103 706 3677 778">
     <span class='ocr_line' id='line_1_19' title="bbox 2103 706 3677 778; baseline 0 -16"><span class='ocrx_word' id='word_1_145' title='bbox 2103 708 2251 777; x_wconf 89' lang='lat' dir='ltr'><strong>piat,</strong></span> <span class='ocrx_word' id='word_1_146' title='bbox 2306 706 2400 778; x_wconf 88' lang='lat' dir='ltr'><strong>qui</strong></span> <span class='ocrx_word' id='word_1_147' title='bbox 2459 722 2717 762; x_wconf 86' lang='lat' dir='ltr'><strong>mansura</strong></span> <span class='ocrx_word' id='word_1_148' title='bbox 2770 709 3090 770; x_wconf 85' lang='lat' dir='ltr'><strong>constituit;</strong></span> <span class='ocrx_word' id='word_1_149' title='bbox 3148 719 3240 763; x_wconf 88' lang='lat' dir='ltr'><strong>aut</strong></span> <span class='ocrx_word' id='word_1_150' title='bbox 3290 707 3677 763; x_wconf 87' lang='lat' dir='ltr'><strong>detrimentum</strong></span> 
     </span>
    </p>
   </div>
   <div class='ocr_carea' id='block_1_20' title="bbox 2103 798 3682 871">
    <p class='ocr_par' dir='ltr' id='par_1_20' title="bbox 2103 798 3682 871">
     <span class='ocr_line' id='line_1_20' title="bbox 2103 798 3682 871; baseline 0.004 -22"><span class='ocrx_word' id='word_1_151' title='bbox 2103 799 2362 869; x_wconf 81' lang='lat' dir='ltr'><strong>patiatur,</strong></span> <span class='ocrx_word' id='word_1_152' title='bbox 2394 799 2484 870; x_wconf 87' lang='lat' dir='ltr'><strong>qui</strong></span> <span class='ocrx_word' id='word_1_153' title='bbox 2519 814 2708 854; x_wconf 86' lang='lat' dir='ltr'><strong>arsura</strong></span> <span class='ocrx_word' id='word_1_154' title='bbox 2739 801 3067 855; x_wconf 82' lang='lat' dir='ltr'><strong>construxit.</strong></span> <span class='ocrx_word' id='word_1_155' title='bbox 3095 798 3210 855; x_wconf 71' lang='lat' dir='ltr'><strong>iam</strong></span> <span class='ocrx_word' id='word_1_156' title='bbox 3239 799 3369 871; x_wconf 88' lang='lat' dir='ltr'><strong>quid</strong></span> <span class='ocrx_word' id='word_1_157' title='bbox 3404 800 3492 856; x_wconf 89' lang='lat' dir='ltr'><strong>illa</strong></span> <span class='ocrx_word' id='word_1_158' title='bbox 3528 817 3682 856; x_wconf 84' lang='lat' dir='ltr'><strong>com-</strong></span> 
     </span>
    </p>
   </div>
   <div class='ocr_carea' id='block_1_21' title="bbox 2104 900 3680 962">
    <p class='ocr_par' dir='ltr' id='par_1_21' title="bbox 2104 900 3680 962">
     <span class='ocr_line' id='line_1_21' title="bbox 2104 900 3680 962; baseline 0.001 -18"><span class='ocrx_word' id='word_1_159' title='bbox 2104 906 2396 946; x_wconf 82' lang='lat' dir='ltr'><strong>memorem</strong></span> <span class='ocrx_word' id='word_1_160' title='bbox 2427 905 2545 960; x_wconf 69' lang='lat' dir='ltr'><strong>qum</strong></span> <span class='ocrx_word' id='word_1_161' title='bbox 2579 900 2904 962; x_wconf 79' lang='lat' dir='ltr'><strong>sequuntur,</strong></span> <span class='ocrx_word' id='word_1_162' title='bbox 2931 907 3049 961; x_wconf 64' lang='lat' dir='ltr'><strong>quae</strong></span> <span class='ocrx_word' id='word_1_163' title='bbox 3077 901 3187 945; x_wconf 81' lang='lat' dir='ltr'><strong>tota</strong></span> <span class='ocrx_word' id='word_1_164' title='bbox 3215 901 3528 947; x_wconf 82' lang='lat' dir='ltr'><strong>sanctorum</strong></span> <span class='ocrx_word' id='word_1_165' title='bbox 3555 903 3680 947; x_wconf 89' lang='lat' dir='ltr'><strong>sunt</strong></span> 
     </span>
    </p>
   </div>
   <div class='ocr_carea' id='block_1_22' title="bbox 2100 978 3683 1050">
    <p class='ocr_par' dir='ltr' id='par_1_22' title="bbox 2100 978 3683 1050">
     <span class='ocr_line' id='line_1_22' title="bbox 2100 978 3683 1050; baseline 0.001 -15"><span class='ocrx_word' id='word_1_166' title='bbox 2100 996 2318 1035; x_wconf 84' lang='lat' dir='ltr'><strong>carnem</strong></span> <span class='ocrx_word' id='word_1_167' title='bbox 2355 980 2474 1036; x_wconf 90' lang='lat' dir='ltr'><strong>sine</strong></span> <span class='ocrx_word' id='word_1_168' title='bbox 2506 988 2672 1044; x_wconf 88' lang='lat' dir='ltr'><strong>terra,</strong></span> <span class='ocrx_word' id='word_1_169' title='bbox 2703 995 2899 1050; x_wconf 82' lang='lat' dir='ltr'><strong>corpus</strong></span> <span class='ocrx_word' id='word_1_170' title='bbox 2944 981 3062 1035; x_wconf 87' lang='lat' dir='ltr'><strong>sine</strong></span> <span class='ocrx_word' id='word_1_171' title='bbox 3094 978 3297 1035; x_wconf 87' lang='lat' dir='ltr'><strong>doloris</strong></span> <span class='ocrx_word' id='word_1_172' title='bbox 3340 996 3527 1047; x_wconf 87' lang='lat' dir='ltr'><strong>sensu,</strong></span> <span class='ocrx_word' id='word_1_173' title='bbox 3558 981 3683 1037; x_wconf 83' lang='lat' dir='ltr'><strong>aui-</strong></span> 
     </span>
    </p>
   </div>
   <div class='ocr_carea' id='block_1_23' title="bbox 2101 1069 3682 1135">
    <p class='ocr_par' dir='ltr' id='par_1_23' title="bbox 2101 1069 3682 1135">
     <span class='ocr_line' id='line_1_23' title="bbox 2101 1069 3682 1135; baseline 0.001 -9"><span class='ocrx_word' id='word_1_174' title='bbox 2101 1087 2244 1127; x_wconf 87' lang='lat' dir='ltr'><strong>mam</strong></span> <span class='ocrx_word' id='word_1_175' title='bbox 2276 1071 2395 1126; x_wconf 88' lang='lat' dir='ltr'><strong>sine</strong></span> <span class='ocrx_word' id='word_1_176' title='bbox 2430 1081 2597 1133; x_wconf 89' lang='lat' dir='ltr'><strong>metu,</strong></span> <span class='ocrx_word' id='word_1_177' title='bbox 2634 1069 2798 1125; x_wconf 82' lang='lat' dir='ltr'><strong>vitam</strong></span> <span class='ocrx_word' id='word_1_178' title='bbox 2832 1071 2952 1125; x_wconf 90' lang='lat' dir='ltr'><strong>sine</strong></span> <span class='ocrx_word' id='word_1_179' title='bbox 2993 1069 3120 1135; x_wconf 83' lang='lat' dir='ltr'><strong>line,</strong></span> <span class='ocrx_word' id='word_1_180' title='bbox 3158 1082 3367 1127; x_wconf 70' lang='lat' dir='ltr'><strong>aetatem</strong></span> <span class='ocrx_word' id='word_1_181' title='bbox 3399 1073 3514 1127; x_wconf 91' lang='lat' dir='ltr'><strong>sine</strong></span> <span class='ocrx_word' id='word_1_182' title='bbox 3546 1082 3682 1128; x_wconf 87' lang='lat' dir='ltr'><strong>tent-</strong></span> 
     </span>
    </p>
   </div>
   <div class='ocr_carea' id='block_1_24' title="bbox 2101 1161 3679 1235">
    <p class='ocr_par' dir='ltr' id='par_1_24' title="bbox 2101 1161 3679 1235">
     <span class='ocr_line' id='line_1_24' title="bbox 2101 1161 3679 1235; baseline 0.002 -18"><span class='ocrx_word' id='word_1_183' title='bbox 2101 1178 2266 1235; x_wconf 83' lang='lat' dir='ltr'><strong>pore,</strong></span> <span class='ocrx_word' id='word_1_184' title='bbox 2317 1163 2493 1219; x_wconf 87' lang='lat' dir='ltr'><strong>lucem</strong></span> <span class='ocrx_word' id='word_1_185' title='bbox 2544 1161 2660 1219; x_wconf 82' lang='lat' dir='ltr'><strong>sine</strong></span> <span class='ocrx_word' id='word_1_186' title='bbox 2711 1174 2907 1229; x_wconf 88' lang='lat' dir='ltr'><strong>nocte,</strong></span> <span class='ocrx_word' id='word_1_187' title='bbox 2958 1164 3350 1219; x_wconf 76' lang='lat' dir='ltr'><strong>beatitudinem</strong></span> <span class='ocrx_word' id='word_1_188' title='bbox 3395 1166 3513 1220; x_wconf 86' lang='lat' dir='ltr'><strong>sine</strong></span> <span class='ocrx_word' id='word_1_189' title='bbox 3549 1166 3679 1220; x_wconf 86' lang='lat' dir='ltr'><strong>line.</strong></span> 
     </span>
    </p>
   </div>
   <div class='ocr_carea' id='block_1_25' title="bbox 2100 1253 3682 1325">
    <p class='ocr_par' dir='ltr' id='par_1_25' title="bbox 2100 1253 3682 1325">
     <span class='ocr_line' id='line_1_25' title="bbox 2100 1253 3682 1325; baseline 0.003 -17"><span class='ocrx_word' id='word_1_190' title='bbox 2100 1253 2273 1310; x_wconf 78' lang='lat' dir='ltr'><strong>Video</strong></span> <span class='ocrx_word' id='word_1_191' title='bbox 2307 1253 2624 1319; x_wconf 79' lang='lat' dir='ltr'><strong>hominem,</strong></span> <span class='ocrx_word' id='word_1_192' title='bbox 2680 1265 2736 1308; x_wconf 86' lang='lat' dir='ltr'><strong>et</strong></span> <span class='ocrx_word' id='word_1_193' title='bbox 2792 1255 2843 1308; x_wconf 94' lang='lat' dir='ltr'><strong>in</strong></span> <span class='ocrx_word' id='word_1_194' title='bbox 2885 1254 3106 1311; x_wconf 85' lang='lat' dir='ltr'><strong>homine</strong></span> <span class='ocrx_word' id='word_1_195' title='bbox 3148 1254 3316 1311; x_wconf 81' lang='lat' dir='ltr'><strong>Deum</strong></span> <span class='ocrx_word' id='word_1_196' title='bbox 3366 1272 3384 1312; x_wconf 69' lang='grc' dir='ltr'><strong>ι</strong></span> <span class='ocrx_word' id='word_1_197' title='bbox 3430 1257 3682 1325; x_wconf 81' lang='lat' dir='ltr'><strong>quoniam</strong></span> 
     </span>
    </p>
   </div>
   <div class='ocr_carea' id='block_1_26' title="bbox 2104 1345 3680 1420">
    <p class='ocr_par' dir='ltr' id='par_1_26' title="bbox 2104 1345 3680 1420">
     <span class='ocr_line' id='line_1_26' title="bbox 2104 1345 3680 1420; baseline 0.001 -20"><span class='ocrx_word' id='word_1_198' title='bbox 2104 1348 2243 1402; x_wconf 76' lang='lat' dir='ltr'><strong>Deus</strong></span> <span class='ocrx_word' id='word_1_199' title='bbox 2274 1347 2536 1402; x_wconf 84' lang='lat' dir='ltr'><strong>omniain</strong></span> <span class='ocrx_word' id='word_1_200' title='bbox 2569 1347 2806 1401; x_wconf 78' lang='lat' dir='ltr'><strong>omnibus</strong></span> <span class='ocrx_word' id='word_1_201' title='bbox 2852 1357 2931 1402; x_wconf 83' lang='lat' dir='ltr'><strong>eat</strong></span> <span class='ocrx_word' id='word_1_202' title='bbox 2961 1346 3011 1420; x_wconf 92' lang='lat' dir='ltr'><strong>(I</strong></span> <span class='ocrx_word' id='word_1_203' title='bbox 3052 1345 3175 1403; x_wconf 85' lang='lat' dir='ltr'><strong>Cor.</strong></span> <span class='ocrx_word' id='word_1_204' title='bbox 3212 1363 3301 1415; x_wconf 79' lang='lat' dir='ltr'><strong>xv,</strong></span> <span class='ocrx_word' id='word_1_205' title='bbox 3336 1347 3453 1420; x_wconf 73' lang='grc'><strong>28).</strong></span> <span class='ocrx_word' id='word_1_206' title='bbox 3481 1346 3680 1402; x_wconf 83' lang='lat' dir='ltr'><strong>Totum</strong></span> 
     </span>
    </p>
   </div>
   <div class='ocr_carea' id='block_1_27' title="bbox 2099 1438 3680 1509">
    <p class='ocr_par' dir='ltr' id='par_1_27' title="bbox 2099 1438 3680 1509">
     <span class='ocr_line' id='line_1_27' title="bbox 2099 1438 3680 1509; baseline 0.004 -21"><span class='ocrx_word' id='word_1_207' title='bbox 2099 1438 2360 1509; x_wconf 78' lang='lat' dir='ltr'><strong>quidquid</strong></span> <span class='ocrx_word' id='word_1_208' title='bbox 2403 1454 2542 1493; x_wconf 89' lang='lat' dir='ltr'><strong>nunc</strong></span> <span class='ocrx_word' id='word_1_209' title='bbox 2576 1439 2908 1509; x_wconf 88' lang='lat' dir='ltr'><strong>impossibile</strong></span> <span class='ocrx_word' id='word_1_210' title='bbox 2943 1440 3145 1495; x_wconf 90' lang='lat' dir='ltr'><strong>homini</strong></span> <span class='ocrx_word' id='word_1_211' title='bbox 3180 1441 3444 1505; x_wconf 85' lang='lat' dir='ltr'><strong>cernitur,</strong></span> <span class='ocrx_word' id='word_1_212' title='bbox 3479 1440 3532 1495; x_wconf 89' lang='lat' dir='ltr'><strong>id</strong></span> <span class='ocrx_word' id='word_1_213' title='bbox 3565 1452 3680 1495; x_wconf 89' lang='lat' dir='ltr'><strong>tum</strong></span> 
     </span>
    </p>
   </div>
   <div class='ocr_carea' id='block_1_28' title="bbox 2101 1527 3684 1600">
    <p class='ocr_par' dir='ltr' id='par_1_28' title="bbox 2101 1527 3684 1600">
     <span class='ocr_line' id='line_1_28' title="bbox 2101 1527 3684 1600; baseline 0.001 -19"><span class='ocrx_word' id='word_1_214' title='bbox 2101 1528 2216 1584; x_wconf 84' lang='lat' dir='ltr'><strong>fieri</strong></span> <span class='ocrx_word' id='word_1_215' title='bbox 2271 1544 2369 1597; x_wconf 89' lang='lat' dir='ltr'><strong>per</strong></span> <span class='ocrx_word' id='word_1_216' title='bbox 2421 1527 2846 1583; x_wconf 56' lang='lat' dir='ltr'><strong>munificentiam</strong></span> <span class='ocrx_word' id='word_1_217' title='bbox 2900 1530 3147 1600; x_wconf 87' lang='lat' dir='ltr'><strong>perpetui</strong></span> <span class='ocrx_word' id='word_1_218' title='bbox 3201 1530 3343 1599; x_wconf 85' lang='lat' dir='ltr'><strong>regis</strong></span> <span class='ocrx_word' id='word_1_219' title='bbox 3397 1530 3575 1586; x_wconf 84' lang='lat' dir='ltr'><strong>velare</strong></span> <span class='ocrx_word' id='word_1_220' title='bbox 3626 1536 3684 1584; x_wconf 87' lang='lat' dir='ltr'><strong>et</strong></span> 
     </span>
    </p>
   </div>
   <div class='ocr_carea' id='block_1_29' title="bbox 2101 1619 3680 1691">
    <p class='ocr_par' dir='ltr' id='par_1_29' title="bbox 2101 1619 3680 1691">
     <span class='ocr_line' id='line_1_29' title="bbox 2101 1619 3680 1691; baseline 0.003 -19"><span class='ocrx_word' id='word_1_221' title='bbox 2101 1619 2377 1685; x_wconf 78' lang='lat' dir='ltr'><strong>revelare,</strong></span> <span class='ocrx_word' id='word_1_222' title='bbox 2432 1620 2733 1688; x_wconf 70' lang='lat' dir='ltr'><strong>liquescere</strong></span> <span class='ocrx_word' id='word_1_223' title='bbox 2784 1637 2848 1676; x_wconf 91' lang='lat' dir='ltr'><strong>ac</strong></span> <span class='ocrx_word' id='word_1_224' title='bbox 2902 1620 3233 1689; x_wconf 82' lang='lat' dir='ltr'><strong>resolidare,</strong></span> <span class='ocrx_word' id='word_1_225' title='bbox 3275 1637 3509 1691; x_wconf 86' lang='lat' dir='ltr'><strong>eumque</strong></span> <span class='ocrx_word' id='word_1_226' title='bbox 3563 1622 3680 1677; x_wconf 85' lang='lat' dir='ltr'><strong>fieri</strong></span> 
     </span>
    </p>
   </div>
   <div class='ocr_carea' id='block_1_30' title="bbox 2099 1713 3783 1787">
    <p class='ocr_par' dir='ltr' id='par_1_30' title="bbox 2099 1713 3783 1787">
     <span class='ocr_line' id='line_1_30' title="bbox 2099 1713 3783 1787; baseline 0.005 -23"><span class='ocrx_word' id='word_1_227' title='bbox 2099 1727 2261 1780; x_wconf 81' lang='lat' dir='ltr'><strong>quem</strong></span> <span class='ocrx_word' id='word_1_228' title='bbox 2295 1722 2348 1767; x_wconf 91' lang='lat' dir='ltr'><strong>et</strong></span> <span class='ocrx_word' id='word_1_229' title='bbox 2380 1713 2585 1768; x_wconf 88' lang='lat' dir='ltr'><strong>intrare</strong></span> <span class='ocrx_word' id='word_1_230' title='bbox 2617 1713 2683 1767; x_wconf 88' lang='lat' dir='ltr'><strong>ad</strong></span> <span class='ocrx_word' id='word_1_231' title='bbox 2715 1713 3012 1784; x_wconf 67' lang='lat' dir='ltr'><strong>disvipulos</strong></span> <span class='ocrx_word' id='word_1_232' title='bbox 3045 1725 3300 1770; x_wconf 84' lang='lat' dir='ltr'><strong>concreta</strong></span> <span class='ocrx_word' id='word_1_233' title='bbox 3333 1724 3387 1770; x_wconf 91' lang='lat' dir='ltr'><strong>et</strong></span> <span class='ocrx_word' id='word_1_234' title='bbox 3418 1730 3679 1787; x_wconf 81' lang='lat' dir='ltr'><strong>corporea</strong></span> <span class='ocrx_word' id='word_1_235' title='bbox 3775 1716 3783 1724; x_wconf 82' lang='grc'><em>’</em></span> 
     </span>
    </p>
   </div>
   <div class='ocr_carea' id='block_1_31' title="bbox 408 1800 3680 1877">
    <p class='ocr_par' dir='ltr' id='par_1_31' title="bbox 408 1800 3680 1877">
     <span class='ocr_line' id='line_1_31' title="bbox 408 1800 3680 1877; baseline 0.002 -25"><span class='ocrx_word' id='word_1_236' title='bbox 408 1811 577 1852; x_wconf 79' lang='lat' dir='ltr'><strong>Sanos</strong></span> <span class='ocrx_word' id='word_1_237' title='bbox 630 1808 821 1867; x_wconf 81' lang='lat' dir='ltr'><strong>partus</strong></span> <span class='ocrx_word' id='word_1_238' title='bbox 844 1839 859 1864; x_wconf 94' lang='lat'><strong>,</strong></span> <span class='ocrx_word' id='word_1_239' title='bbox 908 1800 1214 1871; x_wconf 85' lang='lat' dir='ltr'><strong>viperarum</strong></span> <span class='ocrx_word' id='word_1_240' title='bbox 1268 1805 1551 1873; x_wconf 84' lang='lat' dir='ltr'><strong>progenies</strong></span> <span class='ocrx_word' id='word_1_241' title='bbox 1600 1803 1995 1874; x_wconf 78' lang='lat' dir='ltr'><strong>obsequantur.</strong></span> <span class='ocrx_word' id='word_1_242' title='bbox 2031 1813 2071 1869; x_wconf 82' lang='grc' dir='ltr'><strong>Β</strong></span> <span class='ocrx_word' id='word_1_243' title='bbox 2101 1806 2366 1877; x_wconf 79' lang='lat' dir='ltr'><strong>parietum</strong></span> <span class='ocrx_word' id='word_1_244' title='bbox 2400 1805 2787 1876; x_wconf 83' lang='lat' dir='ltr'><strong>valvarumqne</strong></span> <span class='ocrx_word' id='word_1_245' title='bbox 2830 1822 2936 1859; x_wconf 89' lang='lat' dir='ltr'><strong>non</strong></span> <span class='ocrx_word' id='word_1_246' title='bbox 2972 1814 3266 1861; x_wconf 86' lang='lat' dir='ltr'><strong>senserunt</strong></span> <span class='ocrx_word' id='word_1_247' title='bbox 3299 1822 3315 1860; x_wconf 89' lang='lat'><strong>:</strong></span> <span class='ocrx_word' id='word_1_248' title='bbox 3349 1818 3402 1861; x_wconf 90' lang='lat' dir='ltr'><strong>et</strong></span> <span class='ocrx_word' id='word_1_249' title='bbox 3428 1806 3680 1875; x_wconf 85' lang='lat' dir='ltr'><strong>discipuli</strong></span> 
     </span>
    </p>
   </div>
   <div class='ocr_carea' id='block_1_32' title="bbox 412 1889 1992 1968">
    <p class='ocr_par' dir='ltr' id='par_1_32' title="bbox 412 1889 1992 1968">
     <span class='ocr_line' id='line_1_32' title="bbox 412 1889 1992 1968; baseline 0.003 -23"><span class='ocrx_word' id='word_1_250' title='bbox 412 1889 696 1956; x_wconf 70' lang='lat' dir='ltr'><strong>Scintillw,</strong></span> <span class='ocrx_word' id='word_1_251' title='bbox 732 1892 928 1962; x_wconf 86' lang='lat' dir='ltr'><strong>inquit,</strong></span> <span class='ocrx_word' id='word_1_252' title='bbox 965 1897 1018 1947; x_wconf 85' lang='lat' dir='ltr'><strong>iu</strong></span> <span class='ocrx_word' id='word_1_253' title='bbox 1064 1893 1401 1950; x_wconf 78' lang='lat' dir='ltr'><strong>arundinem.</strong></span> <span class='ocrx_word' id='word_1_254' title='bbox 1447 1895 1631 1950; x_wconf 79' lang='lat' dir='ltr'><strong>Sancti</strong></span> <span class='ocrx_word' id='word_1_255' title='bbox 1669 1911 1801 1968; x_wconf 84' lang='lat' dir='ltr'><strong>ergo</strong></span> <span class='ocrx_word' id='word_1_256' title='bbox 1848 1897 1992 1952; x_wconf 84' lang='lat' dir='ltr'><strong>inter</strong></span> 
     </span>
    </p>
   </div>
   <div class='ocr_carea' id='block_1_33' title="bbox 413 1986 1985 2053">
    <p class='ocr_par' dir='ltr' id='par_1_33' title="bbox 413 1986 1985 2053">
     <span class='ocr_line' id='line_1_33' title="bbox 413 1986 1985 2053; baseline 0.004 -18"><span class='ocrx_word' id='word_1_257' title='bbox 413 1996 752 2052; x_wconf 78' lang='lat' dir='ltr'><strong>peccatores,</strong></span> <span class='ocrx_word' id='word_1_258' title='bbox 785 1986 1042 2053; x_wconf 85' lang='lat' dir='ltr'><strong>quoniam</strong></span> <span class='ocrx_word' id='word_1_259' title='bbox 1093 2004 1197 2041; x_wconf 88' lang='lat' dir='ltr'><strong>non</strong></span> <span class='ocrx_word' id='word_1_260' title='bbox 1231 1990 1411 2044; x_wconf 82' lang='lat' dir='ltr'><strong>omnis</strong></span> <span class='ocrx_word' id='word_1_261' title='bbox 1457 2004 1586 2044; x_wconf 88' lang='lat' dir='ltr'><strong>caro</strong></span> <span class='ocrx_word' id='word_1_262' title='bbox 1616 1990 1805 2044; x_wconf 72' lang='lat' dir='ltr'><strong>eadem</strong></span> <span class='ocrx_word' id='word_1_263' title='bbox 1839 2004 1985 2046; x_wconf 91' lang='lat' dir='ltr'><strong>caro.</strong></span> 
     </span>
    </p>
   </div>
   <div class='ocr_carea' id='block_1_34' title="bbox 412 2075 1992 2153">
    <p class='ocr_par' dir='ltr' id='par_1_34' title="bbox 412 2075 1992 2153">
     <span class='ocr_line' id='line_1_34' title="bbox 412 2075 1992 2153; baseline 0.004 -25"><span class='ocrx_word' id='word_1_264' title='bbox 412 2075 479 2129; x_wconf 87' lang='lat' dir='ltr'><strong>In</strong></span> <span class='ocrx_word' id='word_1_265' title='bbox 515 2078 864 2143; x_wconf 71' lang='lat' dir='ltr'><strong>arundinem,</strong></span> <span class='ocrx_word' id='word_1_266' title='bbox 909 2079 1015 2140; x_wconf 86' lang='lat' dir='ltr'><strong>ait,</strong></span> <span class='ocrx_word' id='word_1_267' title='bbox 1050 2079 1102 2133; x_wconf 88' lang='lat' dir='ltr'><strong>id</strong></span> <span class='ocrx_word' id='word_1_268' title='bbox 1139 2090 1252 2145; x_wconf 79' lang='lat' dir='ltr'><strong>est,</strong></span> <span class='ocrx_word' id='word_1_269' title='bbox 1287 2096 1452 2134; x_wconf 82' lang='lat' dir='ltr'><strong>vacua</strong></span> <span class='ocrx_word' id='word_1_270' title='bbox 1490 2082 1612 2137; x_wconf 89' lang='lat' dir='ltr'><strong>luce</strong></span> <span class='ocrx_word' id='word_1_271' title='bbox 1641 2097 1901 2153; x_wconf 86' lang='lat' dir='ltr'><strong>corpora,</strong></span> <span class='ocrx_word' id='word_1_272' title='bbox 1936 2091 1992 2135; x_wconf 88' lang='lat' dir='ltr'><strong>et</strong></span> 
     </span>
    </p>
   </div>
   <div class='ocr_carea' id='block_1_35' title="bbox 412 2169 1993 2243">
    <p class='ocr_par' dir='ltr' id='par_1_35' title="bbox 412 2169 1993 2243">
     <span class='ocr_line' id='line_1_35' title="bbox 412 2169 1993 2243; baseline 0.006 -23"><span class='ocrx_word' id='word_1_273' title='bbox 412 2169 605 2223; x_wconf 79' lang='lat' dir='ltr'><strong>alienis</strong></span> <span class='ocrx_word' id='word_1_274' title='bbox 632 2185 818 2224; x_wconf 68' lang='grc' dir='ltr'>ιιι-διιιό</span> <span class='ocrx_word' id='word_1_275' title='bbox 855 2171 1180 2242; x_wconf 86' lang='lat' dir='ltr'><strong>fulgoribus,</strong></span> <span class='ocrx_word' id='word_1_276' title='bbox 1205 2175 1406 2243; x_wconf 87' lang='lat' dir='ltr'><strong>quibus</strong></span> <span class='ocrx_word' id='word_1_277' title='bbox 1431 2182 1743 2230; x_wconf 88' lang='lat' dir='ltr'><strong>sanctorum</strong></span> <span class='ocrx_word' id='word_1_278' title='bbox 1772 2173 1993 2229; x_wconf 76' lang='lat' dir='ltr'><strong>claritas</strong></span> 
     </span>
    </p>
   </div>
   <div class='ocr_carea' id='block_1_36' title="bbox 410 2263 1992 2337">
    <p class='ocr_par' dir='ltr' id='par_1_36' title="bbox 410 2263 1992 2337">
     <span class='ocr_line' id='line_1_36' title="bbox 410 2263 1992 2337; baseline 0.002 -23"><span class='ocrx_word' id='word_1_279' title='bbox 410 2263 588 2315; x_wconf 84' lang='lat' dir='ltr'><strong>futura</strong></span> <span class='ocrx_word' id='word_1_280' title='bbox 627 2278 723 2331; x_wconf 92' lang='lat' dir='ltr'><strong>pro</strong></span> <span class='ocrx_word' id='word_1_281' title='bbox 759 2278 919 2333; x_wconf 74' lang='lat' dir='ltr'><strong>pmna</strong></span> <span class='ocrx_word' id='word_1_282' title='bbox 968 2276 1052 2321; x_wconf 89' lang='lat' dir='ltr'><strong>est</strong></span> <span class='ocrx_word' id='word_1_283' title='bbox 1081 2283 1095 2322; x_wconf 88' lang='lat'><strong>:</strong></span> <span class='ocrx_word' id='word_1_284' title='bbox 1127 2267 1383 2335; x_wconf 84' lang='lat' dir='ltr'><strong>quoniam</strong></span> <span class='ocrx_word' id='word_1_285' title='bbox 1432 2265 1574 2321; x_wconf 88' lang='lat' dir='ltr'><strong>Deus</strong></span> <span class='ocrx_word' id='word_1_286' title='bbox 1623 2267 1763 2337; x_wconf 83' lang='lat' dir='ltr'><strong>ignis</strong></span> <span class='ocrx_word' id='word_1_287' title='bbox 1793 2281 1992 2321; x_wconf 82' lang='lat' dir='ltr'><strong>consu-</strong></span> 
     </span>
    </p>
   </div>
   <div class='ocr_carea' id='block_1_37' title="bbox 410 2356 1991 2428">
    <p class='ocr_par' dir='ltr' id='par_1_37' title="bbox 410 2356 1991 2428">
     <span class='ocr_line' id='line_1_37' title="bbox 410 2356 1991 2428; baseline 0.006 -25"><span class='ocrx_word' id='word_1_288' title='bbox 410 2370 563 2409; x_wconf 79' lang='lat' dir='ltr'><strong>mens</strong></span> <span class='ocrx_word' id='word_1_289' title='bbox 606 2365 709 2418; x_wconf 86' lang='lat' dir='ltr'><strong>est,</strong></span> <span class='ocrx_word' id='word_1_290' title='bbox 741 2365 795 2407; x_wconf 82' lang='lat' dir='ltr'><strong>et.</strong></span> <span class='ocrx_word' id='word_1_291' title='bbox 832 2356 967 2427; x_wconf 85' lang='lat' dir='ltr'><strong>justi</strong></span> <span class='ocrx_word' id='word_1_292' title='bbox 1009 2360 1061 2411; x_wconf 87' lang='lat' dir='ltr'><strong>in</strong></span> <span class='ocrx_word' id='word_1_293' title='bbox 1101 2357 1391 2428; x_wconf 81' lang='lat' dir='ltr'><strong>imaginem</strong></span> <span class='ocrx_word' id='word_1_294' title='bbox 1427 2359 1647 2414; x_wconf 86' lang='lat' dir='ltr'><strong>deitatis</strong></span> <span class='ocrx_word' id='word_1_295' title='bbox 1681 2356 1991 2413; x_wconf 88' lang='lat' dir='ltr'><strong>advenient.</strong></span> 
     </span>
    </p>
   </div>
   <div class='ocr_carea' id='block_1_38' title="bbox 412 2445 1995 2520">
    <p class='ocr_par' dir='ltr' id='par_1_38' title="bbox 412 2445 1995 2520">
     <span class='ocr_line' id='line_1_38' title="bbox 412 2445 1995 2520; baseline 0.003 -21"><span class='ocrx_word' id='word_1_296' title='bbox 412 2445 563 2500; x_wconf 73' lang='lat' dir='ltr'><strong>Fecit</strong></span> <span class='ocrx_word' id='word_1_297' title='bbox 593 2449 731 2501; x_wconf 85' lang='lat' dir='ltr'><strong>enim</strong></span> <span class='ocrx_word' id='word_1_298' title='bbox 761 2448 902 2502; x_wconf 79' lang='lat' dir='ltr'><strong>Deus</strong></span> <span class='ocrx_word' id='word_1_299' title='bbox 930 2448 1214 2516; x_wconf 82' lang='lat' dir='ltr'><strong>hominem,</strong></span> <span class='ocrx_word' id='word_1_300' title='bbox 1244 2448 1315 2502; x_wconf 83' lang='lat' dir='ltr'><strong>ad</strong></span> <span class='ocrx_word' id='word_1_301' title='bbox 1355 2451 1637 2517; x_wconf 82' lang='lat' dir='ltr'><strong>imaginem</strong></span> <span class='ocrx_word' id='word_1_302' title='bbox 1679 2465 1831 2505; x_wconf 79' lang='lat' dir='ltr'><strong>suam</strong></span> <span class='ocrx_word' id='word_1_303' title='bbox 1871 2449 1995 2520; x_wconf 75' lang='lat' dir='ltr'><strong>fecit</strong></span> 
     </span>
    </p>
   </div>
   <div class='ocr_carea' id='block_1_39' title="bbox 411 2538 1994 2611">
    <p class='ocr_par' dir='ltr' id='par_1_39' title="bbox 411 2538 1994 2611">
     <span class='ocr_line' id='line_1_39' title="bbox 411 2538 1994 2611; baseline 0.003 -19"><span class='ocrx_word' id='word_1_304' title='bbox 411 2538 565 2592; x_wconf 72' lang='lat' dir='ltr'><strong>iitum</strong></span> <span class='ocrx_word' id='word_1_305' title='bbox 614 2538 768 2611; x_wconf 83' lang='lat' dir='ltr'><strong>(Gen.</strong></span> <span class='ocrx_word' id='word_1_306' title='bbox 800 2556 839 2604; x_wconf 83' lang='grc' dir='ltr'>ι,</span> <span class='ocrx_word' id='word_1_307' title='bbox 874 2539 968 2602; x_wconf 77' lang='grc'><strong>27)</strong></span> <span class='ocrx_word' id='word_1_308' title='bbox 1000 2558 1014 2595; x_wconf 87' lang='lat'><strong>:</strong></span> <span class='ocrx_word' id='word_1_309' title='bbox 1047 2551 1101 2595; x_wconf 89' lang='lat' dir='ltr'><strong>et</strong></span> <span class='ocrx_word' id='word_1_310' title='bbox 1129 2542 1427 2610; x_wconf 84' lang='lat' dir='ltr'><strong>Apostolus</strong></span> <span class='ocrx_word' id='word_1_311' title='bbox 1475 2550 1707 2598; x_wconf 85' lang='lat' dir='ltr'><strong>testatur</strong></span> <span class='ocrx_word' id='word_1_312' title='bbox 1748 2541 1994 2609; x_wconf 86' lang='lat' dir='ltr'><strong>credere,</strong></span> 
     </span>
    </p>
   </div>
   <div class='ocr_carea' id='block_1_40' title="bbox 410 2631 1996 2701">
    <p class='ocr_par' dir='ltr' id='par_1_40' title="bbox 410 2631 1996 2701">
     <span class='ocr_line' id='line_1_40' title="bbox 410 2631 1996 2701; baseline 0.003 -16"><span class='ocrx_word' id='word_1_313' title='bbox 410 2646 491 2694; x_wconf 86' lang='lat' dir='ltr'><strong>se,</strong></span> <span class='ocrx_word' id='word_1_314' title='bbox 523 2635 667 2701; x_wconf 84' lang='lat' dir='ltr'><strong>quod</strong></span> <span class='ocrx_word' id='word_1_315' title='bbox 706 2631 780 2687; x_wconf 90' lang='lat' dir='ltr'><strong>illi</strong></span> <span class='ocrx_word' id='word_1_316' title='bbox 809 2632 1004 2688; x_wconf 77' lang='lat' dir='ltr'><strong>similis</strong></span> <span class='ocrx_word' id='word_1_317' title='bbox 1031 2633 1102 2688; x_wconf 91' lang='lat' dir='ltr'><strong>sit</strong></span> <span class='ocrx_word' id='word_1_318' title='bbox 1129 2632 1362 2689; x_wconf 88' lang='lat' dir='ltr'><strong>futurus.</strong></span> <span class='ocrx_word' id='word_1_319' title='bbox 1394 2631 1730 2689; x_wconf 83' lang='lat' dir='ltr'><strong>Necessario.</strong></span> <span class='ocrx_word' id='word_1_320' title='bbox 1758 2632 1814 2689; x_wconf 87' lang='lat' dir='ltr'><strong>Si</strong></span> <span class='ocrx_word' id='word_1_321' title='bbox 1848 2633 1996 2690; x_wconf 90' lang='lat' dir='ltr'><strong>enim</strong></span> 
     </span>
    </p>
   </div>
   <div class='ocr_carea' id='block_1_41' title="bbox 411 2722 1998 2792">
    <p class='ocr_par' dir='ltr' id='par_1_41' title="bbox 411 2722 1998 2792">
     <span class='ocr_line' id='line_1_41' title="bbox 411 2722 1998 2792; baseline 0.003 -15"><span class='ocrx_word' id='word_1_322' title='bbox 411 2722 606 2778; x_wconf 79' lang='lat' dir='ltr'><strong>similis</strong></span> <span class='ocrx_word' id='word_1_323' title='bbox 639 2723 749 2778; x_wconf 90' lang='lat' dir='ltr'><strong>Deo</strong></span> <span class='ocrx_word' id='word_1_324' title='bbox 795 2725 893 2778; x_wconf 87' lang='lat' dir='ltr'><strong>fuit</strong></span> <span class='ocrx_word' id='word_1_325' title='bbox 938 2740 1064 2778; x_wconf 86' lang='lat' dir='ltr'><strong>cum</strong></span> <span class='ocrx_word' id='word_1_326' title='bbox 1116 2724 1295 2782; x_wconf 86' lang='lat' dir='ltr'><strong>factus</strong></span> <span class='ocrx_word' id='word_1_327' title='bbox 1326 2737 1432 2792; x_wconf 91' lang='lat' dir='ltr'><strong>est,</strong></span> <span class='ocrx_word' id='word_1_328' title='bbox 1463 2736 1516 2781; x_wconf 89' lang='lat' dir='ltr'><strong>et</strong></span> <span class='ocrx_word' id='word_1_329' title='bbox 1547 2726 1743 2782; x_wconf 86' lang='lat' dir='ltr'><strong>similis</strong></span> <span class='ocrx_word' id='word_1_330' title='bbox 1777 2727 1998 2781; x_wconf 90' lang='lat' dir='ltr'><strong>futurus</strong></span> 
     </span>
    </p>
   </div>
   <div class='ocr_carea' id='block_1_42' title="bbox 412 2816 1999 2889">
    <p class='ocr_par' dir='ltr' id='par_1_42' title="bbox 412 2816 1999 2889">
     <span class='ocr_line' id='line_1_42' title="bbox 412 2816 1999 2889; baseline 0.003 -21"><span class='ocrx_word' id='word_1_331' title='bbox 412 2825 495 2868; x_wconf 87' lang='lat' dir='ltr'><strong>est</strong></span> <span class='ocrx_word' id='word_1_332' title='bbox 524 2832 646 2870; x_wconf 84' lang='lat' dir='ltr'><strong>cum</strong></span> <span class='ocrx_word' id='word_1_333' title='bbox 681 2827 928 2888; x_wconf 76' lang='lat' dir='ltr'><strong>resurget</strong></span> <span class='ocrx_word' id='word_1_334' title='bbox 956 2817 1250 2886; x_wconf 88' lang='lat' dir='ltr'><strong>:quouiam</strong></span> <span class='ocrx_word' id='word_1_335' title='bbox 1279 2817 1544 2889; x_wconf 85' lang='lat' dir='ltr'><strong>quidquid</strong></span> <span class='ocrx_word' id='word_1_336' title='bbox 1575 2832 1723 2874; x_wconf 87' lang='lat' dir='ltr'><strong>nunc</strong></span> <span class='ocrx_word' id='word_1_337' title='bbox 1754 2818 1808 2872; x_wconf 92' lang='lat' dir='ltr'><strong>in</strong></span> <span class='ocrx_word' id='word_1_338' title='bbox 1842 2816 1999 2873; x_wconf 90' lang='lat' dir='ltr'><strong>nobis</strong></span> 
     </span>
    </p>
   </div>
   <div class='ocr_carea' id='block_1_43' title="bbox 409 2905 1997 2979">
    <p class='ocr_par' dir='ltr' id='par_1_43' title="bbox 409 2905 1997 2979">
     <span class='ocr_line' id='line_1_43' title="bbox 409 2905 1997 2979; baseline 0.001 -19"><span class='ocrx_word' id='word_1_339' title='bbox 409 2905 679 2961; x_wconf 82' lang='lat' dir='ltr'><strong>dissimile</strong></span> <span class='ocrx_word' id='word_1_340' title='bbox 713 2906 933 2963; x_wconf 85' lang='lat' dir='ltr'><strong>videtur</strong></span> <span class='ocrx_word' id='word_1_341' title='bbox 971 2908 1200 2972; x_wconf 90' lang='lat' dir='ltr'><strong>auctori,</strong></span> <span class='ocrx_word' id='word_1_342' title='bbox 1233 2907 1284 2964; x_wconf 93' lang='lat' dir='ltr'><strong>id</strong></span> <span class='ocrx_word' id='word_1_343' title='bbox 1321 2924 1483 2965; x_wconf 87' lang='lat' dir='ltr'><strong>oume</strong></span> <span class='ocrx_word' id='word_1_344' title='bbox 1515 2909 1649 2965; x_wconf 84' lang='lat' dir='ltr'><strong>vitio</strong></span> <span class='ocrx_word' id='word_1_345' title='bbox 1689 2919 1997 2979; x_wconf 83' lang='lat' dir='ltr'><strong>transgres-</strong></span> 
     </span>
    </p>
   </div>
   <div class='ocr_carea' id='block_1_44' title="bbox 402 2999 1997 3071">
    <p class='ocr_par' dir='ltr' id='par_1_44' title="bbox 402 2999 1997 3071">
     <span class='ocr_line' id='line_1_44' title="bbox 402 2999 1997 3071; baseline 0 -17"><span class='ocrx_word' id='word_1_346' title='bbox 402 3000 585 3054; x_wconf 72' lang='lat' dir='ltr'><strong>sionis</strong></span> <span class='ocrx_word' id='word_1_347' title='bbox 633 2999 960 3071; x_wconf 87' lang='lat' dir='ltr'><strong>impressum</strong></span> <span class='ocrx_word' id='word_1_348' title='bbox 993 3009 1076 3056; x_wconf 81' lang='lat' dir='ltr'><strong>est</strong></span> <span class='ocrx_word' id='word_1_349' title='bbox 1103 3019 1118 3055; x_wconf 89' lang='lat'><strong>:</strong></span> <span class='ocrx_word' id='word_1_350' title='bbox 1145 3009 1201 3057; x_wconf 92' lang='lat' dir='ltr'><strong>et</strong></span> <span class='ocrx_word' id='word_1_351' title='bbox 1235 3001 1412 3055; x_wconf 89' lang='lat' dir='ltr'><strong>vivam</strong></span> <span class='ocrx_word' id='word_1_352' title='bbox 1451 3001 1696 3057; x_wconf 81' lang='lat' dir='ltr'><strong>veritatis</strong></span> <span class='ocrx_word' id='word_1_353' title='bbox 1741 3001 1997 3065; x_wconf 88' lang='lat' dir='ltr'><strong>formam,</strong></span> 
     </span>
    </p>
   </div>
   <div class='ocr_carea' id='block_1_45' title="bbox 413 3089 1997 3161">
    <p class='ocr_par' dir='ltr' id='par_1_45' title="bbox 413 3089 1997 3161">
     <span class='ocr_line' id='line_1_45' title="bbox 413 3089 1997 3161; baseline -0.001 -16"><span class='ocrx_word' id='word_1_354' title='bbox 413 3089 607 3146; x_wconf 80' lang='lat' dir='ltr'><strong>artifex</strong></span> <span class='ocrx_word' id='word_1_355' title='bbox 641 3092 1046 3148; x_wconf 85' lang='lat' dir='ltr'><strong>mendaciorum</strong></span> <span class='ocrx_word' id='word_1_356' title='bbox 1096 3093 1386 3149; x_wconf 87' lang='lat' dir='ltr'><strong>strumosis</strong></span> <span class='ocrx_word' id='word_1_357' title='bbox 1414 3093 1623 3149; x_wconf 82' lang='lat' dir='ltr'><strong>actibus</strong></span> <span class='ocrx_word' id='word_1_358' title='bbox 1651 3091 1997 3161; x_wconf 82' lang='lat' dir='ltr'><strong>deformavit,</strong></span> 
     </span>
    </p>
   </div>
   <div class='ocr_carea' id='block_1_46' title="bbox 412 3182 1993 3255">
    <p class='ocr_par' dir='ltr' id='par_1_46' title="bbox 412 3182 1993 3255">
     <span class='ocr_line' id='line_1_46' title="bbox 412 3182 1993 3255; baseline -0.001 -17"><span class='ocrx_word' id='word_1_359' title='bbox 412 3198 678 3252; x_wconf 69' lang='lat' dir='ltr'><strong>tuamque</strong></span> <span class='ocrx_word' id='word_1_360' title='bbox 721 3183 1066 3255; x_wconf 82' lang='lat' dir='ltr'><strong>pravitatem,</strong></span> <span class='ocrx_word' id='word_1_361' title='bbox 1108 3182 1307 3240; x_wconf 71' lang='lat' dir='ltr'><strong>nosuis</strong></span> <span class='ocrx_word' id='word_1_362' title='bbox 1351 3184 1515 3238; x_wconf 83' lang='lat' dir='ltr'><strong>etiam</strong></span> <span class='ocrx_word' id='word_1_363' title='bbox 1547 3183 1829 3249; x_wconf 82' lang='lat' dir='ltr'><strong>membris,</strong></span> <span class='ocrx_word' id='word_1_364' title='bbox 1863 3182 1993 3237; x_wconf 91' lang='lat' dir='ltr'><strong>dum</strong></span> 
     </span>
    </p>
   </div>
   <div class='ocr_carea' id='block_1_47' title="bbox 413 3273 1994 3347">
    <p class='ocr_par' dir='ltr' id='par_1_47' title="bbox 413 3273 1994 3347">
     <span class='ocr_line' id='line_1_47' title="bbox 413 3273 1994 3347; baseline 0 -17"><span class='ocrx_word' id='word_1_365' title='bbox 413 3287 628 3331; x_wconf 85' lang='lat' dir='ltr'><strong>mentes</strong></span> <span class='ocrx_word' id='word_1_366' title='bbox 658 3276 923 3344; x_wconf 84' lang='lat' dir='ltr'><strong>corrupit,</strong></span> <span class='ocrx_word' id='word_1_367' title='bbox 955 3275 1233 3347; x_wconf 85' lang='lat' dir='ltr'><strong>inscripsit</strong></span> <span class='ocrx_word' id='word_1_368' title='bbox 1264 3289 1425 3346; x_wconf 64' lang='lat' dir='ltr'><strong>:quae</strong></span> <span class='ocrx_word' id='word_1_369' title='bbox 1456 3288 1552 3345; x_wconf 90' lang='lat' dir='ltr'><strong>per</strong></span> <span class='ocrx_word' id='word_1_370' title='bbox 1577 3273 1994 3330; x_wconf 83' lang='lat' dir='ltr'><strong>resurrectionis</strong></span> 
     </span>
    </p>
   </div>
   <div class='ocr_carea' id='block_1_48' title="bbox 412 3365 1998 3436">
    <p class='ocr_par' dir='ltr' id='par_1_48' title="bbox 412 3365 1998 3436">
     <span class='ocr_line' id='line_1_48' title="bbox 412 3365 1998 3436; baseline 0.002 -17"><span class='ocrx_word' id='word_1_371' title='bbox 412 3367 641 3436; x_wconf 80' lang='lat' dir='ltr'><strong>gloriam</strong></span> <span class='ocrx_word' id='word_1_372' title='bbox 688 3368 829 3421; x_wconf 90' lang='lat' dir='ltr'><strong>male</strong></span> <span class='ocrx_word' id='word_1_373' title='bbox 860 3366 1095 3436; x_wconf 86' lang='lat' dir='ltr'><strong>adjecta,</strong></span> <span class='ocrx_word' id='word_1_374' title='bbox 1123 3377 1217 3421; x_wconf 88' lang='lat' dir='ltr'><strong>aut</strong></span> <span class='ocrx_word' id='word_1_375' title='bbox 1248 3367 1532 3422; x_wconf 89' lang='lat' dir='ltr'><strong>imminuta</strong></span> <span class='ocrx_word' id='word_1_376' title='bbox 1568 3365 1848 3422; x_wconf 90' lang='lat' dir='ltr'><strong>diluentur</strong></span> <span class='ocrx_word' id='word_1_377' title='bbox 1890 3383 1908 3426; x_wconf 88' lang='lat'><strong>:</strong></span> <span class='ocrx_word' id='word_1_378' title='bbox 1940 3374 1998 3423; x_wconf 88' lang='lat' dir='ltr'><strong>et</strong></span> 
     </span>
    </p>
   </div>
   <div class='ocr_carea' id='block_1_49' title="bbox 415 3457 1999 3528">
    <p class='ocr_par' dir='ltr' id='par_1_49' title="bbox 415 3457 1999 3528">
     <span class='ocr_line' id='line_1_49' title="bbox 415 3457 1999 3528; baseline 0 -15"><span class='ocrx_word' id='word_1_379' title='bbox 415 3460 468 3513; x_wconf 90' lang='lat' dir='ltr'><strong>id</strong></span> <span class='ocrx_word' id='word_1_380' title='bbox 500 3459 673 3512; x_wconf 82' lang='lat' dir='ltr'><strong>solum</strong></span> <span class='ocrx_word' id='word_1_381' title='bbox 703 3458 844 3528; x_wconf 86' lang='lat' dir='ltr'><strong>quod</strong></span> <span class='ocrx_word' id='word_1_382' title='bbox 872 3468 1148 3513; x_wconf 88' lang='lat' dir='ltr'><strong>auctorem</strong></span> <span class='ocrx_word' id='word_1_383' title='bbox 1182 3474 1361 3513; x_wconf 88' lang='lat' dir='ltr'><strong>rerum</strong></span> <span class='ocrx_word' id='word_1_384' title='bbox 1396 3468 1652 3527; x_wconf 78' lang='lat' dir='ltr'><strong>tanquam</strong></span> <span class='ocrx_word' id='word_1_385' title='bbox 1688 3458 1741 3512; x_wconf 92' lang='lat' dir='ltr'><strong>in</strong></span> <span class='ocrx_word' id='word_1_386' title='bbox 1775 3457 1999 3527; x_wconf 87' lang='lat' dir='ltr'><strong>speculo</strong></span> 
     </span>
    </p>
   </div>
   <div class='ocr_carea' id='block_1_50' title="bbox 415 3551 2000 3622">
    <p class='ocr_par' dir='ltr' id='par_1_50' title="bbox 415 3551 2000 3622">
     <span class='ocr_line' id='line_1_50' title="bbox 415 3551 2000 3622; baseline -0.001 -16"><span class='ocrx_word' id='word_1_387' title='bbox 415 3552 640 3618; x_wconf 76' lang='lat' dir='ltr'><strong>reddat,</strong></span> <span class='ocrx_word' id='word_1_388' title='bbox 691 3552 999 3607; x_wconf 88' lang='lat' dir='ltr'><strong>emicabit:</strong></span> <span class='ocrx_word' id='word_1_389' title='bbox 1037 3560 1092 3606; x_wconf 91' lang='lat' dir='ltr'><strong>ut</strong></span> <span class='ocrx_word' id='word_1_390' title='bbox 1143 3551 1497 3622; x_wconf 70' lang='lat' dir='ltr'><strong>interpolator</strong></span> <span class='ocrx_word' id='word_1_391' title='bbox 1542 3565 1681 3622; x_wconf 84' lang='lat' dir='ltr'><strong>Opus</strong></span> <span class='ocrx_word' id='word_1_392' title='bbox 1732 3566 1889 3606; x_wconf 87' lang='lat' dir='ltr'><strong>suum</strong></span> <span class='ocrx_word' id='word_1_393' title='bbox 1938 3565 2000 3605; x_wconf 90' lang='lat' dir='ltr'><strong>se</strong></span> 
     </span>
    </p>
   </div>
   <div class='ocr_carea' id='block_1_51' title="bbox 421 3644 2002 3718">
    <p class='ocr_par' dir='ltr' id='par_1_51' title="bbox 421 3644 2002 3718">
     <span class='ocr_line' id='line_1_51' title="bbox 421 3644 2002 3718; baseline -0.001 -18"><span class='ocrx_word' id='word_1_394' title='bbox 421 3645 599 3700; x_wconf 60' lang='lat' dir='ltr'><strong>doli-at</strong></span> <span class='ocrx_word' id='word_1_395' title='bbox 631 3644 956 3715; x_wconf 70' lang='lat' dir='ltr'><strong>perdidisse,</strong></span> <span class='ocrx_word' id='word_1_396' title='bbox 984 3656 1036 3700; x_wconf 90' lang='lat' dir='ltr'><strong>et</strong></span> <span class='ocrx_word' id='word_1_397' title='bbox 1066 3648 1227 3701; x_wconf 91' lang='lat' dir='ltr'><strong>homo</strong></span> <span class='ocrx_word' id='word_1_398' title='bbox 1257 3646 1468 3701; x_wconf 87' lang='lat' dir='ltr'><strong>tandem</strong></span> <span class='ocrx_word' id='word_1_399' title='bbox 1497 3661 1558 3701; x_wconf 89' lang='lat' dir='ltr'><strong>se</strong></span> <span class='ocrx_word' id='word_1_400' title='bbox 1584 3648 1852 3718; x_wconf 88' lang='lat' dir='ltr'><strong>integrum</strong></span> <span class='ocrx_word' id='word_1_401' title='bbox 1879 3660 2002 3701; x_wconf 73' lang='lat' dir='ltr'><strong>esse</strong></span> 
     </span>
    </p>
   </div>
   <div class='ocr_carea' id='block_1_52' title="bbox 422 3737 2000 3811">
    <p class='ocr_par' dir='ltr' id='par_1_52' title="bbox 422 3737 2000 3811">
     <span class='ocr_line' id='line_1_52' title="bbox 422 3737 2000 3811; baseline -0.001 -18"><span class='ocrx_word' id='word_1_402' title='bbox 422 3738 702 3811; x_wconf 81' lang='lat' dir='ltr'><strong>glorietur.</strong></span> <span class='ocrx_word' id='word_1_403' title='bbox 736 3737 855 3794; x_wconf 84' lang='lat' dir='ltr'><strong>Non</strong></span> <span class='ocrx_word' id='word_1_404' title='bbox 906 3749 1089 3794; x_wconf 85' lang='lat' dir='ltr'><strong>tamen</strong></span> <span class='ocrx_word' id='word_1_405' title='bbox 1135 3740 1237 3795; x_wconf 91' lang='lat' dir='ltr'><strong>hoc</strong></span> <span class='ocrx_word' id='word_1_406' title='bbox 1265 3755 1475 3807; x_wconf 87' lang='lat' dir='ltr'><strong>omnes,</strong></span> <span class='ocrx_word' id='word_1_407' title='bbox 1508 3750 1566 3795; x_wconf 92' lang='lat' dir='ltr'><strong>ut</strong></span> <span class='ocrx_word' id='word_1_408' title='bbox 1595 3739 1707 3811; x_wconf 86' lang='lat' dir='ltr'><strong>jam</strong></span> <span class='ocrx_word' id='word_1_409' title='bbox 1738 3740 2000 3805; x_wconf 77' lang='lat' dir='ltr'><strong>diximus,</strong></span> 
     </span>
    </p>
   </div>
   <div class='ocr_carea' id='block_1_53' title="bbox 421 3827 2000 3898">
    <p class='ocr_par' dir='ltr' id='par_1_53' title="bbox 421 3827 2000 3898">
     <span class='ocr_line' id='line_1_53' title="bbox 421 3827 2000 3898; baseline 0.001 -14"><span class='ocrx_word' id='word_1_410' title='bbox 421 3830 516 3884; x_wconf 84' lang='lat' dir='ltr'><strong>sed</strong></span> <span class='ocrx_word' id='word_1_411' title='bbox 548 3827 679 3898; x_wconf 83' lang='lat' dir='ltr'><strong>justi</strong></span> <span class='ocrx_word' id='word_1_412' title='bbox 733 3838 939 3884; x_wconf 88' lang='lat' dir='ltr'><strong>tantum</strong></span> <span class='ocrx_word' id='word_1_413' title='bbox 986 3830 1043 3884; x_wconf 90' lang='lat' dir='ltr'><strong>in</strong></span> <span class='ocrx_word' id='word_1_414' title='bbox 1080 3829 1200 3885; x_wconf 88' lang='lat' dir='ltr'><strong>luce</strong></span> <span class='ocrx_word' id='word_1_415' title='bbox 1230 3829 1433 3885; x_wconf 87' lang='lat' dir='ltr'><strong>erimus</strong></span> <span class='ocrx_word' id='word_1_416' title='bbox 1462 3847 1478 3888; x_wconf 88' lang='lat'><strong>:</strong></span> <span class='ocrx_word' id='word_1_417' title='bbox 1509 3829 1774 3897; x_wconf 86' lang='lat' dir='ltr'><strong>Quoniam</strong></span> <span class='ocrx_word' id='word_1_418' title='bbox 1823 3845 2000 3885; x_wconf 82' lang='lat' dir='ltr'><strong>omnes</strong></span> 
     </span>
    </p>
   </div>
   <div class='ocr_carea' id='block_1_54' title="bbox 418 3920 2005 3992">
    <p class='ocr_par' dir='ltr' id='par_1_54' title="bbox 418 3920 2005 3992">
     <span class='ocr_line' id='line_1_54' title="bbox 418 3920 2005 3992; baseline 0.003 -20"><span class='ocrx_word' id='word_1_419' title='bbox 418 3920 629 3986; x_wconf 82' lang='lat' dir='ltr'><strong>quidem</strong></span> <span class='ocrx_word' id='word_1_420' title='bbox 667 3938 1034 3992; x_wconf 77' lang='lat' dir='ltr'><strong>resurgemus,</strong></span> <span class='ocrx_word' id='word_1_421' title='bbox 1081 3923 1174 3978; x_wconf 81' lang='lat' dir='ltr'><strong>sed</strong></span> <span class='ocrx_word' id='word_1_422' title='bbox 1223 3939 1326 3977; x_wconf 83' lang='lat' dir='ltr'><strong>non</strong></span> <span class='ocrx_word' id='word_1_423' title='bbox 1377 3938 1557 3977; x_wconf 82' lang='lat' dir='ltr'><strong>omnes</strong></span> <span class='ocrx_word' id='word_1_424' title='bbox 1603 3922 2005 3977; x_wconf 87' lang='lat' dir='ltr'><strong>immutabimur</strong></span> 
     </span>
    </p>
   </div>
   <div class='ocr_carea' id='block_1_55' title="bbox 415 4009 2005 4084">
    <p class='ocr_par' dir='ltr' id='par_1_55' title="bbox 415 4009 2005 4084">
     <span class='ocr_line' id='line_1_55' title="bbox 415 4009 2005 4084; baseline -0.002 -19"><span class='ocrx_word' id='word_1_425' title='bbox 415 4009 471 4082; x_wconf 84' lang='lat'><strong>(1</strong></span> <span class='ocrx_word' id='word_1_426' title='bbox 501 4011 624 4065; x_wconf 89' lang='lat' dir='ltr'><strong>Cor.</strong></span> <span class='ocrx_word' id='word_1_427' title='bbox 660 4028 752 4077; x_wconf 77' lang='lat' dir='ltr'><strong>xv,</strong></span> <span class='ocrx_word' id='word_1_428' title='bbox 788 4013 879 4084; x_wconf 83' lang='grc'><strong>51)</strong></span> <span class='ocrx_word' id='word_1_429' title='bbox 912 4030 929 4069; x_wconf 86' lang='lat'><strong>:</strong></span> <span class='ocrx_word' id='word_1_430' title='bbox 961 4013 1344 4068; x_wconf 87' lang='lat' dir='ltr'><strong>discretionem</strong></span> <span class='ocrx_word' id='word_1_431' title='bbox 1375 4014 1522 4067; x_wconf 86' lang='lat' dir='ltr'><strong>enim</strong></span> <span class='ocrx_word' id='word_1_432' title='bbox 1556 4009 1718 4067; x_wconf 82' lang='lat' dir='ltr'><strong>faciet</strong></span> <span class='ocrx_word' id='word_1_433' title='bbox 1745 4025 2005 4082; x_wconf 86' lang='lat' dir='ltr'><strong>persona-</strong></span> 
     </span>
    </p>
   </div>
   <div class='ocr_carea' id='block_1_56' title="bbox 419 4104 2004 4172">
    <p class='ocr_par' dir='ltr' id='par_1_56' title="bbox 419 4104 2004 4172">
     <span class='ocr_line' id='line_1_56' title="bbox 419 4104 2004 4172; baseline -0.001 -13"><span class='ocrx_word' id='word_1_434' title='bbox 419 4120 540 4161; x_wconf 86' lang='lat' dir='ltr'><strong>rum</strong></span> <span class='ocrx_word' id='word_1_435' title='bbox 586 4106 875 4160; x_wconf 86' lang='lat' dir='ltr'><strong>diversitas</strong></span> <span class='ocrx_word' id='word_1_436' title='bbox 923 4106 1260 4161; x_wconf 81' lang='lat' dir='ltr'><strong>ineritorum.</strong></span> <span class='ocrx_word' id='word_1_437' title='bbox 1308 4104 1446 4159; x_wconf 82' lang='lat' dir='ltr'><strong>Nam</strong></span> <span class='ocrx_word' id='word_1_438' title='bbox 1493 4105 1597 4159; x_wconf 90' lang='lat' dir='ltr'><strong>etsi</strong></span> <span class='ocrx_word' id='word_1_439' title='bbox 1646 4105 1790 4158; x_wconf 87' lang='lat' dir='ltr'><strong>inter</strong></span> <span class='ocrx_word' id='word_1_440' title='bbox 1858 4105 2004 4172; x_wconf 88' lang='lat' dir='ltr'><strong>ipsos</strong></span> 
     </span>
    </p>
   </div>
   <div class='ocr_carea' id='block_1_57' title="bbox 417 4194 2004 4270">
    <p class='ocr_par' dir='ltr' id='par_1_57' title="bbox 417 4194 2004 4270">
     <span class='ocr_line' id='line_1_57' title="bbox 417 4194 2004 4270; baseline -0.002 -17"><span class='ocrx_word' id='word_1_441' title='bbox 417 4209 642 4255; x_wconf 78' lang='lat' dir='ltr'><strong>sanctos</strong></span> <span class='ocrx_word' id='word_1_442' title='bbox 671 4200 775 4255; x_wconf 89' lang='lat' dir='ltr'><strong>erit</strong></span> <span class='ocrx_word' id='word_1_443' title='bbox 807 4198 983 4268; x_wconf 78' lang='lat' dir='ltr'><strong>aliqua</strong></span> <span class='ocrx_word' id='word_1_444' title='bbox 1016 4199 1083 4255; x_wconf 89' lang='lat' dir='ltr'><strong>de</strong></span> <span class='ocrx_word' id='word_1_445' title='bbox 1117 4200 1434 4270; x_wconf 86' lang='lat' dir='ltr'><strong>operatione</strong></span> <span class='ocrx_word' id='word_1_446' title='bbox 1476 4197 1759 4260; x_wconf 88' lang='lat' dir='ltr'><strong>distantia,</strong></span> <span class='ocrx_word' id='word_1_447' title='bbox 1787 4194 2004 4250; x_wconf 88' lang='lat' dir='ltr'><strong>dicente</strong></span> 
     </span>
    </p>
   </div>
   <div class='ocr_carea' id='block_1_58' title="bbox 416 4283 2004 4361">
    <p class='ocr_par' dir='ltr' id='par_1_58' title="bbox 416 4283 2004 4361">
     <span class='ocr_line' id='line_1_58' title="bbox 416 4283 2004 4361; baseline -0.003 -16"><span class='ocrx_word' id='word_1_448' title='bbox 416 4287 461 4345; x_wconf 75' lang='grc' dir='ltr'><strong>Α</strong></span> <span class='ocrx_word' id='word_1_449' title='bbox 461 4289 686 4361; x_wconf 80' lang='lat' dir='ltr'><strong>postulo</strong></span> <span class='ocrx_word' id='word_1_450' title='bbox 704 4304 721 4346; x_wconf 88' lang='lat'><strong>:</strong></span> <span class='ocrx_word' id='word_1_451' title='bbox 744 4286 913 4344; x_wconf 78' lang='lat' dir='ltr'><strong>Stella</strong></span> <span class='ocrx_word' id='word_1_452' title='bbox 931 4305 962 4342; x_wconf 85' lang='grc' dir='ltr'><em>α</em></span> <span class='ocrx_word' id='word_1_453' title='bbox 977 4289 1134 4345; x_wconf 78' lang='lat' dir='ltr'><strong>stella</strong></span> <span class='ocrx_word' id='word_1_454' title='bbox 1156 4287 1333 4359; x_wconf 59' lang='lat' dir='ltr'><strong>diﬁert</strong></span> <span class='ocrx_word' id='word_1_455' title='bbox 1351 4289 1403 4343; x_wconf 83' lang='lat' dir='ltr'><strong>in</strong></span> <span class='ocrx_word' id='word_1_456' title='bbox 1423 4287 1671 4343; x_wconf 83' lang='lat' dir='ltr'><strong>claritate</strong></span> <span class='ocrx_word' id='word_1_457' title='bbox 1693 4284 1853 4358; x_wconf 82' lang='lat' dir='ltr'><strong>(Ibid.</strong></span> <span class='ocrx_word' id='word_1_458' title='bbox 1872 4283 1964 4356; x_wconf 72' lang='grc'><strong>41)</strong></span> <span class='ocrx_word' id='word_1_459' title='bbox 1987 4299 2004 4341; x_wconf 84' lang='lat'><strong>:</strong></span> 
     </span>
    </p>
   </div>
   <div class='ocr_carea' id='block_1_59' title="bbox 411 4377 2034 4471">
    <p class='ocr_par' dir='ltr' id='par_1_59' title="bbox 411 4377 2034 4471">
     <span class='ocr_line' id='line_1_59' title="bbox 411 4377 2034 4471; baseline -0.001 -37"><span class='ocrx_word' id='word_1_460' title='bbox 411 4398 586 4452; x_wconf 69' lang='lat' dir='ltr'><strong>quam</strong></span> <span class='ocrx_word' id='word_1_461' title='bbox 614 4382 992 4438; x_wconf 82' lang='lat' dir='ltr'><strong>diversitatem</strong></span> <span class='ocrx_word' id='word_1_462' title='bbox 1024 4381 1108 4437; x_wconf 90' lang='lat' dir='ltr'><strong>vel</strong></span> <span class='ocrx_word' id='word_1_463' title='bbox 1153 4381 1219 4438; x_wconf 90' lang='lat' dir='ltr'><strong>de</strong></span> <span class='ocrx_word' id='word_1_464' title='bbox 1250 4381 1451 4451; x_wconf 86' lang='lat' dir='ltr'><strong>impiis,</strong></span> <span class='ocrx_word' id='word_1_465' title='bbox 1482 4380 1564 4436; x_wconf 87' lang='lat' dir='ltr'><strong>vel</strong></span> <span class='ocrx_word' id='word_1_466' title='bbox 1592 4380 1659 4436; x_wconf 89' lang='lat' dir='ltr'><strong>de</strong></span> <span class='ocrx_word' id='word_1_467' title='bbox 1702 4377 2034 4471; x_wconf 58' lang='lat' dir='ltr'><strong>peccatori-.</strong></span> 
     </span>
    </p>
   </div>
   <div class='ocr_carea' id='block_1_60' title="bbox 2101 1898 3682 1969">
    <p class='ocr_par' dir='ltr' id='par_1_60' title="bbox 2101 1898 3682 1969">
     <span class='ocr_line' id='line_1_60' title="bbox 2101 1898 3682 1969; baseline -0.001 -15"><span class='ocrx_word' id='word_1_468' title='bbox 2101 1912 2284 1954; x_wconf 88' lang='lat' dir='ltr'><strong>tamen</strong></span> <span class='ocrx_word' id='word_1_469' title='bbox 2322 1909 2470 1955; x_wconf 87' lang='lat' dir='ltr'><strong>stare</strong></span> <span class='ocrx_word' id='word_1_470' title='bbox 2499 1912 2690 1953; x_wconf 86' lang='lat' dir='ltr'><strong>omnes</strong></span> <span class='ocrx_word' id='word_1_471' title='bbox 2721 1908 2848 1953; x_wconf 84' lang='lat' dir='ltr'><strong>ante</strong></span> <span class='ocrx_word' id='word_1_472' title='bbox 2876 1914 2936 1954; x_wconf 88' lang='lat' dir='ltr'><strong>se</strong></span> <span class='ocrx_word' id='word_1_473' title='bbox 2968 1898 3113 1952; x_wconf 86' lang='lat' dir='ltr'><strong>intus</strong></span> <span class='ocrx_word' id='word_1_474' title='bbox 3146 1909 3545 1969; x_wconf 77' lang='lat' dir='ltr'><strong>conspexerunt</strong></span> <span class='ocrx_word' id='word_1_475' title='bbox 3580 1916 3593 1952; x_wconf 74' lang='lat'><strong><em>2</em></strong></span> <span class='ocrx_word' id='word_1_476' title='bbox 3626 1906 3682 1953; x_wconf 88' lang='lat' dir='ltr'><strong>ct</strong></span> 
     </span>
    </p>
   </div>
   <div class='ocr_carea' id='block_1_61' title="bbox 2095 1990 3680 2061">
    <p class='ocr_par' dir='ltr' id='par_1_61' title="bbox 2095 1990 3680 2061">
     <span class='ocr_line' id='line_1_61' title="bbox 2095 1990 3680 2061; baseline -0.006 -14"><span class='ocrx_word' id='word_1_477' title='bbox 2095 1992 2281 2048; x_wconf 87' lang='lat' dir='ltr'><strong>omnia</strong></span> <span class='ocrx_word' id='word_1_478' title='bbox 2325 2007 2447 2061; x_wconf 70' lang='lat' dir='ltr'><strong>qua:</strong></span> <span class='ocrx_word' id='word_1_479' title='bbox 2483 1991 2601 2046; x_wconf 86' lang='lat' dir='ltr'><strong>sine</strong></span> <span class='ocrx_word' id='word_1_480' title='bbox 2636 1991 2740 2045; x_wconf 87' lang='lat' dir='ltr'><strong>hoc</strong></span> <span class='ocrx_word' id='word_1_481' title='bbox 2770 2005 2999 2055; x_wconf 90' lang='lat' dir='ltr'><strong>corpore</strong></span> <span class='ocrx_word' id='word_1_482' title='bbox 3048 1991 3140 2045; x_wconf 91' lang='lat' dir='ltr'><strong>Dei</strong></span> <span class='ocrx_word' id='word_1_483' title='bbox 3187 1992 3412 2060; x_wconf 86' lang='lat' dir='ltr'><strong>spiritus</strong></span> <span class='ocrx_word' id='word_1_484' title='bbox 3445 1990 3680 2056; x_wconf 76' lang='lat' dir='ltr'><strong>fovebat,</strong></span> 
     </span>
    </p>
   </div>
   <div class='ocr_carea' id='block_1_62' title="bbox 2095 2082 3684 2157">
    <p class='ocr_par' dir='ltr' id='par_1_62' title="bbox 2095 2082 3684 2157">
     <span class='ocr_line' id='line_1_62' title="bbox 2095 2082 3684 2157; baseline -0.003 -16"><span class='ocrx_word' id='word_1_485' title='bbox 2095 2102 2291 2157; x_wconf 85' lang='lat' dir='ltr'><strong>corpus</strong></span> <span class='ocrx_word' id='word_1_486' title='bbox 2323 2101 2444 2141; x_wconf 89' lang='lat' dir='ltr'><strong>cum</strong></span> <span class='ocrx_word' id='word_1_487' title='bbox 2476 2085 2565 2139; x_wconf 90' lang='lat' dir='ltr'><strong>Dei</strong></span> <span class='ocrx_word' id='word_1_488' title='bbox 2598 2085 2789 2154; x_wconf 78' lang='lat' dir='ltr'><strong>Spiritu</strong></span> <span class='ocrx_word' id='word_1_489' title='bbox 2825 2099 2951 2140; x_wconf 86' lang='lat' dir='ltr'><strong>esse</strong></span> <span class='ocrx_word' id='word_1_490' title='bbox 3012 2082 3306 2139; x_wconf 83' lang='lat' dir='ltr'><strong>facturum.</strong></span> <span class='ocrx_word' id='word_1_491' title='bbox 3340 2082 3539 2138; x_wconf 86' lang='lat' dir='ltr'><strong>Satiari</strong></span> <span class='ocrx_word' id='word_1_492' title='bbox 3588 2084 3684 2137; x_wconf 82' lang='lat' dir='ltr'><strong>de-</strong></span> 
     </span>
    </p>
   </div>
   <div class='ocr_carea' id='block_1_63' title="bbox 2095 2175 3684 2248">
    <p class='ocr_par' dir='ltr' id='par_1_63' title="bbox 2095 2175 3684 2248">
     <span class='ocr_line' id='line_1_63' title="bbox 2095 2175 3684 2248; baseline -0.001 -16"><span class='ocrx_word' id='word_1_493' title='bbox 2095 2178 2391 2235; x_wconf 86' lang='lat' dir='ltr'><strong>Iectatione</strong></span> <span class='ocrx_word' id='word_1_494' title='bbox 2444 2178 2637 2233; x_wconf 87' lang='lat' dir='ltr'><strong>harum</strong></span> <span class='ocrx_word' id='word_1_495' title='bbox 2695 2178 3085 2248; x_wconf 81' lang='lat' dir='ltr'><strong>cogitationum</strong></span> <span class='ocrx_word' id='word_1_496' title='bbox 3138 2175 3525 2232; x_wconf 85' lang='lat' dir='ltr'><strong>Christianitas</strong></span> <span class='ocrx_word' id='word_1_497' title='bbox 3572 2190 3684 2230; x_wconf 84' lang='lat' dir='ltr'><strong>non</strong></span> 
     </span>
    </p>
   </div>
   <div class='ocr_carea' id='block_1_64' title="bbox 2097 2268 3684 2340">
    <p class='ocr_par' dir='ltr' id='par_1_64' title="bbox 2097 2268 3684 2340">
     <span class='ocr_line' id='line_1_64' title="bbox 2097 2268 3684 2340; baseline -0.004 -14"><span class='ocrx_word' id='word_1_498' title='bbox 2097 2280 2295 2340; x_wconf 83' lang='lat' dir='ltr'><strong>potest.</strong></span> <span class='ocrx_word' id='word_1_499' title='bbox 2335 2269 2460 2324; x_wconf 72' lang='lat' dir='ltr'><strong>[Lee</strong></span> <span class='ocrx_word' id='word_1_500' title='bbox 2509 2269 2582 2325; x_wconf 91' lang='lat' dir='ltr'><strong>illi</strong></span> <span class='ocrx_word' id='word_1_501' title='bbox 2643 2269 2880 2339; x_wconf 87' lang='lat' dir='ltr'><strong>requies,</strong></span> <span class='ocrx_word' id='word_1_502' title='bbox 2919 2270 3021 2325; x_wconf 92' lang='lat' dir='ltr'><strong>hoc</strong></span> <span class='ocrx_word' id='word_1_503' title='bbox 3075 2268 3529 2323; x_wconf 86' lang='lat' dir='ltr'><strong>oblectamentum</strong></span> <span class='ocrx_word' id='word_1_504' title='bbox 3578 2277 3684 2332; x_wconf 87' lang='lat' dir='ltr'><strong>est,</strong></span> 
     </span>
    </p>
   </div>
   <div class='ocr_carea' id='block_1_65' title="bbox 2100 2358 3682 2432">
    <p class='ocr_par' dir='ltr' id='par_1_65' title="bbox 2100 2358 3682 2432">
     <span class='ocr_line' id='line_1_65' title="bbox 2100 2358 3682 2432; baseline -0.004 -14"><span class='ocrx_word' id='word_1_505' title='bbox 2100 2363 2216 2418; x_wconf 74' lang='lat' dir='ltr'><strong>haec</strong></span> <span class='ocrx_word' id='word_1_506' title='bbox 2249 2363 2517 2432; x_wconf 85' lang='lat' dir='ltr'><strong>voluptas,</strong></span> <span class='ocrx_word' id='word_1_507' title='bbox 2556 2362 2641 2417; x_wconf 65' lang='lat' dir='ltr'><strong>ha:</strong></span> <span class='ocrx_word' id='word_1_508' title='bbox 2672 2361 2880 2416; x_wconf 76' lang='lat' dir='ltr'><strong>delicia:</strong></span> <span class='ocrx_word' id='word_1_509' title='bbox 2916 2362 2995 2417; x_wconf 91' lang='lat' dir='ltr'><strong>ire</strong></span> <span class='ocrx_word' id='word_1_510' title='bbox 3034 2370 3215 2415; x_wconf 88' lang='lat' dir='ltr'><strong>mente</strong></span> <span class='ocrx_word' id='word_1_511' title='bbox 3258 2360 3310 2414; x_wconf 92' lang='lat' dir='ltr'><strong>iu</strong></span> <span class='ocrx_word' id='word_1_512' title='bbox 3345 2358 3528 2415; x_wconf 87' lang='lat' dir='ltr'><strong>sedem</strong></span> <span class='ocrx_word' id='word_1_513' title='bbox 3563 2358 3682 2425; x_wconf 88' lang='lat' dir='ltr'><strong>Dei,</strong></span> 
     </span>
    </p>
   </div>
   <div class='ocr_carea' id='block_1_66' title="bbox 2098 2450 3684 2525">
    <p class='ocr_par' dir='ltr' id='par_1_66' title="bbox 2098 2450 3684 2525">
     <span class='ocr_line' id='line_1_66' title="bbox 2098 2450 3684 2525; baseline -0.003 -16"><span class='ocrx_word' id='word_1_514' title='bbox 2098 2455 2286 2525; x_wconf 84' lang='lat' dir='ltr'><strong>ibique</strong></span> <span class='ocrx_word' id='word_1_515' title='bbox 2340 2453 2444 2509; x_wconf 86' lang='lat' dir='ltr'><strong>sibi</strong></span> <span class='ocrx_word' id='word_1_516' title='bbox 2487 2454 2663 2508; x_wconf 89' lang='lat' dir='ltr'><strong>locum</strong></span> <span class='ocrx_word' id='word_1_517' title='bbox 2713 2463 2763 2506; x_wconf 88' lang='lat' dir='ltr'><strong>et</strong></span> <span class='ocrx_word' id='word_1_518' title='bbox 2811 2460 3018 2521; x_wconf 85' lang='lat' dir='ltr'><strong>partem</strong></span> <span class='ocrx_word' id='word_1_519' title='bbox 3068 2450 3236 2515; x_wconf 85' lang='lat' dir='ltr'><strong>sedis,</strong></span> <span class='ocrx_word' id='word_1_520' title='bbox 3273 2467 3378 2505; x_wconf 86' lang='lat' dir='ltr'><strong>non</strong></span> <span class='ocrx_word' id='word_1_521' title='bbox 3411 2466 3508 2505; x_wconf 87' lang='lat' dir='ltr'><strong>sua</strong></span> <span class='ocrx_word' id='word_1_522' title='bbox 3543 2465 3684 2518; x_wconf 63' lang='lat' dir='ltr'><strong>prat-</strong></span> 
     </span>
    </p>
   </div>
   <div class='ocr_carea' id='block_1_67' title="bbox 2099 2543 3681 2616">
    <p class='ocr_par' dir='ltr' id='par_1_67' title="bbox 2099 2543 3681 2616">
     <span class='ocr_line' id='line_1_67' title="bbox 2099 2543 3681 2616; baseline -0.002 -14"><span class='ocrx_word' id='word_1_523' title='bbox 2099 2547 2433 2616; x_wconf 88' lang='lat' dir='ltr'><strong>sumptioue,</strong></span> <span class='ocrx_word' id='word_1_524' title='bbox 2470 2546 2562 2600; x_wconf 90' lang='lat' dir='ltr'><strong>sed</strong></span> <span class='ocrx_word' id='word_1_525' title='bbox 2615 2544 2920 2600; x_wconf 78' lang='lat' dir='ltr'><strong>divinitatis</strong></span> <span class='ocrx_word' id='word_1_526' title='bbox 2967 2543 3365 2612; x_wconf 83' lang='lat' dir='ltr'><strong>pollicitatione</strong></span> <span class='ocrx_word' id='word_1_527' title='bbox 3398 2558 3681 2612; x_wconf 82' lang='lat' dir='ltr'><strong>usurpare.</strong></span> 
     </span>
    </p>
   </div>
   <div class='ocr_carea' id='block_1_68' title="bbox 2100 2632 3684 2706">
    <p class='ocr_par' dir='ltr' id='par_1_68' title="bbox 2100 2632 3684 2706">
     <span class='ocr_line' id='line_1_68' title="bbox 2100 2632 3684 2706; baseline -0.003 -14"><span class='ocrx_word' id='word_1_528' title='bbox 2100 2634 2213 2692; x_wconf 87' lang='lat' dir='ltr'><strong>Nec</strong></span> <span class='ocrx_word' id='word_1_529' title='bbox 2245 2640 2347 2692; x_wconf 87' lang='lat' dir='ltr'><strong>hoc</strong></span> <span class='ocrx_word' id='word_1_530' title='bbox 2377 2637 2452 2691; x_wconf 92' lang='lat' dir='ltr'><strong>illi</strong></span> <span class='ocrx_word' id='word_1_531' title='bbox 2487 2636 2718 2691; x_wconf 90' lang='lat' dir='ltr'><strong>arduum</strong></span> <span class='ocrx_word' id='word_1_532' title='bbox 2748 2636 2990 2697; x_wconf 87' lang='lat' dir='ltr'><strong>videtur,</strong></span> <span class='ocrx_word' id='word_1_533' title='bbox 3022 2644 3307 2706; x_wconf 87' lang='lat' dir='ltr'><strong>postquam</strong></span> <span class='ocrx_word' id='word_1_534' title='bbox 3353 2632 3464 2701; x_wconf 82' lang='lat' dir='ltr'><strong>iam</strong></span> <span class='ocrx_word' id='word_1_535' title='bbox 3511 2634 3584 2689; x_wconf 92' lang='lat' dir='ltr'><strong>ibi</strong></span> <span class='ocrx_word' id='word_1_536' title='bbox 3628 2632 3684 2687; x_wconf 88' lang='lat' dir='ltr'><strong>in</strong></span> 
     </span>
    </p>
   </div>
   <div class='ocr_carea' id='block_1_69' title="bbox 2100 2725 3683 2795">
    <p class='ocr_par' dir='ltr' id='par_1_69' title="bbox 2100 2725 3683 2795">
     <span class='ocr_line' id='line_1_69' title="bbox 2100 2725 3683 2795; baseline -0.002 -12"><span class='ocrx_word' id='word_1_537' title='bbox 2100 2728 2321 2783; x_wconf 81' lang='lat' dir='ltr'><strong>Christo</strong></span> <span class='ocrx_word' id='word_1_538' title='bbox 2376 2726 2607 2783; x_wconf 90' lang='lat' dir='ltr'><strong>Domino</strong></span> <span class='ocrx_word' id='word_1_539' title='bbox 2666 2743 2823 2783; x_wconf 89' lang='lat' dir='ltr'><strong>suum</strong></span> <span class='ocrx_word' id='word_1_540' title='bbox 2875 2742 3001 2783; x_wconf 90' lang='lat' dir='ltr'><strong>csse</strong></span> <span class='ocrx_word' id='word_1_541' title='bbox 3052 2728 3324 2783; x_wconf 82' lang='lat' dir='ltr'><strong>hominem</strong></span> <span class='ocrx_word' id='word_1_542' title='bbox 3375 2725 3683 2795; x_wconf 73' lang='lat' dir='ltr'><strong>cognoscit.</strong></span> 
     </span>
    </p>
   </div>
   <div class='ocr_carea' id='block_1_70' title="bbox 2107 2816 3679 2893">
    <p class='ocr_par' dir='ltr' id='par_1_70' title="bbox 2107 2816 3679 2893">
     <span class='ocr_line' id='line_1_70' title="bbox 2107 2816 3679 2893; baseline -0.004 -17"><span class='ocrx_word' id='word_1_543' title='bbox 2107 2819 2357 2876; x_wconf 81' lang='lat' dir='ltr'><strong>Vindicat</strong></span> <span class='ocrx_word' id='word_1_544' title='bbox 2398 2822 2498 2877; x_wconf 89' lang='lat' dir='ltr'><strong>sibi</strong></span> <span class='ocrx_word' id='word_1_545' title='bbox 2534 2837 2747 2893; x_wconf 64' lang='lat' dir='ltr'><strong>aequum</strong></span> <span class='ocrx_word' id='word_1_546' title='bbox 2790 2821 2881 2891; x_wconf 88' lang='lat' dir='ltr'><strong>jus</strong></span> <span class='ocrx_word' id='word_1_547' title='bbox 2928 2824 2995 2876; x_wconf 89' lang='lat' dir='ltr'><strong>de</strong></span> <span class='ocrx_word' id='word_1_548' title='bbox 3033 2818 3354 2890; x_wconf 88' lang='lat' dir='ltr'><strong>cognatione</strong></span> <span class='ocrx_word' id='word_1_549' title='bbox 3384 2834 3480 2889; x_wconf 89' lang='lat' dir='ltr'><strong>per</strong></span> <span class='ocrx_word' id='word_1_550' title='bbox 3513 2816 3679 2871; x_wconf 91' lang='lat' dir='ltr'><strong>Deum</strong></span> 
     </span>
    </p>
   </div>
   <div class='ocr_carea' id='block_1_71' title="bbox 2103 2908 3685 2984">
    <p class='ocr_par' dir='ltr' id='par_1_71' title="bbox 2103 2908 3685 2984">
     <span class='ocr_line' id='line_1_71' title="bbox 2103 2908 3685 2984; baseline -0.006 -11"><span class='ocrx_word' id='word_1_551' title='bbox 2103 2917 2287 2973; x_wconf 88' lang='lat' dir='ltr'><strong>carnis</strong></span> <span class='ocrx_word' id='word_1_552' title='bbox 2336 2925 2667 2984; x_wconf 85' lang='lat' dir='ltr'><strong>assumptae:</strong></span> <span class='ocrx_word' id='word_1_553' title='bbox 2700 2913 2960 2984; x_wconf 88' lang='lat' dir='ltr'><strong>quoniam</strong></span> <span class='ocrx_word' id='word_1_554' title='bbox 2995 2913 3062 2968; x_wconf 89' lang='lat' dir='ltr'><strong>de</strong></span> <span class='ocrx_word' id='word_1_555' title='bbox 3091 2926 3259 2966; x_wconf 84' lang='lat' dir='ltr'><strong>carne</strong></span> <span class='ocrx_word' id='word_1_556' title='bbox 3302 2908 3422 2978; x_wconf 86' lang='lat' dir='ltr'><strong>ejus</strong></span> <span class='ocrx_word' id='word_1_557' title='bbox 3468 2922 3685 2975; x_wconf 89' lang='lat' dir='ltr'><strong>sumus,</strong></span> 
     </span>
    </p>
   </div>
   <div class='ocr_carea' id='block_1_72' title="bbox 2104 2990 3685 3075">
    <p class='ocr_par' dir='ltr' id='par_1_72' title="bbox 2104 2990 3685 3075">
     <span class='ocr_line' id='line_1_72' title="bbox 2104 2990 3685 3075; baseline -0.004 -15"><span class='ocrx_word' id='word_1_558' title='bbox 2104 2990 2160 3061; x_wconf 75' lang='lat' dir='ltr'><strong>et</strong></span> <span class='ocrx_word' id='word_1_559' title='bbox 2211 3005 2281 3062; x_wconf 88' lang='lat' dir='ltr'><strong>de</strong></span> <span class='ocrx_word' id='word_1_560' title='bbox 2330 3005 2546 3061; x_wconf 87' lang='lat' dir='ltr'><strong>ossibus</strong></span> <span class='ocrx_word' id='word_1_561' title='bbox 2592 3005 2731 3075; x_wconf 88' lang='lat' dir='ltr'><strong>ejus.</strong></span> <span class='ocrx_word' id='word_1_562' title='bbox 2767 3003 2888 3075; x_wconf 79' lang='lat' dir='ltr'><strong>Ipse</strong></span> <span class='ocrx_word' id='word_1_563' title='bbox 2935 3003 3074 3059; x_wconf 83' lang='lat' dir='ltr'><strong>enim</strong></span> <span class='ocrx_word' id='word_1_564' title='bbox 3126 3010 3202 3057; x_wconf 78' lang='lat' dir='ltr'><strong>est</strong></span> <span class='ocrx_word' id='word_1_565' title='bbox 3256 3009 3413 3065; x_wconf 79' lang='lat' dir='ltr'><strong>caput</strong></span> <span class='ocrx_word' id='word_1_566' title='bbox 3451 2998 3685 3067; x_wconf 78' lang='lat' dir='ltr'><strong>corporis</strong></span> 
     </span>
    </p>
   </div>
   <div class='ocr_carea' id='block_1_73' title="bbox 2112 3091 3686 3169">
    <p class='ocr_par' dir='ltr' id='par_1_73' title="bbox 2112 3091 3686 3169">
     <span class='ocr_line' id='line_1_73' title="bbox 2112 3091 3686 3169; baseline -0.004 -15"><span class='ocrx_word' id='word_1_567' title='bbox 2112 3099 2368 3154; x_wconf 77' lang='lat' dir='ltr'><strong>Ecclesia:</strong></span> <span class='ocrx_word' id='word_1_568' title='bbox 2422 3096 2656 3169; x_wconf 71' lang='lat' dir='ltr'><strong>(Colon.</strong></span> <span class='ocrx_word' id='word_1_569' title='bbox 2704 3114 2758 3163; x_wconf 87' lang='grc' dir='ltr'>ι,</span> <span class='ocrx_word' id='word_1_570' title='bbox 2806 3097 2932 3166; x_wconf 82' lang='grc'><strong>18),</strong></span> <span class='ocrx_word' id='word_1_571' title='bbox 2966 3095 3083 3165; x_wconf 89' lang='lat' dir='ltr'><strong>ipse</strong></span> <span class='ocrx_word' id='word_1_572' title='bbox 3136 3093 3458 3165; x_wconf 86' lang='lat' dir='ltr'><strong>principium</strong></span> <span class='ocrx_word' id='word_1_573' title='bbox 3506 3091 3686 3149; x_wconf 80' lang='lat' dir='ltr'><strong>omnis</strong></span> 
     </span>
    </p>
   </div>
   <div class='ocr_carea' id='block_1_74' title="bbox 2101 3182 3680 3262">
    <p class='ocr_par' dir='ltr' id='par_1_74' title="bbox 2101 3182 3680 3262">
     <span class='ocr_line' id='line_1_74' title="bbox 2101 3182 3680 3262; baseline -0.008 -16"><span class='ocrx_word' id='word_1_574' title='bbox 2101 3189 2443 3262; x_wconf 87' lang='lat' dir='ltr'><strong>principatus</strong></span> <span class='ocrx_word' id='word_1_575' title='bbox 2475 3200 2532 3243; x_wconf 89' lang='lat' dir='ltr'><strong>et</strong></span> <span class='ocrx_word' id='word_1_576' title='bbox 2563 3196 2917 3256; x_wconf 77' lang='lat' dir='ltr'><strong>potestatum,</strong></span> <span class='ocrx_word' id='word_1_577' title='bbox 2950 3184 3360 3254; x_wconf 83' lang='lat' dir='ltr'><strong>evangelizante</strong></span> <span class='ocrx_word' id='word_1_578' title='bbox 3409 3182 3491 3238; x_wconf 85' lang='lat' dir='ltr'><strong>sic</strong></span> <span class='ocrx_word' id='word_1_579' title='bbox 3532 3182 3680 3251; x_wconf 80' lang='lat' dir='ltr'><strong>Apo-</strong></span> 
     </span>
    </p>
   </div>
   <div class='ocr_carea' id='block_1_75' title="bbox 2102 3266 3684 3349">
    <p class='ocr_par' dir='ltr' id='par_1_75' title="bbox 2102 3266 3684 3349">
     <span class='ocr_line' id='line_1_75' title="bbox 2102 3266 3684 3349; baseline -0.006 -15"><span class='ocrx_word' id='word_1_580' title='bbox 2102 3282 2244 3335; x_wconf 91' lang='lat' dir='ltr'><strong>stolo</strong></span> <span class='ocrx_word' id='word_1_581' title='bbox 2273 3295 2291 3338; x_wconf 85' lang='lat'><strong>:</strong></span> <span class='ocrx_word' id='word_1_582' title='bbox 2316 3278 2402 3335; x_wconf 84' lang='lat' dir='ltr'><strong>Ea:</strong></span> <span class='ocrx_word' id='word_1_583' title='bbox 2432 3295 2533 3349; x_wconf 87' lang='lat' dir='ltr'><strong>quo</strong></span> <span class='ocrx_word' id='word_1_584' title='bbox 2568 3286 2736 3332; x_wconf 87' lang='lat' dir='ltr'><strong>totum</strong></span> <span class='ocrx_word' id='word_1_585' title='bbox 2775 3292 2968 3348; x_wconf 83' lang='lat' dir='ltr'><strong>corpus</strong></span> <span class='ocrx_word' id='word_1_586' title='bbox 2997 3266 3074 3331; x_wconf 74' lang='lat' dir='ltr'><strong>sic</strong></span> <span class='ocrx_word' id='word_1_587' title='bbox 3105 3284 3436 3346; x_wconf 85' lang='lat' dir='ltr'><strong>compactum</strong></span> <span class='ocrx_word' id='word_1_588' title='bbox 3470 3284 3520 3328; x_wconf 89' lang='lat' dir='ltr'><strong>eI</strong></span> <span class='ocrx_word' id='word_1_589' title='bbox 3553 3289 3684 3343; x_wconf 84' lang='lat' dir='ltr'><strong>pro-</strong></span> 
     </span>
    </p>
   </div>
   <div class='ocr_carea' id='block_1_76' title="bbox 2101 3364 3685 3441">
    <p class='ocr_par' dir='ltr' id='par_1_76' title="bbox 2101 3364 3685 3441">
     <span class='ocr_line' id='line_1_76' title="bbox 2101 3364 3685 3441; baseline -0.006 -14"><span class='ocrx_word' id='word_1_590' title='bbox 2101 3371 2320 3427; x_wconf 81' lang='lat' dir='ltr'><strong>ductum</strong></span> <span class='ocrx_word' id='word_1_591' title='bbox 2347 3387 2439 3440; x_wconf 86' lang='lat' dir='ltr'><strong>per</strong></span> <span class='ocrx_word' id='word_1_592' title='bbox 2484 3369 2930 3441; x_wconf 84' lang='lat' dir='ltr'><strong>conjunctionem,</strong></span> <span class='ocrx_word' id='word_1_593' title='bbox 2957 3378 3009 3424; x_wconf 88' lang='lat' dir='ltr'><strong>et</strong></span> <span class='ocrx_word' id='word_1_594' title='bbox 3044 3366 3378 3438; x_wconf 84' lang='lat' dir='ltr'><strong>copulatum,</strong></span> <span class='ocrx_word' id='word_1_595' title='bbox 3405 3365 3596 3419; x_wconf 79' lang='lat' dir='ltr'><strong>crescit</strong></span> <span class='ocrx_word' id='word_1_596' title='bbox 3630 3364 3685 3418; x_wconf 81' lang='lat' dir='ltr'><strong>in</strong></span> 
     </span>
    </p>
   </div>
   <div class='ocr_carea' id='block_1_77' title="bbox 2102 3458 3684 3533">
    <p class='ocr_par' dir='ltr' id='par_1_77' title="bbox 2102 3458 3684 3533">
     <span class='ocr_line' id='line_1_77' title="bbox 2102 3458 3684 3533; baseline -0.006 -15"><span class='ocrx_word' id='word_1_597' title='bbox 2102 3472 2440 3533; x_wconf 83' lang='lat' dir='ltr'><strong>augmentum</strong></span> <span class='ocrx_word' id='word_1_598' title='bbox 2474 3460 2570 3516; x_wconf 82' lang='lat' dir='ltr'><strong>Dei</strong></span> <span class='ocrx_word' id='word_1_599' title='bbox 2620 3460 2847 3533; x_wconf 69' lang='lat' dir='ltr'><strong>(Colon.</strong></span> <span class='ocrx_word' id='word_1_600' title='bbox 2882 3476 2945 3528; x_wconf 84' lang='grc' dir='ltr'>ιι,</span> <span class='ocrx_word' id='word_1_601' title='bbox 2982 3458 3096 3530; x_wconf 79' lang='grc'><strong>19).</strong></span> <span class='ocrx_word' id='word_1_602' title='bbox 3129 3459 3268 3525; x_wconf 80' lang='lat' dir='ltr'><strong>Quid</strong></span> <span class='ocrx_word' id='word_1_603' title='bbox 3314 3472 3447 3528; x_wconf 89' lang='lat' dir='ltr'><strong>ergo</strong></span> <span class='ocrx_word' id='word_1_604' title='bbox 3488 3464 3684 3511; x_wconf 82' lang='lat' dir='ltr'><strong>ventu-</strong></span> 
     </span>
    </p>
   </div>
   <div class='ocr_carea' id='block_1_78' title="bbox 2105 3548 3684 3627">
    <p class='ocr_par' dir='ltr' id='par_1_78' title="bbox 2105 3548 3684 3627">
     <span class='ocr_line' id='line_1_78' title="bbox 2105 3548 3684 3627; baseline -0.006 -15"><span class='ocrx_word' id='word_1_605' title='bbox 2105 3574 2224 3612; x_wconf 84' lang='lat' dir='ltr'><strong>rum</strong></span> <span class='ocrx_word' id='word_1_606' title='bbox 2256 3556 2549 3627; x_wconf 86' lang='lat' dir='ltr'><strong>judicium,</strong></span> <span class='ocrx_word' id='word_1_607' title='bbox 2585 3564 2640 3609; x_wconf 89' lang='lat' dir='ltr'><strong>et</strong></span> <span class='ocrx_word' id='word_1_608' title='bbox 2685 3554 2829 3610; x_wconf 89' lang='lat' dir='ltr'><strong>diem</strong></span> <span class='ocrx_word' id='word_1_609' title='bbox 2871 3553 3110 3616; x_wconf 90' lang='lat' dir='ltr'><strong>Domini,</strong></span> <span class='ocrx_word' id='word_1_610' title='bbox 3143 3552 3247 3619; x_wconf 88' lang='lat' dir='ltr'><strong>piis</strong></span> <span class='ocrx_word' id='word_1_611' title='bbox 3282 3548 3595 3618; x_wconf 84' lang='lat' dir='ltr'><strong>optabilem,</strong></span> <span class='ocrx_word' id='word_1_612' title='bbox 3626 3553 3684 3602; x_wconf 89' lang='lat' dir='ltr'><strong>et</strong></span> 
     </span>
    </p>
   </div>
   <div class='ocr_carea' id='block_1_79' title="bbox 2105 3640 3682 3719">
    <p class='ocr_par' dir='ltr' id='par_1_79' title="bbox 2105 3640 3682 3719">
     <span class='ocr_line' id='line_1_79' title="bbox 2105 3640 3682 3719; baseline -0.009 -13"><span class='ocrx_word' id='word_1_613' title='bbox 2105 3650 2287 3719; x_wconf 79' lang='lat' dir='ltr'><strong>impiis</strong></span> <span class='ocrx_word' id='word_1_614' title='bbox 2321 3648 2673 3719; x_wconf 89' lang='lat' dir='ltr'><strong>fugiendum;</strong></span> <span class='ocrx_word' id='word_1_615' title='bbox 2706 3647 2834 3717; x_wconf 90' lang='lat' dir='ltr'><strong>quid</strong></span> <span class='ocrx_word' id='word_1_616' title='bbox 2868 3645 2999 3699; x_wconf 91' lang='lat' dir='ltr'><strong>illud</strong></span> <span class='ocrx_word' id='word_1_617' title='bbox 3031 3645 3244 3713; x_wconf 88' lang='lat' dir='ltr'><strong>igneum</strong></span> <span class='ocrx_word' id='word_1_618' title='bbox 3276 3640 3540 3695; x_wconf 86' lang='lat' dir='ltr'><strong>diluvium</strong></span> <span class='ocrx_word' id='word_1_619' title='bbox 3574 3654 3682 3693; x_wconf 93' lang='lat' dir='ltr'><strong>non</strong></span> 
     </span>
    </p>
   </div>
   <div class='ocr_carea' id='block_1_80' title="bbox 2103 3730 3689 3811">
    <p class='ocr_par' dir='ltr' id='par_1_80' title="bbox 2103 3730 3689 3811">
     <span class='ocr_line' id='line_1_80' title="bbox 2103 3730 3689 3811; baseline -0.008 -14"><span class='ocrx_word' id='word_1_620' title='bbox 2103 3756 2366 3811; x_wconf 80' lang='lat' dir='ltr'><strong>aquarum</strong></span> <span class='ocrx_word' id='word_1_621' title='bbox 2389 3779 2406 3804; x_wconf 90' lang='lat'><strong>,</strong></span> <span class='ocrx_word' id='word_1_622' title='bbox 2461 3740 2707 3795; x_wconf 85' lang='lat' dir='ltr'><strong>fumante</strong></span> <span class='ocrx_word' id='word_1_623' title='bbox 2742 3747 2887 3792; x_wconf 90' lang='lat' dir='ltr'><strong>terra</strong></span> <span class='ocrx_word' id='word_1_624' title='bbox 2908 3775 2922 3802; x_wconf 93' lang='lat'><strong>,</strong></span> <span class='ocrx_word' id='word_1_625' title='bbox 2960 3734 3202 3805; x_wconf 85' lang='lat' dir='ltr'><strong>fugiente</strong></span> <span class='ocrx_word' id='word_1_626' title='bbox 3252 3731 3425 3798; x_wconf 88' lang='lat' dir='ltr'><strong>mari,</strong></span> <span class='ocrx_word' id='word_1_627' title='bbox 3457 3730 3602 3786; x_wconf 67' lang='lat' dir='ltr'><strong>calo</strong></span> <span class='ocrx_word' id='word_1_628' title='bbox 3631 3730 3689 3785; x_wconf 91' lang='lat' dir='ltr'><strong>in</strong></span> 
     </span>
    </p>
   </div>
   <div class='ocr_carea' id='block_1_81' title="bbox 2107 3823 3155 3901">
    <p class='ocr_par' dir='ltr' id='par_1_81' title="bbox 2107 3823 3155 3901">
     <span class='ocr_line' id='line_1_81' title="bbox 2107 3823 3155 3901; baseline -0.009 -14"><span class='ocrx_word' id='word_1_629' title='bbox 2107 3833 2228 3888; x_wconf 87' lang='lat' dir='ltr'><strong>libri</strong></span> <span class='ocrx_word' id='word_1_630' title='bbox 2262 3830 2504 3901; x_wconf 84' lang='lat' dir='ltr'><strong>speciem</strong></span> <span class='ocrx_word' id='word_1_631' title='bbox 2538 3827 2884 3897; x_wconf 89' lang='lat' dir='ltr'><strong>complicato,</strong></span> <span class='ocrx_word' id='word_1_632' title='bbox 2924 3823 3155 3895; x_wconf 70' lang='lat' dir='ltr'><strong>loquar?</strong></span> 
     </span>
    </p>
   </div>
   <div class='ocr_carea' id='block_1_82' title="bbox 2174 3914 3693 3985">
    <p class='ocr_par' dir='ltr' id='par_1_82' title="bbox 2174 3914 3693 3985">
     <span class='ocr_line' id='line_1_82' title="bbox 2174 3914 3693 3985; baseline -0.005 -6"><span class='ocrx_word' id='word_1_633' title='bbox 2174 3922 2265 3981; x_wconf 75' lang='lat' dir='ltr'><strong>IX.</strong></span> <span class='ocrx_word' id='word_1_634' title='bbox 2291 3920 2499 3977; x_wconf 85' lang='lat' dir='ltr'><strong>Tristia</strong></span> <span class='ocrx_word' id='word_1_635' title='bbox 2527 3918 2643 3975; x_wconf 65' lang='lat' dir='ltr'><strong>hac</strong></span> <span class='ocrx_word' id='word_1_636' title='bbox 2662 3929 2792 3975; x_wconf 90' lang='lat' dir='ltr'><strong>sunt</strong></span> <span class='ocrx_word' id='word_1_637' title='bbox 2816 3916 3078 3973; x_wconf 89' lang='lat' dir='ltr'><strong>divitibus</strong></span> <span class='ocrx_word' id='word_1_638' title='bbox 3100 3915 3311 3982; x_wconf 62' lang='lat' dir='ltr'><strong>seaculi,</strong></span> <span class='ocrx_word' id='word_1_639' title='bbox 3342 3914 3440 3973; x_wconf 87' lang='lat' dir='ltr'><strong>sed</strong></span> <span class='ocrx_word' id='word_1_640' title='bbox 3491 3929 3693 3985; x_wconf 82' lang='lat' dir='ltr'><strong>exspe-</strong></span> 
     </span>
    </p>
   </div>
   <div class='ocr_carea' id='block_1_83' title="bbox 2104 4007 3696 4086">
    <p class='ocr_par' dir='ltr' id='par_1_83' title="bbox 2104 4007 3696 4086">
     <span class='ocr_line' id='line_1_83' title="bbox 2104 4007 3696 4086; baseline -0.007 -13"><span class='ocrx_word' id='word_1_641' title='bbox 2104 4016 2304 4074; x_wconf 86' lang='lat' dir='ltr'><strong>ctanda</strong></span> <span class='ocrx_word' id='word_1_642' title='bbox 2331 4014 2662 4086; x_wconf 82' lang='lat' dir='ltr'><strong>pauperibus</strong></span> <span class='ocrx_word' id='word_1_643' title='bbox 2685 4010 2910 4077; x_wconf 86' lang='lat' dir='ltr'><strong>Christi,</strong></span> <span class='ocrx_word' id='word_1_644' title='bbox 2930 4023 3028 4080; x_wconf 91' lang='lat' dir='ltr'><strong>pro</strong></span> <span class='ocrx_word' id='word_1_645' title='bbox 3046 4009 3243 4080; x_wconf 81' lang='lat' dir='ltr'><strong>quibus</strong></span> <span class='ocrx_word' id='word_1_646' title='bbox 3262 4008 3316 4063; x_wconf 91' lang='lat' dir='ltr'><strong>in</strong></span> <span class='ocrx_word' id='word_1_647' title='bbox 3338 4007 3555 4065; x_wconf 87' lang='lat' dir='ltr'><strong>Psalmo</strong></span> <span class='ocrx_word' id='word_1_648' title='bbox 3592 4009 3696 4063; x_wconf 91' lang='lat' dir='ltr'><strong>Do-</strong></span> 
     </span>
    </p>
   </div>
   <div class='ocr_carea' id='block_1_84' title="bbox 2107 4099 3694 4179">
    <p class='ocr_par' dir='ltr' id='par_1_84' title="bbox 2107 4099 3694 4179">
     <span class='ocr_line' id='line_1_84' title="bbox 2107 4099 3694 4179; baseline -0.009 -14"><span class='ocrx_word' id='word_1_649' title='bbox 2107 4111 2286 4166; x_wconf 87' lang='lat' dir='ltr'><strong>minus</strong></span> <span class='ocrx_word' id='word_1_650' title='bbox 2321 4107 2581 4179; x_wconf 85' lang='lat' dir='ltr'><strong>suspirat,</strong></span> <span class='ocrx_word' id='word_1_651' title='bbox 2610 4105 2843 4161; x_wconf 86' lang='lat' dir='ltr'><strong>dicens:</strong></span> <span class='ocrx_word' id='word_1_652' title='bbox 2878 4100 3106 4172; x_wconf 79' lang='lat' dir='ltr'><strong>Propter</strong></span> <span class='ocrx_word' id='word_1_653' title='bbox 3144 4100 3418 4155; x_wconf 78' lang='lat' dir='ltr'><strong>miseriam</strong></span> <span class='ocrx_word' id='word_1_654' title='bbox 3450 4099 3694 4166; x_wconf 72' lang='lat' dir='ltr'><strong>inopum,</strong></span> 
     </span>
    </p>
   </div>
   <div class='ocr_carea' id='block_1_85' title="bbox 2104 4188 3692 4274">
    <p class='ocr_par' dir='ltr' id='par_1_85' title="bbox 2104 4188 3692 4274">
     <span class='ocr_line' id='line_1_85' title="bbox 2104 4188 3692 4274; baseline -0.008 -14"><span class='ocrx_word' id='word_1_655' title='bbox 2104 4212 2156 4259; x_wconf 89' lang='lat' dir='ltr'><strong>et</strong></span> <span class='ocrx_word' id='word_1_656' title='bbox 2188 4202 2434 4274; x_wconf 80' lang='lat' dir='ltr'><strong>gemitum</strong></span> <span class='ocrx_word' id='word_1_657' title='bbox 2467 4212 2754 4269; x_wconf 80' lang='lat' dir='ltr'><strong>pauperum</strong></span> <span class='ocrx_word' id='word_1_658' title='bbox 2794 4209 2934 4250; x_wconf 81' lang='lat' dir='ltr'><strong>nunc</strong></span> <span class='ocrx_word' id='word_1_659' title='bbox 2986 4207 3267 4263; x_wconf 69' lang='lat' dir='ltr'><strong>exsurgant</strong></span> <span class='ocrx_word' id='word_1_660' title='bbox 3291 4190 3462 4263; x_wconf 78' lang='grc' dir='ltr'><strong>(ρωι.</strong></span> <span class='ocrx_word' id='word_1_661' title='bbox 3493 4204 3570 4256; x_wconf 75' lang='grc' dir='ltr'>ιι,</span> <span class='ocrx_word' id='word_1_662' title='bbox 3611 4188 3692 4261; x_wconf 86' lang='lat'><strong>6).</strong></span> 
     </span>
    </p>
   </div>
   <div class='ocr_carea' id='block_1_86' title="bbox 2107 4282 3696 4365">
    <p class='ocr_par' dir='ltr' id='par_1_86' title="bbox 2107 4282 3696 4365">
     <span class='ocr_line' id='line_1_86' title="bbox 2107 4282 3696 4365; baseline -0.011 -11"><span class='ocrx_word' id='word_1_663' title='bbox 2107 4295 2248 4365; x_wconf 87' lang='lat' dir='ltr'><strong>Quid</strong></span> <span class='ocrx_word' id='word_1_664' title='bbox 2273 4293 2513 4351; x_wconf 88' lang='lat' dir='ltr'><strong>tribunal</strong></span> <span class='ocrx_word' id='word_1_665' title='bbox 2552 4291 2682 4347; x_wconf 89' lang='lat' dir='ltr'><strong>illud</strong></span> <span class='ocrx_word' id='word_1_666' title='bbox 2710 4305 2777 4344; x_wconf 78' lang='lat' dir='ltr'><strong>ex</strong></span> <span class='ocrx_word' id='word_1_667' title='bbox 2818 4287 3107 4360; x_wconf 86' lang='lat' dir='ltr'><strong>majestate</strong></span> <span class='ocrx_word' id='word_1_668' title='bbox 3137 4283 3438 4355; x_wconf 84' lang='lat' dir='ltr'><strong>judicantis</strong></span> <span class='ocrx_word' id='word_1_669' title='bbox 3461 4282 3696 4338; x_wconf 89' lang='lat' dir='ltr'><strong>immen-</strong></span> 
     </span>
    </p>
   </div>
   <div class='ocr_carea' id='block_1_87' title="bbox 2109 4375 3695 4456">
    <p class='ocr_par' dir='ltr' id='par_1_87' title="bbox 2109 4375 3695 4456">
     <span class='ocr_line' id='line_1_87' title="bbox 2109 4375 3695 4456; baseline -0.011 -9"><span class='ocrx_word' id='word_1_670' title='bbox 2109 4403 2251 4456; x_wconf 81' lang='lat' dir='ltr'><strong>sum,</strong></span> <span class='ocrx_word' id='word_1_671' title='bbox 2278 4396 2335 4444; x_wconf 87' lang='lat' dir='ltr'><strong>et</strong></span> <span class='ocrx_word' id='word_1_672' title='bbox 2377 4383 2662 4443; x_wconf 83' lang='lat' dir='ltr'><strong>duodecim</strong></span> <span class='ocrx_word' id='word_1_673' title='bbox 2696 4381 2919 4438; x_wconf 82' lang='lat' dir='ltr'><strong>sedibus</strong></span> <span class='ocrx_word' id='word_1_674' title='bbox 2959 4375 3321 4443; x_wconf 83' lang='lat' dir='ltr'><strong>adorandum,</strong></span> <span class='ocrx_word' id='word_1_675' title='bbox 3373 4385 3695 4445; x_wconf 75' lang='lat' dir='ltr'><strong>tantamque</strong></span> 
     </span>
    </p>
   </div>
   <div class='ocr_carea' id='block_1_88' title="bbox 416 4467 3697 4559">
    <p class='ocr_par' dir='ltr' id='par_1_88' title="bbox 416 4467 3697 4559">
     <span class='ocr_line' id='line_1_88' title="bbox 416 4467 3697 4559; baseline -0.003 -30"><span class='ocrx_word' id='word_1_676' title='bbox 416 4474 526 4529; x_wconf 87' lang='lat' dir='ltr'><strong>bus</strong></span> <span class='ocrx_word' id='word_1_677' title='bbox 553 4477 852 4530; x_wconf 84' lang='lat' dir='ltr'><strong>sentiemus</strong></span> <span class='ocrx_word' id='word_1_678' title='bbox 882 4489 899 4530; x_wconf 82' lang='lat'><strong>:</strong></span> <span class='ocrx_word' id='word_1_679' title='bbox 930 4488 1163 4543; x_wconf 81' lang='lat' dir='ltr'><strong>quorum</strong></span> <span class='ocrx_word' id='word_1_680' title='bbox 1195 4473 1285 4528; x_wconf 90' lang='lat' dir='ltr'><strong>alii</strong></span> <span class='ocrx_word' id='word_1_681' title='bbox 1318 4473 1371 4529; x_wconf 87' lang='lat' dir='ltr'><strong>in</strong></span> <span class='ocrx_word' id='word_1_682' title='bbox 1398 4472 1627 4544; x_wconf 88' lang='lat' dir='ltr'><strong>judicio,</strong></span> <span class='ocrx_word' id='word_1_683' title='bbox 1658 4470 1748 4528; x_wconf 90' lang='lat' dir='ltr'><strong>alii</strong></span> <span class='ocrx_word' id='word_1_684' title='bbox 1780 4469 1837 4526; x_wconf 89' lang='lat' dir='ltr'><strong>in</strong></span> <span class='ocrx_word' id='word_1_685' title='bbox 1878 4467 2084 4559; x_wconf 70' lang='lat' dir='ltr'><strong>san-&#39;D</strong></span> <span class='ocrx_word' id='word_1_686' title='bbox 2110 4483 2291 4536; x_wconf 54' lang='lat' dir='ltr'><strong>datam</strong></span> <span class='ocrx_word' id='word_1_687' title='bbox 2319 4492 2348 4533; x_wconf 67' lang='grc' dir='ltr'><strong>ο</strong></span> <span class='ocrx_word' id='word_1_688' title='bbox 2384 4477 2496 4533; x_wconf 77' lang='lat' dir='ltr'><strong>alio</strong></span> <span class='ocrx_word' id='word_1_689' title='bbox 2524 4485 2869 4547; x_wconf 67' lang='lat' dir='ltr'><strong>potestatem,</strong></span> <span class='ocrx_word' id='word_1_690' title='bbox 2902 4481 2962 4527; x_wconf 81' lang='lat' dir='ltr'><strong>ut</strong></span> <span class='ocrx_word' id='word_1_691' title='bbox 3005 4470 3060 4526; x_wconf 88' lang='lat' dir='ltr'><strong>in</strong></span> <span class='ocrx_word' id='word_1_692' title='bbox 3104 4467 3403 4542; x_wconf 87' lang='lat' dir='ltr'><strong>judicando</strong></span> <span class='ocrx_word' id='word_1_693' title='bbox 3458 4468 3697 4523; x_wconf 87' lang='lat' dir='ltr'><strong>habeant</strong></span> 
     </span>
    </p>
   </div>
   <div class='ocr_carea' id='block_1_89' title="bbox 416 4563 2005 4636">
    <p class='ocr_par' dir='ltr' id='par_1_89' title="bbox 416 4563 2005 4636">
     <span class='ocr_line' id='line_1_89' title="bbox 416 4563 2005 4636; baseline -0.002 -15"><span class='ocrx_word' id='word_1_694' title='bbox 416 4581 638 4622; x_wconf 72' lang='lat' dir='ltr'><strong>ciorum</strong></span> <span class='ocrx_word' id='word_1_695' title='bbox 686 4565 914 4621; x_wconf 84' lang='lat' dir='ltr'><strong>consilio</strong></span> <span class='ocrx_word' id='word_1_696' title='bbox 948 4565 1276 4636; x_wconf 75' lang='lat' dir='ltr'><strong>resurgunt?</strong></span> <span class='ocrx_word' id='word_1_697' title='bbox 1303 4564 1405 4632; x_wconf 86' lang='lat' dir='ltr'><strong>Qui</strong></span> <span class='ocrx_word' id='word_1_698' title='bbox 1435 4564 1536 4620; x_wconf 86' lang='lat' dir='ltr'><strong>etsi</strong></span> <span class='ocrx_word' id='word_1_699' title='bbox 1581 4563 2005 4621; x_wconf 86' lang='lat' dir='ltr'><strong>resurrectionis</strong></span> 
     </span>
    </p>
   </div>
   <div class='ocr_carea' id='block_1_90' title="bbox 421 4656 2009 4729">
    <p class='ocr_par' dir='ltr' id='par_1_90' title="bbox 421 4656 2009 4729">
     <span class='ocr_line' id='line_1_90' title="bbox 421 4656 2009 4729; baseline -0.001 -16"><span class='ocrx_word' id='word_1_700' title='bbox 421 4660 597 4729; x_wconf 84' lang='lat' dir='ltr'><strong>ipsius</strong></span> <span class='ocrx_word' id='word_1_701' title='bbox 628 4667 873 4727; x_wconf 86' lang='lat' dir='ltr'><strong>tempore</strong></span> <span class='ocrx_word' id='word_1_702' title='bbox 907 4669 1284 4728; x_wconf 83' lang='lat' dir='ltr'><strong>segregantur,</strong></span> <span class='ocrx_word' id='word_1_703' title='bbox 1314 4656 1443 4726; x_wconf 88' lang='lat' dir='ltr'><strong>quid</strong></span> <span class='ocrx_word' id='word_1_704' title='bbox 1473 4663 1539 4711; x_wconf 87' lang='lat' dir='ltr'><strong>de</strong></span> <span class='ocrx_word' id='word_1_705' title='bbox 1571 4656 1757 4712; x_wconf 89' lang='lat' dir='ltr'><strong>habitu</strong></span> <span class='ocrx_word' id='word_1_706' title='bbox 1802 4656 2009 4711; x_wconf 78' lang='lat' dir='ltr'><strong>fortna-</strong></span> 
     </span>
    </p>
   </div>
   <div class='ocr_carea' id='block_1_91' title="bbox 418 4746 2009 4821">
    <p class='ocr_par' dir='ltr' id='par_1_91' title="bbox 418 4746 2009 4821">
     <span class='ocr_line' id='line_1_91' title="bbox 418 4746 2009 4821; baseline 0.001 -19"><span class='ocrx_word' id='word_1_707' title='bbox 418 4766 535 4821; x_wconf 79' lang='lat' dir='ltr'><strong>que</strong></span> <span class='ocrx_word' id='word_1_708' title='bbox 569 4748 852 4805; x_wconf 79' lang='lat' dir='ltr'><strong>dicemus?</strong></span> <span class='ocrx_word' id='word_1_709' title='bbox 882 4746 1033 4816; x_wconf 78' lang='lat' dir='ltr'><strong>Quze,</strong></span> <span class='ocrx_word' id='word_1_710' title='bbox 1069 4760 1127 4804; x_wconf 91' lang='lat' dir='ltr'><strong>ut</strong></span> <span class='ocrx_word' id='word_1_711' title='bbox 1158 4748 1289 4804; x_wconf 89' lang='lat' dir='ltr'><strong>mibi</strong></span> <span class='ocrx_word' id='word_1_712' title='bbox 1316 4749 1555 4817; x_wconf 85' lang='lat' dir='ltr'><strong>videtur,</strong></span> <span class='ocrx_word' id='word_1_713' title='bbox 1592 4763 1696 4805; x_wconf 92' lang='lat' dir='ltr'><strong>non</strong></span> <span class='ocrx_word' id='word_1_714' title='bbox 1730 4758 1875 4805; x_wconf 84' lang='lat' dir='ltr'><strong>veste</strong></span> <span class='ocrx_word' id='word_1_715' title='bbox 1907 4748 2009 4804; x_wconf 84' lang='lat' dir='ltr'><strong>ali-</strong></span> 
     </span>
    </p>
   </div>
   <div class='ocr_carea' id='block_1_92' title="bbox 422 4840 2009 4912">
    <p class='ocr_par' dir='ltr' id='par_1_92' title="bbox 422 4840 2009 4912">
     <span class='ocr_line' id='line_1_92' title="bbox 422 4840 2009 4912; baseline 0 -17"><span class='ocrx_word' id='word_1_716' title='bbox 422 4857 532 4910; x_wconf 78' lang='lat' dir='ltr'><strong>qua</strong></span> <span class='ocrx_word' id='word_1_717' title='bbox 585 4840 781 4908; x_wconf 78' lang='lat' dir='ltr'><strong>textili,</strong></span> <span class='ocrx_word' id='word_1_718' title='bbox 829 4855 1005 4912; x_wconf 83' lang='lat' dir='ltr'><strong>neque</strong></span> <span class='ocrx_word' id='word_1_719' title='bbox 1042 4841 1330 4897; x_wconf 88' lang='lat' dir='ltr'><strong>mulierum</strong></span> <span class='ocrx_word' id='word_1_720' title='bbox 1363 4841 1643 4897; x_wconf 85' lang='lat' dir='ltr'><strong>elaborata</strong></span> <span class='ocrx_word' id='word_1_721' title='bbox 1679 4840 1881 4911; x_wconf 88' lang='lat' dir='ltr'><strong>pensis,</strong></span> <span class='ocrx_word' id='word_1_722' title='bbox 1914 4841 2009 4896; x_wconf 87' lang='lat' dir='ltr'><strong>sed</strong></span> 
     </span>
    </p>
   </div>
   <div class='ocr_carea' id='block_1_93' title="bbox 420 4933 2012 4991">
    <p class='ocr_par' dir='ltr' id='par_1_93' title="bbox 420 4933 2012 4991">
     <span class='ocr_line' id='line_1_93' title="bbox 420 4933 2012 4991; baseline 0.001 -3"><span class='ocrx_word' id='word_1_723' title='bbox 420 4936 543 4990; x_wconf 84' lang='lat' dir='ltr'><strong>suis</strong></span> <span class='ocrx_word' id='word_1_724' title='bbox 595 4936 804 4990; x_wconf 87' lang='lat' dir='ltr'><strong>meritis</strong></span> <span class='ocrx_word' id='word_1_725' title='bbox 853 4944 907 4990; x_wconf 92' lang='lat' dir='ltr'><strong>et</strong></span> <span class='ocrx_word' id='word_1_726' title='bbox 952 4933 1298 4991; x_wconf 89' lang='lat' dir='ltr'><strong>orationibus</strong></span> <span class='ocrx_word' id='word_1_727' title='bbox 1350 4933 1459 4989; x_wconf 86' lang='lat' dir='ltr'><strong>erit</strong></span> <span class='ocrx_word' id='word_1_728' title='bbox 1504 4933 1726 4989; x_wconf 88' lang='lat' dir='ltr'><strong>inventa</strong></span> <span class='ocrx_word' id='word_1_729' title='bbox 1777 4950 1795 4989; x_wconf 84' lang='lat'><strong>:</strong></span> <span class='ocrx_word' id='word_1_730' title='bbox 1848 4934 2012 4989; x_wconf 89' lang='lat' dir='ltr'><strong>beato</strong></span> 
     </span>
    </p>
   </div>
   <div class='ocr_carea' id='block_1_94' title="bbox 414 5024 2011 5094">
    <p class='ocr_par' dir='ltr' id='par_1_94' title="bbox 414 5024 2011 5094">
     <span class='ocr_line' id='line_1_94' title="bbox 414 5024 2011 5094; baseline -0.003 -11"><span class='ocrx_word' id='word_1_731' title='bbox 414 5024 637 5083; x_wconf 74' lang='lat' dir='ltr'><strong>Joanne</strong></span> <span class='ocrx_word' id='word_1_732' title='bbox 664 5026 769 5083; x_wconf 89' lang='lat' dir='ltr'><strong>hoc</strong></span> <span class='ocrx_word' id='word_1_733' title='bbox 800 5027 852 5082; x_wconf 92' lang='lat' dir='ltr'><strong>in</strong></span> <span class='ocrx_word' id='word_1_734' title='bbox 882 5026 1217 5083; x_wconf 84' lang='lat' dir='ltr'><strong>revelatione</strong></span> <span class='ocrx_word' id='word_1_735' title='bbox 1246 5034 1616 5091; x_wconf 82' lang='lat' dir='ltr'><strong>monstrante,</strong></span> <span class='ocrx_word' id='word_1_736' title='bbox 1641 5026 1734 5094; x_wconf 85' lang='lat' dir='ltr'><strong>qui</strong></span> <span class='ocrx_word' id='word_1_737' title='bbox 1769 5034 2011 5093; x_wconf 87' lang='lat' dir='ltr'><strong>sanctos,</strong></span> 
     </span>
    </p>
   </div>
   <div class='ocr_carea' id='block_1_95' title="bbox 418 5117 2014 5192">
    <p class='ocr_par' dir='ltr' id='par_1_95' title="bbox 418 5117 2014 5192">
     <span class='ocr_line' id='line_1_95' title="bbox 418 5117 2014 5192; baseline -0.001 -17"><span class='ocrx_word' id='word_1_738' title='bbox 418 5123 502 5175; x_wconf 80' lang='lat' dir='ltr'><strong>ait</strong></span> <span class='ocrx_word' id='word_1_739' title='bbox 531 5120 748 5176; x_wconf 81' lang='lat' dir='ltr'><strong>indutos</strong></span> <span class='ocrx_word' id='word_1_740' title='bbox 784 5119 1056 5192; x_wconf 77' lang='lat' dir='ltr'><strong>bysaiuum</strong></span> <span class='ocrx_word' id='word_1_741' title='bbox 1091 5135 1151 5176; x_wconf 87' lang='lat' dir='ltr'><strong>se</strong></span> <span class='ocrx_word' id='word_1_742' title='bbox 1187 5119 1387 5175; x_wconf 85' lang='lat' dir='ltr'><strong>vidisse</strong></span> <span class='ocrx_word' id='word_1_743' title='bbox 1423 5117 1613 5190; x_wconf 76' lang='lat' dir='ltr'><strong>(Apoc.</strong></span> <span class='ocrx_word' id='word_1_744' title='bbox 1653 5134 1767 5180; x_wconf 75' lang='lat' dir='ltr'><strong>xu,</strong></span> <span class='ocrx_word' id='word_1_745' title='bbox 1801 5117 1913 5189; x_wconf 65' lang='grc'><strong>11).</strong></span> <span class='ocrx_word' id='word_1_746' title='bbox 1943 5117 2014 5173; x_wconf 86' lang='grc' dir='ltr'>Ει</span> 
     </span>
    </p>
   </div>
   <div class='ocr_carea' id='block_1_96' title="bbox 423 5211 2016 5284">
    <p class='ocr_par' dir='ltr' id='par_1_96' title="bbox 423 5211 2016 5284">
     <span class='ocr_line' id='line_1_96' title="bbox 423 5211 2016 5284; baseline -0.003 -15"><span class='ocrx_word' id='word_1_747' title='bbox 423 5229 496 5270; x_wconf 87' lang='lat' dir='ltr'><strong>ne</strong></span> <span class='ocrx_word' id='word_1_748' title='bbox 527 5213 664 5269; x_wconf 86' lang='lat' dir='ltr'><strong>forte</strong></span> <span class='ocrx_word' id='word_1_749' title='bbox 692 5214 1037 5283; x_wconf 86' lang='lat' dir='ltr'><strong>subtegmina</strong></span> <span class='ocrx_word' id='word_1_750' title='bbox 1100 5212 1324 5284; x_wconf 84' lang='lat' dir='ltr'><strong>byssini,</strong></span> <span class='ocrx_word' id='word_1_751' title='bbox 1363 5223 1457 5268; x_wconf 87' lang='lat' dir='ltr'><strong>aut</strong></span> <span class='ocrx_word' id='word_1_752' title='bbox 1485 5211 1715 5267; x_wconf 88' lang='lat' dir='ltr'><strong>stamina</strong></span> <span class='ocrx_word' id='word_1_753' title='bbox 1747 5225 2016 5282; x_wconf 65' lang='lat' dir='ltr'><strong>quaerere-</strong></span> 
     </span>
    </p>
   </div>
   <div class='ocr_carea' id='block_1_97' title="bbox 426 5305 2013 5379">
    <p class='ocr_par' dir='ltr' id='par_1_97' title="bbox 426 5305 2013 5379">
     <span class='ocr_line' id='line_1_97' title="bbox 426 5305 2013 5379; baseline -0.002 -15"><span class='ocrx_word' id='word_1_754' title='bbox 426 5323 570 5375; x_wconf 81' lang='lat' dir='ltr'><strong>mus,</strong></span> <span class='ocrx_word' id='word_1_755' title='bbox 603 5318 658 5364; x_wconf 91' lang='lat' dir='ltr'><strong>et</strong></span> <span class='ocrx_word' id='word_1_756' title='bbox 694 5308 993 5374; x_wconf 80' lang='lat' dir='ltr'><strong>materiale,</strong></span> <span class='ocrx_word' id='word_1_757' title='bbox 1029 5309 1109 5364; x_wconf 81' lang='lat' dir='ltr'><strong>vel</strong></span> <span class='ocrx_word' id='word_1_758' title='bbox 1150 5308 1504 5379; x_wconf 88' lang='lat' dir='ltr'><strong>corruptibile</strong></span> <span class='ocrx_word' id='word_1_759' title='bbox 1550 5322 1616 5363; x_wconf 91' lang='lat' dir='ltr'><strong>ac</strong></span> <span class='ocrx_word' id='word_1_760' title='bbox 1661 5307 1862 5362; x_wconf 79' lang='lat' dir='ltr'><strong>fluxum</strong></span> <span class='ocrx_word' id='word_1_761' title='bbox 1910 5305 2013 5362; x_wconf 91' lang='lat' dir='ltr'><strong>ali-</strong></span> 
     </span>
    </p>
   </div>
   <div class='ocr_carea' id='block_1_98' title="bbox 424 5398 2011 5471">
    <p class='ocr_par' dir='ltr' id='par_1_98' title="bbox 424 5398 2011 5471">
     <span class='ocr_line' id='line_1_98' title="bbox 424 5398 2011 5471; baseline -0.001 -18"><span class='ocrx_word' id='word_1_762' title='bbox 424 5400 558 5470; x_wconf 88' lang='lat' dir='ltr'><strong>quid</strong></span> <span class='ocrx_word' id='word_1_763' title='bbox 591 5399 834 5454; x_wconf 79' lang='lat' dir='ltr'><strong>exerceri</strong></span> <span class='ocrx_word' id='word_1_764' title='bbox 881 5399 933 5454; x_wconf 92' lang='lat' dir='ltr'><strong>in</strong></span> <span class='ocrx_word' id='word_1_765' title='bbox 969 5399 1288 5456; x_wconf 73' lang='lat' dir='ltr'><strong>coelestibus</strong></span> <span class='ocrx_word' id='word_1_766' title='bbox 1319 5403 1692 5471; x_wconf 77' lang='lat' dir='ltr'><strong>opinaretuur,</strong></span> <span class='ocrx_word' id='word_1_767' title='bbox 1726 5398 1961 5454; x_wconf 82' lang='lat' dir='ltr'><strong>subdidit</strong></span> <span class='ocrx_word' id='word_1_768' title='bbox 1995 5413 2011 5453; x_wconf 91' lang='lat'><strong>:</strong></span> 
     </span>
    </p>
   </div>
   <div class='ocr_carea' id='block_1_99' title="bbox 427 5491 2012 5565">
    <p class='ocr_par' dir='ltr' id='par_1_99' title="bbox 427 5491 2012 5565">
     <span class='ocr_line' id='line_1_99' title="bbox 427 5491 2012 5565; baseline -0.001 -17"><span class='ocrx_word' id='word_1_769' title='bbox 427 5491 714 5564; x_wconf 85' lang='lat' dir='ltr'><strong>Byssinum</strong></span> <span class='ocrx_word' id='word_1_770' title='bbox 777 5501 956 5549; x_wconf 87' lang='lat' dir='ltr'><strong>autem</strong></span> <span class='ocrx_word' id='word_1_771' title='bbox 1010 5493 1434 5565; x_wconf 75' lang='lat' dir='ltr'><strong>iustificationes</strong></span> <span class='ocrx_word' id='word_1_772' title='bbox 1491 5503 1806 5550; x_wconf 84' lang='lat' dir='ltr'><strong>sanctorum</strong></span> <span class='ocrx_word' id='word_1_773' title='bbox 1864 5499 2012 5547; x_wconf 90' lang='lat' dir='ltr'><strong>sunt.</strong></span> 
     </span>
    </p>
   </div>
   <div class='ocr_carea' id='block_1_100' title="bbox 428 5581 2015 5657">
    <p class='ocr_par' dir='ltr' id='par_1_100' title="bbox 428 5581 2015 5657">
     <span class='ocr_line' id='line_1_100' title="bbox 428 5581 2015 5657; baseline -0.002 -16"><span class='ocrx_word' id='word_1_774' title='bbox 428 5584 590 5641; x_wconf 80' lang='lat' dir='ltr'><strong>Tunc</strong></span> <span class='ocrx_word' id='word_1_775' title='bbox 622 5598 774 5656; x_wconf 86' lang='lat' dir='ltr'><strong>ergo,</strong></span> <span class='ocrx_word' id='word_1_776' title='bbox 800 5594 861 5640; x_wconf 92' lang='lat' dir='ltr'><strong>ut</strong></span> <span class='ocrx_word' id='word_1_777' title='bbox 881 5584 1145 5657; x_wconf 87' lang='lat' dir='ltr'><strong>intelligo,</strong></span> <span class='ocrx_word' id='word_1_778' title='bbox 1177 5587 1229 5641; x_wconf 91' lang='lat' dir='ltr'><strong>in</strong></span> <span class='ocrx_word' id='word_1_779' title='bbox 1258 5586 1550 5656; x_wconf 78' lang='lat' dir='ltr'><strong>superficie</strong></span> <span class='ocrx_word' id='word_1_780' title='bbox 1575 5584 1821 5656; x_wconf 86' lang='lat' dir='ltr'><strong>corporis</strong></span> <span class='ocrx_word' id='word_1_781' title='bbox 1842 5581 2015 5639; x_wconf 86' lang='lat' dir='ltr'><strong>nostri</strong></span> 
     </span>
    </p>
   </div>
   <div class='ocr_carea' id='block_1_101' title="bbox 428 5671 2020 5745">
    <p class='ocr_par' dir='ltr' id='par_1_101' title="bbox 428 5671 2020 5745">
     <span class='ocr_line' id='line_1_101' title="bbox 428 5671 2020 5745; baseline -0.001 -16"><span class='ocrx_word' id='word_1_782' title='bbox 428 5674 673 5739; x_wconf 78' lang='lat' dir='ltr'><strong>venient,</strong></span> <span class='ocrx_word' id='word_1_783' title='bbox 719 5688 843 5745; x_wconf 69' lang='lat' dir='ltr'><strong>qua:</strong></span> <span class='ocrx_word' id='word_1_784' title='bbox 885 5690 1029 5732; x_wconf 86' lang='lat' dir='ltr'><strong>nunc</strong></span> <span class='ocrx_word' id='word_1_785' title='bbox 1069 5685 1200 5732; x_wconf 83' lang='lat' dir='ltr'><strong>sunt</strong></span> <span class='ocrx_word' id='word_1_786' title='bbox 1247 5683 1386 5730; x_wconf 85' lang='lat' dir='ltr'><strong>testa</strong></span> <span class='ocrx_word' id='word_1_787' title='bbox 1436 5673 1539 5730; x_wconf 87' lang='lat' dir='ltr'><strong>sub</strong></span> <span class='ocrx_word' id='word_1_788' title='bbox 1580 5686 1836 5744; x_wconf 83' lang='lat' dir='ltr'><strong>corpore.</strong></span> <span class='ocrx_word' id='word_1_789' title='bbox 1863 5671 2020 5728; x_wconf 87' lang='lat' dir='ltr'><strong>Tunc</strong></span> 
     </span>
    </p>
   </div>
   <div class='ocr_carea' id='block_1_102' title="bbox 421 5765 2016 5838">
    <p class='ocr_par' dir='ltr' id='par_1_102' title="bbox 421 5765 2016 5838">
     <span class='ocr_line' id='line_1_102' title="bbox 421 5765 2016 5838; baseline 0.001 -16"><span class='ocrx_word' id='word_1_790' title='bbox 421 5766 752 5838; x_wconf 72' lang='lat' dir='ltr'><strong>unicuique,</strong></span> <span class='ocrx_word' id='word_1_791' title='bbox 779 5767 1042 5826; x_wconf 84' lang='lat' dir='ltr'><strong>miserum</strong></span> <span class='ocrx_word' id='word_1_792' title='bbox 1071 5784 1176 5838; x_wconf 90' lang='lat' dir='ltr'><strong>me,</strong></span> <span class='ocrx_word' id='word_1_793' title='bbox 1206 5768 1543 5826; x_wconf 85' lang='lat' dir='ltr'><strong>conscientia</strong></span> <span class='ocrx_word' id='word_1_794' title='bbox 1570 5781 1674 5826; x_wconf 85' lang='lat' dir='ltr'><strong>sua</strong></span> <span class='ocrx_word' id='word_1_795' title='bbox 1704 5765 1874 5825; x_wconf 80' lang='lat' dir='ltr'><strong>vestis</strong></span> <span class='ocrx_word' id='word_1_796' title='bbox 1901 5766 2016 5824; x_wconf 83' lang='lat' dir='ltr'><strong>lict.</strong></span> 
     </span>
    </p>
   </div>
   <div class='ocr_carea' id='block_1_103' title="bbox 2108 4563 3698 4643">
    <p class='ocr_par' dir='ltr' id='par_1_103' title="bbox 2108 4563 3698 4643">
     <span class='ocr_line' id='line_1_103' title="bbox 2108 4563 3698 4643; baseline -0.011 -13"><span class='ocrx_word' id='word_1_797' title='bbox 2108 4575 2284 4630; x_wconf 82' lang='lat' dir='ltr'><strong>etiam‘</strong></span> <span class='ocrx_word' id='word_1_798' title='bbox 2326 4569 2644 4643; x_wconf 84' lang='lat' dir='ltr'><strong>angelorum</strong></span> <span class='ocrx_word' id='word_1_799' title='bbox 2687 4565 3043 4628; x_wconf 85' lang='lat' dir='ltr'><strong>substantias,</strong></span> <span class='ocrx_word' id='word_1_800' title='bbox 3078 4563 3234 4632; x_wconf 89' lang='lat' dir='ltr'><strong>quasi</strong></span> <span class='ocrx_word' id='word_1_801' title='bbox 3260 4574 3450 4617; x_wconf 89' lang='lat' dir='ltr'><strong>eorum</strong></span> <span class='ocrx_word' id='word_1_802' title='bbox 3480 4566 3698 4614; x_wconf 86' lang='lat' dir='ltr'><strong>creator</strong></span> 
     </span>
    </p>
   </div>
   <div class='ocr_carea' id='block_1_104' title="bbox 2110 4653 3695 4731">
    <p class='ocr_par' dir='ltr' id='par_1_104' title="bbox 2110 4653 3695 4731">
     <span class='ocr_line' id='line_1_104' title="bbox 2110 4653 3695 4731; baseline -0.011 -8"><span class='ocrx_word' id='word_1_803' title='bbox 2110 4667 2382 4731; x_wconf 87' lang='lat' dir='ltr'><strong>addictas,</strong></span> <span class='ocrx_word' id='word_1_804' title='bbox 2424 4662 2643 4718; x_wconf 86' lang='lat' dir='ltr'><strong>dicente</strong></span> <span class='ocrx_word' id='word_1_805' title='bbox 2692 4655 2957 4729; x_wconf 81' lang='lat' dir='ltr'><strong>Apostolo</strong></span> <span class='ocrx_word' id='word_1_806' title='bbox 2986 4674 3003 4714; x_wconf 89' lang='lat'><strong>:</strong></span> <span class='ocrx_word' id='word_1_807' title='bbox 3034 4654 3284 4723; x_wconf 78' lang='lat' dir='ltr'><strong>Nescitis,</strong></span> <span class='ocrx_word' id='word_1_808' title='bbox 3343 4653 3593 4719; x_wconf 83' lang='lat' dir='ltr'><strong>quoniam</strong></span> <span class='ocrx_word' id='word_1_809' title='bbox 3643 4660 3695 4707; x_wconf 86' lang='lat' dir='ltr'><strong>et</strong></span> 
     </span>
    </p>
   </div>
   <div class='ocr_carea' id='block_1_105' title="bbox 2112 4742 3693 4828">
    <p class='ocr_par' dir='ltr' id='par_1_105' title="bbox 2112 4742 3693 4828">
     <span class='ocr_line' id='line_1_105' title="bbox 2112 4742 3693 4828; baseline -0.008 -16"><span class='ocrx_word' id='word_1_810' title='bbox 2112 4756 2329 4828; x_wconf 78' lang='lat' dir='ltr'><strong>angelos</strong></span> <span class='ocrx_word' id='word_1_811' title='bbox 2343 4750 2708 4825; x_wconf 81' lang='lat' dir='ltr'><strong>judicabimus</strong></span> <span class='ocrx_word' id='word_1_812' title='bbox 2731 4746 2786 4819; x_wconf 91' lang='grc'><strong>(1</strong></span> <span class='ocrx_word' id='word_1_813' title='bbox 2811 4747 2939 4804; x_wconf 83' lang='lat' dir='ltr'><strong>Cor.</strong></span> <span class='ocrx_word' id='word_1_814' title='bbox 2969 4763 3022 4815; x_wconf 90' lang='lat' dir='ltr'><strong>v,</strong></span> <span class='ocrx_word' id='word_1_815' title='bbox 3049 4747 3105 4816; x_wconf 75' lang='grc'><strong>5)</strong></span> <span class='ocrx_word' id='word_1_816' title='bbox 3126 4746 3150 4800; x_wconf 73' lang='grc'><strong>1</strong></span> <span class='ocrx_word' id='word_1_817' title='bbox 3168 4745 3233 4800; x_wconf 83' lang='grc' dir='ltr'>Ει</span> <span class='ocrx_word' id='word_1_818' title='bbox 3255 4744 3387 4814; x_wconf 84' lang='lat' dir='ltr'><strong>quid</strong></span> <span class='ocrx_word' id='word_1_819' title='bbox 3410 4744 3519 4799; x_wconf 89' lang='lat' dir='ltr'><strong>erit</strong></span> <span class='ocrx_word' id='word_1_820' title='bbox 3543 4742 3693 4812; x_wconf 85' lang='lat' dir='ltr'><strong>quod</strong></span> 
     </span>
    </p>
   </div>
   <div class='ocr_carea' id='block_1_106' title="bbox 2113 4834 3700 4917">
    <p class='ocr_par' dir='ltr' id='par_1_106' title="bbox 2113 4834 3700 4917">
     <span class='ocr_line' id='line_1_106' title="bbox 2113 4834 3700 4917; baseline -0.013 -11"><span class='ocrx_word' id='word_1_821' title='bbox 2113 4866 2223 4906; x_wconf 90' lang='lat' dir='ltr'><strong>non</strong></span> <span class='ocrx_word' id='word_1_822' title='bbox 2257 4845 2670 4917; x_wconf 76' lang='lat' dir='ltr'><strong>mancipandam</strong></span> <span class='ocrx_word' id='word_1_823' title='bbox 2698 4842 2805 4898; x_wconf 86' lang='lat' dir='ltr'><strong>illis</strong></span> <span class='ocrx_word' id='word_1_824' title='bbox 2826 4854 2949 4897; x_wconf 89' lang='lat' dir='ltr'><strong>esse</strong></span> <span class='ocrx_word' id='word_1_825' title='bbox 2975 4838 3252 4904; x_wconf 88' lang='lat' dir='ltr'><strong>credatur,</strong></span> <span class='ocrx_word' id='word_1_826' title='bbox 3275 4835 3473 4907; x_wconf 91' lang='lat' dir='ltr'><strong>quibus</strong></span> <span class='ocrx_word' id='word_1_827' title='bbox 3501 4846 3555 4891; x_wconf 89' lang='lat' dir='ltr'><strong>et</strong></span> <span class='ocrx_word' id='word_1_828' title='bbox 3586 4834 3700 4905; x_wconf 87' lang='lat' dir='ltr'><strong>spi-</strong></span> 
     </span>
    </p>
   </div>
   <div class='ocr_carea' id='block_1_107' title="bbox 2113 4926 3697 5008">
    <p class='ocr_par' dir='ltr' id='par_1_107' title="bbox 2113 4926 3697 5008">
     <span class='ocr_line' id='line_1_107' title="bbox 2113 4926 3697 5008; baseline -0.012 -8"><span class='ocrx_word' id='word_1_829' title='bbox 2113 4941 2328 5000; x_wconf 80' lang='lat' dir='ltr'><strong>ritttalis</strong></span> <span class='ocrx_word' id='word_1_830' title='bbox 2345 4938 2437 4995; x_wconf 89' lang='lat' dir='ltr'><strong>illa</strong></span> <span class='ocrx_word' id='word_1_831' title='bbox 2469 4935 2832 5008; x_wconf 87' lang='lat' dir='ltr'><strong>nequitiarum</strong></span> <span class='ocrx_word' id='word_1_832' title='bbox 2860 4943 3057 4989; x_wconf 85' lang='lat' dir='ltr'><strong>natura</strong></span> <span class='ocrx_word' id='word_1_833' title='bbox 3073 4928 3405 5002; x_wconf 88' lang='lat' dir='ltr'><strong>subjicienda</strong></span> <span class='ocrx_word' id='word_1_834' title='bbox 3418 4943 3501 4983; x_wconf 83' lang='lat' dir='ltr'><strong>est</strong></span> <span class='ocrx_word' id='word_1_835' title='bbox 3518 4928 3545 4981; x_wconf 88' lang='lat' dir='ltr'><strong>&#39;t</strong></span> <span class='ocrx_word' id='word_1_836' title='bbox 3560 4926 3697 4994; x_wconf 84' lang='lat' dir='ltr'><strong>Quid</strong></span> 
     </span>
    </p>
   </div>
   <div class='ocr_carea' id='block_1_108' title="bbox 2113 5018 3693 5103">
    <p class='ocr_par' dir='ltr' id='par_1_108' title="bbox 2113 5018 3693 5103">
     <span class='ocr_line' id='line_1_108' title="bbox 2113 5018 3693 5103; baseline -0.008 -17"><span class='ocrx_word' id='word_1_837' title='bbox 2113 5044 2245 5103; x_wconf 84' lang='lat' dir='ltr'><strong>ergo</strong></span> <span class='ocrx_word' id='word_1_838' title='bbox 2268 5039 2399 5084; x_wconf 92' lang='lat' dir='ltr'><strong>tunc</strong></span> <span class='ocrx_word' id='word_1_839' title='bbox 2414 5028 2641 5093; x_wconf 84' lang='lat' dir='ltr'><strong>facient,</strong></span> <span class='ocrx_word' id='word_1_840' title='bbox 2665 5023 2759 5097; x_wconf 89' lang='lat' dir='ltr'><strong>qui</strong></span> <span class='ocrx_word' id='word_1_841' title='bbox 2778 5037 2925 5079; x_wconf 88' lang='lat' dir='ltr'><strong>nunc</strong></span> <span class='ocrx_word' id='word_1_842' title='bbox 2946 5022 3004 5078; x_wconf 89' lang='lat' dir='ltr'><strong>in</strong></span> <span class='ocrx_word' id='word_1_843' title='bbox 3042 5020 3345 5077; x_wconf 87' lang='lat' dir='ltr'><strong>honoribus</strong></span> <span class='ocrx_word' id='word_1_844' title='bbox 3363 5018 3693 5091; x_wconf 88' lang='lat' dir='ltr'><strong>gloriantur:</strong></span> 
     </span>
    </p>
   </div>
   <div class='ocr_carea' id='block_1_109' title="bbox 2116 5110 3697 5193">
    <p class='ocr_par' dir='ltr' id='par_1_109' title="bbox 2116 5110 3697 5193">
     <span class='ocr_line' id='line_1_109' title="bbox 2116 5110 3697 5193; baseline -0.008 -17"><span class='ocrx_word' id='word_1_845' title='bbox 2116 5123 2209 5193; x_wconf 90' lang='lat' dir='ltr'><strong>qui</strong></span> <span class='ocrx_word' id='word_1_846' title='bbox 2241 5134 2338 5192; x_wconf 90' lang='lat' dir='ltr'><strong>per</strong></span> <span class='ocrx_word' id='word_1_847' title='bbox 2359 5117 2631 5174; x_wconf 88' lang='lat' dir='ltr'><strong>terribiles</strong></span> <span class='ocrx_word' id='word_1_848' title='bbox 2653 5113 3030 5186; x_wconf 72' lang='lat' dir='ltr'><strong>praefecturas,</strong></span> <span class='ocrx_word' id='word_1_849' title='bbox 3061 5120 3115 5167; x_wconf 85' lang='lat' dir='ltr'><strong>et</strong></span> <span class='ocrx_word' id='word_1_850' title='bbox 3137 5110 3335 5176; x_wconf 86' lang='lat' dir='ltr'><strong>fasces,</strong></span> <span class='ocrx_word' id='word_1_851' title='bbox 3356 5119 3414 5167; x_wconf 91' lang='lat' dir='ltr'><strong>et</strong></span> <span class='ocrx_word' id='word_1_852' title='bbox 3437 5117 3697 5174; x_wconf 57' lang='grc' dir='ltr'><strong>αξιοι-ποί.</strong></span> 
     </span>
    </p>
   </div>
   <div class='ocr_carea' id='block_1_110' title="bbox 2117 5202 3700 5275">
    <p class='ocr_par' dir='ltr' id='par_1_110' title="bbox 2117 5202 3700 5275">
     <span class='ocr_line' id='line_1_110' title="bbox 2117 5202 3700 5275; baseline -0.01 -4"><span class='ocrx_word' id='word_1_853' title='bbox 2117 5226 2176 5271; x_wconf 86' lang='grc' dir='ltr'><strong>ιιι</strong></span> <span class='ocrx_word' id='word_1_854' title='bbox 2197 5211 2534 5275; x_wconf 79' lang='lat' dir='ltr'><strong>existimant,</strong></span> <span class='ocrx_word' id='word_1_855' title='bbox 2563 5206 2901 5273; x_wconf 88' lang='lat' dir='ltr'><strong>consulatus,</strong></span> <span class='ocrx_word' id='word_1_856' title='bbox 2934 5205 3044 5261; x_wconf 82' lang='lat' dir='ltr'><strong>Deo</strong></span> <span class='ocrx_word' id='word_1_857' title='bbox 3073 5219 3134 5261; x_wconf 88' lang='lat' dir='ltr'><strong>se</strong></span> <span class='ocrx_word' id='word_1_858' title='bbox 3168 5217 3491 5274; x_wconf 81' lang='lat' dir='ltr'><strong>comparare</strong></span> <span class='ocrx_word' id='word_1_859' title='bbox 3516 5202 3700 5258; x_wconf 82' lang='lat' dir='ltr'><strong>nitun-</strong></span> 
     </span>
    </p>
   </div>
   <div class='ocr_carea' id='block_1_111' title="bbox 2120 5293 3700 5375">
    <p class='ocr_par' dir='ltr' id='par_1_111' title="bbox 2120 5293 3700 5375">
     <span class='ocr_line' id='line_1_111' title="bbox 2120 5293 3700 5375; baseline -0.009 -12"><span class='ocrx_word' id='word_1_860' title='bbox 2120 5320 2208 5363; x_wconf 92' lang='lat' dir='ltr'><strong>tur</strong></span> <span class='ocrx_word' id='word_1_861' title='bbox 2241 5308 2450 5375; x_wconf 85' lang='lat' dir='ltr'><strong>rapina,</strong></span> <span class='ocrx_word' id='word_1_862' title='bbox 2483 5319 2589 5359; x_wconf 91' lang='lat' dir='ltr'><strong>non</strong></span> <span class='ocrx_word' id='word_1_863' title='bbox 2636 5314 2830 5358; x_wconf 85' lang='lat' dir='ltr'><strong>natura</strong></span> <span class='ocrx_word' id='word_1_864' title='bbox 2859 5300 3044 5367; x_wconf 70' lang='lat' dir='ltr'><strong>iQuid</strong></span> <span class='ocrx_word' id='word_1_865' title='bbox 3099 5296 3261 5354; x_wconf 87' lang='lat' dir='ltr'><strong>faciet</strong></span> <span class='ocrx_word' id='word_1_866' title='bbox 3300 5298 3392 5368; x_wconf 82' lang='lat' dir='ltr'><strong>qui</strong></span> <span class='ocrx_word' id='word_1_867' title='bbox 3427 5293 3700 5366; x_wconf 77' lang='lat' dir='ltr'><strong>eonjungit</strong></span> 
     </span>
    </p>
   </div>
   <div class='ocr_carea' id='block_1_112' title="bbox 2117 5386 3701 5463">
    <p class='ocr_par' dir='ltr' id='par_1_112' title="bbox 2117 5386 3701 5463">
     <span class='ocr_line' id='line_1_112' title="bbox 2117 5386 3701 5463; baseline -0.01 -8"><span class='ocrx_word' id='word_1_868' title='bbox 2117 5402 2331 5457; x_wconf 82' lang='lat' dir='ltr'><strong>domum</strong></span> <span class='ocrx_word' id='word_1_869' title='bbox 2358 5399 2428 5452; x_wconf 86' lang='lat' dir='ltr'><strong>ad</strong></span> <span class='ocrx_word' id='word_1_870' title='bbox 2459 5396 2675 5450; x_wconf 86' lang='lat' dir='ltr'><strong>domum</strong></span> <span class='ocrx_word' id='word_1_871' title='bbox 2711 5392 2851 5463; x_wconf 72' lang='lat' dir='ltr'><strong>(lea.</strong></span> <span class='ocrx_word' id='word_1_872' title='bbox 2892 5407 2947 5458; x_wconf 86' lang='lat' dir='ltr'><strong>v,</strong></span> <span class='ocrx_word' id='word_1_873' title='bbox 2981 5389 3037 5460; x_wconf 83' lang='lat'><strong>8)</strong></span> <span class='ocrx_word' id='word_1_874' title='bbox 3061 5388 3086 5446; x_wconf 68' lang='grc' dir='ltr'>ἲ</span> <span class='ocrx_word' id='word_1_875' title='bbox 3112 5389 3206 5461; x_wconf 88' lang='lat' dir='ltr'><strong>qui</strong></span> <span class='ocrx_word' id='word_1_876' title='bbox 3251 5387 3564 5462; x_wconf 86' lang='lat' dir='ltr'><strong>perturbata</strong></span> <span class='ocrx_word' id='word_1_877' title='bbox 3618 5386 3701 5441; x_wconf 78' lang='lat' dir='ltr'><strong>ci-</strong></span> 
     </span>
    </p>
   </div>
   <div class='ocr_carea' id='block_1_113' title="bbox 2121 5476 3702 5556">
    <p class='ocr_par' dir='ltr' id='par_1_113' title="bbox 2121 5476 3702 5556">
     <span class='ocr_line' id='line_1_113' title="bbox 2121 5476 3702 5556; baseline -0.009 -9"><span class='ocrx_word' id='word_1_878' title='bbox 2121 5491 2310 5556; x_wconf 87' lang='lat' dir='ltr'><strong>vitate,</strong></span> <span class='ocrx_word' id='word_1_879' title='bbox 2339 5498 2396 5545; x_wconf 91' lang='lat' dir='ltr'><strong>et</strong></span> <span class='ocrx_word' id='word_1_880' title='bbox 2428 5486 2645 5544; x_wconf 87' lang='lat' dir='ltr'><strong>cunctis</strong></span> <span class='ocrx_word' id='word_1_881' title='bbox 2669 5484 2865 5555; x_wconf 84' lang='lat' dir='ltr'><strong>quibus</strong></span> <span class='ocrx_word' id='word_1_882' title='bbox 2903 5483 3274 5556; x_wconf 86' lang='lat' dir='ltr'><strong>stringebatur</strong></span> <span class='ocrx_word' id='word_1_883' title='bbox 3312 5482 3440 5538; x_wconf 86' lang='lat' dir='ltr'><strong>hinc</strong></span> <span class='ocrx_word' id='word_1_884' title='bbox 3464 5479 3591 5535; x_wconf 87' lang='lat' dir='ltr'><strong>inde</strong></span> <span class='ocrx_word' id='word_1_885' title='bbox 3631 5476 3702 5533; x_wconf 80' lang='lat' dir='ltr'><strong>fi-</strong></span> 
     </span>
    </p>
   </div>
   <div class='ocr_carea' id='block_1_114' title="bbox 2119 5570 3702 5645">
    <p class='ocr_par' dir='ltr' id='par_1_114' title="bbox 2119 5570 3702 5645">
     <span class='ocr_line' id='line_1_114' title="bbox 2119 5570 3702 5645; baseline -0.008 -9"><span class='ocrx_word' id='word_1_886' title='bbox 2119 5582 2344 5640; x_wconf 86' lang='lat' dir='ltr'><strong>mitibus</strong></span> <span class='ocrx_word' id='word_1_887' title='bbox 2379 5580 2591 5641; x_wconf 87' lang='lat' dir='ltr'><strong>fractis,</strong></span> <span class='ocrx_word' id='word_1_888' title='bbox 2623 5587 2856 5644; x_wconf 88' lang='lat' dir='ltr'><strong>montes,</strong></span> <span class='ocrx_word' id='word_1_889' title='bbox 2894 5575 3153 5645; x_wconf 68' lang='lat' dir='ltr'><strong>flumina,</strong></span> <span class='ocrx_word' id='word_1_890' title='bbox 3182 5574 3462 5644; x_wconf 83' lang='lat' dir='ltr'><strong>mariaque</strong></span> <span class='ocrx_word' id='word_1_891' title='bbox 3497 5570 3702 5626; x_wconf 83' lang='lat' dir='ltr'><strong>transi-</strong></span> 
     </span>
    </p>
   </div>
   <div class='ocr_carea' id='block_1_115' title="bbox 2121 5662 3704 5741">
    <p class='ocr_par' dir='ltr' id='par_1_115' title="bbox 2121 5662 3704 5741">
     <span class='ocr_line' id='line_1_115' title="bbox 2121 5662 3704 5741; baseline -0.01 -9"><span class='ocrx_word' id='word_1_892' title='bbox 2121 5674 2281 5740; x_wconf 90' lang='lat' dir='ltr'><strong>liens,</strong></span> <span class='ocrx_word' id='word_1_893' title='bbox 2311 5681 2575 5741; x_wconf 83' lang='lat' dir='ltr'><strong>quantum</strong></span> <span class='ocrx_word' id='word_1_894' title='bbox 2612 5670 2679 5725; x_wconf 91' lang='lat' dir='ltr'><strong>ad</strong></span> <span class='ocrx_word' id='word_1_895' title='bbox 2707 5670 2881 5740; x_wconf 80' lang='lat' dir='ltr'><strong>ipsum</strong></span> <span class='ocrx_word' id='word_1_896' title='bbox 2930 5668 3182 5741; x_wconf 85' lang='lat' dir='ltr'><strong>pertinet,</strong></span> <span class='ocrx_word' id='word_1_897' title='bbox 3207 5679 3367 5721; x_wconf 88' lang='lat' dir='ltr'><strong>unam</strong></span> <span class='ocrx_word' id='word_1_898' title='bbox 3413 5662 3529 5719; x_wconf 81' lang='lat' dir='ltr'><strong>vult</strong></span> <span class='ocrx_word' id='word_1_899' title='bbox 3575 5677 3704 5733; x_wconf 81' lang='lat' dir='ltr'><strong>pos-</strong></span> 
     </span>
    </p>
   </div>
   <div class='ocr_carea' id='block_1_116' title="bbox 2121 5757 3702 5834">
    <p class='ocr_par' dir='ltr' id='par_1_116' title="bbox 2121 5757 3702 5834">
     <span class='ocr_line' id='line_1_116' title="bbox 2121 5757 3702 5834; baseline -0.009 -10"><span class='ocrx_word' id='word_1_900' title='bbox 2121 5766 2419 5826; x_wconf 81' lang='lat' dir='ltr'><strong>sessionem</strong></span> <span class='ocrx_word' id='word_1_901' title='bbox 2459 5776 2601 5833; x_wconf 79' lang='lat' dir='ltr'><strong>esse,</strong></span> <span class='ocrx_word' id='word_1_902' title='bbox 2631 5777 2751 5834; x_wconf 67' lang='lat' dir='ltr'><strong>gntae</strong></span> <span class='ocrx_word' id='word_1_903' title='bbox 2782 5760 3092 5820; x_wconf 87' lang='lat' dir='ltr'><strong>communis</strong></span> <span class='ocrx_word' id='word_1_904' title='bbox 3134 5757 3377 5816; x_wconf 86' lang='lat' dir='ltr'><strong>omnium</strong></span> <span class='ocrx_word' id='word_1_905' title='bbox 3412 5764 3553 5812; x_wconf 86' lang='lat' dir='ltr'><strong>terra</strong></span> <span class='ocrx_word' id='word_1_906' title='bbox 3594 5759 3702 5821; x_wconf 78' lang='lat' dir='ltr'><strong>est.</strong></span> 
     </span>
    </p>
   </div>
  </div>
