4054 6206
366 333 449 401 93
1222 327 1603 391 EPISTOLA
1642 328 1749 391 VI.
1793 327 1894 389 AD
1937 328 2243 390 AMICUM
2290 327 2685 392 EGROTUM
2726 329 2809 392 Ῑῐ.
3578 327 3650 393 91

368 462 431 510 et
455 446 752 505 insatiabili
783 443 1084 514 cupiditate
1113 444 1457 499 latitudinem
1508 443 1761 499 immensi
1814 443 1967 499 orbis
1993 445 2271 511 Adiciam
2321 447 2550 511 dextris,
2597 447 2865 518 ancipites
2907 446 3116 514 gladios
3176 443 3464 513 stringere.
3524 444 3651 502 llaec

368 543 647 599 excedens
679 540 736 595 in
800 538 1096 592 Alexandri
1161 535 1471 591 Macedonis
1521 536 1871 601 anxietatem,
1907 540 1968 591 el

369 631 802 692 innumerabiles
849 630 1241 698 Epicureorum
1306 629 1540 683 mundos
1597 627 1916 683 diluuditur
1947 644 1967 685 :

371 727 773 796 acquisitisque
795 737 895 794 per
912 723 1227 777 aviditatem
1264 723 1452 777 mundi
1484 721 1648 792 huius
1676 723 1964 792 angustiis,

372 814 430 874 in
484 820 651 873 alium
704 815 961 872 credulus
1006 830 1117 869 non
1165 815 1434 870 aestimata
1480 816 1689 885 proprii
1716 815 1965 883 corporis

372 909 737 982 pmibilitate
814 906 1159 972 accenditur,
1215 916 1512 964 autumans
1564 921 1856 978 passurum
1904 920 1965 963 se

372 1006 626 1059 damnum
658 1016 785 1057 esse
807 1003 874 1055 de
917 1002 1062 1071 jure,
1100 1000 1144 1056 si
1202 999 1365 1056 fidem
1406 1015 1513 1055 non
1540 999 1848 1056 adhibuerit
1898 1000 1964 1056 de

372 1095 559 1150 furore
590 1095 615 1148 2
645 1092 787 1160 Quid
816 1093 873 1148 hi
908 1092 1134 1157 facient,
1180 1093 1276 1163 qui
1320 1101 1580 1161 tanquam
1615 1101 1964 1162 correptores

373 1201 611 1250 morum,
643 1184 859 1240 Domini
915 1183 1179 1239 familiam
1229 1184 1490 1240 attentius
1531 1185 1963 1254 castigatiusque

370 1280 672 1343 viventem,
700 1278 877 1332 autin
910 1277 1154 1333 vestibus
1188 1275 1378 1331 humili
1405 1275 1607 1343 colore,
1650 1285 1744 1331 aut
1774 1277 1827 1331 in
1851 1276 1958 1331 cibi

371 1369 518 1424 arida
539 1368 825 1439 parcitate,
854 1379 948 1422 aut
976 1367 1030 1421 in
1058 1367 1363 1438 vigiliarum
1392 1382 1500 1423 non
1538 1366 1714 1422 otiosa
1745 1365 1928 1420 sobrie
1952 1398 1958 1403 -

372 1470 505 1524 tate,
530 1461 683 1515 velut
737 1469 836 1514 aut
884 1458 1227 1514 indumentis
1264 1458 1605 1515 mollioribus
1648 1457 1958 1519 delicatam,

371 1563 467 1609 aut
483 1554 662 1622 epulis
684 1552 1085 1623 copiosioribus
1128 1554 1463 1629 saginatam,
1496 1561 1592 1608 aut
1623 1551 1800 1608 thoris
1830 1551 1961 1606 cali-

370 1647 619 1704 dioribus
657 1647 1004 1709 oscitantem,
1034 1645 1377 1700 divelluutae
1405 1655 1625 1706 vexant.
1652 1645 1958 1699 nescientes

371 1740 517 1807 quod
553 1739 606 1792 in
655 1736 865 1792 sanctis
890 1736 1010 1801 Dei,
1059 1736 1412 1808 martyribus,
1443 1734 1958 1803 confessoribusque

2067 539 2213 594 enim
2243 548 2327 595 est
2350 540 2519 607 gloria
2553 548 2869 595 sanctorum
2906 538 2999 593 Dei
3041 553 3056 605 ;
3083 539 3199 594 hzec
3226 538 3282 593 in
3312 537 3415 594 hoc
3448 539 3651 593 saeculo

2070 631 2423 700 despicabilis
2450 631 2643 686 militia
2673 647 2688 686 :
2721 631 2836 686 haec
2861 630 3060 701 linguis
3082 631 3324 684 omnium
3347 629 3402 685 in
3445 629 3603 684 delra
3622 655 3652 672 -

2068 725 2347 779 ctionihns
2378 725 2666 796 dissipata.
2702 724 2804 780 Hic
2826 735 2958 780 tunc
3000 722 3271 795 patientiae
3299 732 3501 778 nostrae
3533 721 3650 776 frn-

2067 828 2207 882 ctus,
2243 819 2356 873 btec
2380 818 2714 874 sull‘erentiaa
2741 832 2949 873 merces
2983 818 3111 874 erit.
3146 814 3273 872 lla-c
3302 815 3518 886 praemia
3549 829 3650 883 pro

2066 913 2289 968 nomine
2318 913 2839 982 blasphematorum,
2876 912 3124 981 subjecta
3155 911 3260 966 sibi
3286 910 3489 967 habere
3534 929 3651 968 om-

2066 1024 2191 1064 nem
2219 1008 2457 1062 animam
2491 1007 2800 1075 superbam,
2825 1016 2879 1060 et
2907 1020 3125 1061 omnem
3170 1005 3518 1060 extollentem
3551 1006 3650 1060 ho-

2065 1099 2289 1160 minem.
2348 1094 2755 1169 potentissimos
2809 1095 3085 1166 quondam
3124 1111 3283 1165 reges
3338 1096 3545 1160 mundi,
3592 1106 3649 1151 et

2066 1200 2182 1249 toto
2208 1191 2464 1248 adoratos
2491 1191 2623 1245 orbe
2671 1204 2794 1246 cum
2847 1188 3074 1244 manicis
3116 1187 3312 1245 ferreis
3370 1188 3648 1257 compedi-

2063 1288 2272 1358 busque
2320 1285 2633 1350 sistendos,
2694 1282 3016 1353 nobilesque
3075 1297 3268 1338 eorum
3320 1282 3643 1338 immanium

2064 1379 2303 1449 pondera
2338 1388 2680 1443 catenarum,
2709 1375 2851 1432 collo
2878 1385 2928 1432 et
2957 1374 3263 1430 cervicibus
3284 1376 3642 1440 sustinentes,

2060 1479 2190 1527 ante
2224 1468 2486 1539 fulgorem
2538 1468 2686 1523 illius
2729 1465 2944 1538 augusti
2976 1464 3290 1530 tribunalis,
3319 1465 3404 1521 his
3442 1463 3646 1536 quibus

2061 1563 2356 1626 aliquando
2398 1570 2862 1632 contempserant,
2898 1559 3284 1629 despexeram,
3336 1557 3645 1623 irriseraut,

2060 1656 2391 1713 oﬂ‘terendos.
2423 1655 2624 1709 Mutata
2658 1655 2801 1709 enim
2832 1652 2971 1719 vice,
2998 1661 3056 1707 ut
3097 1652 3200 1708 hoc
3231 1650 3487 1706 saeculum
3526 1649 3646 1704 lau-

2063 1763 2238 1805 torum
2262 1752 2353 1814 sit,
2383 1749 2528 1803 aliud
2584 1747 2822 1802 futurum
2876 1746 3103 1801 credere
3152 1743 3501 1801 miserorum.
3554 1743 3648 1799 Va:

372 1833 513 1888 oculi
565 1832 686 1901 ejus
735 1831 935 1902 pupilla
976 1830 1261 1886 feriatur?
1299 1828 1559 1885 Peribunt
1588 1829 1711 1885 sine
1763 1829 1952 1891 dubio,

2060 1845 2209 1900 enim
2236 1843 2520 1903 divitibus,
2546 1842 2803 1911 quoniam
2828 1847 3191 1910 perceperunt
3216 1836 3643 1894 consolationem

370 1926 630 1998 peribunt
656 1926 709 1979 in
741 1926 832 1979 illa
862 1924 952 1978 die
984 1937 1173 1979 omnes
1206 1922 1559 1992 cogitationes
1589 1937 1777 1978 eorum
1810 1940 1825 1977 :
1853 1936 1953 1977 nec

369 2034 467 2074 eos
488 2019 628 2088 apud
654 2016 895 2071 tribunal
919 2015 1049 2071 illud
1073 2025 1163 2070 aut
1191 2014 1390 2070 Lucius
1416 2013 1650 2069 Crassus
1674 2014 1949 2079 defendet,

371 2121 466 2165 aut
494 2109 567 2165 Μ.
597 2108 886 2176 Antonius,
911 2117 1006 2163 aut
1035 2108 1158 2164 istis
1189 2107 1535 2177 eloquentior
1549 2104 1786 2171 Tullius,
1818 2121 1953 2177 quo-

370 2204 514 2256 niam
538 2202 719 2256 omnis
750 2214 881 2255 tunc.
905 2200 1090 2256 saeculi
1138 2200 1320 2268 lingua
1352 2202 1714 2262 obmutescet,
1742 2210 1797 2255 et
1836 2199 1947 2253 sola

366 2294 475 2348 erit
506 2294 561 2348 in
588 2293 862 2348 rusticulis
893 2308 1008 2348 suis
1055 2292 1286 2348 facunda
1321 2290 1531 2360 iustitia
1563 2309 1576 2345 :
1608 2306 1728 2361 quae
1769 2290 1951 2345 infau-

368 2389 504 2441 tium
540 2383 782 2441 fecitora
830 2385 1059 2451 diserta,
1085 2393 1139 2440 et
1173 2393 1447 2439 mutorum
1503 2383 1717 2455 linguas
1750 2398 1949 2438 novum

366 2480 534 2536 solvit
569 2481 625 2534 in
680 2479 977 2539 canticum,
1025 2477 1414 2547 cmicstemqne
1459 2478 1561 2532 sibi
1609 2478 1949 2531 harmoniam

368 2592 473 2645 per
500 2574 585 2631 sui
624 2573 1055 2630 misericordiam
1101 2573 1170 2629 de
1215 2573 1328 2627 suis
1362 2571 1590 2649 oviculis
1640 2571 1949 2640 acquisivit.

365 2669 451 2723 Ad
480 2667 640 2735 cuius
669 2668 900 2738 gloriam
933 2665 1345 2732 celebrandam,
1380 2665 1546 2719 etiam
1594 2663 1639 2719 si
1670 2663 1948 2718 hominum

367 2762 549 2817 studia
575 2762 937 2826 cessaverint,
970 2760 1025 2815 in
1059 2758 1434 2814 confusionem
1459 2756 1679 2828 generis
1705 2757 1948 2819 humani,

366 2855 579 2925 lapides
603 2853 894 2910 clamaturi
934 2862 1335 2908 monstrantur.
1382 2850 1487 2907 Sed
1517 2865 1625 2921 quo
1653 2866 1752 2919 ego
1784 2864 1815 2904 a
1840 2863 1951 2903 ma-

368 2948 507 3003 teria
538 2946 836 3016 proposita,
867 2946 1018 3000 Velut
1048 2945 1362 3000 mortalium
1420 2943 1825 3012 improbitatem
1870 2944 1951 2995 ln-

368 3051 695 3109 crepaturus
754 3041 964 3095 excessi
996 3039 1019 3094 l
1052 3049 1107 3094 et
1152 3038 1442 3094 uniformis
1499 3038 1652 3101 mali,
1690 3046 1949 3105 tanquam

369 3134 625 3203 publicus
654 3140 964 3196 accusator,
1016 3132 1310 3186 mundanis
1344 3128 1514 3191 vitiis,
1551 3130 1677 3184 dum
1731 3145 1819 3184 me
1854 3129 1950 3183 ali-

368 3240 604 3293 quorum
655 3223 900 3287 miseret,
932 3236 1038 3278 non
1092 3223 1311 3292 peperci
1342 3237 1357 3276 :
1392 3236 1514 3275 cum
1543 3221 1644 3276 etsi
1671 3221 1950 3291 iudicandi

371 3326 586 3385 tempus
610 3326 776 3376 esset,
806 3315 1038 3385 lapidem
1069 3324 1253 3370 tamen
1287 3315 1505 3370 mittere
1539 3328 1702 3384 super
1744 3314 1955 3369 adulte-

372 3424 490 3462 ram
548 3424 653 3464 non
709 3409 967 3465 auderem
1009 3422 1104 3467 :et
1130 3413 1174 3467 si
1204 3409 1270 3464 ad
1326 3409 1634 3464 innocentis
1683 3407 1950 3477 judicium

370 3501 613 3583 purioris
636 3502 988 3557 conscientiae
1013 3519 1100 3557 me
1122 3511 1367 3557 armaret
1388 3501 1712 3563 auctoritas,
1738 3508 1954 3570 tempus

373 3603 556 3646 tamen
602 3602 924 3660 exspectare
959 3593 1247 3658 debebam,
1282 3595 1510 3648 docente
1551 3591 1827 3660 Apostolo,
1859 3589 1952 3661 qui

368 3684 575 3741 sanctis
599 3701 702 3740 non
724 3685 989 3756 judicium
1018 3685 1262 3752 sustulit,
1284 3687 1375 3741 sed
1411 3686 1643 3740 distulit.
1661 3686 1751 3739 Ait
1769 3685 1912 3740 enim
1935 3702 1950 3740 :

369 3773 553 3831 Nolite
597 3775 845 3846 judicare
901 3787 1024 3832 ante
1081 3787 1278 3846 tempus
1311 3775 1362 3847 (ι
1411 3775 1538 3833 Cor.
1601 3792 1676 3839 tv,
1705 3775 1784 3846 5).
1816 3774 1951 3830 illud

370 3887 571 3944 nempe
619 3874 1035 3929 resurrectionis
1095 3882 1307 3941 tempus
1365 3872 1601 3928 innuens
1634 3883 1953 3941 exspectan—

365 3967 521 4034 dum,
550 3982 661 4036 quo
686 3983 789 4038 per
833 3965 1267 4037 incorruptionis
1298 3965 1525 4036 gloriam
1557 3964 1798 4020 rediviva
1825 3977 1952 4019 caro

365 4059 615 4112 miranda
637 4059 858 4114 assistet
882 4058 1070 4127 iudici.
1096 4058 1169 4113 De
1198 4058 1510 4113 :cteruitate
1536 4056 1650 4125 jam
1697 4065 1954 4111 manente

2057 1953 2211 1992 suam
2248 1952 2266 1993 :
2297 1937 2391 1993 sed
2437 1936 2545 1991 illis
2578 1933 2859 1997 divitibus,
2905 1933 3107 1999 quibus
3163 1931 3452 1987 dicendum
3503 1929 3644 1986 erit:

2060 2029 2296 2093 Esurivi,
2320 2038 2368 2082 et
2410 2042 2512 2080 non
2565 2025 2787 2080 dedistis
2816 2024 2946 2079 mihi
2998 2023 3320 2077 manducare
3351 2037 3370 2076 :
3398 2021 3563 2084 silici,
3592 2027 3646 2074 et

2055 2138 2158 2175 non
2193 2119 2415 2188 putastis
2445 2136 2526 2173 me
2578 2118 2797 2187 (Matth.
2830 2132 2954 2179 xxV,
2989 2115 3102 2186 55).
3133 2115 3247 2169 illis
3274 2113 3461 2185 utique
3501 2112 3644 2168 divi-

2056 2213 2222 2275 tibus,
2276 2213 2366 2281 qui
2400 2213 2466 2266 de
2495 2209 2699 2279 injuste
2721 2222 3028 2262 mammona
3070 2207 3277 2262 amicos
3311 2205 3493 2262 facere
3536 2218 3639 2259 no-

2055 2305 2269 2359 ltterttnl
2313 2302 2444 2372 :qui
2508 2301 2750 2355 meditati
2797 2298 3002 2355 suntin
3047 2297 3464 2368 cogitationibus
3523 2295 3643 2354 suis

2053 2396 2388 2450 exuberante
2440 2393 2645 2458 fructu,
2693 2408 2805 2462 quo
2868 2392 3141 2446 neminem
3218 2390 3640 2460 refrigerahaut,

2056 2503 2192 2543 nova
2225 2487 2509 2541 immensis
2560 2484 2831 2541 fructibus
2880 2482 3222 2553 receptacula
3277 2481 3452 2536 moliri
3489 2497 3505 2537 :
3542 2480 3638 2550 qui

2055 2579 2438 2649 iu_crastinum
2465 2577 2840 2641 comederent,
2865 2575 3215 2646 ignorabant.
3239 2572 3433 2627 Anima
3450 2584 3639 2626 eorum

2054 2687 2121 2726 eo
2151 2683 2394 2741 tempore
2438 2667 2907 2740 cxpostulabatur,
2946 2665 3051 2722 sub
3083 2679 3192 2719 una
3248 2674 3426 2719 tamen
3482 2670 3643 2718 nocte

2055 2782 2194 2820 vana
2254 2765 2547 2821 solitudine
2588 2771 2875 2833 oecupata,
2911 2777 3034 2816 cum
3093 2758 3471 2815 thesaurizarc
3523 2770 3635 2812 non

2053 2855 2413 2919 cessaverint,
2446 2871 2546 2911 nec
2578 2854 2816 2911 defossis
2847 2854 3072 2924 vigilare
3099 2851 3294 2924 opibus
3324 2850 3639 2914 omiserint,

2055 2948 2195 3004 llinc
2229 2948 2469 3004 Lazarus
2500 2961 2704 3017 pauper
2737 2961 2958 3007 cum,eo
2991 2944 3324 3016 patriarcha,
3350 2941 3443 3014 qui
3482 2955 3642 3013 pere-

2054 3046 2243 3109 grinus
2284 3042 2418 3097 vixit
2444 3041 2497 3096 in
2554 3039 2781 3106 mundo,
2814 3039 3030 3093 Iretatur
3081 3038 3135 3092 in
3195 3036 3360 3093 cubili
3414 3050 3539 3091 suo.
3571 3033 3641 3088 At

2055 3136 2207 3190 dives
2227 3141 2452 3190 econtra
2487 3134 2539 3188 in
2579 3133 2800 3188 aeternis
2823 3130 3014 3201 ﬂagrat
3060 3128 3348 3194 incendiis,
3384 3136 3440 3183 et
3483 3128 3635 3182 omni
3698 3142 3703 3147 ‘

2059 3228 2392 3298 exspoliatus
2445 3227 2715 3295 dignitate
2765 3236 2929 3296 atque
2994 3223 3345 3287 substantia,
3399 3220 3637 3292 despecti

2058 3328 2332 3403 quondam
2381 3328 2556 3394 inopis
2590 3324 2837 3381 divinum
2881 3320 3138 3390 implorat
3184 3319 3465 3386 auxilium,
3497 3321 3641 3384 ejus.

2055 3437 2162 3493 qne
2233 3420 2317 3476 vel
2374 3416 2598 3473 minimo
2654 3424 2873 3484 exoptat
2943 3413 3167 3484 digitulo
3203 3412 3428 3484 conligi,
3481 3410 3640 3479 cujus

2058 3523 2359 3582 egestatem
2387 3512 2533 3566 inter
2556 3509 2766 3578 cpimas
2795 3509 2963 3577 dapes
2999 3522 3147 3572 suas,
3173 3515 3227 3561 et
3258 3504 3474 3576 copiosa
3505 3519 3608 3559 con

2058 3610 2197 3664 .vivia
2232 3623 2298 3660 ne
2331 3605 2487 3660 micis
2509 3603 2730 3674 quidem
2761 3603 2824 3657 de
2854 3617 3041 3657 mensa
3088 3597 3465 3657 decidentibus
3509 3612 3637 3653 sns-

2056 3700 2322 3757 tentabat.
2363 3698 2500 3753 Cum
2553 3699 2736 3765 itaque
2791 3696 3166 3766 praescriptum
3210 3692 3477 3764 judicium
3543 3706 3645 3761 per

2057 3780 2179 3853 nos,
2217 3792 2271 3847 id
2328 3801 2557 3861 est,per
2600 3797 2820 3844 sanctos
2868 3797 2953 3841 est
3002 3785 3414 3849 celebrandum,
3474 3784 3634 3840 nobis

2056 3881 2293 3937 vindicta
2331 3880 2386 3935 in
2418 3878 2669 3934 nationes
2690 3886 2747 3931 et
2767 3876 2821 3930 in
2852 3875 3187 3946 populos'est
3220 3875 3440 3929 donata.
3476 3872 3633 3939 Quod

2054 3989 2178 4027 cum
2238 3972 2530 4039 cogitatur,
2562 3983 2683 4038 qua;
2740 3968 2795 4022 in
2856 3968 3011 4022 nobis
3067 3963 3267 4020 mens?
3301 3965 3423 4034 quis
3470 3963 3645 4019 ardor

2059 4066 2224 4121 animi
2253 4064 2280 4119 τ
2300 4064 2439 4135 quod
2473 4060 2804 4118 desiderium
2839 4059 3144 4115 futurorum
3179 4058 3204 4113 ?
3234 4059 3357 4128 quis
3384 4073 3630 4125 praesen-

363 4151 698 4217 constautia,
728 4166 849 4206 cum
877 4152 1104 4208 absistet
1122 4150 1355 4207 formido
1383 4151 1449 4205 de
1478 4150 1653 4221 lapsu,
1706 4164 1813 4203 non
1846 4156 1952 4212 tre_

2057 4159 2189 4214 tium
2220 4166 2563 4227 contemptus
2591 4155 2616 4209 ?
2642 4154 2859 4210 facilius
2889 4152 3076 4208 sentiri
3109 4166 3271 4223 quam
3301 4152 3403 4206 dici
3433 4160 3632 4218 potest.

362 4243 574 4315 pidahit
610 4252 739 4299 tunc
778 4244 832 4298 in
869 4244 1034 4298 alium
1061 4243 1204 4298 ferre
1229 4246 1598 4309 isententiam,
1629 4258 1754 4297 cum
1795 4242 1862 4297 de
1896 4257 1957 4298 se
2053 4249 2160 4305 Ant
2188 4250 2305 4320 quis
2336 4257 2441 4312 est,
2469 4246 2589 4315 quis
2614 4259 2719 4301 non
2752 4244 2818 4300 ad
2864 4244 2966 4300 ista
3024 4241 3293 4300 festinans
3320 4242 3539 4299 dissolvi
3573 4258 3644 4299 se

366 4337 625 4391 meruerit
651 4350 770 4391 esse
801 4352 1049 4391 securus.
1086 4334 1380 4406 Caeterum;
1412 4350 1553 4391 nunc
1597 4344 1792 4390 cuncta
1829 4341 1955 4388 sunt
2056 4344 2264 4416 cupiat,
2298 4350 2352 4396 οι
2381 4354 2501 4396 esse
2532 4354 2654 4394 cum
2686 4337 2902 4394 Christo
2948 4335 3207 4408 (Phiiipp.
3238 4337 3275 4407 ι)
3310 4337 3335 4391 ?
3375 4338 3482 4392 Aut
3500 4337 3635 4408 quid

370 4429 561 4490 dubia,
599 4438 792 4484 cuncta
837 4428 1172 4492 nutabunda,
1209 4429 1422 4484 dicente
1471 4427 1730 4498 Apostolo
1762 4444 1782 4481 :
1813 4425 1953 4483 Con-

2058 4452 2312 4504 magnum
2368 4441 2452 4487 est
2482 4432 2527 4487 si
2583 4445 2683 4503 pro
2733 4429 2897 4485 tantis
2953 4443 3019 4485 ac
3054 4429 3254 4484 talibus
3287 4428 3444 4484 bouis
3476 4444 3631 4486 mors

365 4521 604 4575 siderant
635 4528 685 4573 te
727 4521 923 4586 ipsum,
952 4536 1033 4573 me
1060 4528 1108 4575 et
1140 4528 1197 4573 tu
1254 4522 1471 4575 tenteris
1513 4517 1718 4589 (Calai.
1755 4533 1831 4583 vt,
1873 4515 1947 4587 Ι),

2056 4534 2452 4587 contemnatur,
2487 4537 2586 4592 pro
2612 4520 2810 4592 quibus
2864 4521 3026 4576 etiam
3061 4521 3177 4576 haec
3225 4521 3331 4574 vita
3381 4531 3641 4577 contem-

366 4612 458 4682 qui
481 4611 646 4667 alium
671 4613 855 4681 utique
873 4622 1049 4668 status
1077 4611 1154 4668 tui
1184 4613 1425 4678 nescius,
1459 4610 1619 4669 facile
1644 4611 1859 4683 judicas
1882 4612 1950 4667 de

365 4704 546 4761 ruina.
576 4705 715 4772 Quid
740 4713 794 4761 et
831 4705 878 4762 si
903 4705 1124 4764 miseris
1173 4704 1452 4774 ﬁduciam,
1486 4715 1546 4763 ut
1598 4704 1772 4761 beatis
1803 4703 1949 4760 Deus

365 4796 457 4852 det
481 4797 508 4851 ἲ
539 4797 769 4854 Praemia
814 4798 995 4869 potius
1035 4807 1374 4865 sanctorum,
1412 4799 1465 4852 id
1508 4805 1614 4862 est,
1649 4811 1777 4853 vera
1827 4796 1948 4851 lau-

368 4887 576 4956 demus,
626 4904 788 4959 quam
827 4888 1140 4959 improvidi,
1179 4898 1274 4944 aut
1316 4887 1707 4959 intempestivi,
1750 4886 1835 4942 vel
1880 4889 1948 4943 de

364 4981 723 5049 conscientia,
753 4981 836 5036 vel
880 4980 949 5036 de
988 4993 1233 5050 tempore
1280 4980 1626 5037 denotemur.

432 5068 506 5123 Χ.
537 5068 842 5125 Redeamus
865 5084 995 5141 ergo
1027 5064 1093 5124 ad
1151 5069 1275 5125 illas
1316 5079 1632 5126 sanctorum
1670 5068 1948 5126 nobilissi-

364 5177 483 5217 mas
510 5170 567 5217 et
618 5161 929 5218 laetissimas
976 5162 1328 5234 cogitationes
1359 5177 1377 5216 :
1409 5176 1537 5217 nam
1576 5162 1711 5217 nihil
1770 5161 1947 5216 laetius

363 5263 473 5317 est,
501 5269 666 5323 quam
703 5255 991 5311 mortalem
1026 5258 1094 5313 de
1152 5255 1421 5326 promissa
1476 5257 1577 5312 sibi
1628 5256 1946 5313 lnereditate

364 5346 643 5402 meditari.
665 5346 822 5401 Illum
858 5346 1078 5416 quidem
1128 5362 1285 5417 quem
1316 5348 1578 5414 diximus,
1607 5358 1732 5402 ante
1761 5349 1946 5403 oculos

363 5438 694 5494 collocemus
722 5439 1195 5508 :quandoquidem
1232 5439 1475 5494 securius
1524 5448 1603 5494 est
1634 5454 1760 5494 vera
1808 5439 1950 5494 cele-

361 5531 549 5597 brare,
581 5546 743 5602 quam
780 5533 1089 5587 miseranda
1141 5532 1362 5601 culpare
1391 5550 1406 5589 :
1449 5533 1578 5586 licet
1610 5549 1735 5589 vera
1770 5531 1943 5588 felicia

362 5622 489 5676 sine
537 5634 879 5691 peccatorum
915 5638 1024 5678 non
1076 5624 1284 5694 possint
1333 5625 1646 5680 infelicitate
1707 5626 1941 5681 narrari.

362 5715 667 5769 Cernamus
695 5716 905 5784 utique,
933 5725 991 5770 ut
1014 5717 1416 5782 constituimus,
1451 5716 1544 5772 Dei
1583 5730 1799 5774 sanctos
1819 5734 1941 5775 cum

360 5800 576 5861 facibus
596 5820 692 5874 per
718 5808 899 5863 omnia
945 5805 1187 5875 volitare,
1211 5816 1263 5863 et
1304 5824 1385 5864 cm
1401 5809 1716 5867 uscantibus
1739 5809 1804 5865 ad
1828 5810 1943 5866 vin-

2052 4619 2228 4676 nenda
2258 4627 2383 4674 est:
2420 4615 2680 4687 quouiam
2712 4629 2809 4683 pro
2839 4614 2907 4670 iis
2938 4614 3027 4684 qui
3061 4613 3357 4683 perdiderit
3388 4613 3639 4669 animam

2050 4726 2229 4780 suam,
2278 4709 2452 4765 salvat
2500 4709 2673 4763 illam.
2704 4708 2771 4762 At
2805 4711 2995 4760 contra
3046 4706 3138 4774 qui
3197 4704 3286 4761 hic
3334 4705 3641 4761 salvaveris

2051 4802 2288 4859 animam
2314 4816 2489 4865 suam,
2526 4800 2711 4870 perdet
2743 4813 2863 4853 eam
2884 4798 3105 4870 (Matth.
3141 4799 3220 4869 x).
3251 4796 3468 4853 Etenim
3497 4811 3641 4854 cum

2050 4895 2298 4966 plerique
2324 4892 2378 4948 in
2414 4892 2518 4948 hoc
2548 4891 2749 4947 mundo
2777 4892 2925 4946 velut
2955 4890 3239 4947 furialibus
3263 4889 3519 4955 ﬂammis,
3555 4890 3648 4943 ita.

2051 4985 2162 5041 sint
2186 4981 2349 5038 animi
2379 4982 2671 5039 ambitione
2700 4981 2974 5049 succensi,
3007 4990 3196 5038 utnon
3245 4979 3440 5049 epibus
3490 4972 3632 5035 eon-

2050 5076 2198 5140 ditis,
2230 5090 2331 5129 nec
2361 5072 2721 5143 patrimoniis,
2756 5086 2863 5128 nec
2911 5072 3044 5142 ipsis
3084 5084 3298 5141 quoque
3337 5068 3459 5124 (iliis
3500 5083 3639 5138 par-

2049 5179 2197 5235 cant,
2248 5181 2387 5237 quos
2428 5165 2593 5222 etiam
2645 5165 2714 5222 de
2775 5164 3003 5219 avaritia
3057 5164 3294 5219 accusati
3352 5174 3645 5230 opponere

2049 5269 2479 5325 consueverunt,
2510 5258 2638 5313 dum
2707 5255 3060 5329 praefecturas
3105 5253 3645 5321 consulariutesque-

2049 5364 2385 5419 mercentur,
2409 5368 2546 5422 quas
2568 5360 2862 5424 potestates
2890 5359 2947 5405 et
2971 5364 3114 5404 mors
3132 5346 3388 5411 admittit,
3418 5357 3473 5402 et
3494 5361 3629 5402 suc-

2050 5460 2239 5500 cessor
2286 5445 2530 5502 excludit
2564 5464 2578 5500 :
2614 5459 2734 5515 quae
2767 5443 3036 5500 dementia
3071 5449 3155 5497 est
3188 5457 3295 5496 non
3346 5457 3408 5497 ea
3442 5440 3637 5511 potius

2049 5538 2316 5609 impensis
2340 5538 2596 5594 omnibus
2621 5548 2676 5592 et
2714 5536 3046 5592 detrimento
3076 5533 3200 5590 vitae
3250 5533 3424 5604 ipsius
3473 5548 3628 5589 com—

2050 5644 2266 5698 parare,
2301 5646 2422 5701 qum
2456 5639 2733 5700 promotos
2763 5628 2967 5684 faciant
3004 5626 3086 5683 vel
3118 5626 3185 5682 de
3242 5627 3365 5682 vite
3405 5624 3626 5682 aeterni-

2048 5728 2158 5775 tate
2196 5721 2530 5789 securus,vel
2566 5721 2632 5778 de
2682 5718 2867 5792 iudicii
2917 5726 3173 5791 perpetua
3211 5716 3473 5791 dignitate
3509 5716 3630 5791 glo-

2046 5812 2218 5869 riosos
2245 5811 2270 5866 Ἰ
