4056 6200
375 288 450 353 95
1309 299 1368 359 S.
1410 301 1857 365 ΗΙΕΒΟΝΥΜῘ
1897 305 1943 366 Ο

2058 311 2226 371 RUM
2261 311 2674 376 MANTISSA.
3541 323 3616 386 95

444 403 802 506 Xl._Tempus
833 408 1106 506 admonet,
1139 419 1195 465 et
1222 411 1369 468 locus
1409 416 1523 484 ipse
1551 421 1812 488 suggerit,
1843 437 1940 476 nec
1976 433 2019 487 Α
2051 439 2310 495 congrue,
2348 427 2576 480 necdum
2624 428 2900 497 prioribus
2959 428 3241 492 absolutis.
3292 434 3392 487 alia
3439 448 3619 506 caput

371 501 596 554 materia
627 501 842 555 videtur
880 501 1076 570 aliena,
1109 507 1362 574 quoniam
1396 509 1462 564 de
1517 513 1723 568 meritis
1766 515 1938 580 empi-

372 606 497 647 mus
531 599 766 648 tractare
797 606 1133 661 sanctorum,
1169 606 1228 650 ut
1275 599 1655 657 infelicissima:
1711 605 1943 660 infelici-

373 683 500 736 tatis
522 683 880 752 blasphemias
925 685 1217 752 diluamus,
1252 705 1371 758 qua:
1423 692 1491 746 ad
1537 693 1676 748 hanc
1729 695 1942 750 videtur

372 775 613 842 speciem
670 777 966 844 pertinere.
1002 777 1340 834 Esstiterunt
1374 783 1517 836 enim
1580 786 1668 852 qtti
1711 787 1941 842 virtutes

371 864 618 933 egregias
641 875 694 918 et
730 867 982 922 coelestes
1032 883 1130 937 per
1164 882 1480 926 sanctorum
1532 876 1788 945 reliquias
1826 878 1938 946 jam

317 1032 322 1036 ⁷
371 957 556 1022 utique
585 971 754 1026 prope
789 959 989 1013 nostris
1037 963 1372 1029 temporibus
1398 975 1710 1032 operantes.
1734 971 1936 1026 malue-

367 1055 500 1098 runt
531 1047 868 1104 detractione
893 1050 1164 1116 mordere,
1194 1069 1357 1122 quam
1393 1059 1744 1114 veneratione
1765 1063 1941 1116 suscio

369 1151 532 1204 pere:
575 1140 854 1207 antiquum
877 1140 1006 1195 illud
1037 1157 1301 1198 venenum
1349 1147 1402 1201 in
1439 1146 1530 1201 Dei
1570 1149 1802 1205 famulos
1832 1150 1940 1206 Ju~

370 1226 539 1281 daiczr
570 1228 902 1285 inﬁdelitatis
927 1244 1262 1302 evomentes,
1286 1237 1427 1304 quod
1459 1238 1534 1292 illi
1584 1243 1854 1310 quondam
1887 1243 1940 1297 in

370 1318 543 1386 ipsum
612 1319 895 1376 Domiuttm
955 1323 1220 1391 viperinis
1278 1327 1478 1396 linguis
1545 1339 1600 1384 et
1647 1333 1940 1390 mortiferis

368 1409 539 1461 sibilis
569 1409 889 1476 effuderunt,
928 1415 1166 1472 dicentes
1206 1433 1221 1481 ;
1257 1418 1323 1472 In
1382 1437 1486 1488 qua
1551 1432 1807 1488 potestate
1845 1427 1941 1480 ltoc

369 1496 499 1565 facit
532 1499 556 1552 ?
589 1500 674 1566 Et,
721 1503 836 1569 quis
867 1503 962 1557 tibi
986 1505 1129 1559 dedit
1163 1509 1296 1562 hanc
1343 1521 1650 1578 potestatem
1673 1513 1699 1566 ?
1729 1514 1941 1570 Recita-

369 1589 500 1644 bant
527 1608 757 1663 namque
792 1596 948 1650 nobis
1003 1597 1159 1666 juxta
1223 1602 1434 1668 positis,
1487 1620 1604 1673 qua:
1663 1607 1860 1661 divinis
1887 1617 1942 1661 et

369 1685 700 1742 hcatissimis
735 1685 995 1743 Gervasio
1030 1701 1083 1744 et
1133 1691 1380 1747 Protasio
1436 1696 1723 1752 inﬁdelitas
1778 1701 1939 1754 stulta

369 1776 711 1844 loquebatur,
739 1794 878 1848 quos
909 1781 1034 1835 dum
1066 1797 1218 1852 papa:
1246 1785 1532 1840 Ambrosio
1563 1789 1726 1858 aliqui
1755 1790 1942 1846 decer—
1968 1768 2015 1827 Β

371 1883 502 1936 pere
565 1872 968 1938 machinantur,
1002 1875 1208 1930 violare
1262 1879 1541 1948 sacrilegis
1598 1885 1941 1939 sermonibus

370 1973 478 2011 non
530 1959 776 2025 timeant,
837 1963 937 2016 hoc
1008 1967 1170 2019 modo
1231 1968 1496 2023 rationem
1555 1972 1938 2028 miraculorum

369 2051 777 2118 conquirentes.
812 2055 949 2119 Quid
1006 2067 1088 2110 est
1143 2059 1306 2125 istud,
1353 2063 1492 2130 quod
1547 2079 1613 2117 ex
1677 2080 1744 2119 eo
1799 2068 1939 2136 quod

374 2154 641 2213 martyres
661 2155 810 2211 sunt,
845 2147 1098 2201 virtutum
1123 2150 1264 2203 dona
1290 2167 1614 2210 meruerunt
1645 2156 1668 2208 ?
1700 2157 1810 2212 Cur
1833 2169 1941 2212 tam

372 2237 546 2299 tarde,
581 2242 722 2305 quod
756 2240 863 2306 jam
906 2241 1113 2309 pridetn
1146 2243 1249 2298 illis
1293 2261 1609 2303 concessum
1660 2262 1761 2317 est,
1793 2266 1945 2306 exer-

370 2339 522 2379 cetur
555 2329 578 2380 ?
607 2330 714 2384 Aut
745 2333 790 2386 si
821 2347 880 2384 ea
921 2344 1239 2403 tempestate
1295 2352 1416 2392 cum
1454 2341 1598 2408 passi
1659 2353 1802 2409 sunt,
1839 2360 1944 2398 non

371 2423 754 2489 ostenderunt,
789 2429 1060 2493 quomodo
1115 2445 1261 2483 nunc
1319 2433 1528 2500 operati
1595 2435 1744 2489 sunt?
1811 2439 1942 2506 quid

371 2525 454 2567 t-st
484 2515 605 2580 hoc,
639 2517 780 2583 quod
839 2520 997 2572 modo
1024 2519 1276 2575 videntur
1318 2525 1605 2580 ostendere
1637 2527 1659 2578 ?
1692 2528 1798 2582 Aut
1827 2529 1948 2585 illos

377 2607 612 2676 majores
639 2607 971 2664 revelatione
1008 2610 1326 2668 Ambrosius
1380 2615 1530 2682 fecit,
1563 2633 1725 2688 quam
1756 2621 1946 2690 digna-

375 2700 452 2752 tio
489 2701 784 2770 martyrii?
820 2703 1200 2771 Agnoscitisne
1259 2707 1381 2763 aliis
1445 2709 1571 2765 licet
1623 2713 1823 2780 verbis,
1877 2715 1949 2780 ita

377 2770 886 2862 mendaciterquod
918 2797 982 2851 de
1039 2795 1265 2853 Domino
1320 2803 1673 2870 prodidimus,
1704 2770 1954 2878 marty/ri-

375 2886 478 2940 l-us
541 2886 802 2954 ingestqu
841 2903 854 2944 ;
892 2887 955 2940 In
1015 2907 1116 2958 qua
1179 2902 1436 2956 potestate
1489 2896 1582 2950 hoc
1629 2897 1763 2966 facis
1796 2900 1823 2954 7
1864 2900 1948 2967 Et,

378 2974 506 3034 ()uis
543 2976 634 3028 tibi
693 2977 828 3030 hanc
881 2979 1021 3032 dedit
1061 2990 1372 3050 potestatem
1413 2985 1629 3052 (Matth.
1666 3005 1776 3056 XXI,
1804 2991 1896 3061 25)
1931 2994 1953 3048 Τ

2049 517 2328 573 videantur
2353 520 2603 574 interseri
2631 537 2646 574 :
2673 532 2850 576 tamen
2880 536 2975 590 pro
3001 531 3051 575 te
3072 523 3216 576 malo
3241 525 3421 592 aliqua
3455 529 3616 580 etiam

2046 623 2152 661 non
2196 624 2296 663 suo
2325 611 2516 665 ordine
2549 613 2715 681 loqui,
2750 629 2911 682 quam
2950 613 3055 668 tuis
3107 614 3238 667 mihi
3293 617 3454 669 modo
3491 631 3618 670 ora-

2049 700 2285 754 tionibus
2317 701 2513 754 donata
2547 705 2846 770 praeterire.
2878 703 3107 768 Quidam
3141 706 3207 758 de
3235 705 3472 760 inimicis
3493 721 3617 760 cru-

2047 787 2126 841 cis
2153 788 2380 851 Christi.
2413 791 2554 844 inter
2592 790 2886 846 familiares
2921 792 3034 856 Dei,
3074 803 3126 846 et
3166 794 3382 862 quidem
3421 796 3615 850 docto-

2044 892 2154 940 res,
2185 879 2250 932 de
2283 881 2544 936 seandalo
2593 882 2683 936 illo
2711 884 2884 954 gentis
2913 899 3042 947 sua»,
3073 886 3216 953 quod
3243 886 3293 940 in
3331 886 3616 940 Dominum

2046 979 2288 1023 nostrum
2318 985 2697 1039 Susceperunt,
2732 975 2924 1042 spiritu
2947 975 3301 1046 blasphemia!
3334 975 3614 1032 Dominum

2045 1061 2292 1130 pulsans,
2329 1064 2553 1130 protulit
2587 1067 2834 1134 exempla
2877 1066 2944 1121 de
2976 1067 3108 1135 lege.
3137 1068 3203 1121 Et
3231 1077 3287 1120 ut
3346 1069 3615 1136 qnomlam

2043 1161 2196 1219 pater
2215 1153 2332 1222 ejus
2363 1155 2628 1210 homicida
2657 1157 2710 1210 in
2759 1158 2920 1226 pinna
2963 1157 3454 1226 templi.,Dominum
3499 1167 3618 1212 ten-

2047 1250 2187 1304 tans.
2215 1244 2343 1309 quid
2369 1245 2435 1299 de
2460 1246 2577 1314 ipso
2605 1250 2928 1315 promissum
2959 1258 3106 1303 esset
3131 1249 3181 1301 in
3206 1249 3615 1316 legeimproluts

2044 1335 2418 1402 praedicabat:
2469 1338 2539 1392 ita
2603 1340 2690 1394 hic
2735 1355 2801 1393 ne
2848 1352 2940 1393 aut
2975 1343 3153 1394 minus
3179 1344 3349 1394 doctae
3380 1341 3618 1410 perﬁdiae

2045 1424 2339 1491 videretur,
2362 1439 2454 1482 aut
2480 1431 2682 1484 nudum
2703 1441 2910 1499 pateret
2933 1432 3049 1484 sine
3073 1431 3260 1503 majori
3295 1433 3620 1487 auctoritate

2044 1519 2388 1573 mendacium
2421 1539 2434 1574 :
2467 1519 2648 1587 Plura,
2678 1521 2775 1586 ait,
2805 1524 3064 1576 miracula
3122 1522 3380 1592 propheta
3435 1532 3618 1577 noster

2045 1607 2174 1662 fecit
2205 1609 2449 1676 Elisazus,
2484 1627 2646 1680 quam
2683 1613 2940 1667 Dominus
2968 1622 3147 1667 vester
3175 1613 3444 1668 Christus.
3480 1613 3613 1668 Nam

2046 1715 2166 1754 cum
2189 1716 2284 1770 pro
2303 1717 2498 1770 magno
2525 1702 2788 1757 Lazarum
2819 1704 2886 1757 de
2907 1715 3080 1758 morte
3107 1705 3159 1759 itt
3186 1705 3361 1759 lucem
3398 1721 3617 1760 revoca-

2046 1800 2159 1844 tum
2191 1807 2311 1846 esse
2345 1793 2595 1849 referatis
2626 1793 2804 1862 (Joan.
2837 1796 2936 1862 xt),
2991 1796 3119 1863 quid
3177 1796 3410 1865 amplius
3435 1797 3616 1851 dicere

2045 1884 2311 1951 poteritis,
2337 1893 2499 1952 quam
2524 1900 2551 1938 a
2583 1887 2703 1939 vivo
2737 1895 3008 1938 mortuum
3038 1887 3454 1940 resuscitatum?
3483 1885 3616 1939 Pro-

2046 1977 2160 2030 fero
2191 1979 2335 2046 quod
2359 1993 2544 2031 verum
2572 1991 2713 2042 esse,
2745 1978 2905 2031 etiam
2931 1988 3107 2031 vestra
3133 1977 3476 2032 confessione
3491 1992 3619 2030 cen-

2045 2076 2214 2120 setur.
2238 2066 2464 2121 Elismus
2499 2068 2642 2120 enim
2675 2077 2860 2121 noster
2906 2068 3015 2136 jam
3071 2077 3315 2121 mortuus
3359 2067 3620 2137 appositis

2047 2159 2258 2213 ossibus
2278 2161 2414 2226 ejus,
2454 2169 2721 2212 mortuum
2745 2159 2926 2232 (quem
2952 2161 3105 2228 juxta
3148 2175 3347 2230 corpus
3383 2162 3499 2228 ejus
3539 2160 3621 2227 pi-

2048 2261 2285 2306 ratarum
2312 2252 2521 2322 fugiens
2547 2253 2863 2316 adventum,
2897 2253 3136 2322 supremi
3173 2253 3339 2306 ofﬁcii
3367 2255 3622 2305 deserens

2049 2357 2249 2396 munus
2283 2345 2436 2396 turba
2470 2344 2791 2412 projecerat)
2832 2344 3100 2398 exanimis
3125 2343 3406 2404 animavit,
3469 2353 3522 2396 et
3556 2344 3623 2396 de

2052 2433 2258 2501 frigidis
2288 2435 2504 2490 ossibus
2523 2446 2681 2504 atque
2703 2435 2958 2503 exsangui
2989 2449 3234 2503 corpore,
3269 2434 3509 2487 alienum
3529 2446 3624 2486 ca-

2051 2527 2215 2578 daver
2239 2526 2384 2579 vitali
2409 2526 2590 2580 calore
2625 2526 2855 2594 perfudit
2883 2543 2897 2580 :
2927 2541 3026 2579 nec
3050 2527 3190 2593 quod
3213 2525 3420 2588 habuit,
3441 2523 3618 2577 dedit:

2051 2620 2145 2669 sed
2207 2615 2320 2680 alii,
2373 2617 2514 2686 quod
2568 2617 2682 2685 ipse
2745 2627 2870 2670 tunc
2918 2632 3022 2671 non
3081 2616 3339 2680 habebat,
3396 2616 3622 2670 indulsit

2054 2707 2158 2777 (IV
2190 2709 2318 2778 Reg.
2354 2709 2496 2778 χιιι).
2529 2709 2639 2764 lloc
2662 2710 2824 2763 credo
2861 2708 3016 2763 vobis
3045 2708 3223 2777 majus
3270 2707 3482 2762 caeteris
3516 2707 3620 2760 vir-

2054 2806 2261 2859 tutibus
2299 2805 2567 2870 videatur,
2606 2815 2877 2858 mortuum
2909 2803 2964 2858 in
2991 2819 3156 2858 auras
3182 2801 3373 2856 vitales
3432 2800 3623 2855 remis-

2055 2913 2174 2952 sum
2210 2911 2329 2952 esse
2363 2912 2457 2967 per
2497 2907 2767 2950 mortuum
2816 2913 2831 2950 :
2885 2904 2941 2949 et
2986 2909 3049 2949 eo
3085 2905 3322 2963 tempore
3350 2908 3455 2962 quo
3509 2891 3623 2962 ipse

2055 3000 2198 3043 esset
2231 2989 2462 3043 naturali
2518 2989 2635 3058 lege
2690 2989 3040 3054 constrictus,
3092 2987 3245 3041 alteri
3290 2987 3459 3055 legem
3511 2983 3622 3039 sol-

375 3065 604 3135 Tepida,
637 3081 695 3124 ιιι
727 3071 988 3139 arbitror,
1019 3075 1338 3142 consolatio,
1368 3086 1420 3132 et
1448 3079 1514 3133 de
1562 3081 1730 3136 livore
1787 3101 1948 3154 gene-
1979 3099 2022 3158 ο
2057 3083 2199 3136 visse
2249 3089 2473 3134 naturae.
2520 3079 2633 3135 lloe
2684 3080 2729 3134 si
2758 3089 2976 3148 praestat
3035 3078 3256 3133 cunctis
3285 3063 3624 3146 Operationil-

378 3173 515 3222 rata,
555 3179 820 3231 qumrere,
859 3180 926 3218 an
979 3167 1216 3221 divinnrn
1279 3171 1371 3234 sit,
1412 3171 1557 3240 quod
1595 3174 1778 3230 videas
1835 3192 1958 3231 esse

379 3255 619 3308 divinum
651 3267 704 3309 et
741 3259 1002 3312 rationem
1034 3276 1275 3329 poscere,
1302 3277 1422 3316 eum
1469 3265 1690 3321 credere
1747 3269 1816 3320 sit
1868 3286 1956 3323 ne-

374 3361 550 3400 cesso.
585 3347 649 3400 Et
680 3366 799 3402 cum
821 3352 1109 3421 Apostolus
1138 3355 1284 3409 dicat
1313 3372 1328 3409 :
1381 3355 1623 3411 Charitas
1649 3361 1826 3413 omnia
1845 3378 1958 3415 cre-

378 3443 452 3493 dit
497 3440 545 3511 (I
587 3443 710 3495 Cor.
744 3460 864 3506 xm,
903 3446 955 3515 7)
987 3465 1001 3502 :
1038 3449 1162 3516 quis
1189 3450 1419 3514 dubitat,
1455 3451 1600 3518 quod
1636 3453 1752 3507 siue
1775 3456 1956 3508 chari-

380 3545 490 3588 tate
550 3536 642 3591 Dei
695 3550 823 3592 sunt
869 3541 960 3609 qui
1023 3541 1183 3595 ﬁdem
1259 3549 1423 3599 tantis
1485 3563 1590 3600 non
1649 3550 1958 3616 applicuere

377 3630 711 3683 virtutibus?
746 3631 911 3701 Negat
941 3643 1116 3686 autem
1168 3634 1347 3696 ﬁdem,
1388 3637 1477 3704 qui
1521 3640 1674 3708 quasi
1720 3651 1958 3696 tentator

381 3722 626 3792 inquirit.
659 3721 812 3777 Unde
837 3741 844 3773 ἰ
870 3740 945 3778 me
978 3726 1259 3793 potestas?
1289 3726 1451 3793 Quasi
1477 3745 1582 3784 non
1612 3732 1956 3787 manifestum

380 3817 452 3870 sit
482 3817 533 3869 in
565 3832 625 3870 ea
660 3828 874 3872 sanctos
906 3829 1171 3888 martyres
1202 3837 1340 3874 nunc
1373 3822 1423 3874 in
1457 3824 1650 3891 spiritu
1700 3827 1956 3880 miracula

383 3909 582 3974 facere,
619 3910 670 3962 in
705 3925 806 3978 qua
832 3919 1101 3977 potestate
1158 3914 1504 3968 adversarios
1539 3931 1669 3970 suos
1702 3919 1848 3984 prius
1904 3920 1955 3974 itt

383 4018 548 4056 carne
582 4011 635 4054 et
668 4003 718 4054 in
751 4005 1000 4071 passione
1049 4005 1314 4058 vicerunt.
1356 4005 1716 4062 Conferamus
1767 4010 1957 4077 pedetn

384 4105 572 4148 contra
607 4094 759 4156 istos,
792 4094 835 4145 si
865 4095 969 4145 diei
999 4092 1080 4146 fas
1125 4105 1228 4156 est,
1274 4096 1415 4148 ﬁlios
1449 4094 1782 4162 Judzrorum,
1813 4108 1864 4153 et
1903 4109 1960 4154 ut

386 4202 556 4253 nuper
586 4202 769 4239 eorum
801 4198 1105 4254 patentem,
1147 4187 1198 4239 id
1227 4197 1333 4251 est,
1389 4185 1632 4242 Judaeum
1679 4191 1768 4257 qui
1815 4207 1872 4244 se
1904 4191 1956 4244 in

382 4277 664 4346 sacrilegio
685 4275 1001 4344 prudentem
1032 4277 1256 4330 nimium
1281 4278 1524 4345 putabat,
1553 4281 1692 4334 douo
1722 4279 1951 4336 Deitatis

381 4368 751 4438 Oppressimus
785 4385 797 4420 :
839 4367 913 4421 ita
965 4377 1019 4423 et
1049 4367 1187 4421 hanc
1223 4369 1323 4420 sub
1383 4369 1691 4424 Christiano
1741 4373 1958 4427 nomine

2061 3175 2180 3238 ltus,
2233 3187 2330 3225 cur
2381 3172 2470 3225 bic
2497 3172 2672 3242 potior
2718 3187 2823 3225 non
2882 3171 3172 3235 habeatur,
3225 3184 3383 3238 quem
3444 3178 3622 3222 tamen

2059 3263 2396 3332 prophetam,
2440 3277 2544 3316 non
2577 3262 2858 3316 Dominum
2893 3262 3262 3316 conﬁtemur:
3300 3269 3396 3312 aut
3445 3259 3488 3312 si
3539 3258 3624 3311 Vel

2058 3355 2234 3408 simile
2287 3355 2411 3410 huic
2463 3354 2670 3424 aliquid
2734 3355 2928 3418 nostis,
2984 3354 3206 3415 edieitc,
3239 3361 3382 3405 utet
3419 3351 3629 3404 honore

2060 3445 2354 3511 prmeellat,
2393 3445 2482 3513 qui
2537 3444 2699 3498 fuerit
2736 3446 2930 3499 merito
2983 3445 3206 3498 virtutis
3244 3441 3623 3497 excellentior.

2064 3538 2408 3606 Obstupuere
2443 3538 2508 3592 ad
2551 3539 2665 3592 tunc
2697 3537 2838 3590 dicta
2876 3552 3130 3606 proceres
3176 3535 3370 3598 nostri,
3407 3544 3461 3587 et
3515 3533 3629 3586 ιιιιι-

2065 3631 2174 3684 lum
2207 3632 2504 3684 referentes
2556 3643 2902 3698 responsum,
2934 3641 3033 3682 nec
3074 3629 3218 3697 quod
3251 3628 3409 3681 telum
3441 3639 3627 3694 reper-

2061 3736 2274 3779 enteret
2346 3725 2730 3794 producentes,
2784 3738 2922 3793 pene
2977 3723 3077 3777 sub
3127 3724 3271 3776 inani
3333 3720 3629 3776 adversarii

2061 3818 2313 3871 machina
2349 3814 2631 3882 inutilique
2657 3814 2825 3867 ariete
2861 3813 3219 3867 conciderunt
3250 3828 3264 3864 :
3297 3812 3432 3864 adeo
3454 3820 3510 3864 ut
3543 3810 3632 3864 ille

2059 3913 2148 3980 qui
2208 3909 2434 3978 profuga
2495 3907 2760 3970 omnium,
2818 3917 2878 3959 ιιι
2925 3906 3098 3968 aiunt,
3154 3919 3279 3958 esse
3329 3903 3627 3966 debuisset,

2061 4006 2228 4055 etiam
2269 3999 2493 4054 victoris
2530 3999 2756 4068 gloriam
2795 3999 2910 4052 sine
2961 3998 3261 4051 certamine
3303 4005 3626 4065 reportaret.

2067 4091 2220 4158 Quod
2255 4091 2344 4146 ubi
2376 4090 2506 4144 tnihi
2536 4098 2619 4145 est
2643 4090 2970 4154 nuntiatum,
3003 4087 3261 4156 ingemui,
3296 4095 3504 4138 tantam
3539 4101 3634 4140 no-

2060 4185 2144 4239 bis
2191 4187 2368 4239 inesse
2390 4181 2795 4252 negligentiam,
2827 4193 2882 4235 ιιι
2919 4195 3018 4235 nec
3048 4182 3332 4233 veritatem
3365 4182 3634 4247 possimus

2060 4290 2324 4340 astruere,
2389 4293 2508 4332 cum
2562 4275 2652 4328 alii
2681 4275 2894 4329 valeant
2957 4275 3231 4327 inculcare
3273 4288 3368 4342 pro
3407 4274 3636 4327 veritate

2064 4371 2406 4427 mendacium
2438 4387 2452 4421 :
2495 4377 2788 4437 rogatoque
2818 4365 3068 4432 Domino,
3091 4367 3340 4435 quoniam
3379 4367 3510 4419 nihil
3542 4381 3638 4421 uo-

387 4460 867 4520 hlasithemiariutu
894 4461 1132 4514 sobolem
1175 4463 1543 4527 destruamus,
1579 4477 1673 4529 per
1699 4478 1819 4515 eu'n
1865 4464 1958 4530 qui
1991 4477 2033 4532 υ
2063 4474 2236 4518 strum
2260 4472 2364 4528 est,
2392 4472 2449 4515 ut
2475 4462 2584 4516 suis
2609 4475 2759 4514 arma
2786 4469 3118 4528 suggereret,
3142 4475 3248 4528 quo
3279 4459 3395 4529 ejus
3416 4459 3637 4530 ignavia:

387 4556 519 4607 dixit
555 4572 566 4605 :
593 4553 817 4606 Perdant
844 4553 1160 4622 sapientiora
1183 4554 1520 4621 sapientium,
1551 4566 1594 4606 et
1630 4557 1964 4622 prudentiam

388 4646 723 4715 prudentium
759 4645 1072 4713 reprobrabo
1107 4642 1155 4712 (Ι
1186 4643 1312 4698 Cor.
1345 4660 1384 4707 ι,
1424 4645 1510 4714 l7)
1550 4664 1563 4699 :
1608 4656 1666 4699 ut
1690 4656 1741 4701 et
1777 4663 1876 4703 nos
1909 4649 1962 4702 itt

388 4737 662 4805 triumpho
691 4735 904 4804 gemino
953 4751 1050 4805 per
1107 4734 1390 4788 Dominum
1429 4739 1846 4807 gloriemur;et
1891 4740 1964 4794 illi

387 4835 683 4897 agnOSt-ant
719 4825 1128 4893 intelligentiam
1189 4840 1370 4880 rerum
1425 4830 1728 4883 divinarum
1777 4833 1828 4886 in
1865 4833 1966 4887 ﬁde

384 4915 677 4980 Catholica,
711 4931 817 4968 non
845 4917 898 4968 itt
945 4917 1215 4984 sapientia
1241 4919 1422 4972 szeeuli
1451 4921 1822 4986 constitutam,
1853 4939 1967 4976 mo-

389 5021 550 5064 neute
611 5009 1024 5064 Domino:Nisi
1092 5011 1446 5078 credideritis,
1500 5031 1600 5068 non
1668 5015 1967 5086 intelligetis

389 5102 650 5172 (lsa.vu,
708 5102 761 5167 9)
792 5118 806 5156 :
841 5110 900 5154 ιιι
957 5101 1300 5157 manifestius
1348 5114 1584 5168 constet,
1609 5114 1660 5159 et
1718 5106 1967 5162 ﬁdelibus

389 5208 578 5266 patch
610 5196 942 5251 inﬁdelitatis
972 5194 1228 5262 obscura,
1255 5205 1308 5250 et
1341 5197 1408 5250 ab
1461 5197 1764 5252 infidelibus
1797 5198 1968 5252 ﬁdeli-

391 5290 518 5342 tatis
549 5289 708 5344 etiam
743 5289 902 5358 plana
958 5303 1063 5343 non
1099 5289 1270 5340 cerui.

464 5381 578 5436 ΧΗ.
609 5380 858 5435 Forsitan
891 5396 1104 5450 quaeras
1137 5396 1233 5450 pro
1267 5389 1322 5434 tu
1375 5379 1766 5444 sollicitudine,
1794 5390 1846 5435 et
1879 5381 1961 5434 vi-

393 5473 639 5542 gilantia,
676 5471 1086 5542 diligentiaque,
1117 5470 1288 5534 vitali,
1322 5485 1440 5538 quae
1464 5469 1626 5524 fuerit
1660 5471 1747 5522 illa
1813 5471 1967 5539 qua:-

394 5567 522 5630 stio,
545 5567 594 5618 in
619 5581 722 5634 qua
757 5564 1057 5634 trophzcum
1083 5563 1238 5616 nobis
1255 5562 1514 5616 Dominus
1542 5562 1610 5616 de
1638 5561 1770 5617 falso
1797 5562 1972 5618 Israe-

397 5659 490 5713 lita
523 5658 760 5711 donavit.
793 5655 1066 5719 Referam,
1101 5669 1201 5710 nec
1235 5655 1442 5721 tacebo,
1474 5654 1730 5724 quoniam
1760 5655 1848 5710 bis
1880 5671 1968 5710 re-

398 5749 501 5806 bus
567 5750 815 5818 ιιηιεὶιιιιιιι
856 5749 949 5804 tibi
1006 5761 1155 5802 amas
1209 5747 1449 5804 extendi.
1487 5747 1550 5802 Et
1589 5747 1632 5802 si
1685 5747 1830 5803 enim
1863 5762 1971 5804 non

2067 4558 2368 4610 auferretur
2403 4553 2776 4624 opprobrium.
2807 4552 2950 4606 Cedo
3007 4552 3158 4617 tnilti,
3192 4552 3432 4620 inquam,
3467 4554 3635 4604 istum

2067 4648 2474 4716 magniloquum
2538 4645 2805 4699 dicentem
2873 4662 2886 4698 :
2972 4643 3139 4697 Labia
3189 4659 3368 4698 nostra
3411 4662 3442 4696 a
3492 4645 3637 4697 nobis

2067 4751 2214 4805 sunt,
2241 4740 2356 4809 quis
2389 4755 2481 4792 nos
2515 4737 2766 4791 Dominus
2806 4745 2880 4790 est
2919 4734 3091 4804 (Psal.
3133 4753 3208 4802 XI,
3241 4738 3336 4806 5)?
3359 4735 3638 4789 Proferam

2074 4833 2320 4901 profecto
2359 4847 2453 4900 per
2505 4846 2629 4884 eum
2658 4830 2747 4899 qui
2797 4829 3062 4897 disperdit
3109 4829 3343 4898 linguam
3377 4830 3641 4900 magnilo-

2072 4940 2264 4993 quam,
2300 4933 2356 4978 ut
2390 4922 2696 4990 intelligant
2723 4921 2946 4975 Domino
2994 4921 3250 4974 famulum
3287 4939 3390 4974 non
3423 4938 3644 4990 αξιιιιειιι-

2071 5017 2199 5068 dum
2240 5034 2255 5071 :
2290 5015 2416 5068 licet
2452 5014 2553 5081 ipsi
2598 5011 2850 5066 noverint
2878 5009 3066 5075 Judaei,
3097 5011 3386 5080 prophetas
3430 5022 3640 5066 veteres

2074 5106 2219 5160 nulla
2258 5105 2514 5158 tniracnla
2535 5103 2766 5174 propriis
2788 5103 3029 5158 edidisse
3056 5105 3368 5158 virtutibus.
3399 5103 3639 5169 Denique

2073 5195 2187 5266 ipse
2220 5196 2444 5250 Eliszens
2475 5212 2597 5250 cum
2625 5196 2818 5264 spiritu
2852 5195 3092 5264 magistri
3119 5196 3468 5259 haereditatis,
3498 5199 3640 5248 velut

2075 5289 2400 5343 insolentior
2432 5289 2692 5342 donorum
2743 5288 3178 5341 remuneratione
3208 5290 3464 5350 venisset,
3495 5288 3638 5340 scin-

2074 5381 2203 5432 dere
2235 5391 2409 5432 tatneu
2441 5393 2609 5445 aquas
2652 5375 2756 5431 nisl
2792 5376 2885 5430 Dei
2934 5378 3272 5431 invocatione
3316 5395 3420 5431 non
3471 5381 3646 5446 potuit

2078 5471 2157 5540 (ll
2185 5471 2308 5540 Reg.
2343 5487 2402 5534 tt,
2429 5469 2508 5539 4).
2537 5469 2641 5523 Sed
2669 5469 2841 5523 fateor
2869 5471 3032 5537 ipsius
3062 5471 3199 5522 hanc
3222 5485 3341 5538 quae
3370 5471 3641 5539 proposita

2073 5574 2156 5618 est
2212 5563 2429 5616 interim
2477 5559 2645 5614 luisse
2681 5559 2958 5625 virtutem,
2996 5571 3052 5611 ut
3097 5559 3269 5626 major
3303 5559 3470 5628 gloria
3543 5578 3645 5615 no-

2075 5666 2201 5707 stra:
2236 5653 2354 5706 ﬁdei
2389 5653 2481 5717 sit,
2517 5651 2562 5706 si
2595 5659 2922 5705 tentatorem
2975 5653 3137 5706 etiam
3177 5652 3300 5704 dum
3347 5655 3645 5717 credimus,

2075 5744 2469 5816 Opprimamus.
2555 5742 2691 5809 Quid
2758 5742 2856 5809 ais,
2919 5740 3128 5798 Domini
3205 5742 3651 5814 blasphematur?
