4056 6200
405 311 477 371 97
1244 304 1610 366 EPISTULA
1655 303 1754 358 Vl.
1801 301 1900 357 AD
1945 302 1999 355 A.

2102 298 2248 358 CUM
2295 298 2683 361 EGROTUII
2724 301 2807 361 Il.
3521 323 3532 334 ί
3576 299 3649 362 98

409 427 658 486 Ειίεειιις,
697 423 889 493 inquit,
925 423 1036 490 ipse
1069 434 1308 476 mortuus
1340 421 1502 473 alimn
1555 426 1822 471 mortuum
1851 430 1980 470 con-
2011 424 2054 481 Α
2088 416 2275 470 Omnia
2333 427 2451 486 post
2505 419 2784 472 Dominum
2813 461 2830 484 ,
2889 433 3009 488 quae
3079 417 3347 482 deerant,
3423 418 3654 486 apostoli

409 528 559 570 tactu
609 516 690 569 Siti
739 517 986 583 corporis
1041 513 1341 568 suscitavit.
1395 511 1506 564 l‘loc
1547 511 1662 562 loro
1703 510 1875 577 plene,
1925 517 1984 560 ut

408 612 463 664 in
495 610 773 669 Omnibus,
807 607 1036 660 Domino
1073 622 1171 658 suo
1199 605 1475 674 prophetae
1505 604 1680 657 virtus
1710 609 1979 671 assurgat,

407 716 536 766 qua:
574 700 627 752 in
663 699 888 751 Domino
934 695 1060 751 Jesu
1097 695 1310 751 Christo
1364 710 1488 748 cum
1525 693 1831 758 sepulcrum
1867 693 1984 760 ejus

409 792 688 861 lapidibus
718 791 1008 847 inﬁdelitas
1026 801 1203 844 vestra
1235 791 1495 853 muniret,
1523 787 1754 856 lapidem
1787 786 1986 840 milites

407 887 748 948 obsiderent,
783 885 949 937 credo
979 897 1044 936 ne
1072 881 1405 936 resurrectio
1438 880 1554 948 ejus
1585 878 1796 932 idoneis
1832 877 1987 930 testi-

409 979 517 1033 bus
570 978 851 1045 indigeret.
871 975 1005 1030 Nam
1035 984 1466 1029 resurrecturum
1497 973 1542 1026 si
1569 969 1832 1024 volebatis
1861 983 1985 1022 cre-

411 1069 565 1131 dere,
611 1066 910 1120 noveratis.
969 1065 1162 1118 Snbito
1214 1063 1358 1116 enim
1418 1060 1507 1115 ille
1565 1058 1793 1114 internis
1829 1063 1987 1110 terrae

412 1157 738 1212 cardinibus
784 1157 1094 1219 concussis,
1151 1169 1274 1207 cum
1347 1163 1566 1219 stupore
1632 1149 1862 1202 militum
1934 1157 1990 1202 et

409 1250 572 1303 ruina
604 1263 886 1312 saxorum,
918 1261 1026 1300 non
1059 1245 1224 1298 alium
1257 1244 1516 1311 aliquem,
1550 1241 1646 1296 sed
1677 1255 1735 1294 se
1759 1239 1990 1294 suscita-

410 1341 495 1393 vit
548 1341 600 1392 in
655 1338 853 1393 lucem.
897 1337 1072 1392 Elisa'i
1101 1339 1214 1390 haec
1245 1335 1466 1404 propria
1495 1334 1634 1386 dona
1662 1331 1706 1386 si
1735 1331 1988 1396 fuissent,

413 1431 520 1485 sibi
549 1434 680 1486 dare
713 1429 995 1484 maluisset
1029 1445 1047 1481 :
1077 1443 1178 1481 nec
1207 1436 1465 1494 praestare
1496 1424 1586 1477 alii
1616 1433 1847 1492 poterat.
1885 1437 1992 1490 quo

417 1525 685 1595 indigeret
708 1524 834 1578 sibi.
864 1521 1108 1590 Denique
1132 1521 1239 1575 hoc
1265 1520 1440 1584 majus
1476 1531 1599 1570 esse
1632 1517 1798 1570 vestri
1828 1515 1989 1568 etiam

420 1615 776 1686 prodiderunt
808 1614 1060 1682 majores.
1096 1612 1224 1666 dum
1249 1610 1548 1676 Dominum
1581 1608 1632 1661 in
1665 1619 1828 1661 cruce
1851 1599 1994 1659 deri-

419 1712 632 1772 derent,
661 1707 900 1760 dicentes
933 1721 948 1756 :
975 1704 1123 1757 Alios
1156 1704 1326 1756 salvos
1354 1700 1500 1769 fecit,
1531 1700 1761 1766 seipauin
1791 1699 1993 1750 salvum

2085 512 2476 580 prephetarunt
2519 528 2534 564 :
2576 513 2732 565 beato
2771 510 2935 565 Paulo
2988 526 3083 578 per
3129 510 3432 564 libertatem
3483 509 3656 563 sancti

2085 601 2318 673 Spiritus
2341 619 2445 656 non
2482 612 2713 667 tacente,
2739 603 2828 670 qui
2855 605 2932 657 ait
2960 617 2975 658 :
3008 601 3091 656 Ea:
3120 614 3272 671 parte
3302 601 3495 655 scimus
3525 613 3571 654 et
3595 617 3660 656 ea:

2081 704 2232 763 parte
2256 693 2622 761 prophetamus
2655 692 2707 761 (Ι
2733 692 2856 746 Cor.
2883 708 3000 756 xm,
3029 692 3086 760 9)
3127 713 3142 745 :
3174 707 3281 746 non
3305 690 3445 759 quod
3473 691 3654 760 omnia

2086 786 2426 848 nesciat,aut
2456 783 2638 837 omnia
2671 798 2775 835 non
2799 784 3106 852 prophetet,
3137 783 3188 835 in
3219 798 3324 851 quo
3358 783 3657 850 praisertim

2086 877 2324 945 loquitur
2351 876 2599 930 Christus
2631 892 2645 931 :
2678 877 2771 930 sed
2817 891 2882 929 ex
2921 885 3074 943 parte
3106 877 3169 929 de
3206 885 3316 928 toto
3349 875 3654 944 prophetat,

2086 980 2142 1024 et
2161 985 2223 1024 cx
2257 980 2407 1038 parte
2451 969 2517 1024 de
2553 980 2664 1022 toto
2703 969 2823 1023 scit.
2861 968 3157 1037 Prophetat
3207 968 3362 1021 nobis
3401 969 3474 1029 id,
3517 969 3659 1034 quod

2089 1065 2191 1116 scit
2224 1063 2367 1116 illius
2399 1063 2655 1130 temporis
2683 1077 2824 1124 esse,
2869 1061 3010 1129 quod
3069 1061 3308 1114 futurum
3340 1068 3476 1114 erat.
3505 1057 3659 1124 Quod

2089 1170 2217 1207 vero
2250 1155 2552 1222 pr0phetat,
2591 1164 2830 1205 venturae
2875 1153 3062 1219 utique
3121 1152 3460 1220 prophetizat
3489 1150 3658 1202 relati.

2091 1245 2384 1316 PrOphetat
2413 1254 2591 1299 autem
2659 1253 2852 1307 totum,
2888 1243 2990 1298 etsi
3044 1243 3332 1312 prophetat
3370 1256 3435 1295 ex
3479 1255 3658 1309 parte.

2093 1338 2216 1392 Haec
2243 1339 2385 1391 enim
2429 1337 2734 1403 prophetat,
2771 1350 3000 1402 quorum
3057 1335 3340 1402 apertione
3373 1348 3497 1403 pars
3529 1333 3656 1402 ejus

2094 1430 2376 1498 temporis,
2409 1443 2528 1497 qua:
2560 1443 2732 1496 usque
2759 1429 2822 1480 ad
2857 1429 3018 1480 tinem
3049 1434 3320 1494 superest.
3360 1426 3658 1495 indigebat.

2092 1521 2168 1574 Ex
2187 1531 2341 1590 parte
2363 1535 2490 1588 ergo
2510 1520 2820 1590 prophetat.
2843 1519 3218 1588 quoniamjam
3237 1533 3298 1571 ex
3320 1530 3468 1585 parte
3485 1515 3667 1571 fuerat

2095 1616 2530 1684 proiibetatum:
2589 1623 2642 1667 et
2701 1614 2821 1666 ideo
2856 1615 3116 1682 propheta
3183 1612 3389 1666 sciebat
3436 1620 3667 1664 ventura

2095 1721 2218 1775 quae
2250 1705 2632 1776 prophetabat.
2692 1703 2862 1773 Cujus
2895 1703 3196 1772 prophetiae
3223 1701 3518 1771 particulas
3556 1701 3670 1770 ple-

421 1802 607 1870 faciat,
655 1799 935 1852 descendat
986 1798 1050 1850 de
1083 1811 1258 1859 cruce,
1285 1804 1331 1847 et
1365 1794 1628 1846 credimus
1682 1791 1730 1844 ei
1763 1789 1981 1858 (Matth.
2021 1812 2061 1866 Β
2094 1800 2302 1858 nitudo,
2329 1806 2384 1850 ut
2417 1797 2532 1864 ipse
2561 1795 2720 1860 dixit,
2751 1795 3012 1863 temporis
3034 1795 3294 1856 abolevit,
3324 1794 3429 1847 hoc
3470 1792 3668 1846 modo;

423 1907 595 1953 urit,
647 1890 740 1958 4‘2)
793 1907 808 1944 :
866 1899 1171 1942 vestrorum
1204 1901 1333 1954 ergo
1380 1883 1648 1940 sententia
1698 1882 1990 1936 vincimus.

427 1981 604 2035 Vestri
660 1980 1023 2047 promiserunt
1070 1991 1129 2030 se
1173 1975 1478 2030 credituros
1531 1985 1674 2032 esse,
1709 1972 1750 2025 si
1786 1972 1996 2040 praesti-

426 2077 581 2126 tisset
616 2072 740 2133 sibi,
773 2071 916 2138 quod
963 2071 1087 2124 aliis
1142 2078 1408 2137 praestare
1451 2067 1846 2121 consuevisset.
1887 2063 1997 2118 Cur

426 2179 532 2216 non
562 2162 807 2224 creditis,
859 2162 1000 2230 quod
1043 2174 1165 2214 esse
1201 2160 1552 2227 praestantius
1587 2175 1708 2224 non.
1747 2155 1998 2225 negatis?

424 2255 598 2310 Nemo
643 2263 792 2308 certe
849 2252 992 2307 hanc
1047 2233 1235 2306 habuit
1288 2260 1640 2322 petestatem.
1676 2251 1918 2319 Denique
1943 2259 1998 2303 et

429 2348 695 2402 Dominus
747 2347 880 2401 dicit
937 2347 1003 2401 de
1042 2348 1221 2399 anima
1247 2360 1396 2400 sua:
1455 2344 1774 2399 Potestatem
1830 2343 1998 2396 habeo

427 2439 652 2508 ponendi
701 2454 840 2500 eam,
881 2451 927 2492 et
987 2447 1297 2502 potestatem
1349 2437 1512 2490 habeo
1544 2435 1840 2490 resumendi
1879 2449 1997 2488 eam

431 2529 618 2599 (Joan.
657 2546 715 2595 x,
754 2529 860 2601 l8).
892 2527 1140 2583 Reeeuse
1180 2529 1438 2596 superbas
1468 2527 1734 2595 majorum
1785 2537 1996 2582 tuorum

430 2624 722 2691 imagines,
755 2634 809 2676 et
832 2621 1260 2691 patriarcharum
1303 2629 1485 2674 retexe
1520 2620 1767 2680 virtutes,
1801 2626 1856 2671 et
1915 2617 1997 2670 in-

430 2715 556 2766 veni
580 2715 704 2782 quis
763 2711 924 2766 talem
969 2711 1160 2766 habuit
1191 2721 1532 2780 potestatem.
1570 2709 1750 2775 Quare
1808 2724 1915 2762 non
1949 2709 1997 2762 ei

428 2805 676 2868 credam,
710 2803 852 2873 quod
901 2803 1073 2871 possit
1121 2804 1354 2857 liberare
1381 2795 1616 2855 animam
1675 2815 1872 2863 meam,
1907 2799 1998 2868 qui

429 2905 606 2964 potuit
634 2907 687 2951 et
711 2897 906 2950 suam?
932 2894 1092 2949 Plura
1117 2895 1351 2956 dicturo.
1374 2895 1640 2964 suggessit
1669 2891 1997 2947 recordatio.

429 2989 686 3042 volumen
722 3003 992 3053 crescere,
1017 3000 1070 3041 et
1095 2988 1217 3042 ideo
1244 3001 1463 3042 cursum
1501 2986 1662 3054 hujus
1681 2984 1999 3054 quaestionis

427 3097 552 3134 esse
608 3082 966 3134 revocandum
1004 3097 1018 3134 :
1049 3081 1300 3147 quaniam
1326 3081 1500 3132 adhuc
1552 3082 1700 3148 prior
1733 3078 1819 3131 ille
1859 3083 2000 3130 astat

2095 1889 2230 1944 Cum
2259 1889 2452 1942 venerit
2481 1890 2617 1956 quod
2659 1889 2947 1958 perfectum
2991 1897 3068 1942 est
3113 1887 3253 1956 quod
3296 1900 3362 1940 ea:
3392 1895 3541 1954 parte
3568 1893 3668 1948 est,

2097 1985 2396 2036 destruetur
2431 1980 2594 2049 (Ibid.
2625 1980 2709 2048 l0)
2739 1997 2752 2033 :
2811 1980 3038 2041 scilicet,
3071 1993 3194 2032 eum
3236 1979 3290 2032 in
3324 1978 3672 2031 conclusione

2099 2073 2304 2132 nmmli.
2339 2087 2440 2125 nec
2485 2072 2710 2126 scientia
2739 2071 2934 2137 major,
2973 2085 3072 2124 nec
3121 2070 3402 2138 prophetia
3442 2070 3671 2122 ulterius

2097 2168 2169 2222 sit
2196 2149 2510 2233 quaerenda.
2543 2164 2790 2232 Denique
2813 2162 3186 2231 intelligentiae
3203 2161 3366 2216 istius
3390 2163 3670 2224 virtutem,

2100 2268 2157 2310 ut
2217 2257 2461 2321 apertius
2514 2257 2936 2318 demonstraret,
3007 2255 3286 2324 subjunxit
3336 2270 3350 2310 :
3423 2251 3670 2305 Videmus

2098 2364 2236 2402 nunc
2263 2363 2355 2414 per
2383 2345 2648 2413 Speculum
2690 2348 2742 2398 in
2767 2351 3046 2415 a'nigmate
3091 2359 3108 2397 :
3161 2357 3286 2398 tunc
3319 2356 3495 2397 autem
3539 2344 3674 2413 facie

2099 2439 2169 2494 ad
2197 2439 2406 2508 faciem.
2443 2437 2605 2507 (Ibid.
2664 2437 2774 2504 12).
2828 2437 2931 2489 Per
2984 2437 3212 2506 ligurum
3270 2437 3486 2489 interim
3544 2448 3673 2489 sunt

2103 2531 2374 2598 universa,
2397 2540 2448 2585 et
2474 2529 2798 2596 quibusdam
2823 2529 3114 2595 imaginum
3142 2527 3300 2581 lineis
3325 2526 3670 2586 obumbrata,

2103 2636 2159 2678 ut
2189 2625 2474 2678 inﬁrmitas
2509 2623 2690 2676 carnis
2723 2629 2940 2685 nostrae,"
2976 2631 3304 2688 terrenaque
3335 2618 3665 2678 substantia,

2105 2719 2272 2782 magis
2308 2732 2367 2771 se
2403 2715 2469 2770 ad
2533 2714 2896 2782 spiritualium
2938 2712 3234 2766 extendere
3281 2711 3582 2773 veritatem,
3619 2718 3678 2762 ut

2101 2823 2162 2861 ea
2198 2807 2270 2860 illi
2305 2807 2630 2861 desiderium
2697 2804 3124 2871 pulchiitudinis
3175 2817 3285 2855 suae
3361 2805 3522 2856 etiam
3576 2817 3672 2868 per

2103 2900 2378 2969 speculum
2430 2898 2662 2951 tenuiter
2715 2907 2935 2950 ostensa
3017 2895 3223 2948 laceret
3295 2911 3310 2948 :
3360 2908 3674 2962 Qttawaquc

2104 2995 2218 3060 ipsa
2246 3006 2388 3045 esset
2431 2990 2483 3043 in
2519 3006 2613 3042 sua
2648 2989 2948 3043 substantia
2989 3004 3086 3042 nos
3118 2991 3354 3051 doceret,
3395 3004 3518 3042 cum
3567 2999 3673 3040 tam

2106 3081 2444 3136 admirabilis
2467 3081 2625 3134 etiam
2659 3081 2710 3132 in
2747 3081 3080 3148 repercussis
3137 3079 3254 3133 luce
3285 3093 3378 3131 sua
3413 3080 3608 3146 :enigm
3631 3100 3678 3130 ι-

431 3170 484 3222 in
501 3171 704 3239 januis,
720 3171 979 3237 cuiazque
998 3184 1094 3222 sua
1120 3169 1292 3236 spatia
1313 3183 1432 3222 esse
1453 3168 1684 3222 habenis
1704 3166 1999 3220 restrictio-

2109 3178 2249 3232 tibus
2300 3187 2525 3244 apparet
2560 3191 2574 3230 :
2611 3183 2664 3228 et
2723 3173 2845 3228 ideo
2901 3188 3044 3228 nunc
3091 3187 3186 3243 per
3215 3173 3488 3241 speculum
3525 3173 3681 3240 polli-

433 3264 611 3322 rihus.
647 3273 823 3314 tamen
858 3261 1035 3314 adhuc
1075 3261 1277 3314 illibata
1339 3261 1629 3314 debentur.
1653 3257 1720 3311 Et
1745 3273 1868 3311 vere
1895 3273 1998 3310 non

431 3355 652 3406 luerunt
677 3355 993 3406 necessario
1021 3353 1074 3406 in
1102 3355 1201 3406 hac
1226 3363 1378 3420 parte
1404 3351 1566 3404 multa
1593 3351 1844 3410 dicenda,
1871 3365 1934 3402 ne
1951 3357 2006 3402 et

432 3448 524 3498 ille
560 3454 832 3500 cresceret
864 3463 880 3498 :
916 3446 960 3498 si
1002 3453 1182 3497 tamen
1211 3459 1464 3511 magnum
1493 3443 1781 3512 protulisse
1803 3441 2003 3510 aliquid

431 3547 650 3606 putaret
705 3552 786 3600 se,
829 3537 971 3606 quod
1009 3545 1277 3604 quaereret
1303 3537 1504 3604 prolixa
1533 3534 1898 3603 disputatione
1928 3533 2006 3584 vi-

430 3629 662 3684 ctoriam
697 3645 711 3682 :
750 3627 904 3695 cujus
935 3642 1038 3681 n0n
1067 3626 1432 3696 (sapientiam,
1485 3641 1606 3694 quas
1658 3625 1801 3677 nulla
1838 3640 1888 3676 ιιι
1940 3638 2006 3677 eo

431 3731 574 3786 erat,
606 3722 701 3774 sed
750 3720 1081 3788 superbiam,
1130 3733 1249 3787 quae
1293 3719 1623 3783 abundabat,
1663 3717 2002 3785 inlregimns.

510 3811 647 3864 Xlll.
701 3810 1002 3880 Repudiata
1040 3827 1171 3865 vero
1201 3815 1307 3864 isto
1341 3809 1583 3864 Israelita
1623 3826 1640 3868 :
1686 3813 1764 3865 vel
1801 3827 1867 3865 ne
1906 3826 2002 3878 pu-

432 3916 601 3969 gnam
653 3917 712 3958 se
761 3903 964 3957 fecisse
1007 3903 1334 3972 gloriaretur
1382 3903 1856 3974 (quandoquidem
1885 3918 2006 3969 quae

433 3994 676 4048 diximus
707 4000 772 4046 ad
806 3995 1220 4049 instructionem
1253 4005 1562 4049 nostrorqu
1611 3994 1808 4063 potius,
1845 4009 2002 4061 quam

434 4085 506 4138 ad
567 4086 782 4138 illorum
828 4096 1108 4140 certamen
1164 4086 1587 4154 conﬂictunique
1657 4085 2001 4154 protulimus,

436 4180 531 4248 qui
588 4195 688 4232 nec
743 4190 869 4232 tunc
921 4181 1032 4230 vult
1055 4181 1280 4232 credere
1323 4194 1447 4231 eum
1496 4178 1752 4247 vincitur)
1801 4193 1867 4229 ne
1916 4187 2007 4226 aut

436 4283 678 4325 sanctum
721 4271 935 4324 canibus
971 4273 1312 4337 impudenter
1353 4270 1590 4335 dedisse,
1621 4280 1713 4322 aut
1742 4271 2008 4338 margari-

437 4377 522 4420 tas
549 4369 722 4434 porcia
751 4366 1014 4435 sparsisse
1050 4365 1357 4436 judicemur
1411 4364 1628 4435 (Matth.
1657 4380 1749 4427 vti,
1790 4365 1870 4433 6),
1924 4381 2009 4418 rc-

437 4464 756 4510 Vertendum
802 4470 884 4510 est
932 4457 1076 4520 illuc,
1143 4456 1284 4510 unde
1337 4456 1599 4509 adillum
1649 4459 1822 4509 locum
1874 4470 2008 4524 pene

438 4548 686 4614 praecisis
715 4563 965 4602 sensuum
1000 4548 1309 4602 tramitibus
1357 4547 1565 4601 deviavi
1615 4561 1632 4603 :
1675 4559 1726 4600 et
1748 4561 1878 4601 oves
1907 4548 2006 4599 do-

441 4654 565 4693 mus
600 4637 765 4691 Israel
796 4639 1066 4708 diligentis
1091 4637 1494 4692 circumeunda:
1523 4647 1649 4691 sunt
1702 4655 1715 4690 :
1756 4639 2007 4706 quoniam

439 4732 488 4784 si
516 4733 759 4784 Charitas
795 4731 887 4783 Dei
936 4732 987 4783 iu
1041 4731 1197 4783 nobis
1235 4739 1342 4792 est,
1397 4731 1512 4798 quis
1571 4729 1897 4798 inﬁrmatur,
1959 4741 2008 4784 et

437 4839 532 4892 ego
560 4840 664 4878 non
699 4822 984 4890 inﬁrmat?
1013 4821 1132 4891 quis
1176 4820 1602 4882 scandalizatur,
1661 4830 1710 4873 et
1755 4837 1848 4890 ego
1906 4835 2008 4873 non

440 4933 566 4967 mor
598 4912 682 4984 (11
718 4913 844 4970 Cor.
881 4913 1118 4982 xt,-Q9')?
1165 4913 1507 4979 Dorendique
1548 4915 1720 4982 magis
1747 4921 1894 4975 sunt,
1945 4927 2013 4966 ne

443 5021 612 5072 usque
657 5006 724 5057 ad
769 5007 1133 5074 biaspbemias
1169 5004 1484 5072 loquantur,
1517 5003 1559 5055 si
1607 5001 1746 5055 forte
1791 5012 1878 5054 aut
1907 5017 2010 5055 non

440 5099 743 5166 intelligant
793 5098 1142 5167 prophetam.
1189 5095 1454 5162 Quaerunt
1506 5113 1572 5147 an
1615 5095 1797 5148 divina
1843 5095 2011 5148 virtus

439 5189 534 5256 sit,
569 5206 688 5258 quae
718 5206 860 5244 nunc
885 5190 1048 5256 coepit
1092 5189 1145 5241 in
1196 5190 1529 5257 martyribus
1573 5202 1852 5255 apparere.
1907 5187 2013 5239 Cu-

432 5279 528 5348 jus
558 5279 689 5349 legis
721 5279 970 5332 homines
1024 5280 1126 5331 hoc
1157 5277 1478 5346 requirunt?
1514 5275 1712 5344 Nempe
1755 5276 2013 5330 Christia-

442 5384 526 5422 nae
561 5385 580 5424 :
609 5384 730 5438 qua:
770 5370 847 5423 sic
872 5380 955 5423 est
991 5369 1496 5439 prOpIietatiouibus
1527 5368 1811 5432 instructa,
1847 5378 1904 5420 ut
1932 5371 2014 5421 ni-

439 5463 520 5516 hil
551 5472 658 5516 tam
695 5479 912 5526 novum,
949 5472 1052 5515 tam
1082 5464 1422 5530 inopinatum
1454 5461 1656 5514 nostris
1683 5462 2014 5528 temporibus

440 5558 614 5625 possit
644 5559 914 5624 ingruere,
944 5557 1086 5625 quod
1125 5553 1256 5609 ﬁdes
1288 5565 1379 5608 aut
1423 5554 1727 5607 admiretur
1768 5553 2010 5617 electior,

439 5661 536 5702 aut
567 5650 968 5718 blaspheuietur
989 5647 1099 5719 [AL
1130 5644 1787 5716 blaSpbemct]iulirmior.
1813 5643 2008 5698 Omnia

440 5758 613 5811 usque
645 5747 709 5797 ad
741 5739 1045 5807 Dominum,
1069 5744 1342 5812 propheta:
1379 5751 1589 5793 veteres
1623 5739 2010 5807 praedixerunt.

2105 3269 2213 3322 cita
2238 3267 2625 3335 cotispicimns,
2663 3280 2768 3318 non
2805 3275 2983 3318 tamen
3019 3274 3239 3334 propter
3267 3265 3527 3316 virtutum
3565 3277 3680 3316 me~

2107 3359 2208 3412 rita
2246 3357 2585 3427 possidemus
2620 3374 2636 3412 :
2667 3366 2720 3408 et
2753 3369 2971 3410 ostensa
3027 3357 3207 3410 adhuc
3245 3356 3530 3420 miramur,
3574 3370 3679 3408 non

2107 3448 2303 3504 tradita
2355 3458 2622 3503 tenemus.
2669 3446 2818 3500 Tunc
2847 3463 2977 3501 vero
3024 3446 3305 3516 prophetia
3345 3446 3684 3510 scientiaque

2107 3545 2414 3605 cessabunt,
2447 3555 2566 3608 qua
2595 3540 3015 3608 promittebatur
3043 3541 3148 3592 erit
3202 3538 3501 3605 ingressus.
3547 3535 3684 3590 llinc

2106 3633 2268 3686 etiam
2297 3633 2578 3702 prophetia
2602 3647 2816 3700 semper
2837 3633 3004 3686 obscu
3016 3647 3070 3684 ra
3092 3641 3174 3685 est
3199 3672 3214 3696 ,
3237 3633 3377 3698 quod
3394 3632 3500 3684 alio
3541 3638 3682 3682 tein-

2108 3741 2237 3794 pore
2261 3727 2496 3787 canitur,
2524 3724 2626 3779 alio
2657 3725 2924 3779 cernitur.
2955 3725 3109 3789 Quod
3145 3724 3364 3786 dicitur,
3418 3724 3547 3776 dum
3573 3738 3679 3777 non

2109 3817 2339 3881 videtur,
2370 3817 2520 3886 quasi
2551 3833 2656 3870 non
2685 3818 2998 3883 praedictum
3027 3833 3129 3870 non
3151 3817 3416 3870 creditur.
3444 3816 3683 3886 Denique

2111 3909 2276 3962 Isaias
2319 3923 2442 3962 cum
2493 3907 2920 3976 redemptionem
2968 3918 3208 3962 nostram
3265 3918 3415 3961 tanto
3464 3918 3590 3961 ante
3627 3913 3680 3962 in

2115 3997 2346 4065 Virginis
2382 4009 2535 4050 utero
2561 4011 2875 4065 agtioscere,
2929 4012 3158 4066 eamque
3190 3997 3333 4050 velut
3385 3998 3496 4066 jam
3539 4013 3683 4068 pric-

2110 4103 2314 4145 sentem
2373 4091 2569 4160 populo
2609 4093 3026 4154 demonstraret,
3068 4091 3256 4145 dicens
3307 4107 3322 4146 :
3360 4091 3494 4144 Ecce
3544 4093 3685 4160 virgo

2110 4183 2387 4248 concipiet.
2415 4192 2461 4235 et
2494 4183 2660 4249 pariet
2696 4181 2921 4249 Filium,
2955 4193 3007 4236 et
3035 4184 3304 4237 vocabitur
3328 4201 3514 4236 nomen
3566 4185 3682 4252 ejus

2110 4273 2431 4328 Emmanuel
2457 4273 2593 4340 (Isa.
2629 4289 2724 4336 vn,
2762 4274 2851 4344 14)
2885 4296 2897 4329 :
2965 4286 3286 4342 pratsenteau
3346 4287 3396 4328 et
3447 4276 3683 4330 futuram

2113 4365 2408 4418 inlidelimn
2438 4362 2805 4420 lsrai-litarum
2833 4366 3063 4420 turbavit
3101 4376 3333 4419 aetatem.
3360 4363 3495 4419 Nam
3522 4377 3575 4420 et
3607 4367 3682 4420 illi

2041 4487 2085 4541 ο
2115 4467 2326 4510 veteres
2372 4458 2684 4525 prophetam
2728 4473 2920 4523 suum,
2975 4460 3228 4524 quoniam
3286 4473 3390 4510 non
3442 4460 3687 4512 viderent.

2113 4549 2254 4616 quod
2295 4547 2552 4610 ostendit,
2602 4547 2992 4602 interemerunt
3047 4566 3060 4601 :
3107 4558 3163 4602 et
3199 4547 3251 4600 hi
3303 4549 3683 4617 prOphetatum

2111 4639 2216 4694 sibi
2234 4641 2483 4708 quoniam
2504 4640 2838 4709 prophetiam
2865 4655 2966 4692 non
2985 4651 3322 4708 receperunt,
3345 4641 3683 4694 occiderunt.

2111 4728 2267 4793 Quod
2317 4731 2471 4784 nobis
2499 4731 2661 4784 etiam
2702 4739 2756 4782 ut
2783 4745 2887 4782 non
2922 4731 2971 4782 in
3017 4728 3107 4782 Dei
3149 4739 3416 4800 martyres
3445 4733 3684 4794 accidat,

2115 4826 2524 4892 przecarendnnt
2541 4833 2640 4886 est,
2659 4823 2702 4876 si
2727 4837 2820 4876 eos
2837 4838 2974 4891 quos
2994 4823 3141 4890 prior
3160 4839 3291 4875 anas
3317 4826 3558 4876 insecuta
3581 4838 3689 4889 est,

2115 4923 2297 4966 nostra
2333 4913 2696 4982 biaspbemet.
2749 4911 2812 4964 Et
2843 4913 3124 4982 quoniam,
3161 4924 3217 4966 tit
3257 4914 3518 4978 diximus,
3547 4916 3687 4976 quod

2112 5007 2425 5074 praedictum
2484 5005 2680 5068 tut-rat,
2717 5006 2856 5058 venit
2886 5023 2899 5057 :
2930 5015 3211 5058 venturum
3243 5006 3376 5058 nihil
3409 5019 3510 5068 εει,
3545 5004 3690 5072 quod

2115 5109 2220 5147 non
2267 5091 2430 5146 fuerit
2478 5106 2600 5146 ante
2661 5093 3021 5161 pra‘dictum:
3067 5094 3294 5147 Domino
3327 5096 3441 5161 ipso
3481 5095 3563 5146 sic
3608 5094 3694 5144 ιιὶρ

2117 5195 2276 5238 cente
2329 5204 2340 5238 :
2381 5181 2515 5238 Ecce
2549 5186 2779 5251 pra-dixi
2809 5187 2948 5238 vobis
2973 5188 3152 5238 omnia
3187 5184 3374 5252 (Marc.
3413 5200 3536 5248 xui,
3573 5184 3691 5252 2'5).

2116 5275 2416 5330 Videamus
2457 5279 2638 5344 potius
2665 5279 2708 5329 si
2760 5278 2870 5331 haec
2935 5279 3222 5344 aliquando
3252 5291 3516 5342 majorum
3543 5293 3685 5328 auri-

2117 5373 2216 5423 bus
2267 5369 2566 5438 probantur
2629 5368 2829 5430 infusa,
2893 5384 3010 5436 qua:
3080 5367 3237 5420 modo
3287 5369 3492 5422 nostris
3517 5369 3692 5420 Oculs

2119 5457 2372 5532 tan'qnam
2403 5462 2620 5531 impleta
2649 5464 2944 5528 tinguntur.
2967 5460 3260 5514 Videamus
3295 5462 3338 5516 si
3373 5460 3484 5514 ha’c
3513 5464 3694 5514 onmia

2117 5566 2364 5624 operatur
2395 5570 2526 5606 unus
2555 5565 2711 5622 atque
2743 5555 2881 5606 idem
2922 5554 3137 5620 spiritus
3190 5553 3238 5622 (I
3277 5551 3405 5608 Cor.
3439 5569 3540 5620 xit,
3575 5553 3689 5621 ll).

2119 5648 2176 5699 St
2213 5645 2443 5714 denique
2476 5661 2573 5698 nec
2608 5647 2832 5713 angelus
2867 5647 2932 5697 de
2973 5648 3116 5698 ρωιιι
3157 5645 3508 5716 evaizgelizet,
3555 5662 3690 5713 pric-

2123 5750 2368 5808 tcrquatn
2409 5741 2837 5805 cvangetizittum
2891 5747 2970 5792 cst
3016 5741 3213 5795 nobis:
3251 5742 3373 5794 licet
3408 5738 3537 5800 ipsa:
3573 5755 3691 5798 una:
