4056 6200
383 351 457 417 99
1322 332 1385 392 S.
1429 320 1878 388 l-IlERONYMI
1921 315 2244 378 OPERUM
2288 310 2696 374 MANTlSSA.

3539 300 3644 367 1th

383 478 522 530 fiunt
553 474 778 525 virtutes
821 462 1030 518 Domini
1064 473 1156 530 per
1190 457 1496 511 daemonum
1551 453 1824 501 tormenta
1879 453 1960 495 te-
1999 452 2037 502 Α
2072 446 2209 500 tate,
2239 449 2428 488 verum
2471 434 2634 487 etiam
2665 445 2761 500 per
2786 443 2910 498 qua:
2941 427 3006 482 ad
3037 426 3341 482 desiderata
3365 427 3647 495 pervenire

385 560 854 632 stctttur,quando
873 557 1104 611 Satanas
1134 566 1236 604 non
1263 546 1481 616 dejiciat
1509 542 1764 594 Satanam
1793 551 1806 590 :
1835 535 1964 603 quia

385 629 729 714 uniformitas
762 649 1037 719 nequitiae,
1075 642 1304 696 indivisa
1337 635 1657 691 naturaliter
1695 629 1967 684 societate

386 748 640 810 conﬂata,
673 739 1050 800 similitudinis
1083 730 1398 788 accessione
1430 740 1542 778 non
1581 722 1969 775 detrimentum

389 843 477 900 sui
511 809 737 898 metuat,
770 834 863 889 sed
893 830 1076 898 capiat
1104 827 1475 893 augmentum.
1509 814 1640 868 Nam
1673 820 1728 866 et
1773 809 1972 862 multos

389 899 453 994 in
489 933 652 987 unius
682 930 910 984 formam
965 919 1192 988 legionis
1242 910 1528 982 pravitatis
1569 899 1860 994 spiritusi
1884 900 1970 953 Al.

391 993 528 1082 tacet
562 1021 788 1092 spiritus
815 1015 860 1088 ].
906 1023 960 1069 et
1015 1006 1324 1078 iniquitatis
1384 1000 1648 1072 viperina:
1693 993 1973 1049 conlude-

391 1119 532 1174 t‘atio
585 1082 1038 1182 conglobaverat;
1090 1114 1189 1156 nec
1255 1094 1359 1151 sibi
1404 1095 1596 1148 aberat
1657 1082 1970 1181 multitudo,

393 1225 513 1279 qua:
550 1171 719 1261 sicutv
744 1171 1068 1267 acquirebat
1101 1192 1358 1244 miseram
1394 1181 1599 1237 sociata
1650 1171 1973 1277 inﬁrmitate

391 1262 648 1352 virtutem
685 1311 701 1348 :
758 1262 845 1344 ita-
865 1281 1196 1342 formidabat
1249 1279 1532 1330 incurrere
1556 1265 1729 1324 divisa
1765 1262 1970 1334 permi-

390 1393 568 1448 stioue
599 1386 776 1442 inanis
807 1377 1129 1436 substantia
1165 1370 1517 1427 vacuitatem.

465 1482 602 1536 XIV.
647 1477 753 1532 Sed
817 1476 920 1529 bac
983 1479 1136 1539 parte
1207 1463 1427 1518 interitu
1478 1451 1971 1527 argumentationis

391 1576 617 1634 omissa,
665 1573 808 1625 sicut
858 1563 1238 1636 proposuimus
1296 1569 1358 1610 ea
1413 1566 1537 1622 qua:
1593 1549 1648 1602 in
1711 1544 1970 1602 Ecclesi'ts

393 1664 634 1727 Domini,
709 1668 1132 1723 sanctorumque
1206 1645 1538 1703 ccemeteriis
1611 1640 1968 1698 admiramur,

392 1757 668 1814 credenda
705 1766 827 1808 esse
877 1748 1139 1805 divinitus
1176 1742 1317 1804 ﬁeri,
1385 1739 1430 1793 si
1492 1730 1969 1804 prophetata'fue-

394 1858 525 1918 rint,
557 1850 993 1916 comprobemus.
1026 1841 1206 1906 Atque
1238 1836 1292 1889 in
1343 1833 1447 1886 hac
1502 1837 1612 1882 tatu

395 1945 596 2011 cilique
650 1937 902 1996 materia,
937 1947 1035 1986 nec
1093 1931 1160 1983 ab
1214 1927 1396 1994 aliquo
1444 1931 1600 1974 antea
1653 1923 1972 1984 petractata,

397 2037 685 2090 Dominum
725 2027 1013 2084 consulere
1054 2022 1398 2079 deberemus,
1447 2013 1515 2073 si,
1565 2018 1818 2062 cessante
1862 2019 1977 2058 me-

395 2129 524 2190 rito,
555 2119 828 2192 repudiari
863 2131 970 2172 non
1005 2113 1322 2168 timeremus
1357 2119 1469 2174 prie
1505 2099 1736 2154 audacia
1777 2115 1791 2150 :
1834 2109 1976 2164 quo-

399 2187 544 2276 niam
578 2187 698 2286 quae
746 2211 917 2281 ipsius
956 2215 1106 2272 sunt,
1140 2215 1306 2256 nemo
1348 2208 1503 2252 extra
1551 2195 1728 2261 ipsum
1782 2187 1980 2258 poterit

399 2280 694 2380 explicare.
767 2280 982 2356 Etenim
1058 2295 1252 2348 mirum
1330 2287 1474 2342 unde
1552 2280 1770 2336 miseris
1829 2286 1980 2329 tanta

401 2369 596 2458 ﬁditcia
642 2414 659 2454 ;
715 2395 861 2449 unde
909 2399 993 2444 est
1050 2378 1427 2452 interpellandi
1476 2374 1769 2428 Dominum
1823 2369 1982 2421 fami-

400 2496 608 2548 liaritas
664 2500 772 2542 tam
821 2485 1016 2545 amica,
1055 2486 1114 2532 ut
1166 2477 1217 2528 in
1271 2473 1414 2527 hanc
1443 2481 1629 2522 vocent
1688 2466 1982 2519 audeamus

398 2595 687 2652 erumpere
731 2594 745 2632 :
787 2573 1069 2629 Osculetur
1129 2585 1210 2622 me
1243 2562 1424 2620 osculo
1461 2564 1567 2615 oris
1617 2561 1699 2614 sui
1735 2556 1916 2627 (Cant.
1943 2568 1982 2620 t,

403 2679 459 2746 l)
489 2677 514 2731 ἲ
550 2648 680 2740 Quis
745 2677 950 2721 tantum
1021 2659 1270 2725 concepit
1323 2663 1565 2724 optutum
1610 2655 1632 2706 't
1695 2648 1826 2714 Quis
1877 2656 1983 2698 tant

402 2745 629 2840 grandia
647 2771 789 2822 vota.
817 2757 901 2812 sui
921 2755 1220 2810 aestimator
1243 2750 1521 2818 negligens
1543 2745 1842 2811 suspll'atlll.
1880 2757 1892 2792 :
1929 2746 1985 2791 ut

403 2831 578 2932 ipsius
606 2872 668 2912 os
698 2852 949 2909 cominus
978 2845 1334 2913 concupiscat
1363 2835 1666 2908 attingere?
1694 2836 1872 2903 Atque
1902 2831 1984 2885 vel

407 2927 612 3010 tit'nam
633 2963 732 3004 nos
747 2959 930 3002 eorum
952 2942 1201 3011 dignetur
1214 2934 1424 2999 osculo,
1443 2946 1583 3001 quos
1602 2931 1716 2998 ipse
1736 2927 1987 2996 dignatus

404 3057 491 3104 est
505 3043 739 3104 osculari
763 3057 780 3110 ;
807 3039 936 3094 utin
955 3031 1209 3091 secundis
1223 3025 1482 3100 postremi
1508 3024 1762 3090 tertiiqtte
1792 3023 1986 3072 sisten-

407 3155 509 3201 tes,
528 3141 592 3192 de
617 3149 802 3190 eorum
831 3130 986 3184 labiis
1016 3124 1252 3193 aliquam
1284 3135 1348 3173 ex
1374 3129 1529 3185 parte
1563 3111 1847 3167 scientiam
1880 3118 1988 3160 tra-

405 3235 538 3287 here
568 3237 898 3284 mereamur,
930 3220 1021 3288 qui
1061 3225 1226 3270 totam
1277 3209 1552 3277 sapientiae
1591 3201 1982 3271 plenitudinem

407 3326 475 3378 de
519 3316 730 3375 Domini
783 3314 952 3383 ipsius
991 3323 1086 3362 ore
1140 3303 1466 3359 didicerunt.
1522 3297 1841 3362 Quanquam
1881 3288 1984 3343 etsi

409 3405 1088 3482 magnorum_meritorutn
1117 3393 1412 3466 privilegiis
1452 3389 1788 3448 lulciremur,
1813 3383 1985 3448 posita

406 3471 567 3558 erant
593 3503 647 3554 in
680 3471 969 3564 exemplis,
1004 3491 1150 3546 velut
1179 3486 1285 3539 alta
1311 3483 1556 3551 qumdam
1611 3476 1839 3544 repetita
1865 3471 1986 3523 l'un-

408 3599 632 3654 dantitta
664 3587 1004 3647 verecondite
1037 3599 1050 3637 :
1085 3599 1151 3634 tte
1179 3577 1307 3648 quid
1363 3573 1628 3628 indecens
1679 3578 1734 3621 et
1774 3564 1986 3620 inordi-

411 3695 537 3740 nata
574 3676 922 3752 praesumptio
967 3673 1200 3727 levitatis
1257 3665 1506 3721 auderet.
1554 3661 1825 3726 Quidnam
1872 3655 1986 3710 ele-

409 3779 556 3834 ctius
584 3777 743 3831 beato
789 3767 989 3824 Petro?
1017 3767 1146 3837 quid
1191 3764 1260 3816 ad
1286 3775 1438 3831 spem
1469 3759 1730 3819 erectius,
1766 3755 1892 3824 quid
1924 3752 1991 3806 li-

412 3872 599 3926 herius
641 3870 693 3920 in
731 3864 856 3926 lide,
895 3877 1055 3931 quem
1089 3857 1201 3911 oris
1231 3857 1314 3908 sui
1355 3851 1545 3908 osculo
1587 3850 1848 3902 Dominus
1899 3862 1988 3898 os-

412 3962 720 4017 culatarunt
749 3968 872 4010 esse
906 3950 1178 4022 promisit,
1222 3945 1407 3999 dicens
1447 3959 1461 3994 :
1501 3939 1620 3992 Tibi
1666 3939 1798 3991 d..bo
1824 3938 1993 3988 claves

418 4055 563 4123 regni
607 4051 858 4104 cwlorum
912 4041 1104 4096 Matth.
1141 4054 1255 4102 ιιι,
1294 4037 1406 4103 l9).
1464 4031 1530 4085 Et
1574 4031 1700 4084 illud
1749 4046 1761 4081 :
1822 4027 1995 4092 Super

415 4119 556 4198 ta...
583 4154 784 4209 petram
812 4136 1085 4194 a‘diﬁcabo
1121 4131 1415 4186 Ecclesium
1450 4141 1614 4178 meum
1645 4123 1782 4190 (Ibid
1816 4159 1830 4183 ,
1880 4119 1990 4185 ιιι).

418 4237 628 4292 Tamen
664 4233 751 4286 hic
780 4229 1020 4298 pondere
1063 4238 1124 4278 se
1158 4223 1390 4292 quodam
1419 4217 1646 4288 pudoris
1677 4227 1994 4274 incurvans,

425 4329 698 4386 liduciam,
751 4335 914 4391 quain
968 4318 1163 4372 elatior
1215 4315 1532 4367 ltabebatex
1567 4309 1784 4368 merito,
1845 4319 1998 4357 vere~

420 4420 654 4477 cundior
687 4416 757 4469 ad
802 4410 1184 4479 interroganda
1233 4402 1524 4465 submittit,
1567 4415 1690 4454 cum
1747 4399 1801 4452 in
1841 4410 1994 4451 coena

2075 527 2366 594 possimus,
2395 522 2680 577 ostendit?
2713 520 2797 574 Ab
2825 520 2917 573 illo
2959 517 3358 572 absolutionem
3389 517 3648 581 quaestio-

2075 621 2158 673 nis
2181 617 2364 686 hujus,
2395 631 2557 686 quam
2593 615 2706 683 ipse
2731 627 2839 667 non
2862 610 3084 664 erubuit
3113 610 3476 678 interrogare,
3501 623 3650 676 quie-

2075 726 2280 767 ramus.
2306 709 2386 763 Ah
2409 708 2524 772 illo,
2564 708 2810 776 inquam,
2861 703 2952 774 qui
3017 703 3071 755 in
3109 701 3228 772 ipso
3259 699 3474 756 Domini
3523 715 3651 769 pec-

2075 811 2214 868 tore,
2270 800 2420 855 velut
2468 813 2635 868 super
2704 811 2888 852 arcam
2946 794 3071 850 novi
3111 793 3414 862 veterisque
3459 790 3651 846 Testa-

2075 897 2244 950 menti
2275 891 2625 954 recumbens,
2651 903 2758 943 non
2792 887 2954 942 modo
2983 887 3049 940 ad
3086 885 3412 940 vestibulum
3441 886 3652 954 aliquo-

2074 1001 2195 1040 rum
2229 985 2536 1039 divinorum
2566 980 2915 1037 oraculorum
2945 979 3177 1047 diligens
3206 975 3496 1045 inquisitor
3558 991 3654 1032 ac-

2075 1077 2265 1140 cessit,
2295 1075 2388 1130 sed
2431 1075 2608 1143 ipsum
2641 1070 2922 1141 penetrale
2973 1079 3202 1124 secretae
3250 1067 3649 1137 dispositionis,

2075 1179 2334 1238 tanquam
2389 1167 2680 1222 familiaris
2711 1165 2968 1221 sacerdos
3012 1161 3236 1217 intravit
3264 1178 3279 1225 ;
3312 1171 3368 1217 et
3420 1161 3542 1216 ideo
3562 1175 3656 1216 suo

2075 1261 2158 1316 lus
2215 1260 2348 1314 vidit
2377 1259 2429 1313 iu
2481 1259 2747 1328 principio
2795 1258 3062 1320 verbum,
3104 1255 3320 1323 quando
3376 1253 3450 1306 illi
3510 1254 3658 1306 velut

2079 1353 2326 1410 exterior
2363 1353 2702 1404 sacrosancti
2741 1348 2927 1419 templi
2982 1363 3099 1410 ara,
3151 1347 3234 1401 sic
3269 1346 3497 1400 interior
3547 1361 3658 1399 nte—

2078 1447 2258 1499 tienda
2321 1442 2701 1497 committitur.
2736 1442 2854 1510 Ipse
2909 1453 3010 1494 nos
3061 1444 3129 1491 de
3187 1453 3252 1492 eo
3285 1439 3446 1504 libro,
3492 1453 3653 1506 quem

2075 1552 2282 1606 septem
2311 1535 2607 1604 signaculis
2637 1534 2878 1588 clausum
2901 1533 3072 1596 ﬂevit,
3108 1542 3514 1599 reseratumque
3566 1533 3656 1583 lan-

2077 1639 2221 1684 tatus
2253 1639 2356 1694 est,
2397 1644 2502 1680 non
2532 1643 2629 1696 per
2675 1626 2910 1695 aliquem
2961 1624 3417 1693 pseudothyrum,
3445 1623 3537 1676 sed
3561 1637 3659 1690 per

2079 1731 2328 1788 patentes
2358 1721 2554 1786 januas
2591 1720 2645 1769 itt
2695 1731 2854 1770 suum
2906 1728 3095 1784 peetus
3135 1715 3379 1767 veritatis
3415 1714 3655 1766 inducat.

1643 1827 1776 1879 dum
1834 1819 1968 1874 dim-
2003 1821 2041 1874 Β
2141 1808 2256 1863 XV.
2281 1808 2439 1874 Atqui
2466 1807 2704 1871 ne,dum
2743 1807 3072 1870 consulitur,
3111 1806 3490 1867 immorentur,
3523 1817 3658 1871 pra--

2079 1900 2250 1962 venit,
2277 1898 2636 1965 inquirentes.
2665 1898 2830 1950 etiam
2873 1895 3228 1962 praescictttitn
3283 1896 3607 1962 compendio
3635 1909 3653 1947 :

2078 1990 2222 2056 quod
2257 1989 2525 2056 trepidum
2560 1987 2853 2055 aliquando
2911 1987 3118 2040 nostris
3167 1985 3445 2039 mentibus
3503 1984 3659 2038 futu-

2081 2097 2200 2134 rum
2221 2084 2472 2136 cernebat
2493 2079 2781 2133 illuminat.
2835 2080 3204 2133 Redditenim
3255 2079 3400 2133 velut
3425 2094 3661 2146 percun-

2080 2183 2260 2228 ctatus
2291 2188 2552 2240 responsa
2585 2173 2653 2228 de
2684 2173 2925 2226 Patruus.
2964 2173 3040 2224 De
3073 2185 3139 2225 eo
3187 2172 3375 2240 utique
3403 2171 3520 2224 loco
3565 2169 3659 2223 ubi

2083 2266 2340 2319 cmlorum
2383 2274 2591 2318 secreta
2652 2267 2916 2333 praeclusa
2973 2264 3215 2331 (ἐπείη-ἱ..
3277 2278 3386 2316 ιιοη
3453 2265 3660 2315 alienus

2085 2359 2328 2422 intravit,
2359 2367 2410 2410 et
2445 2357 2761 2426 angelorum
2787 2366 3132 2410 sacramenta
3162 2355 3350 2424 pulsus
3383 2357 3452 2409 ab
3484 2357 3659 2410 homi-

2086 2468 2214 2505 num
2245 2452 2660 2505 conversatione
2703 2450 2982 2517 coguovit.
3039 2449 3127 2502 Ait
3181 2449 3365 2503 enim:
3400 2447 3518 2502 Vidi
3563 2450 3658 2501 sub

2085 2561 2183 2598 ara
2221 2543 2311 2597 Dei
2331 2545 2538 2596 animus
2568 2544 2861 2596 occisorum
2893 2553 3183 2611 martyrum
3205 2551 3420 2610 propter
3450 2542 3658 2593 uerbum

2085 2635 2202 2694 Dei,
2237 2648 2284 2686 et
2313 2634 2671 2688 testimonium
2706 2631 2856 2698 Jesn,
2905 2633 3043 2701 quod
3104 2633 3478 2684 habebantmt
3522 2636 3663 2686 data:

2087 2741 2204 2784 sunt
2235 2729 2340 2784 illis
2374 2727 2597 2797 singula:
2626 2728 2798 2790 stulte,
2821 2737 2870 2780 et
2895 2728 3260 2780 clamauerunt
3290 2743 3409 2780 voce
3443 2744 3661 2798 magna,

2087 2823 2318 2875 dicentes
2347 2833 2366 2872 :
2388 2817 2683 2889 Usquequo,
2719 2819 2963 2884 Domine,
2987 2830 3202 2873 sanctus
3245 2831 3295 2873 et
3327 2835 3502 2884 verus,
3561 2836 3664 2873 non

2091 2916 2324 2968 tindicas
2346 2913 2656 2984 sanguinem
2690 2908 3021 2966 nom'um.ab
3053 2914 3114 2967 iis
3141 2913 3232 2981 qui
3287 2915 3339 2966 in
3361 2916 3516 2966 terris
3569 2915 3667 2966 ltu-

2093 3010 2261 3062 bitsut
2288 3009 2400 3062 ἵει
2438 3009 2585 3062 data
2612 3017 2736 3062 sunt
2767 3010 2844 3062 eis
2872 3009 3092 3078 singulae
3132 3009 3282 3064 stola:
3305 3009 3461 3074 albw,
3488 3019 3536 3062 et
3579 3010 3668 3062 di-

2091 3112 2232 3156 ctum
2266 3110 2342 3156 est
2367 3103 2466 3166 eis,
2518 3111 2576 3154 ut
2618 3102 2948 3172 requiescant
2995 3101 3168 3156 adhuc
3213 3118 3378 3172 parvo
3417 3112 3665 3171 tempore,

2091 3202 2255 3249 donec
2283 3195 2610 3264 compleatur
2643 3211 2893 3248 numerus
2927 3210 3294 3249 conservorum
3337 3203 3388 3250 et
3443 3195 3669 3262 fratrum

2093 3305 2295 3353 corum,
2320 3289 2410 3356 qui
2444 3289 2751 3342 occidantur
2783 3297 2966 3355 postea
2993 3289 3228 3355 exemplo
3255 3303 3435 3340 eorum
3469 3287 3667 3357 (Apoc.

2095 3399 2169 3448 vt,
2203 3383 2256 3448 9,
2291 3384 2379 3446 10,
2449 3382 2572 3452 ll).
2601 3383 2642 3434 Ο
2687 3382 3066 3452 Apocalypsim
3130 3395 3254 3436 vere
3297 3381 3558 3445 divinam,
3617 3390 3673 3433 ct

2097 3488 2248 3531 tanto
2275 3477 2537 3546 Apostolo
2565 3475 2757 3529 merito
2783 3477 3143 3530 confessionis
3211 3486 3458 3542 tempore
3517 3482 3672 3542 pate-

2096 3569 2314 3628 factam.
2348 3577 2592 3637 utmagts
2643 3571 2709 3622 ad
2779 3567 3120 3622 tolerantiam
3177 3565 3485 3628 durat-etur,
3548 3579 3670 3617 cunt

2100 3661 2170 3716 illt
2200 3677 2482 3729 passorum
2515 3663 2705 3714 tnerita
2733 3671 3196 3715 tttunstrarentur.
3231 3657 3348 3713 Non
3401 3673 3533 3727 ergo
3581 3671 3670 3710 er-

2100 3765 2327 3808 I'ntttlttttt
2362 3763 2465 3816 est,
2499 3768 2592 3821 per
2616 3752 2740 3806 folia
2766 3753 3109 3822 siltyllarnm,
3163 3765 3392 3817 quarum
3471 3759 3530 3802 ut
3576 3763 3674 3816 pa-

2101 3847 2239 3913 ginae
2267 3845 2490 3898 incertis
2510 3844 2694 3896 mundi
2721 3845 2876 3894 ntalis
2901 3843 3184 3907 spiritibus
3205 3841 3572 3903 luctaltnntur,
3600 3840 3673 3891 ita

2103 3937 2220 3990 loca
2261 3938 2440 3991 ventis
2467 3936 2626 4004 hujus
2669 3938 2813 3989 aeris
2866 3935 3245 3988 turbabantur.
3284 3933 3425 3987 Ecce
3456 3933 3677 3985 eviden-

2105 4029 2310 4082 tissime
2341 4029 2632 4092 Apostolus
2664 4028 2766 4082 ltoc
2793 4028 2933 4095 quod
2994 4028 3248 4089 habebat,
3307 4023 3556 4080 enucleat
3580 4040 3593 4074 :
3621 4036 3676 4076 et

2101 4123 2508 4177 obscurissima:
2537 4120 2824 4190 qumstioni
2850 4122 3030 4173 lumen
3058 4121 3242 4174 infert.
3279 4117 3539 4172 Senserat
3563 4118 3678 4170 haec

2103 4215 2393 4284 aliquando
2411 4215 2657 4280 dicenda,
2682 4228 2806 4281 qua:
2834 4227 2978 4265 nunc
2997 4211 3308 4266 sinisterior
3329 4211 3533 4280 lingua,
3560 4219 3679 4263 tan-

2105 4323 2270 4376 quam
2315 4307 2435 4360 oleo
2467 4305 2685 4359 mollitis
2711 4317 2829 4358 arte
2861 4306 3228 4367 sermonibus,
3253 4305 3306 4358 in
3339 4304 3674 4357 audientium

2104 4410 2158 4454 ct
2185 4416 2343 4455 suum
2363 4399 2636 4468 iaculatur
2658 4401 2958 4452 interitum.
2985 4398 3046 4452 Et
3069 4410 3388 4466 prOpterett:
3418 4395 3578 4460 Vidit,
3599 4398 3680 4448 in.

421 4511 658 4575 Domini,
698 4525 802 4562 ttou
833 4521 926 4576 per
946 4519 1004 4558 se
1036 4502 1156 4572 quis
1181 4497 1468 4552 Dominum
1499 4503 1648 4549 esset
1669 4492 1991 4554 traditurus,
2026 4515 2076 4576 ι)
2107 4497 2244 4566 quit,
2279 4495 2372 4546 διώ
2403 4509 2498 4546 ara
2538 4493 2634 4546 Dei
2665 4495 2874 4546 animas
2919 4493 3207 4544 occisorum
3244 4499 3560 4557 martyrum.
3601 4486 3678 4541 De

421 4605 676 4676 inquirit,
713 4601 1096 4665 humiliterque
1136 4590 1490 4666 pttdibuudus
1539 4587 1783 4644 osculum
1817 4586 1999 4640 Domi-

421 4701 501 4766 ni,
533 4713 627 4752 ore
652 4697 788 4764 petit
817 4693 992 4745 alieno
1029 4704 1045 4742 :
1076 4686 1218 4756 quod
1269 4684 1346 4738 illi
1383 4681 1486 4737 etsi
1533 4681 1671 4747 apud
1711 4679 1998 4732 Dominum

421 4791 623 4846 liducia
647 4794 793 4849 erat,
828 4795 883 4837 ιιι
916 4782 1147 4837 subinde
1194 4779 1360 4832 etiam
1413 4775 1618 4828 homini
1671 4776 1998 4826 inconcesaa

425 4889 829 4956 pricsumeret;
887 4886 945 4929 ut
993 4874 1088 4938 ibi,
1145 4888 1268 4927 euut
1303 4886 1398 4940 per
1439 4869 1611 4924 maria
1658 4867 1997 4934 gradientem

425 4955 713 5031 Dominum
745 4972 907 5023 undet
933 4981 1180 5036 poscere,
1228 4974 1285 5019 ttt
1327 4965 1504 5033 ipsum
1540 4961 1738 5030 pariter
1769 4955 1997 5010 solidata

425 5073 523 5124 sub
567 5063 809 5130 vestigiis
865 5075 1129 5129 aquarum
1186 5068 1335 5126 terga
1395 5062 1752 5116 sustentent;
1792 5046 1999 5114 aliquid

425 5163 527 5217 sibi
555 5157 898 5219 ditiidentior,
935 5155 1026 5208 sed
1069 5151 1373 5205 consultior
1424 5148 1602 5209 nobis,
1650 5145 1848 5213 quibus
1903 5159 1998 5199 suo

427 5264 550 5307 actu
576 5250 871 5306 imitabilcs
905 5247 1108 5300 fortnas
1156 5255 1412 5311 tanquam
1467 5241 1518 5292 in
1572 5238 1794 5306 speculo
1840 5237 2000 5289 collo-

425 5349 604 5401 cabat.
651 5343 706 5396 Si
741 5358 838 5412 per
875 5341 1112 5407 legatum
1155 5333 1552 5404 praescicntiatn
1617 5329 1830 5380 Domini
1870 5344 2001 5381 cau-

427 5451 516 5494 tus
550 5437 824 5505 explorat,
869 5430 1002 5503 quid
1059 5433 1157 5483 hac
1198 5427 1561 5480 lllSll'ucllOIle
1589 5421 1824 5490 dignius,
1869 5421 1999 5489 quid

394 5563 400 5571 ι
427 5534 527 5586 hac
559 5527 880 5583 consulendi
919 5534 1034 5578 arte
1060 5517 1353 5575 subtilius?
1385 5516 1537 5580 Quod
1573 5529 1672 5568 nos
1707 5516 1882 5566 lacere
1909 5515 2002 5564 de—

424 5625 640 5684 bemus,
670 5619 866 5687 quibus
895 5627 1018 5669 cum
1047 5609 1240 5664 liducia
1275 5606 1480 5661 nulltus
1503 5607 1573 5657 sit
1604 5604 1808 5666 nteriti,
1843 5603 2002 5656 debet

423 5728 545 5770 esse
570 5710 762 5766 saltem
793 5708 970 5776 pudor
1017 5699 1253 5769 exempli
1292 5713 1306 5763 ;
1358 5698 1641 5750 imitantes
1687 5693 1768 5748 vel
1797 5693 1849 5746 in
1899 5693 2001 5746 hac

431 5814 587 5868 parte
613 5802 828 5856 beatum
868 5797 1105 5858 l‘ett'utn,
1144 5792 1234 5861 qui
1259 5804 1366 5843 non
1406 5787 1576 5842 solum
1617 5800 1720 5840 (tua
1772 5783 1996 5838 humili-

2107 4588 2210 4639 lide
2253 4586 2409 4639 testis
2465 4583 2643 4637 nullus
2675 4583 2896 4651 atnbigit
2931 4582 3339 4638 :testintouium
3363 4579 3674 4643 ventilctur,

2104 4675 2458 4744 intelligentia
2485 4675 2732 4742 responsi
2757 4682 2930 4736 nutet,
2955 4687 3062 4726 non
3085 4672 3318 4726 dicentis
3353 4670 3674 4724 auctoritas.

2175 4767 2313 4821 XVI.
2351 4769 2428 4822 Ac
2478 4766 2716 4837 primum
2774 4767 2918 4821 istud
2976 4777 3062 4820 est
3111 4764 3676 4823 anitnadvertenzlutn.

2103 4861 2247 4930 quod
2305 4861 2514 4913 animas
2551 4859 2855 4912 OCt‘iSOI‘Uﬂl
2915 4869 3216 4928 martyrum
3255 4858 3545 4925 Apostolus
3597 4869 3678 4909 te-

2103 4964 2278 5006 statur
2315 4967 2372 5008 se
2400 4951 2625 5016 vidisse,
2660 4965 2728 5004 ne
2761 4951 2885 5018 quis
2909 4967 3029 5005 cum
3060 4951 3126 5006 de
3153 4951 3469 5004 muneribus
3493 4953 3681 5018 diSpu—

2105 5059 2219 5101 tare
2236 5048 2585 5116 coeperimus,
2609 5056 2728 5115 post
2749 5045 3206 5102 resurrectionem
3228 5044 3372 5096 dicat
3397 5043 3680 5096 tribuenda

2105 5143 2462 5212 martyribus,
2496 5158 2615 5210 qua:
2657 5141 2832 5195 adhuc
2886 5140 3084 5192 animis
3131 5137 3394 5191 docentur
3435 5136 3677 5188 indulta:

2106 5235 2408 5302 praeterunt
2438 5248 2561 5287 cum
2591 5233 2734 5286 istud
2793 5231 3116 5299 astipuletur
3168 5228 3350 5291 nobis,
3412 5229 3552 5296 quod
3614 5231 3681 5279 de

2107 5339 2257 5379 mora
2313 5325 2501 5394 iudicii
2569 5335 3198 5392 conqueranturzquam
3272 5329 3680 5373 resurrecturus

2108 5419 2313 5487 utique,
2351 5433 2458 5471 non
2488 5417 2576 5484 qui
2597 5417 2710 5484 jam
2741 5414 3062 5480 resurrexit,
3129 5421 3350 5464 accusat
3381 5408 3678 5477 :quouiam

2106 5512 2247 5564 aliud
2300 5519 2384 5563 est
2449 5524 2674 5577 pochre
2723 5517 2776 5560 ut
2825 5519 3032 5570 teneas,
3087 5504 3235 5558 aliud
3295 5504 3408 5570 jam
3469 5511 3674 5552 tenete.

2107 5601 2272 5655 Stolae
2327 5608 2508 5655 autem
2563 5609 2864 5670 martyrum
2924 5599 3203 5654 donantur
3253 5597 3518 5649 exercitui
3573 5610 3586 5652 ;
3630 5605 3686 5646 et

2105 5704 2365 5762 tanquam
2432 5702 2594 5746 tantae
2653 5692 2921 5746 libertatis
2971 5692 3216 5759 ingratus
3253 5729 3267 5754 ,
3326 5703 3520 5757 magna
3568 5701 3679 5740 ca:-

2107 5784 2214 5838 lunt
2249 5787 2427 5853 pulsat
2458 5782 2660 5839 invidia
2693 5783 2760 5838 de
2794 5783 3047 5837 tarditate
3079 5782 3326 5837 vindictae
3357 5779 3512 5848 :quia
3575 5791 3680 5831 non
