4056 6200
349 316 450 382 illi

1199 325 1566 386 EPISTOLA
1613 328 1712 387 VI.
1761 328 1858 387 AD
1901 327 2210 390 AMICUM
2251 329 2646 395 IEGROTUM
2688 329 2771 390 Ιῐ.

3515 331 3622 395 102

344 432 456 488 levr
479 434 722 502 pondere
748 435 1022 492 sermonis
1056 442 1374 508 exprobrat,
1408 426 1644 498 dicendo
1675 444 1926 510 :Quous-
1957 455 2000 506 Α
2102 444 2268 500 XVII.
2312 445 2438 499 Post
2472 446 2664 500 barutu
2715 454 3024 501 sanctarum
3079 444 3381 498 animarum
3425 459 3620 513 quere-

344 538 467 591 (με,
501 521 750 590 Domine,
789 525 897 581 hoc
927 537 1012 582 est
1047 529 1270 586 dicere:
1302 531 1596 600 Quousque
1629 549 1736 587 non
1806 537 1927 589 vin-

343 615 518 679 dicas,
551 631 687 685 quos
710 620 892 673 statim
919 620 1205 676 vindicare
1245 624 1585 681 debuisses?
1627 627 1929 698 Quousque,

343 705 588 772 Domine,
619 710 723 764 hoc
750 721 834 766 est
865 711 1084 769 dicere:
1139 715 1385 784 nunquid
1447 733 1548 773 nos
1595 720 1734 774 ultra
1771 720 1931 776 linem

341 798 533 856 differs
558 802 880 858 saeculorum
908 804 931 858 ?
958 803 1092 860 Nam
1120 810 1230 876 jam
1264 807 1332 862 ad
1367 809 1532 865 liuent
1589 827 1764 881 usque
1805 828 1931 874 per-

339 900 566 946 ventum
607 902 712 958 est,
749 904 806 949 et
861 896 932 952 de
993 911 1177 953 nostra
1238 901 1446 958 ultione
1510 919 1618 957 non
1667 903 1927 974 loqueris.

340 987 500 1049 Quod
532 1002 654 1040 cum
674 987 885 1056 dicunt,
913 992 1234 1048 mirabiliter
1254 995 1596 1066 subjnngunt
1624 1014 1638 1050 :
1667 995 1785 1052 Non
1807 999 1930 1052 vin-

339 1081 496 1135 dicas
524 1085 843 1151 sanguinem
874 1098 1121 1142 nostrum
1161 1091 1229 1144 ab
1260 1091 1348 1160 iis,
1388 1092 1480 1162 qui
1515 1093 1569 1148 in
1625 1095 1791 1148 terris
1839 1095 1928 1147 in-

341 1172 802 1246 liabitaut‘lErgo
834 1194 942 1232 non
975 1195 1281 1251 quousque,
1313 1183 1362 1238 si
1430 1183 1611 1240 adhuc
1659 1185 1734 1238 illi
1778 1199 1928 1238 mor-

342 1263 480 1317 tales
505 1276 798 1320 versantur
825 1270 878 1322 in
909 1271 1094 1339 terris,
1122 1275 1212 1342 qui
1249 1273 1462 1328 Domini
1493 1273 1731 1329 famulos
1761 1275 1928 1340 fuste,

337 1357 546 1427 lapide,
575 1365 797 1429 ungula,
823 1361 1033 1432 ﬂagris,
1074 1365 1319 1434 plumbo,
1355 1367 1522 1429 ferro,
1551 1367 1768 1431 bestiis,
1803 1367 1928 1436 igne

338 1456 472 1501 sunt
500 1451 795 1518 persecuti.
833 1451 1130 1522 Quousque
1157 1456 1304 1510 enim
1340 1455 1633 1526 imputatio
1681 1467 1764 1511 est
1797 1473 1928 1526 pro-

339 1539 558 1595 lixioris
590 1543 791 1607 aetatis,
831 1555 888 1598 ut
917 1555 1014 1599 aut
1047 1561 1358 1616 quousque,
1393 1548 1463 1602 sit
1491 1549 1610 1603 sine
1657 1550 1761 1602 line
1789 1567 1802 1602 :
1832 1549 1926 1602 sed

336 1631 522 1685 adhuc
548 1642 928 1702 persecutores
958 1645 1243 1692 morantur
1265 1639 1316 1692 in
1347 1654 1537 1704 carne,
1572 1648 1664 1694 aut
1701 1641 1780 1693 illi
1816 1641 1924 1694 vita

337 1734 697 1777 excesserunt
727 1742 742 1779 :
771 1729 936 1779 etiam
972 1728 1015 1782 si
1049 1731 1103 1782 in
1131 1731 1294 1784 terris
1320 1730 1593 1796 habitant,
1620 1733 1666 1787 si
1717 1749 1924 1800 quous-

2038 537 2476 606 lam,sequentia
2506 538 2810 590 videmnus.
2872 533 2940 588 Et
2998 532 3140 588 data:
3200 546 3344 599 sunt,
3403 535 3502 602 ait,
3541 536 3624 588 eis.

2035 630 2256 698 singula:
2276 628 2425 681 stone
2454 627 2611 681 alere.
2639 627 2780 693 Quid
2816 628 2919 682 hoc
2945 637 3028 682 est
3053 628 3198 697 quod
3257 627 3455 680 iterum
3525 640 3618 680 ve-

2035 719 2302 774 stiunturl
2341 718 2473 773 Nam
2507 720 2681 789 prius,
2714 729 2772 772 ut
2806 720 3068 788 scriptum
3096 729 3200 782 est,
3233 734 3262 772 a
3305 716 3417 772 Deo
3441 729 3624 773 vestes

2036 823 2164 866 sunt
2191 813 2492 877 consecuti,
2525 823 2578 864 et
2601 828 2743 867 nunc
2770 811 3102 867 indumentis
3122 813 3335 882 gemina
3363 811 3619 867 libertate

2033 903 2323 957 donantur.
2358 901 2488 968 Quae
2525 904 2709 972 utique
2766 905 3086 957 vestimenta
3139 919 3261 958 eum
3313 904 3618 971 spiritualia

2035 994 2164 1057 sint,
2195 1009 2300 1048 non
2331 1009 2624 1064 possnmus
2657 997 2854 1059 vereri,
2889 1011 2957 1050 ne
2987 995 3076 1049 illa
3109 1012 3228 1066 quae
3261 997 3421 1065 prius
3483 998 3615 1049 data

2033 1094 2184 1152 sunt,
2208 1097 2360 1140 extra
2387 1087 2836 1142 videanturznec
2889 1102 3022 1142 sane
3077 1089 3298 1156 querela
3352 1096 3620 1158 generata

2033 1188 2139 1234 est.
2164 1177 2337 1248 igitur
2368 1178 2622 1247 quoniam
2659 1177 2949 1235 diversitas
3014 1181 3262 1250 ipsorum
3317 1191 3372 1236 et
3412 1179 3622 1251 signiti-

2033 1274 2178 1327 catio
2210 1274 2467 1337 vestium,
2498 1288 2605 1326 non
2662 1273 2779 1326 sine
2845 1274 3104 1341 mysterio
3151 1281 3258 1336 est,
3309 1272 3618 1340 intelligere

2033 1367 2296 1421 debemus
2320 1367 2583 1420 donorum
2638 1368 2952 1430 varietates,
2999 1375 3055 1420 et
3096 1367 3471 1435 operationum
3527 1365 3616 1418 di-

2034 1460 2214 1526 vitias,
2257 1460 2515 1529 quoniam
2575 1459 2758 1512 omnia
2829 1457 3207 1512 subministrat
3264 1473 3403 1512 unus
3454 1470 3624 1525 atque

2031 1549 2176 1605 idem
2204 1551 2452 1619 spiritus.
2479 1550 2772 1620 Accipiunt
2810 1566 2939 1621 ergo
2971 1562 3154 1606 vestes
3185 1553 3336 1617 prius
3365 1549 3452 1604 ubi
3517 1565 3623 1619 per

2031 1643 2426 1697 confessionem
2471 1658 2702 1712 corpora
2737 1654 3038 1712 posuerunt
3067 1660 3080 1695 :
3111 1646 3274 1696 credo
3309 1654 3368 1695 nt
3408 1646 3608 1707 vestiti,

2031 1753 2138 1790 non
2177 1737 2306 1790 nudi
2351 1737 2754 1790 invenirentur.
2779 1737 2994 1790 Rursus
3019 1737 3293 1805 accipiunt
3317 1737 3422 1788 alia
3452 1737 3618 1790 vesti-

337 1831 449 1885 que
473 1831 580 1871 non
616 1817 772 1874 fallit.
799 1817 904 1874 Sed
940 1822 1072 1874 nihil
1104 1823 1301 1877 falsum
1353 1823 1630 1892 profertur
1681 1841 1709 1878 a
1773 1827 1925 1879 testi—
1957 1843 2004 1903 Β
2036 1838 2215 1882 menta
2239 1828 2884 1896 postinterpellationem,
2908 1829 3016 1881 imo
3038 1839 3156 1896 post
3180 1830 3617 1882 immutationem

337 1908 445 1961 bus
469 1907 714 1964 veritatis
740 1929 754 1966 :
785 1923 839 1966 et
863 1912 985 1967 ideo
1019 1915 1188 1983 magis
1209 1916 1610 1984 interpretatio,
1642 1933 1754 1971 non
1787 1920 1920 1970 lides

336 2003 633 2067 qumrenda
663 2013 768 2070 est,
833 2020 952 2074 qua!
992 2006 1096 2060 sub
1152 2007 1384 2064 obscura
1450 2010 1761 2065 elocutione
1816 2027 1920 2063 non

337 2093 671 2159 excluditur,
704 2097 798 2150 sed
838 2097 1069 2152 velatur.
1100 2097 1234 2154 Cum
1269 2114 1400 2170 ergo
1463 2103 1650 2155 dicunt
1680 2100 1922 2167 :Quous-

335 2199 468 2254 que,
510 2185 735 2241 Domine
759 2198 984 2243 sanctus
1011 2199 1065 2245 et
1101 2207 1284 2257 verus,
1342 2208 1448 2246 non
1498 2193 1740 2247 vindicas
1792 2209 1923 2247 san-

337 2276 561 2344 guinem
594 2291 840 2331 nosuum
871 2279 1024 2334 abiis
1050 2283 1219 2350 quiin
1244 2285 1404 2338 terris
1439 2285 1781 2348 inhabitant;
1817 2303 1921 2339 non

337 2385 529 2422 eorum
563 2371 872 2424 mortalium
905 2375 1224 2442 sanguinem
1245 2386 1562 2447 mortesque
1581 2378 1920 2442 desiderant,

338 2464 434 2532 qui
477 2464 530 2516 in
562 2478 656 2517 eos
685 2465 987 2531 quondam,
1015 2475 1106 2518 aut
1136 2467 1381 2535 p0pulari
1413 2469 1686 2522 seditione
1737 2473 1924 2523 saevie-

342 2565 493 2617 runt,
527 2562 622 2606 aut
655 2555 1022 2612 tribunalibus
1057 2555 1288 2622 suil‘ulti,
1321 2560 1588 2627 capitales
1611 2562 1919 2616 sententias

337 2647 777 2716 promulgarunt,
810 2648 1067 2716 quoniam
1088 2648 1143 2702 itt
1183 2652 1340 2704 terris
1371 2654 1550 2704 adhuc
1585 2653 1917 2706 inhabitant.

337 2737 424 2791 Ne
457 2740 538 2790 fas
567 2749 648 2791 est
683 2748 740 2792 ut
768 2747 1096 2794 accusentur
1131 2742 1392 2807 defuncti,
1450 2744 1562 2812 qui,
1597 2746 1719 2798 dum
1774 2746 1924 2800 vite~

338 2841 483 2894 ient,
519 2839 647 2884 sunt
680 2831 885 2885 defensi
915 2831 1001 2886 his
1031 2835 1250 2888 verbis:
1278 2833 1361 2888 Ne
1403 2818 1610 2890 statuas
1645 2838 1773 2906 illis,
1819 2837 1925 2891 Do-

338 2925 508 2986 mine,
544 2923 642 2976 hoc
672 2926 1114 2996 peccatum(Act.
1154 2943 1246 2993 ιιι,
1271 2929 1338 2983 59
1366 2933 1416 2998 );
1477 2933 1728 2999 ignorant
1777 2951 1922 2986 enim

336 3020 473 3087 quid
507 3018 734 3072 faciunt.
765 3021 919 3085 Quod
954 3021 999 3073 si
1039 3021 1182 3074 inter
1237 3025 1556 3089 passionum
1627 3035 1920 3093 tormenta,

335 3121 396 3166 et
424 3128 647 3167 amaros
681 3111 872 3168 mortis
903 3114 1140 3180 dolores,
1212 3127 1319 3169 tam
1362 3119 1450 3186 pie
1511 3119 1768 3188 quilibet,
1828 3136 1924 3188 pro

2034 1931 2142 1972 tam
2165 1918 2336 1986 longua
2363 1919 2639 1986 patientia:
2656 1919 3126 1988 sustinentizeque.
3143 1920 3272 1985 Qua:
3292 1920 3478 1987 utique
3497 1936 3618 1973 cum

2030 2011 2334 2078 accipiunt,
2365 2009 2491 2076 quis
2518 2026 2622 2062 non
2658 2009 2932 2080 intelligit,
2956 2019 3012 2063 ut
3037 2025 3176 2064 nova
3198 2010 3320 2065 illos
3344 2020 3512 2074 veste,
3549 2020 3620 2063 ita

2030 2098 2661 2168 virtutepetl’usus,qua
2721 2115 2864 2153 nunc
2917 2100 3155 2154 emicant
3201 2109 3256 2154 et
3309 2100 3618 2170 apparent?

2029 2189 2180 2254 Quod
2212 2191 2256 2242 si
2306 2190 2450 2242 aliud
2493 2189 2884 2258 postulassent,
2919 2191 3070 2244 aliud
3108 2192 3474 2259 accepissent,
3514 2201 3611 2245 aut

2029 2281 2170 2334 dona
2210 2292 2552 2348 respuerent,
2582 2293 2673 2335 aut
2717 2283 2950 2343 amplius
2988 2293 3299 2353 quaererent
3337 2284 3504 2338 irrisi.
3539 2284 3612 2338 At

2031 2389 2150 2428 cum
2179 2389 2278 2428 nec
2303 2374 2536 2428 irridere
2558 2377 2700 2440 illos,
2729 2377 2824 2430 Dei
2846 2379 2937 2441 sit,
2971 2377 3166 2444 quibus
3197 2394 3388 2446 magna
3415 2379 3616 2448 pruini-

2032 2467 2101 2518 sit
2126 2475 2213 2516 :ct
2237 2464 2285 2517 hi
2317 2473 2439 2531 post
2460 2466 2760 2518 secundam
2793 2466 3222 2522 muniﬁcentiam
3245 2483 3352 2522 non
3386 2484 3622 2537 queran-

2031 2563 2138 2620 tur,
2163 2556 2547 2610 dubitamusue
2562 2558 2626 2610 ad
2652 2558 2880 2612 consula
2906 2559 3104 2613 tionem
3131 2560 3473 2628 querelarum
3497 2576 3616 2613 eam

2029 2648 2264 2716 speciem
2316 2650 2607 2716 pertinere,
2682 2663 2802 2718 qua:
2851 2649 3152 2704 \indictam
3210 2652 3620 2721 postulantibus

2030 2740 2471 2794 estdonataiAt
2509 2744 2554 2796 si
2615 2742 2682 2796 ad
2739 2742 3196 2808 consolationem,
3258 2757 3378 2814 qua:
3439 2744 3618 2812 major

2029 2833 2333 2888 consolatio
2362 2835 2565 2904 poterit
2596 2834 2834 2889 inveniri
2863 2836 2965 2888 hac
2990 2844 3261 2904 potestate
3319 2852 3440 2905 qua:
3503 2843 3618 2890 da:-

2033 2943 2245 2993 moues,
2274 2926 2328 2982 id
2355 2938 2462 2990 est,
2501 2943 2630 2981 suos
2685 2939 3089 2996 persequuntur
3159 2929 3410 2983 inimicos
3435 2927 3458 2979 ?
3482 2927 3618 2981 Nam

2019 3020 2076 3074 ‘si
2104 3018 2274 3074 stolas
2305 3020 2438 3074 istas
2468 3022 2534 3073 ad
2564 3021 2802 3088 speciem
2831 3031 3144 3073 nostrarum
3181 3022 3414 3074 restium
3473 3036 3610 3074 cou-

2032 3115 2271 3167 lerannts
2303 3127 2317 3166 :
2347 3114 2480 3167 alias
2505 3127 2722 3182 quoque
2745 3112 2977 3181 aliquas,
3010 3127 3078 3166 ne
3106 3113 3157 3166 in
3202 3114 3286 3166 his
3343 3128 3618 3181 reponen-

337 3209 582 3274 llljuslis,
615 3223 710 3274 pro
739 3207 938 3274 impiis,
963 3223 1063 3276 pro
1087 3211 1356 3273 cruentis,
1399 3226 1500 3280 pro
1526 3211 1915 3279 biuspitettlau-
1951 3196 1997 3254 C
2031 3205 2114 3256 dis
2143 3216 2355 3272 egeant,
2391 3193 2768 3272 inquii-armis.
2812 3204 2920 3258 Sed
2979 3204 3084 3259 hoc
3151 3204 3444 3258 ridiculum
3505 3217 3612 3271 cSt,

335 3301 490 3354 tibus
527 3298 900 3367 supplicarunt
929 3299 1012 3354 :si
1043 3314 1110 3354 eo
1171 3301 1412 3370 denique
1481 3313 1746 3370 tempore,
1819 3317 1926 3370 quo

337 3392 462 3460 ipse
482 3391 859 3460 angustiarum
887 3407 1086 3446 sensus
1119 3402 1364 3445 extrrma
1399 3395 1720 3462 patientium
1775 3407 1927 3464 pote-

339 3495 426 3536 rat
457 3487 698 3538 excitare
722 3485 788 3536 ad
819 3483 1189 3549 maledictum,
1236 3495 1475 3554 preCatio
1542 3501 1640 3553 pro
1705 3486 1926 3540 homine

337 3583 458 3630 lusa
493 3588 576 3630 est
599 3593 613 3628 :
638 3577 763 3645 quis
787 3591 896 3630 non
930 3577 1205 3648 intelligit,
1243 3593 1344 3631 non
1367 3591 1578 3633 mentes
1603 3594 1924 3651 martyrum,

337 3672 436 3723 sed
465 3681 882 3736 persecuturum
913 3687 1172 3740 personas
1199 3675 1366 3727 fuisse
1399 3685 1636 3738 notatas,
1724 3691 1927 3744 eosque

336 3763 544 3832 appeti,
572 3777 712 3832 quos
749 3763 803 3817 in
835 3764 995 3816 terris
1013 3765 1194 3818 adhuc
1227 3766 1541 3820 inhabitare
1584 3768 1920 3821 credendum

338 3869 428 3912 est
461 3858 552 3912 illo
581 3868 845 3926 tempore,
880 3873 1019 3926 quos
1051 3857 1268 3927 quidem
1303 3861 1613 3928 ignorantia
1668 3877 1775 3914 non
1833 3863 1926 3915 de-

341 3947 519 4001 fendit
551 3963 567 4002 ;
602 3965 705 4000 non
739 3965 832 4002 eos
863 3948 956 4018 qui
986 3951 1039 4001 in
1073 3951 1494 4006 terrishabilare
1522 3953 1634 4023 jam
1665 3970 1758 4022 per
1789 3972 1923 4008 cou-

339 4042 607 4092 ditiouem
650 4043 910 4096 naturalis
948 4044 1268 4097 substantiae
1323 4045 1623 4109 desierunt,
1678 4058 1732 4100 et
1791 4047 1920 4101 olim

341 4133 410 4184 ab
435 4132 569 4200 ipsis
607 4137 932 4202 martyribus
955 4136 1056 4188 sub
1077 4134 1422 4204 ignoratioae
1481 4139 1924 4192 suntexcusati?

340 4227 446 4288 Qui
489 4227 578 4279 isti
619 4237 766 4289 sunt,
799 4245 902 4280 non
945 4227 1276 4297 ignoramus.
1303 4228 1626 4299 Spirituales
1651 4231 1772 4285 sine
1825 4239 1926 4284 duo

342 4315 439 4368 bio
469 4317 718 4384 nequitiae
747 4325 798 4370 et
859 4317 1207 4371 tenebrarum
1251 4328 1567 4388 potestates,
1618 4336 1736 4389 quae
1766 4331 1821 4374 et
1870 4322 1922 4374 in

341 4419 512 4461 terris
543 4409 716 4462 adhuc
749 4408 1079 4475 inhabitant,
1109 4421 1163 4464 et
1188 4427 1297 4464 non
1349 4427 1471 4466 cum
1531 4414 1838 4484 ignorantia
1869 4415 1922 4470 iu

2033 3302 2176 3364 quod
2206 3297 2395 3349 statim
2430 3299 2688 3359 occurrit,
2719 3299 2848 3365 quia
2877 3313 2903 3350 a
2936 3314 3061 3351 vera
3087 3307 3141 3351 et
3185 3303 3491 3353 necessaria
3523 3299 3611 3352 iii-

2036 3392 2430 3454 terprctatione
2461 3389 2718 3442 discedit.
2752 3388 2826 3443 De
2865 3388 3120 3444 vindictae
3163 3407 3313 3444 mora
3352 3405 3612 3462 generata

2030 3491 2114 3533 est
2143 3480 2386 3548 querela.
2438 3481 2494 3532 lu
2545 3480 2708 3533 linem
2766 3480 2955 3548 utique
3011 3492 3334 3550 temporum,
3394 3483 3443 3535 id
3504 3495 3612 3547 est,

2031 3585 2338 3626 nostrorum
2369 3573 2456 3627 :iu
2480 3573 2737 3639 nosenim
2759 3572 2916 3636 ﬁnes,
2937 3575 3254 3628 saeculorum
3276 3578 3618 3630 devenerunt.

2031 3675 2088 3716 ut
2119 3679 2268 3716 mora
2299 3667 2578 3728 credatur,
2613 3663 2677 3715 ad
2706 3664 2843 3716 hanc
2873 3663 3190 3718 diluendam
3225 3665 3381 3719 stolis
3416 3669 3611 3720 anima:

2029 3756 2360 3820 vestiuntur,
2393 3771 2459 3810 ne
2509 3756 2733 3810 omnino
2781 3759 2942 3808 nudae
2991 3757 3109 3811 sine
3176 3759 3366 3826 majOi-i
3434 3771 3615 3826 prote-

2029 3853 2207 3902 ctioue
2242 3859 2586 3917 putarentur.
2643 3847 2764 3900 Alia
2803 3848 2947 3901 enim
3000 3850 3137 3902 ratio
3195 3851 3498 3903 animarum
3526 3861 3614 3905 est

2029 3956 2257 4012 corpore
2289 3942 2777 4010 :ex5poliatarum,
2836 3943 2937 3994 aha
2979 3942 3259 3996 hominum
3310 3946 3490 3996 adhuc
3551 3945 3608 3996 iu

2028 4049 2196 4090 carne
2216 4037 2534 4088 viventium.
2571 4033 2738 4088 Nobis
2775 4037 2958 4087 ovium
2990 4034 3190 4088 vellera
3247 4044 3304 4087 et
3360 4038 3611 4105 operatio

2031 4127 2278 4181 mulieris
2311 4125 2625 4179 indumenta
2657 4135 2996 4194 procurant,
3027 4126 3134 4179 illis
3161 4127 3367 4180 faciunt
3417 4131 3610 4182 merita

2029 4220 2431 4274 vestimentum.
2463 4218 2595 4270 Cum
2637 4232 2766 4288 ergo
2797 4230 2917 4287 post
2963 4219 3238 4288 querelam
3286 4233 3610 4290 martyrum,

2028 4311 2223 4364 animae
2243 4309 2396 4364 stolis
2415 4309 2768 4379 amiciuntur,
2799 4311 2984 4365 divina
3019 4314 3358 4382 protectione
3403 4318 3612 4367 donari.

2031 4414 2140 4468 tur,
2181 4416 2286 4470 qua
2313 4416 2371 4457 se
2400 4402 2754 4470 supervestiri
2799 4404 2962 4456 etiam
3027 4404 3114 4456 ille
3163 4419 3258 4457 vas
3323 4404 3612 4460 electionis

343 4501 446 4558 Dei
475 4500 704 4557 [amulos
755 4513 1140 4571 peccaverunt.
1166 4502 1299 4556 Nam
1344 4521 1465 4559 cum
1537 4509 1637 4577 ipsi
1696 4510 1922 4566 υυηιίηο
1956 4534 2001 4590 D
2033 4497 2286 4566 Optabat:
2311 4511 2472 4564 quam
2512 4504 2718 4549 vestem
2753 4495 2924 4548 Adam
2956 4511 3079 4548 cum
3118 4496 3411 4562 amisisset,
3444 4501 3608 4551 etiam

343 4592 796 4658 dixerintzﬂnid
853 4596 1040 4650 antisti
1091 4607 1213 4650 ante
1263 4606 1468 4666 tempus
1527 4613 1766 4669 torquere
1833 4619 1926 4655 nos

350 4683 580 4754 (Matth.
618 4677 742 4754 τηις
769 4687 913 4759 29η
959 4694 1230 4760 quomodo
1271 4693 1390 4762 ejus
1432 4697 1663 4748 lautulus
1716 4697 1927 4748 nescieo

353 4790 506 4842 runt,
535 4794 671 4848 quos
707 4793 803 4833 nec
838 4783 1108 4849 persecuti
1162 4793 1364 4849 essent,
1416 4786 1459 4839 si
1512 4786 1630 4854 ejus
1693 4786 1926 4840 faiiiulos

351 4875 696 4941 iguorassent
731 4869 924 4941 ?Ergo
955 4889 1076 4928 cum
1139 4875 1413 4941 persecuti
1469 4890 1622 4941 sunt,
1684 4876 1928 4930 scierunt

352 4981 492 5032 quos
523 4979 618 5034 per
648 4976 916 5018 tormenta
954 4983 980 5018 a
1015 4967 1242 5020 Domino
1275 4978 1374 5022 suo
1423 4967 1711 5024 detrahere
1764 4985 1928 5023 cuna.

356 5058 577 5110 bantur.
617 5057 840 5112 Aciude
873 5075 996 5112 cum
1039 5062 1176 5114 beati
1243 5073 1512 5130 martyres
1548 5079 1644 5130 pro
1695 5061 1930 5115 homini-

354 5153 457 5201 bus
492 5147 848 5211 intercedunt,
879 5163 1081 5217 eosque
1113 5153 1427 5220 ignorantia:
1461 5153 1809 5205 excusatione
1839 5151 1932 5203 de-

355 5242 586 5295 fendunt
617 5242 904 5310 :sequitur
924 5254 977 5294 ut
1002 5244 1237 5298 scientes
1261 5255 1546 5298 teneantur
1572 5244 1626 5297 in
1678 5245 1929 5308 crimine,

352 5334 559 5403 quique
600 5338 748 5404 ipsas
780 5337 1098 5403 ignorantia:
1129 5338 1382 5393 tenebras
1409 5339 1725 5392 hominibus
1752 5339 1930 5392 sull'u-

354 5434 574 5494 derunt,
600 5445 834 5497 quorum
867 5428 1019 5483 furor
1047 5429 1213 5484 etiam
1243 5431 1545 5498 impietates
1577 5441 1804 5487 excusat
1836 5434 1932 5484 hu-

356 5537 548 5574 manas
586 5537 601 5575 :
630 5537 767 5589 quos
794 5537 899 5574 non
931 5524 1066 5576 alios
1090 5523 1273 5576 dicere
1307 5525 1624 5591 poterimus,
1653 5541 1814 5592 quam
1842 5523 1933 5592 qui

355 5613 521 5666 etiam
546 5613 657 5665 suis
692 5627 799 5665 non
832 5612 991 5664 amici
1026 5624 1174 5675 sunt,
1199 5613 1326 5666 dum
1358 5616 1438 5666 eis
1472 5628 1576 5667 non
1614 5613 1936 5682 permittunt

355 5718 482 5758 esse
500 5703 642 5772 quod
663 5706 860 5756 bonum
880 5713 962 5757 est
990 5719 1005 5767 ;
1028 5704 1189 5757 etiam
1212 5702 1302 5758 Dei
1325 5702 1543 5760 famulis
1559 5705 1761 5758 inimici
1789 5717 1936 5770 sunt,

353 5800 485 5851 dum
513 5812 609 5852 eos
641 5803 782 5868 quod
817 5799 1014 5852 b0uum
1050 5799 1319 5864 nesciunt,
1371 5810 1793 5868 persequuntur.

2032 4591 2084 4642 in
2115 4589 2365 4659 paradiso
2392 4588 2570 4642 nudus
2618 4588 2875 4641 inventus
2931 4599 3035 4641 est.
3092 4585 3340 4657 Denique
3407 4591 3615 4644 iudicat

2030 4681 2275 4748 Operatio
2295 4680 2420 4749 quid
2448 4680 2618 4734 stolas
2641 4679 2950 4748 intelligere
2974 4680 3287 4734 debeamus.
3316 4682 3371 4734 Si
3423 4694 3610 4750 postu-

2033 4773 2176 4826 lasse
2205 4774 2501 4827 vindictam
2533 4781 2804 4841 martyres
2859 4772 3132 4826 credimus
3167 4790 3182 4828 :
3217 4787 3346 4842 ergo
3368 4777 3434 4828 ad
3482 4793 3606 4830 con.-

2033 4867 2350 4921 solationent
2411 4867 2689 4919 credimus
2756 4865 2973 4920 interim
3035 4865 3241 4937 aliquid
3307 4871 3606 4936 accepisse.

2033 4960 2088 5013 Si
2128 4970 2344 5028 propter
2374 4959 2564 5025 stolas,
2595 4958 2742 5012 velut
2764 4959 3029 5028 quasdam
3083 4961 3313 5016 vestium
3369 4965 3610 5033 largitio-

2035 5065 2154 5114 nes,
2184 5049 2405 5118 querela
2431 5052 2615 5103 sedata
2645 5061 2728 5103 est
2750 5064 2765 5107 ;
2789 5066 2887 5103 cur
2915 5066 3022 5104 non
3041 5054 3153 5105 ha-c
3185 5066 3238 5106 ct
3265 5055 3435 5122 prima
3464 5057 3606 5107 dona

2033 5143 2526 5198 meruerunt?Sed
2566 5146 2846 5212 quoniam,
2877 5155 2934 5199 ut
3003 5145 3136 5212 dixi,
3197 5149 3456 5200 virtutum
3511 5164 3608 5200 va-

2035 5237 2273 5302 rietates,
2308 5240 2505 5306 quibus
2535 5239 2800 5291 divinitus
2835 5239 3098 5306 praeclare.
3131 5241 3326 5293 animae
3357 5239 3610 5293 muniun-

2037 5340 2145 5396 tur,
2178 5331 2228 5382 iu
2253 5330 2406 5383 stolis
2441 5339 2568 5383 sunt
2593 5332 2928 5400 designatae:
2972 5334 3094 5385 ideo
3134 5340 3261 5399 post
3312 5336 3607 5386 secundam

2036 5423 2515 5492 magniﬁcentiam,
2543 5423 2698 5492 juxta
2729 5424 3116 5493 postulatioiiis
3148 5424 3398 5489 formam,
3435 5426 3488 5479 in
3514 5445 3611 5481 eos

2037 5525 2437 5585 persecutores,
2457 5518 2547 5584 qui
2585 5518 2635 5569 in
2698 5518 2860 5570 terris
2922 5516 3248 5570 inhabitant.
3301 5519 3430 5588 quid
3479 5537 3608 5574 con.

2037 5609 2210 5662 secuti
2266 5608 2576 5672 videantur,
2633 5610 2951 5672 ostendunt,
3000 5609 3132 5679 quid
3193 5610 3372 5666 adhuc
3443 5613 3610 5668 etiam

2041 5705 2276 5758 habituri
2311 5708 2650 5759 eruntzdum
2703 5703 2817 5772 pari
2877 5705 3258 5771 persecutione
3312 5720 3612 5761 conservos

2042 5815 2250 5864 eorum,
2291 5797 2465 5851 donec
2518 5796 2934 5867 praedeStinatus
2971 5801 3187 5856 testium
3210 5816 3392 5855 numer
3410 5815 3471 5855 us
3509 5802 3613 5858 ιω-
