4054 6206
431 252 537 317 103

1371 251 1428 311 S.
1479 247 1923 309 IIIERONYMI
1966 248 2288 316 OPERUM
2333 255 2738 317 MANTlSSA.

3583 252 3688 317 105

427 375 664 445 pleatur,
691 370 966 428 occident.
994 369 1095 426 llic
1125 379 1177 425 et
1213 366 1355 424 istud
1385 383 1490 421 non
1515 369 1688 420 otiose
1729 377 1814 422 est
1864 367 2011 422 acci-
2040 388 2086 440 Α
2119 371 2266 437 ipsos
2311 387 2448 440 pene
2508 372 2774 426 invidiosa
2838 369 3212 439 indignatione
3264 371 3573 441 insurgunt,
3637 380 3695 426 et.

426 465 708 532 piendum,
739 466 879 532 quod
925 465 1066 516 inter
1089 465 1194 515 duo
1230 459 1678 529 persecutionum
1739 468 2004 526 tempora,

425 554 543 609 lucc
587 566 882 626 martyrum
916 570 1018 609 vox
1053 553 1357 623 praecessit,
1436 560 1494 602 ut
1537 550 1823 618 designent
1853 549 2005 619 .illos

426 644 827 713 blasphemare,
860 645 950 714 qui
983 659 1076 698 eos
1105 652 1290 696 nostro
1319 651 1560 707 tempore
1620 641 1744 693 novi
1798 641 2005 709 aliquid

426 747 747 792 consecutos
781 737 948 791 fuisse
1014 738 1304 790 mirantur.
1365 730 1501 786 Nam
1559 743 1613 786 et
1661 747 1781 786 cum
1840 732 2010 788 fuisse

427 831 677 882 crudeles
705 829 1108 895 persecutiones
1136 828 1438 887 videamus,
1465 835 1520 878 et
1569 834 1830 879 venturas
1884 841 2007 880 cre-

429 922 620 972 damus
658 919 918 982 medium,
949 934 1080 987 ergo
1126 918 1270 972 istud
1304 928 1516 984 tempus
1570 931 1677 984 quo
1737 927 2008 988 martyres
2051 935 2054 938 ’

428 1013 518 1079 qui
551 1021 944 1077 praecesserunt
977 1019 1418 1071 remunerantur,
1451 1011 1553 1062 hoc
1613 1018 1864 1062 nostrum
1903 1021 2006 1064 est.

430 1105 499 1158 Et
539 1105 658 1157 ideo
696 1117 840 1155 nunc
863 1113 1184 1172 operantur,
1225 1117 1332 1154 non
1367 1101 1433 1154 de
1465 1099 1664 1154 merito
1693 1099 1837 1167 quod
1869 1097 2034 1155 seu)?

429 1215 523 1270 per
548 1201 873 1258 habuerunt,
895 1193 992 1248 sed
1015 1197 1079 1248 de
1125 1193 1328 1247 virtute
1389 1206 1550 1260 quam
1599 1207 1772 1260 nuper
1825 1191 2008 1262 adepti

429 1300 574 1344 sunt.

501 1380 697 1435 XVIII.
734 1379 986 1433 Forsitan
1014 1387 1228 1430 moveat
1256 1375 1519 1442 aliquem,
1547 1375 1678 1445 quid
1727 1376 1798 1429 sit
1859 1377 2006 1444 quod

430 1482 746 1542 exspectare
772 1467 1086 1539 jn‘bcantnr.
1117 1469 1161 1521 si
1191 1467 1300 1536 jam
1320 1467 1387 1520 ad
1429 1469 1796 1521 maturitatem
1831 1483 2005 1537 postue

425 1565 694 1635 judicium
726 1563 1065 1616 danuonibus
1101 1561 1320 1614 illatura
1349 1562 1525 1615 virtus
1551 1563 1790 1629 erupuit,
1828 1576 2010 1614 resurc

435 1659 732 1711 rectionem
767 1667 825 1708 ut
885 1655 1219 1716 sustineant,
1284 1654 1669 1713 admonentur,
1735 1651 2006 1706 Caeterum

2112 465 2370 518 sustineri
2398 464 2517 519 illos
2544 474 2698 518 tanto
2718 463 3036 518 saeculorum
3063 462 3239 530 spatio
3259 470 3692 532 eouquernntur,

2113 565 2167 608 et
2197 569 2294 608 nos
2321 555 2572 625 ﬁngimus
2607 570 2704 610 nos
2731 555 2916 608 mirari
2941 553 3068 622 quid
3093 554 3239 608 ismd
3274 554 3368 618 sit,
3397 553 3552 621 quasi
3583 567 3687 605 non

2113 645 2346 699 debeant
2375 646 2458 700 vel
2481 656 2671 702 nostro
2697 657 2937 715 tempore
2966 645 3202 710 solvere,
3234 645 3376 714 quod
3403 645 3472 699 ab
3516 645 3689 699 Adam

2114 747 2392 790 merentur
2414 737 2436 791 ?
2457 735 2611 803 Quod
2642 746 2824 792 autem
2859 735 3000 792 istud
3040 738 3366 790 miraculum
3394 736 3689 792 Mediolani

2113 827 2331 882 videtur
2350 830 2582 898 primum
2611 841 2889 895 exortum,
2924 829 3012 883 vel
3064 831 3204 883 bou’o
3227 828 3516 883 Ambrosio
3563 843 3692 897 pro-

2114 920 2233 988 prie
2255 936 2366 990 prae
2401 923 2612 976 caeteris
2639 921 2807 976 fuisse
2838 937 3183 983 concessum,
3211 922 3334 990 quis
3381 936 3488 974 non
3544 921 3692 974 videt

2115 1011 2275 1066 ﬁdem
2305 1026 2544 1068 nostram
2576 1026 2797 1085 prepter
2817 1016 3146 1069 Arianorum
3179 1015 3460 1082 perfidiam
3493 1013 3693 1066 divinis

2117 1107 2445 1160 ιοειίιηοιιίἱδ
2501 1107 3166 1178 approbatam?Namque
3223 1122 3346 1160 eum
3418 1108 3469 1159 in
3534 1105 3691 1159 Italia

2113 1197 2382 1252 catholica
2409 1198 2542 1253 ﬁdes
2559 1199 2953 1253 intolerabilem
2991 1198 3331 1267 tyrannidem
3353 1197 3454 1251 sub
3477 1199 3693 1260 Auxen-

2115 1289 2189 1342 tio
2217 1291 2584 1356 sustinuisset,
2623 1293 2864 1354 tandem,
2901 1293 3135 1344 donante
3181 1288 3412 1343 Domino
3471 1289 3692 1343 liberta-

2048 1446 2053 1450 .
2117 1389 2222 1436 tem
2257 1392 2592 1444 veterem,et
2617 1384 2727 1452 jam
2758 1398 2822 1438 eo
2847 1394 3092 1452 tempore
3130 1395 3238 1450 quo
3272 1382 3532 1449 praedicto
3564 1381 3692 1434 Am-

2114 1472 2328 1526 brosius
2359 1475 2684 1529 substitutus
2725 1485 2828 1538 est,
2857 1473 3144 1543 respiravit
3180 1491 3193 1526 :
3230 1473 3358 1528 huic
3382 1484 3558 1527 tamen
3585 1474 3690 1542 ipsi

2117 1565 2168 1617 in
2209 1564 2650 1618 adversariorum
2702 1565 3080 1620 confusionem
3126 1576 3180 1619 et
3241 1575 3485 1618 nostram
3539 1579 3690 1632 spem

2115 1654 2342 1720 scilicet,
2372 1656 2551 1709 omnis
2575 1656 2878 1712 cmlestium
2900 1657 3094 1725 gloria,
3118 1671 3309 1711 omnes
3347 1657 3511 1710 etiam
3545 1671 3693 1708 mar-

432 1748 549 1802 ha:c
578 1748 685 1800 illis
724 1745 916 1818 gloria,
946 1745 1075 1799 etin
1105 1745 1270 1799 David
1291 1744 1626 1798 carminibus
1657 1743 1835 1798 fuerat
1883 1760 2008 1814 pro-
2040 1731 2086 1793 Β
2120 1752 2264 1812 tyt'es
2289 1759 2632 1808 consensere,
2668 1747 2780 1814 qui,
2849 1760 2970 1800 cum
3011 1745 3336 1816 jampridem
3394 1747 3691 1814 apparendi

434 1843 600 1896 tuissa
661 1842 744 1893 his
786 1838 971 1893 verbis
1015 1837 1410 1892 :Lwtabuntur
1471 1839 1524 1890 in
1581 1838 1840 1890 cubilibus
1897 1838 2009 1890 suis

437 1933 629 2001 (Psal.
661 1949 844 1996 cxux,
867 1932 960 2000 5).
1008 1933 1141 1984 Dum
1169 1930 1368 1998 sepulti
1424 1939 1574 1995 sunt,
1637 1930 1823 2000 utique
1862 1931 2013 1985 laeta-

436 2024 660 2077 buntur.
692 2023 900 2077 Cubilia
930 2022 1113 2090 posuit
1143 2036 1240 2084 pro
1273 2019 1561 2089 sepulcris,
1596 2021 1663 2076 de
1715 2021 1913 2090 quibus
1959 2031 2014 2075 et

437 2114 797 2168 resurrecturi
827 2123 979 2176 sunt,
1010 2127 1131 2164 cum
1165 2127 1284 2165 uoce
1317 2111 1622 2182 archangeli
1647 2121 1698 2166 et
1725 2114 1852 2166 tuba
1916 2112 2010 2167 Dei

441 2204 644 2258 fuerint
665 2205 887 2259 excitati
912 2201 978 2272 (Ι
1013 2199 1198 2257 Thess.
1223 2218 1296 2266 tv,
1331 2201 1398 2254 15
1417 2201 1461 2270 ).
1493 2201 1704 2255 Cubilia
1729 2217 1858 2270 ergo
1885 2218 2010 2256 vere

439 2297 714 2358 dicuntur,
751 2295 1024 2363 inquibus
1053 2309 1197 2346 nunc
1243 2294 1560 2362 quiescunt.
1633 2293 1698 2346 Et
1749 2296 1794 2348 si
1857 2295 2012 2347 Ιιῑιαο

437 2390 636 2442 buntur
669 2389 722 2440 in
755 2387 1013 2440 cubilibus
1047 2389 1179 2450 suis,
1221 2384 1374 2451 prius
1409 2384 1514 2438 boc
1566 2384 1807 2438 futurum
1873 2396 2010 2450 crat,

441 2496 637 2549 nempe
681 2495 843 2548 quam
909 2485 1192 2547 surgerent
1249 2477 1317 2532 de
1370 2478 1574 2544 quiete,
1623 2487 1903 2546 surgerent
1950 2481 2014 2532 de

439 2573 724 2640 sepulcris.
750 2571 902 2636 Quod
931 2569 1064 2624 adeo
1096 2569 1376 2639 impletum
1407 2580 1510 2636 est,
1553 2581 1609 2624 ut
1642 2571 1695 2622 in
1729 2571 2010 2626 cubilibus

440 2665 558 2718 suis
596 2663 717 2716 illos
747 2663 866 2715 sine
889 2660 1230 2714 dubitatione
1255 2660 1496 2727 gaudere
1525 2659 1826 2714 videamus.
1879 2660 2012 2716 Nam

439 2771 560 2825 quae
588 2755 695 2808 alia
751 2754 875 2808 talis
921 2751 1210 2822 gratulatio
1261 2752 1472 2805 animas
1536 2751 1752 2806 illorum
1813 2755 2015 2821 poterit

441 2848 665 2914 intrare,
691 2861 853 2916 quam
883 2860 1008 2899 cum
1050 2853 1178 2898 ante
1207 2843 1324 2914 ipsa
1347 2841 1566 2908 cubilia,
1593 2842 1646 2896 id
1672 2853 1774 2906 est,
1801 2852 1859 2896 ut
1881 2841 2016 2896 dixi-

442 2954 587 3004 mus,
621 2938 868 3008 sepulcra
892 2948 1229 3004 sanctorum,
1251 2939 1325 2992 ibi
1353 2953 1446 2993 eos
1489 2939 1700 2993 inimici
1735 2939 1842 3003 sui,
1879 2955 2013 3009 quos

443 3046 504 3085 se
550 3031 823 3098 quomlam
854 3030 1126 3084 occidisse
1164 3030 1463 3085 credebant
1506 3047 1649 3084 nunc
1671 3042 1724 3084 et
1759 3032 1941 3085 vivere
1961 3041 2014 3086 et

443 3122 630 3176 ulcisci
661 3137 719 3175 se
739 3137 846 3175 non
875 3126 995 3175 sine
1050 3129 1442 3176 tormentorum
1494 3124 1794 3178 acerbitate
1850 3125 2012 3194 proﬁ-
2039 3102 2083 3157 α

444 3214 662 3268 tentur?
686 3213 797 3268 Hoc
824 3213 931 3268 illis
961 3212 1112 3267 stola:
1135 3213 1274 3276 istae,
1315 3229 1451 3283 quas
1484 3214 1703 3270 iteravit
1754 3215 2012 3285 specialis

441 3306 681 3376 largitio,
701 3305 1070 3370 contulerunt,
1101 3319 1195 3374 per
1237 3320 1331 3360 eas
1384 3317 1440 3360 et
1487 3311 1706 3375 quinon
1767 3309 2015 3362 nomina—

443 3403 665 3464 bantur,
721 3399 1106 3467 implorantur.
1155 3409 1203 3452 et
1264 3399 1356 3467 qui
1406 3400 1814 3465 nesciebantur,
1867 3399 2011 3455 cele-

442 3493 706 3548 brantur:
737 3501 791 3546 et
812 3489 901 3558 qui
927 3505 1031 3544 non
1053 3489 1389 3555 videbantur,
1412 3503 1691 3560 apparent.
1713 3491 1822 3546 Has
1841 3493 2011 3549 stolas

445 3593 506 3637 ut
547 3583 796 3653 legimus,
831 3584 1108 3652 hucusque
1171 3597 1278 3636 non
1344 3581 1674 3649 habuerunt,
1718 3585 1813 3639 sed
1868 3601 2013 3640 nunc

445 3676 648 3731 habere
677 3686 980 3744 cceperunt.
1013 3673 1070 3728 In
1101 3675 1202 3729 hac
1222 3674 1398 3728 forma
1422 3677 1618 3731 mulier
1651 3677 1742 3730 illa
1803 3677 1856 3730 in
1909 3678 2011 3732 Sa-

443 3770 660 3824 lomone
682 3769 958 3834 laudatur,
985 3783 1104 3837 qua
1127 3767 1368 3838 duplices
1396 3778 1576 3823 vestes
1595 3766 1723 3823 facit
1747 3769 1861 3824 viro
1877 3784 1976 3825 suo
1994 3811 2009 3836 ,

445 3876 607 3914 unam
639 3860 691 3914 in
723 3859 981 3930 patientia
1012 3860 1549 3929 passionis,alteram
1574 3861 1627 3915 in
1657 3861 1858 3918 virtute
1891 3864 2011 3916 vin.

443 3953 618 4008 dictae.
650 3949 740 4005 Sic
767 3951 1115 4018 nobislegere
1151 3960 1396 4005 sanctum
1457 3963 1619 4020 atque
1676 3952 1822 4020 pium
1883 3966 1964 4008 eat
1993 3971 2010 4007 :

442 4043 578 4098 alias
618 4057 720 4098 nec
751 4041 898 4110 loqui
923 4042 1208 4105 debemus,
1238 4057 1307 4096 ne
1339 4042 1422 4097 vel
1447 4043 1740 4099 inﬁdelitas
1802 4054 2010 4106 nostra.

443 4136 529 4189 vel
554 4134 860 4206 ignorantia
889 4135 940 4189 in
1002 4135 1254 4188 tenebras
1313 4135 1628 4204 gentilitatis
1693 4135 2014 4205 blaspliema

444 4227 813 4296 disputatione
835 4227 1130 4281 descendat
1156 4243 1170 4280 :
1198 4241 1322 4280 cum
1373 4227 1656 4297 prophetia
1689 4243 1755 4282 ex
1787 4243 1851 4283 eo
1879 4243 2015 4298 pra:-

442 4319 692 4385 cesserit,
729 4327 790 4372 ut
813 4319 1060 4373 venturis
1087 4319 1266 4372 lumen
1303 4318 1549 4374 inferret.
1572 4317 1730 4374 Nunc
1757 4329 2012 4391 superest

2117 1834 2378 1890 haberent
2409 1847 2642 1906 tempus,
2667 1837 2945 1894 hominem
2975 1838 3062 1892 cui
3117 1853 3175 1894 se
3239 1838 3549 1906 proderent,
3611 1838 3695 1890 in-

2114 1927 2422 1994 quirebant.
2465 1929 2619 1984 Illum
2649 1941 2820 1996 certe,
2853 1931 2940 1984 cui
2973 1930 3075 1984 sub
3099 1943 3160 1982 ea
3223 1930 3328 1984 ﬁde
3385 1931 3692 1984 revelaren-

2115 2023 2350 2083 tur,qua
2381 2021 2637 2086 martyria
2672 2020 2953 2075 fecissent.
2988 2019 3082 2074 Sic
3117 2019 3376 2074 donatum
3437 2029 3522 2076 est
3563 2022 3694 2072 Am-

2113 2108 2319 2174 brosio,
2370 2111 2512 2178 quod
2569 2109 2845 2166 Auxentio
2891 2113 3211 2182 denegatum
3269 2122 3372 2176 est,
3432 2114 3690 2178 quoniam

2115 2217 2235 2270 qua:
2267 2202 2573 2256 Auxentius
2634 2203 3074 2272 blaspltemabat,
3127 2204 3452 2258 Ambrosius
3498 2205 3692 2274 ραι-ὁὶ-

2119 2295 2294 2350 cabat.
2339 2293 2441 2349 Sed
2467 2311 2585 2348 cum
2613 2295 2727 2350 haec
2796 2296 2965 2349 virtus
3023 2307 3321 2365 martyrum
3367 2311 3462 2364 per
3502 2311 3692 2349 omnes

2117 2383 2424 2450 provincias
2449 2383 2520 2436 sit
2543 2385 2682 2436 itura
2714 2387 2732 2453 (
2759 2384 3017 2439 omnibus
3048 2385 3194 2437 enim
3245 2399 3354 2438 non
3401 2384 3690 2438 Ambrosio

2117 2473 2218 2526 soli
2255 2474 2372 2526 sine
2433 2490 2788 2540 personarum
2849 2477 3168 2545 acceptione
3231 2475 3481 2530 donanda
3537 2473 3686 2543 est),

2119 2566 2431 2619 necessario
2451 2577 2629 2620 tamen
2667 2569 2902 2635 primum
2936 2569 2990 2621 in
3060 2567 3214 2620 Italia
3266 2570 3550 2636 processit,
3603 2566 3688 2618 cui

2119 2659 2410 2714 inﬁdelitas
2432 2649 2632 2714 Arian’a
2671 2661 2844 2713 fuerat
2873 2661 3167 2715 dominata.
3207 2658 3470 2724 Quoniam
3534 2661 3692 2727 s'gna

2116 2764 2221 2800 non
2247 2748 2512 2816 fidelibus,
2553 2752 2644 2802 sed
2687 2749 2987 2817 inﬁdelibus
3047 2751 3245 2803 donata
3302 2745 3516 2815 sunt(l
3563 2747 3690 2801 Cor.

2119 2837 2354 2908 stv,2).
2397 2839 2590 2893 Nama
2659 2840 2910 2905 Domino,
2967 2841 3060 2908 qui
3111 2843 3326 2910 signum
3388 2838 3688 2909 postulant,

2120 2930 2366 2986 inﬁdeles
2397 2943 2523 2985 sunt
2556 2933 2788 2987 :scrilne
2849 2934 3143 3002 postulant,
3206 2932 3457 3002 pharisaei
3506 2943 3694 3002 postu-

2121 3023 2256 3086 lant,
2293 3025 2518 3090 apostoli
2553 3033 2755 3090 tacent,
2797 3036 2851 3080 et
2895 3027 3142 3087 credunt,
3167 3037 3218 3079 et
3252 3037 3577 3095 sequuntur.
3622 3025 3690 3079 Et

2117 3125 2401 3184 propterea
2437 3131 2540 3169 non
2572 3119 2902 3186 mirandum,
2938 3119 3083 3186 quod
3125 3119 3305 3172 divina
3334 3120 3504 3171 virtus
3549 3133 3686 3187 ope-

2122 3217 2269 3260 ratur
2294 3221 2389 3276 per
2414 3208 2659 3276 sepulcra
2694 3222 3033 3274 sanctorum,
3058 3211 3198 3277 quod
3229 3224 3329 3262 nec
3380 3210 3464 3263 his
3512 3224 3690 3263 reme-

2118 3298 2225 3353 diis
2249 3299 2708 3370 potuithmrctica
2765 3319 2917 3357 mens
2977 3302 3181 3370 curari,
3240 3311 3299 3357 ut
3332 3303 3415 3356 vel
3467 3301 3686 3356 tandem

2117 3389 2432 3460 cpiSCOpum
2458 3406 2578 3446 eum
2613 3393 2952 3462 sequeretur,
2981 3394 3071 3448 cui
3095 3395 3497 3450 communicare
3521 3395 3686 3450 etiam

2116 3493 2381 3552 martyres
2403 3483 2518 3552 ipsa
2552 3485 2881 3542 revelatioue
2914 3502 3140 3542 suarum
3178 3489 3438 3542 virtutum
3495 3490 3687 3558 digna-

2116 3574 2262 3629 tione
2291 3576 2565 3630 vidissent.

2191 3669 2336 3726 XIX.
2367 3671 2519 3726 Nunc
2543 3673 2608 3728 ad
2639 3673 3044 3729 meditationem
3071 3674 3297 3744 perfecti
3325 3675 3565 3730 hominis
3595 3691 3688 3730 re-

2117 3765 2341 3820 deamus
2375 3779 2474 3830 ;ex
2508 3781 2609 3833 qua
2637 3766 2884 3819 cumulus
2913 3765 3013 3818 iste
3034 3765 3207 3834 prius,
3235 3781 3396 3834 quam
3428 3780 3683 3820 mensura

2117 3859 2262 3912 illius
2298 3858 2638 3926 espleretur,
2668 3860 2935 3911 excrevit.
2990 3857 3055 3911 Et
3095 3857 3211 3912 bzec
3262 3857 3561 3926 disputatio
3603 3869 3688 3912 est

2117 3949 2357 4018 ipsarum
2411 3951 2824 4003 nteditationum
2888 3951 2955 4004 de
3011 3953 3210 4019 quibus
3254 3950 3425 4005 David
3481 3952 3613 4005 dicit
3667 3968 3682 4005 :

2118 4041 2378 4105 Quoniam
2415 4041 2597 4093 beatus
2625 4042 2715 4109 qui
2746 4044 2798 4093 in
2827 4041 2935 4109 lege
2970 4041 3182 4096 Domini
3219 4045 3558 4097 meditabitur
3599 4044 3687 4097 die

2116 4149 2178 4184 ac
2208 4144 2356 4186 nocte
2384 4131 2555 4202 (Psal.
2593 4149 2634 4196 ι,
2659 4133 2738 4202 2).
2774 4133 2838 4187 Et
2887 4149 3018 4188 sane
3068 4134 3284 4190 diﬁicile
3337 4145 3441 4199 est,
3495 4135 3686 4189 silvam

2114 4223 2253 4294 legis
2294 4225 2561 4295 ingresso,
2598 4225 2938 4295 singularum
2993 4228 3351 4296 quaestionum
3399 4228 3686 4282 materiam

2119 4332 2408 4388 segregare
2441 4335 2456 4372 :
2491 4333 2614 4373 cum
2647 4319 2816 4375 altera
2849 4321 3080 4377 alteram
3119 4322 3283 4377 veluti
3315 4325 3540 4378 ramulis
3565 4324 3689 4391 qui-

445 4421 506 4464 ut
538 4409 807 4465 credenda
837 4411 951 4464 sint
972 4409 1234 4464 divinitus
1265 4411 1380 4465 ﬁeri
1412 4425 1530 4481 qua;
1569 4411 1920 4480 probavimus
1958 4420 2010 4486 et
2043 4446 2088 4501 υ
2121 4411 2366 4478 busdam,
2397 4411 2470 4466 ita
2497 4413 2764 4467 societate
2796 4416 3176 4484 praeceptionis
3202 4415 3445 4486 attingat,
3479 4426 3535 4467 ut
3565 4417 3685 4470 sine

442 4502 710 4569 promissa
735 4518 750 4553 :
775 4515 872 4554 nec
893 4509 1100 4554 tantum
1124 4501 1415 4568 promissa,
1442 4515 1726 4571 quantum,
1749 4513 1802 4557 et
1820 4517 2011 4574 postu-

453 4589 588 4639 lata.
620 4585 776 4654 Quod
798 4587 842 4641 si
901 4596 956 4640 et
995 4591 1270 4656 postulata
1300 4602 1448 4654 sum,
1495 4601 1548 4646 et
1576 4607 1680 4646 non
1703 4592 1823 4648 aliis
1847 4609 2011 4662 quam

442 4679 798 4749 poscentibus
826 4680 1104 4750 attributa,
1133 4683 1263 4752 quid
1300 4683 1496 4737 mirum
1528 4697 1631 4750 est,
1666 4686 1710 4738 si
1739 4697 1830 4741 aut
1867 4688 2007 4755 quod

441 4773 878 4840 postulaverant,
906 4783 1002 4828 aut
1024 4774 1170 4844 quod
1197 4775 1435 4844 gaudent
1464 4791 1524 4830 se
1555 4789 1681 4831 ante
1707 4781 2007 4847 accepisse,

441 4877 547 4916 non
565 4863 860 4918 occultant.
883 4863 1112 4938 Exigunt
1135 4881 1325 4937 partas
1355 4867 1422 4921 ab
1449 4869 1558 4933 his,
1588 4871 1678 4938 qui
1703 4869 2013 4924 inhabitant

440 4954 496 5008 in
531 4956 692 5011 terris
717 4974 732 5014 ;
761 4972 897 5025 quos
925 4959 1206 5014 accusatio
1236 4961 1669 5031 comprehendit,
1700 4961 1798 5016 hos
1841 4963 2011 5017 virtus

441 5049 740 5119 impugnat.
775 5049 882 5118 Ipsi
917 5051 1060 5106 enim
1094 5052 1404 5106 inhabitant
1435 5053 1488 5106 in
1520 5054 1704 5120 terris,
1751 5055 1844 5123 qui
1888 5070 2011 5124 pose

441 5143 622 5196 sident
683 5152 892 5198 mentes
943 5145 1223 5199 hominum
1279 5155 1493 5201 terrena
1558 5147 2010 5216 possidentium:

437 5250 575 5302 quos
603 5252 725 5290 cum
759 5245 1026 5310 martyres
1067 5238 1136 5293 ad
1191 5239 1457 5310 supplicia
1514 5238 1642 5311 [ΑΙ.
1713 5241 2010 5315 martyria]

437 5328 759 5398 deposcunt,
803 5333 963 5386 etiam
1002 5347 1102 5400 pro
1134 5335 1367 5398 htsquos
1397 5334 1770 5401 possederant,
1821 5336 2013 5404 depre-

437 5433 651 5475 cantur.
681 5421 919 5492 Deuique
943 5435 995 5476 et
1021 5423 1135 5492 ipsa
1167 5423 1432 5476 mirabilia
1479 5439 1577 5479 sua
1598 5426 1677 5480 sic
1717 5437 1902 5494 agunt,
1956 5438 2014 5482 ut

434 5527 530 5568 eos
559 5529 586 5566 a
625 5525 834 5569 terrena
866 5516 1222 5578 habitatione,
1254 5514 1428 5577 idest,
1461 5516 1527 5570 ab
1570 5519 1810 5572 obsessis
1838 5520 2012 5572 homi-

439 5605 599 5657 nibus
626 5607 932 5660 excludznt.
981 5608 1062 5661 An
1128 5604 1546 5671 calumniantur,
1605 5625 1702 5662 cur
1740 5613 2010 5665 daemones

437 5704 810 5766 tc:queantur,
845 5709 900 5754 ct
927 5699 1168 5756 favemus
1199 5696 1438 5754 inimicis
1461 5697 1762 5770 ?Martyrcs
1821 5718 2009 5759 contra

2120 4504 2348 4558 alterius
2387 4505 2755 4572 inchoatione,
2789 4519 2968 4576 coepta
3021 4523 3126 4562 non
3176 4509 3352 4563 valeat
3403 4509 3685 4580 esplicari.

2115 4595 2256 4652 Ecce
2304 4598 2417 4652 lucc
2469 4598 2586 4668 ipsa
2649 4599 2924 4655 hominem
2990 4601 3140 4655 illum
3204 4613 3449 4656 nostrum
3503 4620 3684 4669 nosse,

2115 4707 2276 4760 quam
2316 4691 2599 4758 pulchrum
2634 4702 2738 4758 est,
2779 4693 2954 4746 solum
2986 4694 3038 4746 in
3077 4694 3274 4750 talibus
3302 4710 3408 4748 non
3438 4705 3681 4764 stupere,

2115 4797 2236 4836 cum
2267 4782 2487 4850 reliquis
2517 4783 2692 4837 solum
2731 4785 2888 4854 quasi
2919 4785 3240 4852 quibusdam
3297 4787 3536 4840 fortuitis
3583 4803 3688 4840 non

2117 4875 2346 4936 moveri,
2383 4874 2721 4944 distinguere
2755 4877 3134 4942 operationum
3167 4877 3399 4943 species.
3449 4876 3516 4930 Et
3561 4881 3688 4946 quia

2114 4975 2170 5019 et
2227 4965 2330 5036 ipsi
2382 4967 2652 5022 daemones
2721 4978 3042 5037 operantur,
3090 4968 3392 5038 intelligere
3444 4980 3690 5034 naturas,

2115 5072 2237 5127 quae
2268 5073 2397 5113 vera
2426 5058 2554 5127 sint,
2613 5074 2732 5128 quae.
2774 5059 2934 5128 falsa,
2993 5076 3114 5128 quae
3159 5063 3398 5126 novisse,
3451 5073 3536 5116 est
3577 5078 3687 5117 nou

2116 5150 2320 5220 decipi,
2357 5166 2462 5206 non
2501 5166 2710 5218 errare,
2745 5168 2848 5208 non
2878 5153 3099 5208 inimico
3127 5153 3409 5226 assignare
3445 5170 3562 5225 qua
3599 5155 3692 5209 Dei

2114 5253 2263 5307 sont,
2298 5258 2395 5299 nec
2435 5243 2547 5300 Deo
2597 5245 2930 5315 adjudicare,
2977 5262 3098 5318 qua:
3137 5258 3266 5304 sunt
3311 5249 3619 5304 daemonum
3675 5263 3690 5304 :

2115 5336 2261 5390 scire
2307 5347 2574 5406 tempora,
2625 5339 2777 5406 signa
2825 5354 3178 5408 cognoscere,
3241 5341 3442 5396 habere
3479 5340 3691 5394 Domini

2119 5433 2388 5500 cognitam
2419 5434 2749 5488 voluntatem
2795 5451 2810 5490 :
2857 5445 2910 5490 ct
2953 5437 3056 5492 alia
3105 5436 3197 5491 Dei
3255 5435 3520 5490 mirabilia
3567 5449 3691 5487 cum

2120 5524 2419 5591 gratiarum
2443 5527 2650 5580 actione
2681 5533 3072 5599 vcnerari,§alia
3095 5548 3217 5586 cum
3247 5531 3410 5600 digna
3434 5545 3692 5586 exsecra-

2122 5612 2264 5666 tione
2299 5617 2490 5670 vitare.
2528 5618 2710 5671 'l'alem
2766 5623 2938 5674 virum
3000 5603 3177 5680 (tiam.
3215 5623 3397 5680 swculi
3447 5624 3693 5679 homines

2120 5705 2430 5774 laulavcrc,
2473 5713 2685 5766 dicente
2731 5711 2948 5785 Vilgrilo
2983 5734 2996 5770 :
