4054 6206
313 421 340 443 .
480 454 626 507 Felix
663 455 750 517 qui
790 455 953 521 potuit
972 466 1138 502 rerum
1163 464 1471 515 cognoscere
1496 464 1689 503 causas.

286 552 435 607 Bona
461 552 761 615 sententia,
789 549 836 604 si
872 548 942 603 ad
964 561 1088 602 eam
1113 562 1213 600 suo
1248 545 1448 601 itinere
1500 547 1762 608 venisset,
1816 555 1877 597 ut

286 646 554 710 appareat
581 639 732 692 illum
759 637 1040 707 ignorasse
1057 636 1202 706 quod
1228 636 1453 690 laudat:
1488 637 1681 706 primis
1706 637 1873 689 omis-

288 733 393 799 sis,
424 745 548 803 quae
573 739 704 787 sunt
737 728 999 794 secunda,
1030 727 1355 784 celebravit.
1386 724 1523 781 Nam
1572 738 1629 782 et
1679 727 1874 781 ordine

289 834 628 896 prapostero
648 822 812 877 etiam
838 819 1293 892 sapientisﬁertit
1318 818 1581 879 oliicium.
1608 819 1736 902 dum
1764 833 1872 875 non

294 932 476 973 rerum
502 929 703 978 causae,
736 914 830 970 sed
868 928 1053 970 rerum
1083 922 1302 967 creator
1340 912 1706 983 inquirendos
1761 920 1870 975 est,

294 1022 396 1078 per
420 1021 581 1077 quem
613 1008 680 1062 ad
715 1020 911 1059 causas
942 1019 1146 1068 rerum,
1183 1005 1227 1057 si
1276 1004 1452 1072 ipsum
1500 1003 1875 1068 didicerimus,

296 1098 655 1155 intrabimus.
707 1098 978 1152 (Ia-terum
1036 1096 1129 1152 illo
1170 1098 1397 1165 omisso,
1453 1112 1646 1151 causas
1695 1104 1878 1152 rerum

296 1193 537 1263 qualiter
570 1192 820 1262 cognitas
846 1192 1049 1244 habere
1079 1191 1401 1259 poterimus,
1422 1206 1544 1244 cum
1578 1191 1700 1260 quis
1724 1190 1881 1261 prius

297 1287 415 1343 huc
440 1286 653 1347 fecerit,
681 1287 876 1341 deinde
896 1299 1067 1352 quare
1093 1283 1307 1348 fecerit,
1342 1287 1411 1339 sit
1450 1284 1833 1354 inquirendum
1857 1284 1883 1338 Ἰ

300 1378 505 1434 Verum
543 1388 759 1445 reperto
786 1393 968 1430 rerum
997 1384 1244 1441 auctore,
1280 1392 1461 1431 rerum
1487 1391 1701 1447 quoque
1731 1377 1883 1431 inve-

300 1473 486 1526 nimus
516 1483 571 1526 et
596 1486 810 1525 causas.
852 1469 1008 1536 Quod
1041 1470 1143 1525 iste
1175 1484 1346 1539 usque
1385 1470 1524 1523 adeo
1558 1484 1665 1523 non
1722 1467 1880 1533 vidit,

302 1575 359 1617 ut
392 1562 747 1632 principalem
779 1562 960 1618 locum
989 1563 1159 1626 hunc,
1193 1578 1301 1633 quo
1334 1577 1517 1618 rerum
1549 1576 1743 1617 causas
1780 1577 1881 1633 po-

305 1657 503 1712 tuisset
563 1670 879 1723 agnoscere,
945 1656 1288 1725 pradicaret,
1362 1637 1884 1726 secundttquuod

305 1748 608 1818 subiungit,
632 1748 722 1817 qui
764 1749 895 1802 deos
919 1758 1179 1817 tanquam
1218 1747 1398 1802 minus
1412 1763 1552 1819 opus
1575 1762 1885 1818 essequens

305 1841 593 1894 adorasset
650 1856 666 1894 :
727 1848 786 1891 ut
848 1839 1028 1907 quivis
1086 1847 1349 1908 agnoscat
1444 1853 1542 1894 eos
1603 1828 1885 1893 creatmes

312 1949 496 1991 renum
519 1948 630 1988 non
660 1933 852 1991 fuisse.
887 1947 916 1984 a
950 1931 1149 2002 quibus
1178 1930 1417 2001 cognitio
1467 1945 1672 1994 rerum,
1726 1932 1885 2001 quasi

308 2027 487 2081 aliena
520 2024 847 2095 disiungitur
881 2039 897 2078 :
927 2038 1026 2079 nec
1056 2022 1160 2077 coli
1185 2033 1460 2092 oportere,
1510 2023 1554 2078 si
1601 2022 1718 2078 haec
1767 2039 1888 2092 quae

308 2116 624 2177 laudantur,
654 2124 712 2169 ut
732 2114 902 2184 prima
927 2122 1188 2183 prmslare
1217 2130 1322 2169 non
1342 2123 1593 2184 possunt.
1626 2114 1887 2170 Nesciunt

308 2219 492 2264 autem
519 2224 607 2270 ea,
639 2223 872 2278 quorum
904 2206 1128 2277 opiﬁces
1156 2221 1264 2261 non
1284 2206 1529 2263 fuerunt.
1566 2207 1811 2279 Denique
1835 2216 1889 2263 et

309 2299 630 2355 inventione
658 2299 873 2353 illorum
907 2299 1012 2352 diis
1039 2298 1157 2353 suis
1189 2299 1461 2364 detracta,
1490 2298 1729 2353 humano
1765 2313 1886 2353 eam

310 2391 597 2462 assignant
627 2390 871 2461 ingenio.
903 2390 1012 2446 lllis
1042 2389 1255 2447 scilicet
1286 2390 1379 2461 qui
1413 2390 1678 2461 sapientia
1709 2391 1889 2447 excel-

310 2482 452 2546 lunt,
482 2483 627 2552 quod
660 2481 806 2537 idola
829 2469 941 2537 'nou
977 2482 1161 2536 colunt
1198 2500 1214 2537 :
1270 2489 1333 2536 ut
1385 2481 1496 2553 iam
1542 2481 1649 2537 diis
1698 2495 1887 2537 eorum

310 2576 478 2631 homo
530 2575 603 2630 sit
656 2573 952 2642 potentior,
1006 2575 1053 2634 si
1095 2574 1163 2630 ad
1209 2573 1323 2629 hate
1356 2589 1476 2644 qua:
1519 2575 1591 2629 dii
1645 2576 1887 2644 ipsorum

308 2668 586 2739 ignorant,
617 2667 797 2722 altiori
826 2667 1158 2738 cogitatione
1187 2669 1517 2739 pervenerit.
1556 2667 1639 2723 Ab
1668 2667 1755 2722 his
1792 2681 1892 2721 au-

308 2769 419 2818 tem
438 2761 572 2816 deos
596 2759 843 2831 prtecipit
869 2760 994 2828 coli,
1020 2760 1115 2830 qui
1137 2760 1294 2833 plene
1316 2775 1428 2830 pra:
1447 2761 1678 2816 stul;itia
1702 2774 1889 2816 rerum

306 2867 509 2909 causa
528 2868 636 2907 non
664 2858 868 2922 queant
889 2851 1172 2907 invenire:
1201 2864 1545 2921 quorumque
1567 2851 1887 2922 praecordia,

311 2953 372 2997 ut
425 2945 600 3013 ipsius
656 2942 842 3000 verbis
888 2950 1033 3008 utar,
1084 2930 1316 3013 triﬁidus
1362 2935 1593 3016 sanguis
1634 2943 1888 3002 includit.

308 3037 503 3091 Adhuc
534 3036 699 3090 homo
728 3044 914 3090 noster
957 3043 1014 3091 et
1063 3034 1237 3090 Deum
1284 3033 1485 3101 colere,
1529 3035 1887 3106 principalem

1188 290 1559 395 tartarum
1596 332 1696 393 v1.
1742 332 1841 391 AD
1879 329 2186 393 AMICUM
2234 330 2646 395 sonorum.

2431 74 2454 99 ο

3464 323 3567 394 106

1913 454 1962 511 Α
1993 460 2177 506 nostra
2215 453 2319 506 lidu
2350 454 2507 508 novis
2537 451 2734 522 linguis
2788 466 2956 506 unum
3008 452 3154 521 loqui
3201 461 3253 505 ct
3301 454 3566 518 prolitcri,

1988 552 2040 599 et
2073 545 2298 599 credere
2325 544 2677 601 Trinitatem.
2713 545 2862 601 Illum
2917 561 3133 615 quoque
3187 560 3397 609 amare,
3437 548 3564 617 quia

1983 633 2288 704 interpellat
2322 651 2422 705 pro
2455 637 2617 693 nobis
2652 655 2668 693 :
2708 647 2971 702 metuere,
3004 639 3129 708 quia
3180 637 3343 693 Pater
3394 654 3569 695 Ozttn':

1976 727 2244 797 judicium
2270 727 2422 783 dedit
2448 728 2605 786 Filio.
2638 729 2793 785 Illum
2822 732 3109 786 momentis
3134 731 3393 787 omnibus
3424 734 3560 787 adn-

1984 834 2126 885 rare,
2164 820 2232 875 ab
2268 819 2360 874 illo
2393 832 2577 890 petere
2610 823 2921 877 necessaria
2958 823 3139 885 nobis,
3173 832 3229 878 et
3290 825 3391 893 ipsi
3443 825 3559 895 pla-

1984 911 2099 968 cita
2139 929 2154 967 :
2196 915 2287 984 qui
2315 915 2426 984 peti
2451 930 2513 971 se
2543 915 2680 982 vult,
2708 915 2845 971 adeo
2873 924 2934 970 ut
2962 916 3209 984 poscenti
3239 918 3401 972 verba
3452 922 3565 972 tum:

1984 1005 2341 1060 demonstret.
2377 1006 2479 1073 Qui
2514 1008 2657 1073 quod
2690 1016 2773 1062 est
2802 1004 3005 1061 novum
3054 1010 3199 1062 inter
3244 1024 3363 1069 nos,
3412 1010 3565 1064 solus

1950 1096 1963 1103 ’
1988 1105 2235 1168 petentes
2270 1114 2329 1154 se
2355 1109 2521 1155 uiuat.
2553 1098 2655 1167 Qui
2686 1102 2853 1156 etiam
2902 1101 3074 1163 solua,
3121 1101 3266 1172 quod
3317 1103 3565 1157 mirabile

1987 1199 2095 1256 εει,
2150 1192 2426 1257 irascitur,
2482 1192 2587 1246 nisi
2638 1203 2875 1260 petatur.
2919 1191 3219 1250 lnfidelitas
3266 1196 3413 1249 enim
3457 1205 3574 1260 est,‘

1966 1280 2125 1335 'niltil
2181 1283 2597 1352 prmsumpsisse
2653 1283 2721 1337 de
2781 1282 2911 1338 Deo.
2974 1282 3115 1338 Nihil
3179 1284 3333 1341 illum
3393 1288 3570 1342 credit

1990 1387 2170 1441 posse,
2206 1375 2298 1443 qui
2330 1377 2473 1445 quod
2492 1374 2707 1445 iudicat
2736 1391 2917 1442 posse,
2952 1391 3058 1431 non
3089 1378 3288 1445 poscit.
3328 1379 3452 1433 Haec
3483 1391 3569 1433 est

1987 1462 2101 1528 illa,
2134 1465 2206 1520 ﬁli
2241 1466 2618 1530 dilectissime,
2669 1464 2897 1533 angusta
2950 1467 3058 1536 via,
3108 1468 3215 1523 hoc
3260 1470 3393 1523 ututi
3439 1453 3571 1525 acus

1991 1556 2259 1624 loramen,
2317 1572 2415 1628 per
2452 1558 2595 1627 quod
2644 1573 2753 1612 non
2798 1558 3078 1613 introeunt
3129 1561 3414 1626 sarcinati,
3476 1572 3571 1617 aut

1991 1649 2249 1704 animalia
2277 1650 2609 1717 ponderibus
2635 1650 2919 1705 attributa.
2957 1652 3223 1718 Quoniam
3258 1655 3476 1724 augusti
3511 1662 3568 1709 ει

1996 1743 2182 1814 pusilli
2219 1743 2423 1808 aditus,
2451 1759 2560 1798 non
2593 1745 2769 1813 solum
2799 1744 3054 1799 informia
3092 1745 3206 1799 haec
3239 1760 3362 1800 cum
3387 1747 3569 1799 oneri-

1992 1829 2098 1885 btis
2152 1831 2399 1899 iumenta
2472 1847 2579 1885 non
2638 1832 2880 1902 capiunt,
2949 1848 3133 1888 verum
3178 1834 3341 1888 etiam
3394 1834 3570 1900 ipsum

1992 1930 2307 1977 nostrorum
2358 1922 2668 1989 oculorum,
2724 1923 2769 1978 si
2820 1923 3161 1980 ntultimodis
3214 1926 3567 1991 distrahatur,

1993 2011 2328 2068 frustrantur
2350 2014 2616 2068 obtutum.
2652 2014 2809 2070 Unde
2838 2027 2892 2072 et
2918 2016 3182 2073 Dominus
3204 2033 3302 2087 per
3326 2021 3575 2090 l’rOpbe-

1996 2111 2103 2156 tam
2137 2106 2261 2158 ait:
2334 2101 2531 2160 Vacat:
2581 2114 2633 2160 et
2684 2106 2853 2162 videte
2899 2106 3076 2179 (Paul.
3136 2124 3262 2176 ην,
3320 2111 3410 2180 it)
3462 2128 3478 2167 :
3519 2123 3574 2168 ct

1991 2195 2214 2263 quando
2247 2195 2352 2249 erit
2375 2204 2432 2250 ut
2467 2198 2638 2267 possit
2671 2196 2885 2263 intrari,
2925 2198 3072 2269 quod
3104 2214 3205 2271 per
3252 2202 3575 2273 occupatio-

1992 2300 2092 2342 nes
2121 2287 2304 2342 saeculi
2339 2288 2568 2343 necdum
2597 2300 2840 2360 captum
2880 2301 2967 2346 est
3001 2292 3256 2351 inveniri.

2063 2374 2185 2433 XX.
2244 2378 2598 2447 implevimus
2655 2379 3022 2437 divisionibus
3081 2383 3198 2438 suis
3262 2386 3577 2456 propositas

1993 2472 2347 2539 quaestiones,
2414 2472 2744 2529 ulteriorem
2805 2473 3082 2530 hominem
3151 2477 3579 2550 interioremque

1996 2561 2376 2629 monstrando,
2401 2578 2525 2618 cum
2556 2563 2745 2630 vitam,
2775 2580 2896 2634 quae
2921 2567 2993 2621 sit
3018 2572 3233 2635 sancta,
3259 2578 3313 2625 et
3361 2571 3414 2625 in
3465 2588 3578 2643 quo

1996 2662 2123 2708 actu
2156 2656 2354 2723 posita,
2385 2669 2495 2724 quo
2549 2644 2733 2712 etudio
2786 2666 3062 2726 teneatur,
3110 2676 3217 2727 qua
3269 2666 3575 2721 substantia

1995 2753 2298 2817 vegetetur,
2328 2747 2674 2806 ostendimus
2700 2767 2716 2806 :
2748 2760 3032 2821 totumque
3058 2768 3281 2810 cursum
3308 2757 3428 2827 ejus
3453 2758 3577 2815 bre-

1993 2835 2156 2901 riter,
2188 2836 2319 2893 licet
2346 2837 2574 2896 saltibus
2601 2843 2780 2911 potius
2810 2846 2859 2900 si
2885 2845 2991 2900 dici
3018 2856 3219 2916 potest,
3253 2862 3416 2919 quam
3446 2864 3575 2918 pas-

1993 2928 2167 2996 sibus,
2192 2945 2293 3001 pro
2320 2930 2670 2989 festinatione
2695 2935 2763 2992 ad
2798 2939 2957 2993 linem
2987 2955 3161 3012 usque
3189 2942 3571 3011 perduximus.

1993 3020 2151 3078 Nunc
2182 3037 2353 3092 quare
2385 3038 2493 3079 non
2525 3027 2596 3083 ab
2618 3027 2935 3085 hominibus
2974 3032 3141 3086 etiam
3175 3032 3332 3089 istius
3388 3037 3574 3095 mundi

308 3130 412 3183 scit
444 3143 571 3183 esse
596 3127 945 3197 sapientiam,
991 3134 1050 3181 et
1101 3140 1289 3182 rerum
1334 3140 1530 3183 causas
1577 3139 1886 3198 compertas

1997 3116 2272 3184 videatur,
2306 3117 2493 3190 accipe
2518 3119 2792 3176 rationem
2835 3137 2853 3178 :
2891 3126 3327 3196 quandoquidem
3365 3137 3418 3184 te
3451 3146 3574 3186 mea

310 3222 482 3276 habet
512 3238 528 3276 :
561 3235 668 3275 non
694 3217 889 3290 qttzerit
916 3232 982 3274 ex
1007 3217 1303 3291 Syracusis
1332 3220 1549 3276 ratione
1578 3221 1761 3275 saeculi
1796 3237 1889 3277 sa-

312 3314 515 3384 pientis
533 3312 818 3367 eminere:
847 3310 940 3365 sed
972 3310 1066 3365 illo
1083 3311 1336 3375 docente,
1365 3324 1529 3380 quem
1555 3313 1705 3374 colit,
1726 3322 1886 3382 quem

311 3416 441 3460 ante
466 3404 749 3474 inquisivit
770 3419 933 3474 quam
965 3418 1145 3460 rerum
1177 3417 1376 3458 causas
1428 3419 1444 3457 :
1489 3404 1744 3474 quoniam
1801 3418 1891 3460 res

314 3496 465 3565 ipsas
492 3511 677 3551 rerum
710 3497 963 3551 conditor
989 3496 1265 3550 antecedit
1292 3512 1312 3550 :
1343 3494 1437 3565 qui
1466 3495 1617 3550 illum
1657 3496 1887 3561 mminit,

313 3603 435 3656 qua:
462 3587 662 3661 quibus
699 3594 887 3641 essent
912 3597 1144 3642 ventura
1173 3587 1536 3655 temporibus.
1561 3585 1733 3658 Cujus
1773 3590 1887 3644 dis-

314 3679 660 3749 positionem,
695 3679 816 3734 sine
836 3678 954 3748 ipso
976 3678 1070 3749 qui
1095 3677 1384 3747 disposuit,
1410 3679 1593 3735 nullus
1621 3679 1846 3748 agnovit
1871 3695 1889 3738 :
1916 3712 1925 3720 -

312 3773 573 3841 quoniam
626 3785 793 3826 nemo
833 3770 941 3825 scit
986 3784 1111 3841 quae
1156 3767 1252 3825 Dei
1291 3780 1441 3838 sunt,
1499 3772 1600 3826 nisi
1650 3768 1892 3839 Spiritus

312 3862 433 3919 Dei.
472 3862 583 3918 Nos
616 3877 745 3917 vero
778 3870 837 3917 ut
898 3861 1189 3932 Apostolus
1242 3862 1320 3916 ait
1382 3880 1398 3918 :
1460 3862 1585 3918 Non
1640 3864 1892 3932 spiritum

312 3957 473 4026 hujus
500 3955 684 4015 mundi
711 3956 1024 4024 accipimus,
1047 3955 1136 4011 sed
1169 3956 1421 4023 spiritum
1445 3958 1536 4026 qui
1559 3971 1624 4012 ea:
1658 3957 1768 4012 Deo
1815 3966 1891 4013 est

314 4046 368 4121 (ι
422 4047 552 4103 Cor.
612 4062 679 4113 ιι,
738 4048 829 4117 12)
883 4063 899 4101 :
949 4058 1004 4102 ct
1048 4046 1171 4102 ideo
1213 4062 1332 4116 qua?
1373 4047 1544 4118 ipsius
1586 4057 1734 4113 sunt,
1781 4064 1889 4104 non

314 4139 496 4195 edocti
536 4138 787 4194 humanae
817 4137 1101 4208 sapientia:
1136 4139 1339 4202 verbis.
1379 4139 1474 4194 sed
1511 4139 1717 4209 Spiritu
1773 4138 1890 4205 Dei,

313 4233 514 4303 eteius
537 4231 826 4301 superfusa
871 4232 1029 4288 nobis
1075 4232 1388 4302 dignatione
1436 4231 1719 4288 callemus.
1764 4229 1891 4287 Hac

313 4335 401 4381 est
428 4325 521 4380 illa
552 4324 781 4380 stultitia
811 4324 1183 4395 molarium,
1215 4324 1335 4380 haec
1372 4323 1641 4392 sapientia
1670 4336 1888 4378 vocato-

314 4434 459 4483 rum,
486 4417 728 4489 cogitare
753 4431 974 4486 semper
1019 4417 1074 4471 in
1122 4418 1289 4472 corde
1339 4432 1355 4472 :
1405 4416 1547 4482 Quid
1599 4417 1892 4472 retribuam

1997 3209 2305 3267 verbositas
2327 3209 2587 3279 delectat,
2613 3229 2775 3284 quam
2799 3217 3165 3289 negligentius
3184 3221 3421 3290 indicas,
3448 3225 3572 3281 dum

1996 3297 2236 3355 attendis
2267 3301 2571 3360 studiosius
2605 3304 2671 3359 ad
2708 3305 2913 3363 divina.
2946 3308 3081 3365 Cum
3117 3310 3205 3369 ille
3241 3314 3334 3384 qni
3366 3316 3576 3386 primus

1995 3391 2150 3446 nobis
2181 3394 2376 3450 mortis
2404 3409 2591 3452 semen
2627 3396 2850 3467 invexit,
2878 3404 3140 3458 mundum
3169 3405 3360 3471 istum,
3393 3409 3446 3465 id
3468 3420 3573 3479 est,

1995 3484 2305 3554 passionem
2339 3488 2605 3556 hominis,
2641 3490 2788 3549 victo
2819 3494 2926 3551 sibi
2959 3495 3185 3556 homine
3210 3499 3575 3572 subiugasset.

1995 3590 2340 3649 regnumque
2366 3580 2514 3637 illius
2547 3582 2666 3651 ipso
2690 3600 2816 3655 rege
2843 3588 2954 3657 iam
2989 3599 3170 3659 capto,
3205 3593 3306 3647 sub
3348 3597 3577 3663 pedibus

1994 3669 2109 3724 suis
2136 3679 2193 3724 et
2210 3670 2420 3728 ditione
2444 3673 2679 3743 cepisset
2711 3692 2726 3736 :
2752 3692 2927 3748 eaque
2952 3683 3134 3737 omnia
3153 3685 3347 3754 quanio
3371 3692 3575 3744 mundo

1993 3768 2145 3823 sunt,
2178 3761 2463 3820 velutsuis
2488 3767 2720 3834 peculis,
2751 3777 2809 3823 et
2842 3770 3089 3828 victoriae
3126 3789 3241 3831 sum
3295 3780 3567 3835 manubiis

1994 3863 2242 3908 uteretur
2278 3870 2296 3912 :
2320 3871 2390 3911 ne
2416 3859 2635 3926 quando
2653 3860 2813 3915 homo
2830 3864 3087 3920 amissam
3115 3868 3463 3938 sapientiam,
3480 3882 3576 3928 aut

1994 3943 2237 4002 debitum
2258 3948 2361 4005 sibi
2381 3950 2505 4006 vitae
2522 3964 2793 4020 quaereret
2814 3963 3222 4031 testamentum,
3258 3964 3336 4020 sic
3358 3967 3575 4024 cunctis

1994 4038 2135 4094 fucis
2159 4055 2274 4097 sum
2304 4043 2439 4097 artis
2486 4043 2698 4114 infecit,
2743 4055 2801 4101 ut
2854 4062 2909 4103 et
2951 4051 3243 4109 stultitiam
3291 4058 3573 4127 sapientia:

1966 4132 2180 4188 colore
2207 4133 2463 4201 vestiret,
2491 4146 2547 4192 et
2577 4146 2811 4194 mortem
2841 4141 3083 4200 mentitae
3109 4148 3236 4203 vitat
3283 4150 3574 4208 lenociniis

1993 4224 2391 4281 obumbraret:
2420 4238 2478 4284 ttt
2509 4229 2647 4285 mala
2680 4247 2790 4287 non
2822 4234 3090 4306 fugerent,
3116 4241 3211 4308 qui
3241 4255 3348 4296 non
3374 4256 3567 4298 cerne-
3666 4262 3673 4269 ο

1998 4329 2120 4374 rent
2143 4323 2391 4390 oppouita
2427 4323 2676 4381 meliora.
2711 4325 2957 4399 Denique
2981 4346 3046 4386 ex
3079 4331 3174 4389 illo
3201 4342 3445 4400 tempore
3491 4338 3575 4394 sic

1997 4413 2201 4480 passim
2226 4413 2522 4470 humanum
2557 4431 2731 4486 genus
2767 4421 3013 4491 graditur
3044 4441 3060 4479 :
3095 4425 3325 4481 stultitia
3361 4442 3462 4498 pro
3485 4444 3575 4485 sa-

311 4509 545 4565 Doutino
567 4504 661 4577 pro
688 4507 931 4587 omnibus
955 4523 1072 4574 quae
1094 4507 1338 4563 retribuit
1371 4510 1500 4563 mihi
1530 4508 1708 4581 (Paul.
1763 4525 1887 4575 ειν,
1916 4512 1970 4573 1)
1999 4503 2198 4572 pientia
2219 4505 2465 4573 habetur,
2491 4510 2708 4567 dicente
2729 4509 3017 4570 Psalmista
3047 4534 3063 4572 :
3092 4516 3356 4583 Quoniam
3384 4521 3577 4577 lauda-

316 4602 407 4671 12)
426 4601 453 4655 2
480 4599 658 4670 [psmn
679 4601 885 4655 habere
905 4615 1123 4670 semper
1144 4601 1199 4654 iu
1228 4616 1344 4668 ore,
1366 4603 1626 4671 quoniam
1661 4603 1885 4657 verbum

307 4704 398 4751 est
430 4713 448 4750 :
474 4693 689 4750 esurire
714 4707 863 4754 eum,
886 4693 1147 4761 quoniam
1177 4692 1334 4761 panis
1352 4702 1459 4748 est.
1485 4691 1661 4762 Ipsius
1692 4693 1887 4764 spiritu

302 4790 477 4843 etiam
512 4786 696 4842 ebrios
720 4796 913 4841 mente
952 4785 1243 4847 excedere,
1283 4785 1407 4855 quia
1459 4786 1599 4841 calix
1638 4797 1723 4841 est
1765 4789 1888 4843 novi

307 4880 671 4943 Testamenti,
706 4889 763 4934 et
798 4881 985 4935 viuum
1024 4879 1092 4933 de
1126 4878 1307 4945 vinea,
1338 4893 1501 4949 quem
1536 4879 1607 4934 de
1653 4878 1891 4952 Egypto

305 4985 441 5030 ante
468 4973 841 5038 transtulerat,
879 4986 1001 5041 qua:
1032 4971 1194 5026 vinea
1236 4965 1467 5040 populus
1503 4970 1674 5029 Israel
1710 4970 1814 5025 fuit
1871 4989 1887 5024 :

306 5078 548 5135 quorum
582 5072 789 5135 patres,
820 5078 889 5117 ex
920 5061 1120 5132 quibus
1152 5061 1419 5117 Dominus
1448 5059 1610 5118 Jesus
1638 5062 1891 5118 Christus

304 5159 612 5215 secundum
639 5172 860 5210 carnem
893 5155 1180 5225 proressit.
1213 5154 1362 5209 Illum
1391 5155 1539 5224 loqui
1568 5156 1718 5210 omni
1746 5167 1895 5213 tem-

306 5264 445 5322 pore
482 5268 497 5304 :
530 5249 784 5318 quoniam
820 5248 1034 5316 linguas
1071 5246 1229 5301 nobis
1260 5260 1427 5301 novas
1474 5246 1715 5314 Spiritus
1770 5250 1891 5316 ejus

302 5342 548 5399 advexit.
586 5342 717 5409 Quae
756 5351 884 5395 sunt
937 5353 1120 5394 autem
1178 5342 1293 5395 istae
1339 5339 1536 5408 linguae
1561 5353 1739 5405 novae,
1785 5341 1888 5395 nisi

302 5437 447 5498 ista,
479 5437 536 5503 in
562 5433 764 5488 sa‘culo
790 5448 937 5495 esse,
967 5442 1022 5488 et
1051 5446 1359 5488 sermonem
1410 5431 1480 5485 de
1529 5432 1732 5485 saeculo
1780 5448 1887 5486 non

302 5527 513 5583 habere
565 5526 738 5580 talits
801 5524 1002 5592 linguis
1053 5523 1200 5591 inqui
1251 5522 1472 5591 populo.
1521 5537 1683 5592 quam
1740 5523 1887 5592 loqtti

302 5618 540 5689 populus
569 5631 757 5672 secum
792 5615 911 5685 ipsc
951 5614 1278 5670 consuevit?
1317 5613 1584 5669 Praeterea
1639 5623 1695 5669 et
1742 5615 1887 5670 istud

300 5722 388 5766 est
424 5711 575 5782 loqui
608 5710 735 5764 aliis
768 5708 992 5778 linguis,
1024 5706 1191 5761 Deum
1220 5706 1468 5762 ccttﬁteri
1508 5721 1695 5772 unum,
1717 5712 1785 5761 ab
1820 5725 1888 5762 co

302 5803 398 5874 qui
426 5802 612 5875 plures
639 5804 772 5857 deos
797 5800 992 5856 solitus
1023 5810 1142 5855 erat
1169 5799 1419 5855 confiteri
1453 5816 1468 5853 :
1500 5807 1556 5853 et
1607 5799 1781 5869 ipsum
1831 5801 1885 5856 in

635 5897 904 5959 ΡΑτιιοι..
954 5894 1149 5959 XXX.

2000 4603 2088 4648 tur
2101 4607 2347 4665 peccator
2367 4598 2425 4653 in
2457 4600 2732 4659 desideriis
2756 4607 2950 4662 animus
2969 4625 3102 4677 sum,
3137 4612 3347 4678 iniquus
3369 4615 3575 4669 benedi-

1998 4689 2137 4742 citur
2162 4690 2341 4762 (Psal.
2373 4709 2426 4759 κ,
2453 4693 2530 4763 5).
2561 4693 2713 4751 Tunc
2743 4700 2851 4753 vita
2876 4711 3096 4770 putatur
3125 4719 3248 4761 esse
3274 4724 3398 4776 qua:
3428 4724 3575 4767 mors

1999 4793 2086 4837 est
2116 4798 2132 4836 :
2161 4795 2215 4837 et
2238 4783 2340 4838 sub
2361 4788 2546 4856 specie
2573 4789 2698 4844 boni
2733 4792 2872 4846 mala
2898 4794 3200 4866 decipiunt,
3231 4814 3354 4853 cum
3387 4803 3455 4856 ad
3488 4804 3572 4859 in-

1970 4875 2323 4963 tte-lligentiae
2346 4878 2616 4945 fraudem,
2647 4882 2776 4937 dolo
2810 4886 3073 4939 bonorum
3106 4891 3350 4947 omnium
3400 4894 3572 4950 Virtus

1998 4959 2263 5036 aperitur.
2296 4971 2433 5025 Nam
2464 4972 2672 5029 divitia:
2700 4984 2805 5029 non
2855 4988 3133 5045 secutura:
3170 4995 3288 5050 post
3334 4986 3572 5041 hominis

1999 5071 2226 5113 mortem
2260 5077 2329 5115 au
2352 5072 2536 5117 antur.
2565 5062 2752 5120 Honor
2781 5065 3035 5137 fascium,
3061 5074 3151 5141 qui
3179 5090 3273 5141 per
3293 5091 3574 5132 successo-

1997 5168 2112 5207 rem
2146 5154 2444 5217 exolescat,
2473 5158 2718 5213 ambitur
2756 5176 2771 5216 :
2807 5161 3063 5230 iniuriam
3102 5163 3296 5221 fecisse
3352 5170 3572 5227 virtutis

1997 5255 2129 5298 Cal:
2166 5245 2342 5299 aliena
2369 5248 2674 5315 possidere,
2723 5253 2981 5320 potentiae
3024 5264 3107 5308 est
3157 5271 3173 5309 :
3225 5255 3572 5318 innocentem

1998 5338 2420 5406 circumvenire,
2445 5341 2661 5395 astutia:
2691 5351 2777 5397 est
2808 5358 2823 5397 :
2873 5359 2982 5398 non
3030 5346 3309 5403 Christum
3357 5366 3573 5423 sapere,

1998 5431 2286 5500 sapientia:
2317 5442 2401 5487 est
2435 5451 2449 5489 :
2474 5435 2794 5505 prophetam
2826 5436 3071 5499 horrere,
3101 5438 3426 5510 eloquentia
3449 5458 3532 5503 est
3554 5466 3573 5505 :

1998 5524 2257 5594 sic-plena
2284 5535 2412 5579 sunt
2439 5529 2947 5594 ontniaerrnribus,
2971 5530 3053 5585 sic
3079 5529 3255 5588 infusa
3284 5550 3379 5605 per
3400 5536 3577 5595 homi-

1999 5631 2124 5670 num
2162 5628 2375 5672 mentes
2406 5618 2661 5687 caligine,
2692 5620 2857 5674 alium
2886 5621 2994 5674 aiio
3025 5621 3361 5694 incursante,
3415 5645 3575 5685 mttu-

1998 5708 2107 5763 dus‘
2137 5709 2450 5775 involvitur,
2478 5720 2526 5765 et
2553 5712 2618 5764 ad
2647 5711 2751 5765 ltuc
2786 5727 2957 5780 usque
2991 5717 3196 5772 veritas
3226 5719 3573 5786 obscuratur,

1998 5812 2058 5857 ut
2113 5802 2166 5857 iu
2215 5803 2410 5858 mortis
2456 5800 2667 5875 gremio
2710 5802 2972 5874 iacuisse,
3015 5799 3296 5866 beatitudo
3333 5812 3569 5870 dicatur.

2404 5950 2410 5955 ν
2470 5938 2578 5977 om:
3315 5903 3352 5967 4
