4056 6200
505 341 612 414 107

1769 321 1824 380 S.
1869 322 2176 380 Ei'SEllll
2233 321 2678 381 ΠΙΕἾΟΝΥΜΙ

3665 323 3766 392 108

503 458 657 525 Quod
691 459 781 512 ubi
822 457 914 514 ille
945 460 1111 524 Deus,
1145 471 1244 512 nos
1275 471 1492 526 semper
1510 457 1759 522 cogitans
1781 465 1835 510 et
1868 465 2077 522 nostra,
2110 459 2158 517 Α
2189 450 2292 506 Sed
2329 464 2455 504 vere
2498 462 2686 504 amore
2713 447 2772 501 id
2797 445 2880 515 egi
2920 455 3033 509 tuo,
3073 460 3182 506 non
3219 442 3576 515 usurpatione
3620 458 3762 496 mea.

501 548 638 604 vidit
671 564 768 619 per
807 551 1134 620 sapientiam
1180 550 1387 613 mundi,
1419 563 1528 618 qua
1557 549 1662 604 sibi
1700 547 1936 602 mundus
1966 546 2079 601 col-

505 641 652 693 lusor
683 641 1104 706 interpolatores
1137 639 1421 693 invenerat
1481 654 1496 692 ι
1546 651 1714 692 suam.
1751 635 2078 704 sapientiam

503 729 676 785 fuisse
706 731 1000 797 desertam,
1037 730 1240 799 placuit
1270 730 1432 783 etiam
1462 729 1511 781 ei
1543 726 1857 782 eco‘ntrario
1882 726 2076 778 adver-

504 835 598 876 sus
646 822 905 876 astutiam
965 821 1311 885 veteratoris,
1375 819 1656 887 sapientiae
1708 831 1822 871 suae
1875 814 2080 869 divitiis

505 904 997 968 innumerabilibus
1033 913 1132 975 uti,
1165 922 1218 967 et
1245 911 1486 966 scientiae
1514 908 1880 970 altitudinem,
1915 920 2078 976 quam

501 1003 686 1058 nullus
735 1005 937 1073 poterit
996 1002 1331 1072 invesdgare
1381 1019 1396 1056 :
1451 1001 1610 1055 sicuti
1660 1010 1767 1062 est,
1825 1008 1880 1053 et
1921 1011 2076 1054 suam

499 1093 828 1162 Sapientiam
864 1095 1096 1148 stultitia
1133 1094 1342 1157 velare,
1384 1087 1439 1147 et
1480 1093 1643 1148 vitam
1675 1106 1828 1146 suam
1885 1089 2077 1144 mortis

499 1187 732 1255 quadam
765 1187 1106 1242 obscuritate
1133 1187 1336 1251 celare,
1367 1196 1426 1240 ut
1463 1185 1528 1242 ad
1571 1184 1898 1254 sapientiam
1951 1197 2076 1252 per-

501 1278 688 1332 venire
716 1294 821 1333 non
859 1289 1061 1348 posset,
1116 1279 1208 1348 qui
1263 1281 1316 1332 in
1365 1281 1466 1333 hoc
1515 1276 1713 1332 saeculo
1760 1273 2074 1345 opinionem

498 1371 744 1425 stultitiae
773 1369 1000 1440 fugisset
1032 1388 1046 1425 :
1086 1380 1142 1425 et
1175 1371 1240 1424 ad
1267 1370 1431 1424 vitam
1463 1370 1582 1438 ejus
1623 1384 1726 1422 non
1770 1367 2076 1445 accederet,

497 1465 589 1532 qui
631 1478 738 1516 non
771 1475 1146 1533 contemptum
1191 1463 1380 1516 mortis
1401 1462 1698 1516 habuisset.
1729 1457 1974 1528 Namque
1995 1457 2076 1512 sic

496 1553 692 1609 Filium
731 1553 1067 1608 Salvatorem
1101 1563 1347 1607 nostrum
1382 1554 1530 1608 misit
1570 1553 1620 1605 in
1663 1552 1964 1615 hominem,
2021 1550 2073 1604 id

498 1658 601 1712 e5t,
638 1649 963 1716 sapientiam
999 1663 1150 1700 suam
1187 1662 1352 1700 carne
1386 1647 1621 1710 vestivit,
1664 1648 1807 1714 quod
1837 1645 2065 1699 stultum

499 1751 582 1794 est
617 1757 631 1793 :
661 1743 830 1793 vitam
861 1755 1012 1794 suam
1043 1740 1153 1808 pati
1180 1755 1398 1794 crucem
1435 1739 1584 1803 fecit,
1615 1741 1768 1808 quod
1797 1755 1943 1792 mors
1967 1746 2069 1791 est.

497 1830 589 1884 Sic
633 1830 879 1884 adversis
927 1831 1157 1885 adversa
1213 1832 1498 1897 destruxit,
1551 1844 1604 1886 et
1653 1848 1746 1899 per
1783 1831 2073 1884 dissimiles

495 1934 624 1977 ante
648 1923 842 1976 swcula
879 1923 1227 1991 operationes
1260 1925 1462 1993 ingenii
1495 1925 1720 1979 artificis
1761 1923 1907 1977 illius
1960 1935 2073 1975 ma-

499 2016 694 2071 chinas
737 2016 901 2080 elisit,
953 2024 1010 2068 ut
1053 2018 1300 2086 partibus
1363 2017 1686 2085 quibusdam
1741 2007 2072 2070 salutaribus

496 2109 758 2179 vestigiis,
798 2109 925 2162 licet
959 2108 1253 2176 impressa,
1283 2105 1565 2162 mortifera
1617 2107 1760 2161 illius
1819 2107 2073 2177 stigmata

495 2202 831 2257 delerentur.
870 2202 976 2255 Sed
1013 2203 1123 2255 hoc,
1163 2201 1403 2256 studium
1458 2200 1560 2254 nisi
1607 2200 2070 2268 concupierimus,

491 2296 743 2365 quoniam
777 2295 916 2362 quod
940 2294 1162 2348 stultum
1185 2301 1262 2348 est
1282 2292 1402 2356 Dei,
1435 2295 1728 2361 sapientius
1759 2303 1832 2346 est
1856 2295 2075 2347 nomini-

495 2392 588 2440 bus
617 2385 668 2456 (1
702 2386 827 2441 Cor.
872 2401 911 2453 ι,
940 2385 1059 2456 25),
1093 2387 1423 2454 sapientiam
1465 2387 1585 2455 ejus
1609 2399 1718 2439 non
1749 2385 2070 2439 tenebimus.

495 2479 649 2534 lianc
685 2487 941 2545 mortem,
989 2478 1135 2546 quod
1177 2491 1310 2532 crux
1363 2484 1468 2542 est,
1520 2475 1627 2530 nisi
1685 2477 2070 2540 amaverinrus,

491 2571 754 2640 quoniam
790 2573 936 2639 quod
975 2569 1250 2623 inllrmum
1284 2578 1368 2624 est
1403 2567 1524 2635 Dei,
1559 2568 1755 2622 fortius
1788 2577 1870 2621 est
1897 2568 2072 2622 horni-

492 2663 705 2716 nibus:
743 2662 910 2717 vitam
966 2660 1088 2730 ejus
1141 2675 1248 2715 non
1304 2661 1606 2730 poterimus
1661 2660 1886 2714 intrare.
1928 2658 2070 2726 Quid

497 2755 662 2824 igitur
693 2755 958 2824 sequitur,
989 2752 1093 2808 nisi
1128 2762 1188 2807 ut
1219 2753 1406 2807 relicta
1437 2751 1620 2808 saeculi
1647 2761 1701 2806 et
1721 2752 1986 2821 sapientia
2018 2760 2073 2806 et

493 2849 629 2914 vita,
665 2855 720 2903 et
745 2848 940 2904 stultos
970 2861 1076 2902 non
1117 2844 1308 2899 haberi
1345 2844 1638 2914 patiamur,
1669 2853 1722 2899 et
1777 2847 1911 2899 mori
1971 2859 2070 2900 nos

495 2957 619 2996 cum
665 2941 893 2995 Domino
925 2953 1141 3008 semper
1171 2949 1420 3006 optemus
1453 2954 1469 2996 :
1507 2947 1564 2992 ul
1595 2938 1648 2992 in
1680 2953 1775 3007 spe
1807 2937 2070 2993 adventus

492 3034 630 3102 ejus,
667 3033 757 3102 qui
792 3031 1072 3101 utriusque
1091 3031 1196 3086 erit
1231 3029 1309 3084 rei
1366 3030 1650 3096 revelatio,
1709 3041 1915 3100 partem
1963 3031 2067 3082 ali-

493 3139 654 3191 quam
691 3123 895 3176 habere
923 3120 1276 3176 mereamur?
1305 3118 1460 3175 Tunc
1485 3123 1631 3174 enim
1653 3121 1842 3175 scissis
1891 3121 2068 3174 Omni-

492 3215 596 3268 bus
628 3213 970 3279 velamentis,
1007 3213 1134 3266 talia
1184 3213 1365 3282 qualia
1419 3223 1546 3268 stitit
1591 3213 1821 3282 singula,
1869 3219 2064 3265 cuneta

493 3312 810 3367 cernentur,
843 3301 896 3354 id
924 3311 1026 3366 est,
1060 3311 1114 3355 et
1146 3301 1382 3354 stultitia
1425 3302 1717 3356 mundialis
1766 3302 1915 3354 falsae
1976 3317 2064 3355 sa-

491 3391 706 3470 pientiae
743 3391 1036 3445 involucris
1067 3391 1340 3445 denudata
1363 3393 1610 3458 sistetur,
1641 3401 1694 3444 et
1717 3406 1863 3450 mors
1915 3406 2066 3443 men-

494 3483 604 3535 tita:
621 3484 970 3540 beatitudinis
995 3485 1250 3554 deoperta
1272 3483 1561 3551 velamine,
1589 3485 1830 3539 initiante
1853 3499 2068 3552 semper

491 3593 586 3631 ore
616 3588 671 3631 et
701 3588 922 3647 patente
945 3578 1000 3632 in
1027 3578 1361 3646 profundum
1381 3589 1635 3647 .gutture,
1663 3577 1907 3631 vitalium
1958 3579 2062 3630 ini-

491 3670 632 3724 mica
702 3675 983 3738 prodetur.
1031 3669 1184 3724 Tunc
1231 3678 1284 3725 et
1332 3672 1572 3725 cmlestis
1608 3671 1900 3741 sapientia,
1947 3686 2068 3739 quae

489 3765 826 3824 arculariter
850 3764 1080 3819 stultitia
1113 3766 1449 3830 nominatur,
1479 3765 1796 3834 interposita
1824 3767 2069 3820 altitudi-

489 3874 612 3911 nem
632 3857 875 3914 scientia:
903 3858 998 3912 Dei
1023 3860 1140 3913 sine
1161 3859 1394 3927 alicujus
1419 3859 1605 3913 labore
1636 3860 2070 3915 elucubrationis

490 3949 737 4014 intrabit,
773 3958 830 4004 et
862 3965 986 4006 vera
1028 3953 1138 4006 vita
1167 3951 1330 4030 nullis
1357 3952 1548 4006 mortis
1592 3952 1833 4006 tenebris
1875 3953 2069 4005 obscu-

489 4054 606 4117 rata
646 4043 869 4106 lucebit,
902 4059 998 4111 per
1047 4043 1333 4098 Dominum
1383 4051 1629 4099 nostrum
1673 4043 1862 4100 Jesum
1901 4045 2067 4100 Chr?-

489 4142 655 4199 stum,
687 4136 776 4205 cui
800 4143 884 4189 est
914 4135 1092 4190 honor
1125 4137 1177 4188 in
1211 4138 1408 4190 sarcula
1436 4138 1996 4192 steculorum.Amen.

561 4223 702 4278 XXI.
736 4225 922 4289 Vides,
957 4234 990 4279 0
1019 4224 1249 4292 liti,qua
1282 4227 1594 4280 valetudine
1622 4225 1834 4280 laborat
1858 4229 2071 4283 animus

487 4321 755 4386 suspecti,
789 4321 880 4387 qui
917 4318 1020 4372 ista
1055 4315 1162 4372 nan
1205 4319 1430 4390 cogitat.
1467 4317 1820 4388 Corpusculo.
1848 4321 2068 4375 adhibui

488 4411 860 4480 palpamenta,
897 4411 1040 4478 quod
1075 4411 1120 4463 si
1151 4411 1506 4480 ttegltgerem,
1538 4412 1717 4464 anima
1747 4413 1870 4482 plus
1922 4415 2068 4465 vale-

2188 541 2324 595 Natn
2353 555 2452 612 ego
2482 542 2689 594 dictum
2725 538 2958 607 legeram
2995 537 3292 604 peccaturi,
3327 551 3395 590 ne
3423 534 3764 590 Domini-au-

2185 638 2335 688 deret
2377 647 2598 687 narrare
2624 631 2871 702 justitias
2895 645 2987 696 per
3018 644 3078 683 os
3106 643 3287 683 suum.
3311 627 3468 694 Quod
3497 628 3541 682 si
3569 637 3762 683 contra

2186 726 2540 779 interdictum
2565 739 2664 793 pro
2692 733 2778 777 tua
2805 722 3103 776 dilectione
3127 720 3468 790 praasumpsi,
3500 721 3552 774 in
3571 733 3638 775 eo
3672 707 3760 772 tua

2185 819 2358 887 gratia
2391 832 2753 887 compensare
2783 816 3094 886 dignabitur
3116 831 3132 869 :
3153 825 3211 868 ut
3241 813 3677 884 litterulas,‘qua
3693 815 3760 870 ad

2180 912 2398 980 plenum
2427 911 2732 966 emendata:
2760 925 2864 964 non
2913 920 3044 965 sunt
3091 913 3255 978 (sicut
3305 911 3437 981 ipsis
3488 912 3760 980 apicibus,

2178 1005 2380 1073 quibus
2408 1012 2711 1060 exarantur
2743 1002 3011 1072 apparet),
3042 1012 3150 1056 tam
3195 1002 3355 1058 facile
3387 1003 3453 1056 ad
3483 1003 3754 1072 publicum

2179 1110 2287 1150 non
2315 1097 2580 1163 perducas
2604 1110 2618 1148 :
2651 1106 2706 1148 et
2733 1095 2778 1146 si
2807 1108 2906 1164 ego
2929 1095 3390 1163 verecunduspro
3403 1108 3493 1149 me
3511 1109 3634 1149 esse
3652 1109 3756 1149 non

2179 1188 2350 1258 potui,
2380 1198 2438 1241 ut
2464 1187 2649 1253 debui,
2680 1187 2758 1242 vel
2789 1195 2876 1240 tua
2903 1187 3162 1241 modestia
3190 1187 3530 1240 verecundiae
3564 1199 3753 1255 pareat

2179 1294 2333 1336 mea).
2369 1278 2434 1332 Et
2468 1279 2593 1348 quia
2617 1280 2683 1332 de
2705 1293 2790 1333 me
2817 1277 3024 1331 habent
3043 1279 3186 1347 quod
3207 1277 3346 1332 male
3373 1278 3588 1348 scripta
3607 1289 3756 1342 sunt.

2175 1373 2244 1428 de
2269 1382 2320 1426 te
2351 1372 2582 1426 habeant
2601 1372 2747 1438 quod
2772 1370 3064 1424 cirlentur.
3093 1369 3243 1438 Vale,
3261 1379 3313 1424 et
3333 1383 3429 1424 nos
3452 1371 3506 1424 in
3525 1371 3756 1426 Domino

2175 1464 2362 1532 dilige,
2396 1465 2448 1516 in
2481 1480 2589 1532 quo
2618 1463 2860 1533 diligeris
2886 1477 2916 1516 a
2950 1463 3123 1518 nobis.
3725 1477 3733 1484 '

2318 1599 2633 1656 MUNITUM
2659 1599 2726 1656 IN
2756 1599 3143 1655 EPISTOLAM
3165 1599 3347 1668 SEQU
3359 1599 3607 1658 ENTEM.

2247 1713 2566 1786 Quanquam
2603 1716 2645 1770 si
2674 1716 2924 1770 divinare
2973 1715 3395 1786 essetanimus,
3431 1717 3756 1772 occurrebat

2108 1823 2148 1878 Β
2179 1802 2244 1840 ex
2276 1783 2451 1855 quinti
2482 1788 2664 1839 szeculi
2697 1788 3034 1878 auatoribus,
3069 1783 3161 1856 qui
3200 1788 3466 1878 idgenus
3494 1791 3753 1858 epistolas

2181 1867 2649 1925 conscripserunt,
2697 1872 2836 1910 unus
2883 1865 2936 1911 et
2987 1858 3144 1922 alter,
3191 1859 3274 1910 cui
3317 1872 3422 1910 non
3453 1860 3753 1921 incongrue

2182 1928 2367 1981 isthmc
2389 1927 2720 1980 tribueretur
2745 1928 2952 1980 :visum
2983 1937 3162 1980 tamen
3184 1939 3266 1979 est
3295 1930 3486 1990 satius,
3517 1929 3604 1980 illa
3633 1928 3750 1996 ipsa

2179 1996 2369 2056 lectori
2400 1998 2614 2050 erudito
2643 2007 2957 2064 argumenta
2993 2009 3318 2065 proponere.
3351 2011 3447 2063 per
3483 1999 3750 2064 quasiali-

2177 2068 2324 2136 ciere
2358 2082 2484 2120 usus
2508 2065 2717 2134 judicio
2749 2068 3205 2136 (quandoquidem
3268 2065 3577 2129 Hieronymi
3625 2085 3746 2120 cant

2178 2133 2285 2190 noti
2319 2152 2461 2198 esse,
2500 2133 2631 2190 satis
2671 2133 2890 2189 abunde
2945 2133 3278 2204 compertum
3335 2141 3461 2204 est).
3512 2138 3576 2190 de
3619 2155 3748 2190 vero

2176 2207 2294 2272 ejus
2331 2217 2554 2260 auctore
2581 2207 2870 2273 disqttirat.
2910 2205 3115 2259 Iudicat
3145 2219 3288 2260 totus
3315 2215 3625 2268 contextus.
3679 2217 3746 2260 ad

2175 2291 2297 2347 eum
2331 2279 2518 2340 scribi,
2549 2280 2792 2346 quicum
2821 2276 3001 2347 saeculi
3026 2277 3378 2347 dignitatibus
3399 2278 3589 2330 fuisset
3618 2293 3744 2347 per-

2177 2346 2419 2416 functus,
2477 2344 2669 2404 recens
2721 2347 2785 2399 ad
2835 2344 3039 2416 Christi
3101 2362 3161 2401 se
3208 2346 3368 2401 ﬁdem
3419 2344 3639 2416 recepit,
3686 2355 3740 2416 et

2175 2415 2446 2484 baptismo
2474 2417 2718 2471 initiatus
2742 2425 2847 2486 est.
2882 2415 3250 2486 Compellatur
3281 2418 3413 2471 adeo
3441 2415 3737 2472 nec’semel

2174 2502 2296 2539 eum
2321 2486 2544 2540 honoris
2567 2487 2741 2553 titulo,
2769 2485 3108 2540 Prudentium
3131 2495 3274 2540 tuam
3296 2502 3497 2552 precor,
3517 2497 3625 2542 etc.
3650 2488 3741 2554 Et,

2177 2555 2318 2622 Tibi,
2343 2556 2669 2627 honorabilis
2709 2571 2773 2610 ac
2793 2555 3131 2610 dilectissime
3169 2573 3384 2624 parens,
3419 2573 3512 2627 per
3551 2573 3736 2610 nouam

2173 2627 2402 2693 gratiam
2431 2629 2602 2681 omnis
2635 2625 2989 2695 lacrymarum
3009 2643 3174 2680 causa
3200 2630 3402 2680 detersa
3419 2625 3526 2680 est.
3547 2629 3609 2680 Et
3628 2639 3740 2682 sta-

2181 2696 2274 2748 tim
2325 2697 2502 2759 initio,
2549 2695 2630 2749 Ne
2675 2697 3111 2761 contemplatione
3160 2699 3541 2750 mediocritatis
3589 2713 3741 2761 mete,

2172 2765 2563 2836 [Ioniivtirerba
2589 2767 2870 2835 despicias,
2917 2782 3034 2835 qua:
3081 2767 3168 2834 pio
3201 2768 3388 2836 affectu
3433 2767 3547 2831 tibi,
3603 2783 3742 2821 nunc

2173 2833 2429 2890 Ecclesia:
2453 2833 2695 2904 parvulo,
2731 2839 2799 2888 ad
2836 2833 3210 2904 con-fovendam
3236 2833 3486 2906 infantia:
3535 2841 3740 2894 nauita:

2173 2915 2298 2970 tem,
2339 2908 2509 2959 lactea
2547 2909 2755 2960 interim
2789 2908 3154 2975 porriguntur.
3197 2907 3275 2960 Eo
3308 2910 3473 2961 etiam
3523 2909 3738 2971 recidit,

2171 2979 2314 3045 quod
2341 2978 2445 3030 sub
2480 2978 2641 3030 linem
2666 2978 2884 3041 dicitur,
2918 2979 3062 3042 [ilius
3097 2993 3114 3029 :
3155 2978 3335 3031 subdit
3372 2981 3518 3030 enim
3554 2989 3745 3032 auctor

2171 3047 2449 3111 continuo,
2484 3046 2598 3099 Nec
2624 3049 2695 3099 ad
2726 3047 2822 3100 hoc
2849 3049 3138 3112 loquimur,
3173 3056 3228 3099 ut
3265 3047 3524 3101 humanas
3557 3049 3743 3102 amici-

2172 3116 2276 3168 tias
2339 3131 2681 3184 aucupentur,
2740 3128 2849 3171 etc.
2913 3116 3131 3170 Videtur
3174 3121 3601 3172 et‘~tnonachum
3650 3121 3740 3171 ille

2171 3185 2414 3254 profiteri
2450 3188 2705 3251 voluisse,
2732 3197 2905 3255 pergit
2935 3188 3079 3240 enim
3113 3199 3322 3251 noster,
3368 3188 3478 3256 Ego
3507 3199 3556 3240 te
3587 3190 3740 3241 Clari-

2171 3256 2404 3328 stianunt
2430 3257 2552 3328 uolo
2569 3273 2807 3322 esse,non
2827 3257 3134 3310 monac/iuni
3153 3259 3333 3320 dici,et
3356 3261 3600 3311 virtutem
3615 3275 3743 3328 pro-

2167 3327 2296 3394 pria:
2312 3327 2701 3398 laudispouid:
2711 3344 2764 3380 re
2779 3331 2940 3397 magis
2962 3339 3116 3395 quam
3139 3345 3318 3380 nomen
3336 3331 3588 3396 alienum,
3607 3327 3742 3398 quod

2171 3401 2373 3466 [rustra
2404 3416 2434 3449 a
2469 3396 2673 3450 Latinis
2699 3402 2752 3450 in
2776 3396 2929 3450 turba
2962 3401 3403 3451 commorantibus
3431 3396 3740 3466 imponitur,

2171 3482 2289 3519 cum
2321 3484 2353 3520 a
2401 3467 2596 3520 Grauis
2627 3470 2864 3522 solitaria
2888 3468 3166 3521 viventibus
3191 3469 3417 3537 legitime
3445 3475 3743 3536 deputetur.

2171 3539 2411 3606 Tempus
2450 3541 2607 3608 quod
2645 3549 2879 3607 spectat,
2921 3541 3096 3606 quinti
3145 3540 3212 3593 ad
3262 3542 3422 3594 linem
3469 3549 3745 3608 Vergentts

2171 3611 2378 3674 StBCllll,
2410 3623 2533 3660 cum
2565 3607 2691 3672 alia“,
2728 3620 2838 3661 tum
2876 3609 3063 3661 isthaee
3113 3610 3316 3662 indicio
3367 3620 3497 3662 sunt
3555 3607 3589 3664 τί
3629 3609 3746 3661 l’in-

2171 3677 2324 3730 dicta:
2359 3679 2466 3730 dies
2505 3679 2870 3731 retributionis
2899 3680 3169 3732 imminens
3200 3695 3261 3731 ac
3291 3681 3489 3732 vicinus
3516 3695 3644 3742 esse,
3693 3689 3745 3732 ct

2172 3747 2352 3802 sicculi
2379 3749 2550 3802 ruinis
2573 3751 2804 3818 undique
2837 3753 3292 3815 concurrentibus,
3345 3760 3394 3804 et
3438 3750 3744 3816 Scriptura-

2173 3832 2291 3870 rum
2344 3820 2724 3889 contestatione
2763 3821 3043 3889 probatur.
3094 3820 3338 3888 Denique
3389 3834 3443 3874 et
3485 3822 3740 3874 nonnulla

2172 3898 2319 3953 sunt,
2351 3904 2472 3958 qua:
2502 3888 2868 3958 Palagianam,
2905 3907 3009 3958 qua
3035 3891 3302 3944 imbutum
3347 3891 3515 3944 fuisse
3554 3903 3744 3944 anetu-

2173 3958 2695 4021 rem,Bellarn.intis
2718 3965 3020 4025 Contendit,
3059 3963 3359 4015 doctrinam
3397 3961 3683 4014 suboleant
3724 3977 3740 4014 :

2171 4026 2312 4081 Dicit
2345 4030 2563 4096 aliquis,
2601 4031 2646 4082 si
2678 4039 2846 4085 totum
2875 4046 2938 4084 ea:
2963 4040 3148 4084 nostra
3180 4031 3356 4097 labore
3383 4040 3740 4099 exspectatur,

2170 4115 2292 4168 ergo
2316 4101 2492 4169 gratia
2523 4102 2656 4153 nihil
2703 4112 3114 4167 prastat........
3162 4102 3265 4156 Sed
3311 4106 3484 4171 gratia
3521 4101 3746 4171 quidem

2172 4174 2337 4238 gratis
2355 4183 2570 4235 peccata
2593 4173 2832 4235 dimittit,
2858 4172 2946 4224 sed
2969 4189 3084 4223 cum
3111 4185 3360 4226 cansensn
3395 4182 3442 4224 et
3477 4181 3745 4224 uotnntatc

2174 4241 2446 4294 credentis.
2481 4240 2613 4293 Tum
2647 4241 2796 4307 itl‘ud,
2832 4241 3067 4296 bcclesia
3100 4245 3273 4311 utique
3318 4258 3408 4294 nos
3445 4259 3649 4304 sumus,
3697 4243 3742 4292 si

2173 4321 2346 4362 tamen
2375 4328 2489 4364 sine
2520 4315 2640 4365 vitio
2658 4323 2707 4366 et
2737 4313 2968 4376 macula,
2996 4323 3050 4366 ut
3081 4314 3402 4381 pi'azcipitur,
3432 4314 3742 4366 riserinius.

2175 4381 2374 4445 Fallor,
2403 4393 2495 4436 aut
2525 4391 2644 4436 tneo
2683 4387 2866 4438 omnia
2917 4385 3182 4440 Faustum
3236 4381 3558 4452 llegleiisetn
3599 4384 3741 4437 desi-

2175 4464 2364 4524 gnant,
2413 4457 2502 4520 qui
2563 4463 2696 4524 teste
2756 4454 3056 4517 Gennadio,
3103 4471 3225 4524 cap.
3281 4456 3371 4517 85,
3427 4455 3740 4524 ejuscemodi

486 4518 732 4572 ret,qu:e
765 4515 897 4558 tunc
925 4503 1256 4568 infirmatur,
1290 4519 1412 4556 cum
1465 4504 1706 4558 exterior
1749 4509 2056 4558 roboratur.

2171 4503 2444 4589 ἴριέιυιὶιηῖ
2491 4503 2593 4574 ιυῐ
2616 4503 3252 4594 sitienti“illiciith
3285 4503 3406 4591 ’ῥιῖιι
3424 4503 3590 4578 ibin"
3612 4503 3744 4577 in];

488 4598 596 4652 Sed
622 4597 782 4652 istam
813 4611 974 4666 quant
1003 4595 1116 4650 dixi
1147 4598 1406 4663 animam,
1443 4595 1630 4658 morbo
1646 4597 1884 4649 stultitia:
1909 4597 2058 4648 vitia-

487 4699 618 4759 tam,
652 4691 962 4746 orationum
997 4701 1209 4747 tuarum
1246 4692 1618 4760 irequetttatus
1651 4701 1809 4744 sanet
1847 4707 1861 4744 :
1907 4691 2060 4760 cujus

485 4791 666 4840 anima
699 4784 880 4840 saeculi
915 4787 1232 4840 intemerata
1263 4782 1480 4851 ﬂagitiis
1501 4789 1680 4853 potest
1702 4781 1830 4837 aliis
1855 4781 2058 4836 subve-

486 4885 624 4936 nire.
665 4878 780 4935 Non
812 4881 958 4934 enim
999 4893 1137 4948 aeger
1165 4877 1358 4932 salutis
1417 4890 1529 4930 suae
1581 4876 1841 4929 adhibere
1883 4885 2061 4944 potest

459 4974 750 5028 \inedelam
779 4974 1130 5044 aegrotatione
1156 4968 1424 5024 cettfossis
1458 4985 1471 5021 :
1503 4979 1555 5021 et
1587 4968 1851 5021 anhelans
1879 4969 2060 5021 altitu-

487 5067 669 5122 dinem
701 5065 1372 5141 plagarum,.vulnerihus-
1393 5075 1499 5114 non
1554 5061 1801 5113 medetur
1844 5060 2057 5112 alienis.

488 5161 669 5216 Sanus
715 5162 806 5228 qui
853 5161 944 5224 sit,
1002 5168 1152 5212 certe
1199 5155 1412 5210 curabit
1465 5155 1762 5215 inﬁrmum,
1811 5153 2059 5205 oculatus

487 5271 686 5308 circum
708 5271 802 5324 per
833 5251 1131 5321 praecipitia
1159 5250 1329 5302 ducit.
1362 5247 1439 5299 Tu
1469 5246 1651 5313 itaque
1685 5255 1815 5297 utet
1846 5245 2059 5311 sapiens
2089 5309 2092 5312 .

487 5349 718 5403 Domino
740 5345 1003 5415 sttpplica,
1040 5353 1097 5394 ut
1118 5343 1260 5410 quod
1289 5355 1391 5392 non
1422 5339 1572 5408 sapni
1609 5338 1837 5406 sapiam,
1874 5347 1928 5389 et
1957 5340 2060 5390 tuis

487 5441 762 5509 snﬂragiis
791 5442 936 5492 velut
966 5437 1287 5505 qttibusdatit
1326 5431 1583 5486 retirediis
1618 5445 1704 5486 nte
1741 5432 1822 5483 fac
1853 5432 2059 5484 sanari.

486 5535 866 5602 Reprehendat
887 5529 1108 5598 aliquis,
1137 5529 1277 5596 quod
1307 5526 1358 5578 in
1381 5532 1594 5578 tantum
1623 5522 1926 5576 delectabili
1953 5523 2061 5575 dis-

486 5628 761 5692 putatione
789 5625 1170 5692 processerim,
1203 5627 1258 5671 ιιι
1291 5619 1606 5670 tneritnrum
1646 5631 1886 5669 ineorum
1924 5617 2057 5667 resi-

485 5719 805 5782 piscentiam
827 5730 930 5767 non
953 5715 1233 5775 haberem,
1264 5720 1354 5761 aut
1375 5709 1555 5761 subito
1578 5720 1860 5775 angustant)
1892 5706 2059 5776 Moysi

486 5812 800 5869 tatbedram
833 5809 1088 5877 indignus
1119 5805 1307 5859 talium
1341 5804 1649 5870 disputator
1697 5801 2054 5856 ascenderim.
2097 5827 2108 5838 -

1171 5897 1207 5910 κ

2160 4596 2282 4662 psit.

2728 4663 3063 4719 EPlSTOLA
3100 4664 3214 4720 VII.

2329 4753 2570 4810 Instituit
2603 4759 2832 4810 amicum
2867 4759 2921 4810 in
2944 4759 3162 4812 scientia
3193 4760 3386 4814 divinat
3414 4759 3564 4829 legis.

2235 4872 2278 4926 ι.
2321 4874 2806 4943 Praesumptionem
2856 4889 3030 4928 meam
3076 4889 3337 4932 excusare
3387 4891 3636 4945 conarer,
3691 4880 3743 4936 si

2163 4982 2250 5018 me
2305 4982 2412 5019 non
2449 4976 2503 5020 et
2534 4979 2748 5035 tempus
2795 4977 2848 5020 et
2887 4982 3072 5032 causa,
3129 4969 3402 5039 simulque
3454 4979 3744 5027 tuerentur

2161 5067 2218 5110 et
2247 5059 2492 5112 charitas
2527 5077 2539 5111 :
2573 5071 2628 5113 et
2653 5063 2696 5114 si
2721 5075 2864 5114 nunc
2895 5062 3114 5131 propria
3150 5065 3322 5133 magis
3357 5069 3517 5120 verba
3574 5083 3740 5137 quam

2163 5150 2343 5204 divina
2379 5152 2568 5204 vellem
2607 5151 2715 5206 tuis
2751 5153 2976 5207 auribus
3005 5156 3285 5210 intimare.
3325 5161 3553 5213 Accedit
3583 5163 3736 5214 insu-

2165 5263 2258 5314 per
2289 5248 2432 5316 quod
2469 5249 2776 5302 exhortatio
2812 5261 2999 5303 nostra
3054 5231 3217 5305 habet
3271 5269 3336 5306 ex
3387 5255 3741 5322 simplicitate

2163 5340 2440 5404 fiduciam,
2471 5349 2522 5391 et
2553 5355 2618 5394 ex
2647 5342 2876 5394 veritate
2891 5343 3148 5398 virtutem
3186 5363 3201 5399 :
3233 5345 3356 5410 quia
3395 5361 3499 5399 non
3529 5347 3595 5399 de
3633 5347 3741 5400 im-

2165 5433 2430 5486 tnunditia
2464 5444 2565 5495 est,
2620 5448 2797 5501 neque
2857 5441 2925 5488 de
2987 5415 3195 5500 errore,
3235 5437 3433 5506 ncque'
3466 5441 3532 5492 de
3565 5439 3689 5492 dolo
3724 5459 3737 5495 :

2128 5525 2264 5606 .hoc
2299 5525 2456 5593 plane
2496 5539 2821 5592 praemoneo,
2853 5544 2920 5578 ne
2956 5529 3415 5598 contemplatione
3457 5532 3739 5584 ιιίυιιὶοετι-

2167 5627 2290 5690 tatis
2327 5633 2478 5680 ιιιυὶιδ,
2519 5615 2730 5670 Domini
2768 5620 2928 5672 verba
2964 5623 3254 5689 desiiicias,
3287 5626 3511 5692 qtttepio
3539 5624 3741 5680 allecto

2166 5711 2283 5768 tibi,
2321 5725 2461 5761 nunc
2524 5709 2780 5764 Ecclesia:
2833 5719 3082 5780 parvulo,
3120 5716 3184 5768 ad
3224 5715 3620 5771 confovendum
3651 5717 3740 5784 itt-

2167 5802 2345 5856 fantia:
2373 5802 2698 5871 novitatem,
2733 5807 2905 5860 lactea
2952 5809 3169 5864 interim
3223 5817 3571 5884 porriguntur
3601 5813 3740 5866 :do-
