4056 6200
491 329 588 392 ill

1625 307 1681 364 S.
1725 309 1824 367 EU
1845 310 2029 369 ξΕΒῖἱ
2071 312 2263 372 lIlEB
2289 314 2513 375 )NYMI

3651 307 3747 374 112

493 443 629 508 tierl,
661 455 762 496 nec
793 441 884 495 alii
918 440 1119 495 homini
1159 450 1435 510 pateretur
1465 461 1476 494 :
1505 455 1632 509 rogo
1657 451 1715 496 ut
1739 443 1805 495 ad
1839 441 2059 496 institu-
2088 448 2137 506 Α
2169 446 2252 490 tur
2299 433 2470 503 (Psal.
2525 447 2561 497 ι.
2595 429 2649 500 ἓἶ)
2677 446 2690 483 ε
2727 427 2876 498 cui“!
2929 426 3144 512 animus
3180 422 3326 480 aliud
3363 417 3556 485 ηὲεείίι
3587 434 3748 490 (illam

485 533 654 587 tionis
675 531 1090 602 plenitudinem,
1121 530 1343 586 verbum
1369 529 1723 597 Domini,hoc
1750 540 1855 595 est,
1890 531 2069 584 Evan-

485 623 686 694 gelium
722 621 1036 692 diligentius
1070 622 1217 690 legas
1250 635 1356 680 :ex
1388 635 1496 692 quo
1523 620 1805 675 scientiam
1833 619 2066 688 amplio-

485 731 598 775 rem
623 714 738 783 ejus
773 728 935 783 quam
980 713 1258 768 credidisti
1299 714 1438 767 lucis
1469 711 1718 782 excipias
1740 755 1754 776 ,
1791 722 1850 766 ut
1885 712 2066 780 possis

483 809 538 864 in
559 806 812 861 onmiims
836 805 1000 861 nosse
1026 805 1154 874 quid
1184 805 1429 861 facturus
1457 807 1554 861 sis.
1579 804 1710 859 Nam
1727 809 1844 860 sine
1870 806 2067 858 divina:

481 897 617 969 legis
647 908 702 954 et
733 899 1039 967 disciplinae
1091 897 1338 952 caelestis
1387 897 1641 962 scientia,
1681 895 1900 951 dimcile
1942 912 2067 952 esse

479 1005 808 1062 quemquam
849 1006 1009 1059 posse
1046 990 1266 1056 salvari,
1318 1006 1423 1046 non
1480 1006 1654 1056 meus,
1694 991 1788 1045 sed
1847 991 2066 1043 divinus

481 1099 669 1139 sermo
706 1083 976 1151 probabit.
1003 1083 1094 1137 Ait
1125 1083 1294 1136 Isaias
1315 1083 1581 1152 propheta
1619 1081 1763 1146 :Qui
1794 1097 1897 1134 non
1931 1081 2068 1134 didi-

481 1174 612 1225 cerit
643 1173 918 1241 justitiam
957 1171 1074 1235 Dei,
1109 1174 1382 1225 veritatem
1419 1188 1520 1225 non
1553 1173 1707 1244 faciet
1743 1170 1885 1242 (Ita.
1911 1187 2062 1234 xxvi,

481 1261 535 1330 9,
580 1263 689 1333 l0).
723 1263 852 1316 ltem
885 1265 951 1316 de
997 1264 1096 1317 hoc
1149 1265 1268 1330 ipso
1305 1263 1360 1317 in
1415 1263 1555 1318 libro
1609 1261 1958 1332 Sapientiae:
1994 1261 2064 1314 Et

477 1357 595 1426 quis
647 1359 760 1410 erit
809 1347 1206 1410 consummatus
1245 1357 1380 1409 inter
1441 1356 1579 1424 ﬁlios
1634 1357 1904 1409 hominum
1938 1354 2063 1408 isi

491 1450 720 1520 abfuerit
773 1452 836 1502 ab
891 1449 982 1502 me
1025 1450 1286 1517 sapientia
1323 1448 1438 1514 Dei,
1484 1450 1540 1502 in
1593 1447 1818 1502 nihilum
1847 1463 2065 1516 compu-

479 1543 702 1598 tabitur.
745 1542 875 1594 ναιιὶ
924 1553 1046 1596 sunt
1078 1543 1216 1596 enim
1259 1558 1437 1595 omnes
1459 1542 1713 1607 homines,
1743 1541 1930 1610 quibus
1961 1555 2065 1593 non

479 1642 556 1688 est
626 1633 850 1686 scientia
905 1631 1032 1702 legis
1093 1631 1191 1686 Dei
1233 1632 1384 1703 (δίῳ.
1439 1647 1532 1696 vn,
1590 1632 1702 1702 19).
1766 1630 1920 1686 [inde
1963 1630 2066 1684 Do.

483 1727 667 1780 minus
691 1727 742 1778 in
788 1724 1076 1794 Evangelio
1129 1726 1194 1776 ad
1228 1740 1318 1778 eos
1345 1725 1437 1792 qui
1490 1725 1648 1778 aliter
1687 1739 1845 1792 quant
1882 1738 1940 1776 se.
1969 1737 2064 1776 ve-

2173 525 2445 580 sertnonis
2493 522 2583 577 Dei
2614 521 2826 589 eloquia
2860 527 3186 573 retractare.
3225 515 3438 582 Quanto
3464 530 3494 568 a
3535 523 3747 568 terrena

2172 617 2505 687 cogitatione
2533 613 2793 668 remotior
2823 624 2927 678 est,
2953 619 3107 665 tanto
3140 608 3249 664 Deo
3279 608 3510 662 vicinior
3535 615 3588 661 ct
3614 605 3748 661 caelo

2171 718 2276 763 est.
2314 707 2489 774 Quem
2530 720 2637 760 non
2672 705 2949 758 immerito
2981 703 3198 757 divinus
3243 716 3422 756 sermo
3456 707 3508 755 el
3543 699 3739 753 eollau-

2171 800 2293 864 dat,
2327 809 2382 855 et
2419 815 2545 853 vere
2579 797 2837 852 ditiorem
2901 795 3163 850 diiitibns
3225 795 3466 862 praefert,
3527 791 3714 845 dicens

2173 891 2374 946 Beatus
2439 895 2595 944 homo
2657 890 2748 960 qui
2786 889 2983 942 invenit
3042 886 3383 954 sapientium.
3433 883 3626 938 Melius
3673 889 3750 936 est

2169 988 2307 1042 enim
2333 1003 2452 1041 eam
2481 985 2732 1048 mercari,
2761 1000 2920 1054 quant
2971 983 3090 1035 auri
3116 992 3164 1034 et
3194 982 3398 1050 argenti
3432 986 3702 1034 thesauros
3737 1020 3750 1041 ,

2169 1079 2448 1149 pretiosior
2481 1089 2555 1130 est
2589 1077 2853 1144 lapidibus
2882 1076 3149 1147 pretiosis.
3178 1073 3308 1128 item
3342 1090 3355 1126 :
3381 1071 3544 1127 Omne
3567 1089 3751 1124 aurum

2170 1175 2224 1226 in
2255 1171 2655 1239 comparatione
2697 1168 2842 1223 illius
2879 1185 3040 1221 arena
3070 1179 3140 1236 cst
3173 1168 3460 1235 exigua,.et
3495 1176 3751 1233 tauquam

2171 1240 2336 1316 lutum
2399 1263 2794 1315 existimabitur
2840 1271 3117 1331 argentum
3175 1263 3240 1312 ab
3284 1260 3379 1311 illa
3451 1254 3633 1328 (Prov.
3670 1272 3751 1317 ιιι,

2173 1357 2239 1410 15
2276 1357 2466 1426 seqq)
2773 1343 2784 1348 κ

2242 1447 2332 1510 ιγ.
2381 1447 2488 1500 Sed
2525 1452 2650 1501 dum
2689 1449 2739 1499 iu
2784 1445 3165 1499 exhortatione
3208 1440 3495 1512 sapientiae
3545 1439 3751 1492 diutius

2171 1543 2529 1596 immorantur
2567 1559 2580 1595 :
2615 1557 2682 1594 ne
2727 1541 2851 1611 quis
2891 1539 3030 1594 forte
3087 1537 3362 1591 existimet
3397 1550 3509 1615 nos
3558 1545 3745 1589 contra

2168 1633 2508 1704 Apostolum,
2545 1637 2821 1688 doctorem
2877 1633 3008 1700 legis
3062 1629 3320 1700 praeferre
3374 1627 3596 1691 iaetori,
3651 1641 3751 1681 suo

2171 1727 2365 1780 ordine
2392 1727 2866 1796 respondebimus,
2899 1734 3154 1791 oportere
3205 1725 3359 1792 prius
3413 1735 3570 1775 nosse
3619 1718 3749 1788 quid

483 1821 619 1875 ritas
652 1820 868 1883 haheat,
899 1817 1243 1886 suspicantes
1275 1827 1456 1879 erant,
1492 1817 1776 1886 reSpoudit
1807 1835 1821 1871 :
1854 1815 2066 1870 Erratis
2097 1804 2144 1865 Β
2166 1819 2380 1889 jussum
2417 1821 2509 1885 sit,
2544 1819 2742 1890 quidve
2775 1818 3133 1888 prohibitura,
3165 1827 3223 1869 ut
3253 1818 3485 1869 scientes
3537 1823 3750 1864 utrtnn~

486 1911 776 1964 nescientes
817 1905 1129 1976 Scripturas
1160 1905 1378 1974 (Matth.
1432 1921 1565 1971 χιιι,
1593 1904 1685 1975 29)
1723 1923 1738 1960 :
1775 1907 2069 1960 ostendens

489 2003 542 2059 in
607 2017 818 2056 summa
880 2017 1059 2056 rerum
1098 2000 1417 2054 salutarium
1470 1999 1665 2053 nebula
1716 2008 1770 2053 et
1831 1998 2070 2071 tenebris

488 2095 819 2152 constitutos
883 2107 998 2155 eos,
1035 2091 1150 2160 qui"
1177 2090 1514 2160 spiritualem
1545 2090 1844 2155 lucernam,
1902 2091 1954 2144 id
1987 2099 2072 2144 est

487 2189 685 2244 divinae
737 2187 871 2255 legis
905 2186 1196 2239 scientiam
1232 2185 1432 2238 habere
1491 2183 1695 2238 nollent
1757 2196 2068 2237 accensam.

487 2281 658 2348 Quam
685 2281 902 2348 quidam
938 2278 1284 2348 repellentes,
1310 2293 1404 2347 per
1434 2275 1762 2345 Prophetam
1790 2291 1821 2330 a
1842 2275 2072 2330 Domino

489 2375 846 2446 repelluntur,
875 2373 1016 2427 sicut
1048 2371 1310 2440 scriptum
1347 2382 1432 2424 est
1461 2385 1477 2424 :
1505 2369 1642 2434 Quia
1693 2379 1749 2422 tu
1792 2369 2070 2421 scientiam

487 2465 750 2536 repulisti,
782 2459 1030 2530 repellam
1059 2470 1106 2513 et
1138 2475 1230 2529 ego
1271 2469 1318 2511 te
1348 2456 1505 2526 (Osee
1558 2472 1635 2521 tv,
1668 2458 1744 2524 6).
1778 2453 1942 2510 Nullo
1975 2454 2070 2522 igi-

490 2569 578 2612 tur
612 2556 770 2609 modo
795 2553 995 2620 passim
1028 2567 1127 2605 nos
1172 2563 1358 2605 nostro
1381 2549 1592 2618 judicio
1634 2548 2071 2611 committamus,

490 2667 556 2702 ne
594 2647 754 2702 nobis
787 2645 1056 2700 exclamet
1109 2643 1280 2696 Isaias
1317 2659 1330 2695 :
1373 2640 1463 2695 Va:
1500 2642 1590 2710 qui
1619 2642 1906 2710 prudentes
1947 2649 2071 2695 sunt

486 2737 630 2802 apud
665 2735 994 2804 semetipsos,
1031 2745 1077 2786 et
1115 2734 1167 2786 in
1198 2741 1478 2799 conspectu
1513 2747 1608 2784 suo
1639 2731 1795 2798 periti
1835 2727 1972 2799 (Isa.
2017 2743 2066 2795 ν,

487 2832 600 2900 2t).
637 2827 796 2884 Unde
825 2836 880 2882 et
902 2825 1103 2880 Paulus
1131 2825 1412 2895 apostolus
1445 2825 1521 2876 ait
1556 2841 1570 2878 :
1603 2823 1662 2877 Si
1691 2823 1809 2891 quis
1863 2823 1962 2876 sibi
1995 2821 2073 2876 υἰ-

409 2904 413 2908 1
487 2922 639 2977 detur
658 2919 872 2988 sapiens
903 2933 1014 2970 esse
1045 2917 1099 2970 in
1130 2916 1228 2970 hoc
1252 2915 1470 2980 saeculo,
1503 2915 1698 2968 stultus
1737 2916 1857 2982 ﬁat,
1897 2923 1954 2967 ut
2003 2914 2070 2966 sit

487 3014 696 3079 sapiens
727 3011 778 3083 (1
800 3009 926 3067 Cor.
949 3025 1030 3076 Ill,
1055 3008 1149 3080 38)
1171 3025 1187 3074 ;
1212 3007 1481 3078 sapientia
1505 3009 1650 3062 enim
1676 3000 1836 3076 huius”
1876 3007 2066 3061 mundi

485 3109 720 3166 stultitia
757 3116 843 3162 est
871 3105 1012 3174 apud
1051 3105 1246 3158 Deutu.
1305 3102 1530 3170 Propter
1575 3102 1720 3170 quod
1770 3101 1837 3154 ad
1885 3116 2066 3169 regem

487 3200 617 3272 Tyri
648 3201 866 3264 dicitur,
897 3198 1136 3251 humana
1168 3194 1433 3264 sapientia
1456 3195 1808 3264 gloriantem,
1838 3191 2066 3262 Sapien-

488 3272 565 3348 ies
579 3293 720 3346 enim
745 3307 849 3346 non
875 3291 1117 3344 erudient
1162 3297 1211 3342 te
1242 3302 1263 3342 :
1293 3289 1344 3342 id
1371 3298 1477 3352 est,
1505 3288 1770 3342 doctrina:
1802 3286 2068 3342 ctelesres

485 3395 543 3440 et
583 3383 853 3452 sapientia
886 3382 1000 3435 Dei.
1035 3380 1134 3434 Est
1181 3389 1236 3433 et
1276 3379 1549 3448 sapientia
1597 3379 1905 3444 hominum,
1963 3394 2069 3432 non

490 3489 751 3544 negamus
785 3473 923 3528 :sed
958 3487 1066 3526 una
1114 3473 1308 3526 suadet
1339 3472 1407 3528 ad
1453 3472 1642 3536 vitam,
1685 3471 1790 3526 alia
1843 3473 2073 3541 impellit

491 3569 558 3620 ad
609 3576 879 3629 mortem;
913 3567 1042 3634 quia
1093 3565 1364 3633 sapientia
1416 3563 1653 3618 humana
1681 3579 1799 3632 qua:
1839 3565 2070 3620 stultitia

397 3709 408 3717 .,
492 3659 934 3729 reprehenditur,
971 3667 1027 3712 et
1054 3657 1124 3712 ab
1149 3658 1406 3727 Apostolo
1439 3655 1646 3728 Spiritu
1668 3669 1858 3714 sancto
1882 3658 2074 3713 delini-

491 3762 603 3815 tur,
623 3749 788 3819 ianua
833 3751 1024 3806 mortis
1058 3760 1114 3804 ct
1178 3751 1404 3804 materia
1453 3750 1638 3804 aeterni
1692 3750 1946 3805 interitus
1980 3767 2074 3820 ap-

489 3847 778 3912 probatur.
811 3841 969 3898 Sicut
1011 3841 1277 3912 scriptum
1323 3851 1409 3896 est
1456 3843 1510 3897 in
1559 3841 1828 3912 Propheta
1857 3840 2072 3908 ,Sintul

490 3937 742 4006 insipiens
784 3947 834 3990 et
864 3935 1062 3990 stultus
1093 3934 1336 4005 peribunt
1362 3933 1534 4002 (Psal.
1571 3949 1720 4000 xm,
1769 3935 1880 4005 11).
1933 3934 2071 3989 Insi-

491 4030 648 4098 piens
673 4028 932 4099 qui.dixit
956 4028 1009 4081 in
1036 4027 1200 4082 corde
1233 4041 1368 4081 suo:
1393 4025 1511 4082 Non
1539 4038 1622 4082 eat
1656 4028 1909 4093 Deus;et
1943 4026 2074 4080 stul-

494 4134 580 4178 tus
609 4122 860 4193 quamvis
888 4119 1057 4175 Deum
1089 4135 1184 4174 ore
1215 4118 1449 4174 fateatur
1470 4121 1522 4172 iu
1545 4122 1765 4174 actione
1789 4121 2073 4187 prazscntis

493 4216 643 4278 vitat,
685 4214 736 4266 in
775 4223 1094 4281 perpetuum
1143 4225 1254 4264 non
1284 4211 1584 4280 prospexit,
1621 4211 1767 4264 sicut
1808 4211 2074 4279 scriptum

490 4315 576 4360 est
610 4301 842 4358 :Melior
869 4309 948 4355 est
1009 4316 1141 4370 puer
1195 4316 1396 4370 pauper
1427 4310 1478 4354 et
1508 4303 1740 4370 sapiens,
1764 4317 1927 4372 quam
1984 4316 2074 4355 rex

488 4398 684 4450 stultus
719 4409 766 4450 et
805 4409 962 4449 senex
985 4436 1002 4462 ,
1058 4394 1147 4460 qui
1183 4394 1345 4448 nescit
1401 4394 1454 4446 in
1493 4403 1762 4461 posterum
1797 4394 2076 4464 providere

2172 1928 2282 1982 que
2323 1927 2628 1967 servemus.
2671 1913 2922 1980 Alioquin
2976 1918 3106 1964 ante
3164 1907 3449 1962 scientiam
3507 1903 3750 1958 mandati

2171 2003 2510 2075 impossibile
2543 2013 2627 2057 est
2677 2018 2838 2057 nosse
2877 2002 3007 2072 quid
3041 2001 3154 2055 ﬁat.
3197 1998 3588 2064 ,Temerarium
3621 1997 3752 2048 satis

2173 2105 2279 2164 est,
2297 2097 2343 2152 si
2377 2107 2578 2152 nostra:
2601 2095 3086 2165 voluntatislegem
3121 2093 3276 2148 nobis
3308 2102 3563 2162 putenms
3589 2103 3750 2156 posse

2175 2188 2442 2255 sufﬁcere,
2476 2206 2598 2244 cum
2631 2189 2798 2243 etiam
2829 2188 3144 2257 Apostolum
3175 2187 3417 2256 legamus
3454 2183 3621 2236 fuisse
3651 2182 3752 2234 sub

2180 2281 2325 2349 lege,
2369 2281 2486 2345 ipso
2510 2281 2724 2334 dicente
2763 2297 2781 2333 :
2817 2279 2914 2333 His
2948 2280 3038 2348 qui
3070 2279 3180 2331 sine
3228 2277 3336 2346 lege
3380 2283 3554 2337 erant,
3597 2274 3754 2341 quasi

2176 2376 2288 2428 sine
2323 2374 2438 2442 lege
2464 2369 2654 2434 essem,
2687 2389 2808 2425 cum
2837 2373 2950 2425 sine
2983 2370 3094 2440 lege
3120 2369 3219 2422 Dei
3248 2383 3350 2421 non
3372 2382 3557 2428 essem,
3582 2365 3672 2418 sed
3699 2365 3754 2416 in

2175 2464 2286 2534 lege
2312 2461 2507 2517 Christi
2548 2479 2712 2517 essem
2740 2462 2788 2535 (1
2825 2463 2947 2516 Cor.
2979 2477 3070 2524 Διιι,
3099 2459 3180 2530 2).
3215 2458 3281 2514 Et
3312 2459 3439 2513 alibi
3466 2475 3481 2511 :
3521 2455 3753 2510 Invicem

2173 2571 2335 2610 onera
2371 2570 2545 2610 vestra
2596 2566 2825 2625 portate,
2875 2563 2923 2607 et
2947 2554 3022 2608 sic
3054 2553 3338 2622 implebitis
3369 2551 3530 2620 legent
3555 2547 3754 2602 Christi

2178 2645 2384 2717 (Galat.
2420 2661 2496 2711 vt,
2536 2645 2616 2714 2).
2645 2646 2745 2711 Qui
2781 2657 3009 2716 paterna
3041 2645 3246 2714 pietate
3273 2641 3473 2698 Christi
3501 2640 3752 2708 passione

2177 2737 2442 2807 redempti
2473 2745 2619 2803 sunt,
2651 2751 2704 2790 et
2734 2738 2824 2805 qui
2858 2737 2925 2790 ad
2958 2737 3061 2791 hoc
3085 2736 3346 2804 redempti
3385 2743 3536 2796 sunt,
3574 2743 3634 2784 ut
3667 2749 3753 2784 ic-

2174 2827 2478 2898 demptoris
2503 2827 2625 2898 jura
2669 2837 2953 2884 servantes
2995 2830 3062 2883 ad
3097 2827 3263 2882 vitam
3305 2843 3364 2882 se
3403 2825 3456 2879 in
3495 2826 3637 2880 eicio
3671 2843 3755 2878 re-

2175 2921 2408 2992 positam
2443 2931 2752 2991 praepareut
2785 2937 2800 2978 ξ
2837 2921 2906 2977 ad
2941 2936 3103 2992 quani
3131 2919 3398 2992 redempti
3441 2918 3573 2973 licet
3603 2919 3752 2972 nullo

2175 3013 2340 3068 modo
2377 3016 2664 3084 pervenire
2719 3016 2996 3080 dicantur,
3032 3014 3138 3068 nisi
3177 2991 3253 3067 ‘ea
3317 3026 3435 3081 quae
3491 3011 3751 3082 jubentu:

2175 3107 2426 3178 obsequii
2475 3108 2911 3177 competentibus
2958 3115 3350 3176 exsequantur,
3418 3107 3562 3162 sicut
3609 3106 3750 3160 scri-

2176 3206 2326 3266 ptum
2360 3207 2439 3252 est
2475 3196 2569 3252 :Si
2599 3197 2674 3252 vis
2717 3199 2786 3252 ad
2834 3199 2995 3252 vitam
3024 3199 3250 3268 ingredi,
3301 3213 3452 3252 serva
3493 3207 3753 3266 prwcepm

2178 3289 2394 3360 (Matth.
2429 3307 2542 3358 ιιι,
2578 3291 2687 3361 l9).
2725 3291 2826 3345 hoc
2853 3302 2958 3357 est,
2992 3291 3060 3347 ab
3089 3293 3237 3346 omni
3269 3291 3456 3346 illicito
3485 3306 3594 3360 quo
3633 3305 3750 3360 pro-

2177 3380 2399 3446 hiberis,
2439 3381 2680 3448 recedas,
2710 3391 2764 3437 et
2799 3383 2868 3438 ad
2908 3398 3071 3437 omne
3102 3383 3302 3438 bonum
3353 3382 3494 3450 quod
3521 3379 3751 3451 juberis,

2178 3484 2460 3541 promptus
2483 3472 2713 3526 accedas
2752 3491 2765 3527 :
2798 3487 2866 3526 ne
2901 3473 2954 3526 in
2991 3473 3235 3541 pristinis
3265 3473 3582 3527 vitiositatis
3617 3486 3752 3526 con-

2179 3564 2536 3632 cupiscentiis
2575 3580 2952 3634 perseverans,
3004 3567 3162 3622 [idem
3207 3583 3314 3637 qua
3352 3567 3630 3621 credidisti
3665 3583 3751 3620 ve-

2131 3729 2134 3732 .
2178 3661 2311 3714 teris
2343 3660 2552 3728 peccati
2593 3660 2826 3730 alicujus
2869 3661 3048 3716 adhuc
3091 3665 3300 3715 amore
3325 3675 3666 3728 corrumpas,
3703 3671 3754 3715 et

2177 3750 2383 3819 agnitio
2414 3749 2532 3814 Dei,
2566 3765 2684 3820 quae
2737 3767 2833 3819 per
2877 3767 3069 3805 novatn
3098 3751 3328 3821 gratiam
3367 3752 3602 3806 revelata
3648 3764 3753 3815 est,

2177 3857 2273 3912 per
2301 3842 2498 3897 delicta
2537 3844 2790 3911 violetur,
2820 3845 3034 3899 dicente
3071 3842 3377 3913 PrOpheta:
3412 3844 3754 3899 Mendacium

2175 3943 2224 3988 et
2255 3949 2358 3987 non
2398 3933 2529 4001 ﬁdes
2585 3934 2860 4003 prcvuluit
2893 3951 3052 4006 super
3078 3945 3272 3988 terram
3309 3952 3328 3990 :
3355 3937 3480 4005 quia
3521 3953 3554 3989 a
3598 3937 3754 3990 malis

2179 4026 2248 4080 ad
2279 4026 2426 4080 mala
2457 4028 2779 4080 transierunt
2802 4069 2817 4093 ,
2848 4039 2896 4082 et
2955 4045 3036 4080 nte
3080 4044 3186 4082 non
3217 4040 3594 4099 cognoverunt,
3625 4031 3754 4084 dicit

2178 4117 2651 4175 Dominus..Unde
2680 4129 2734 4174 ct
2763 4121 2954 4176 beatus
2999 4120 3275 4188 apostolus
3315 4118 3553 4194 Jpannes
3603 4123 3753 4188 paria

2180 4221 2430 4276 testatur,
2470 4211 2660 4267 dicens
2693 4231 2709 4268 :
2739 4213 2844 4279 Qui
2873 4213 3003 4266 dicit
3029 4229 3086 4267 se
3123 4228 3273 4268 nosse
3302 4214 3491 4281 Deum,
3524 4225 3570 4268 et
3599 4230 3754 4268 man-

2179 4307 2318 4358 data.
2348 4306 2463 4373 ejus
2494 4321 2596 4358 non
2627 4307 2879 4372 custodit,
2919 4309 3151 4361 mendax
3188 4317 3268 4362 est
3325 4311 3376 4362 et
3405 4311 3460 4362 in
3481 4308 3587 4362 hoc
3617 4310 3728 4363 veri
3745 4340 3751 4346 ε

2181 4405 2259 4450 tas
2301 4412 2405 4450 non
2444 4407 2522 4452 est
2549 4397 2604 4461 (1
2631 4397 2794 4452 Joan.
2827 4415 2889 4462 ιι,
2942 4401 3022 4470 4).
3069 4404 3134 4454 l-.t
3169 4403 3367 4456 iterum
3400 4418 3416 4456 :
3451 4401 3636 4456 Omnis
3665 4419 3758 4473 qus

493 4492 694 4562 (Eccle.
725 4507 795 4556 tv,
834 4490 953 4561 {5).
980 4489 1186 4544 Donum
1231 4488 1558 4558 estquidem
1606 4489 1808 4542 homini
1854 4487 2066 4558 sapere,
2100 4499 2150 4558 ι)
2176 4501 2378 4558 peccat,
2412 4507 2513 4544 non
2545 4492 2680 4545 videt
2731 4492 2918 4556 Deum,
2946 4509 3037 4548 nec
3064 4495 3304 4563 cognovit
3358 4510 3474 4548 eum
3511 4495 3559 4566 (l
3590 4494 3753 4549 loan.

491 4587 710 4657 sijuxta
736 4585 1050 4654 Scriptores
1092 4583 1158 4638 ad
1201 4582 1304 4637 hoc
1351 4581 1550 4650 Sttplal,
1587 4594 1641 4634 ut
1673 4583 2068 4650 providentiam

493 4682 688 4734 habeat
726 4678 1030 4731 futurorum
1071 4696 1082 4730 :
1121 4675 1464 4728 mortalitatis
1509 4683 1734 4737 statum,
1771 4690 1867 4744 per
1893 4673 2073 4742 quoti-

492 4773 578 4826 die
609 4769 958 4824 tnorientium
995 4764 1279 4818 hominum
1334 4765 1538 4837 exitus,
1579 4771 1634 4816 et
1675 4764 1840 4814 totius
1881 4759 2071 4814 sicculi

493 4862 752 4928 paulatim
793 4874 900 4930 per
931 4857 1257 4913 detrimenta
1306 4855 1539 4910 labentis
1567 4854 1781 4909 ruinam
1817 4847 2071 4908 conside-

488 4972 640 5010 rans.
673 4927 940 5008 Caeterum
966 4952 1010 5007 si
1046 4952 1169 5020 quis
1201 4958 1474 5020 usurpata:
1529 4949 1699 5003 semel
1754 4948 2074 5002 intentionis

491 5045 1002 5118 ducaturiutuitu:
1040 5053 1096 5098 et
1129 5055 1224 5097 sua
1275 5056 1334 5096 se
1381 5039 1582 5111 magis,
1626 5055 1786 5108 quain
1826 5039 1915 5095 Dei
1948 5039 2074 5092 velit

489 5141 1111 5212 gubernariscntentia,
1139 5137 1436 5204 divinaque
1458 5135 1574 5206 lege
1600 5133 1920 5203 postposita,
1950 5147 2074 5201 pro-

491 5234 604 5304 pria
637 5233 863 5288 consilia
896 5231 990 5288 Dei
1019 5229 1269 5286 consiliis
1300 5238 1619 5299 anteponat,
1660 5229 1800 5281 hanc
1841 5229 2072 5295 pr0phe-

491 5340 556 5383 tte
587 5327 878 5381 clamantis
913 5326 1103 5380 timeat
1131 5340 1320 5377 vocem
1359 5339 1374 5380 ;
1419 5321 1508 5376 Vtc
1551 5320 1961 5390 despicientibus
1997 5324 2071 5372 le-

487 5437 601 5490 gent
660 5419 871 5474 Domini
903 5417 1124 5490 (Jerem.
1165 5433 1362 5481 xxviii,
1404 5415 1496 5485 6);
1559 5417 1744 5478 tinmr,
1807 5415 1983 5476 fovea,
2016 5423 2070 5467 ct

489 5518 711 5580 laqueus
757 5527 920 5580 super
951 5526 1132 5572 eum.
1212 5509 1368 5563 Sicut
1404 5508 1583 5576 pluvia
1635 5509 1814 5562 valida
1867 5507 2074 5561 inutilis

485 5615 567 5657 cst
601 5619 616 5656 :
653 5605 722 5657 ita
750 5605 844 5672 qui
889 5603 1207 5671 relinquunt
1242 5605 1438 5670 legem,
1463 5601 1686 5654 laudant
1717 5601 2027 5668 impietates
2055 5617 2068 5652 :

486 5700 577 5761 qui
613 5705 796 5750 autent
819 5695 1051 5763 diligunt
1079 5697 1272 5764 legent.
1303 5692 1650 5748 circumdant
1687 5693 1789 5746 sibi
1824 5709 2066 5748 mttt'tttn.

487 5789 676 5842 Beatus
708 5787 784 5842 vir
817 5787 906 5858 qui
937 5788 990 5840 in
1033 5787 1144 5858 lege
1185 5785 1410 5841 Domini-
1429 5785 1512 5840 die
1561 5797 1820 5856 noctuque
1849 5789 2073 5842 medita-

2174 4597 2258 4647 ιιι,
2285 4583 2363 4652 6).
2402 4583 2464 4638 Et
2493 4593 2924 4654 peccatumnon
2965 4587 3018 4640 in
3071 4603 3177 4642 uno
3213 4597 3425 4642 tantum
3473 4591 3756 4642 mandato.

2177 4691 2295 4730 rum
2338 4692 2558 4747 genere,
2609 4679 2703 4732 sed
2751 4680 2805 4733 in
2839 4692 3067 4750 utroque
3105 4682 3375 4737 consistit.
3404 4681 3602 4737 Pereat
3633 4684 3750 4750 qui-

2175 4768 2297 4822 dem
2333 4769 2422 4822 ille
2451 4771 2541 4839 qui
2597 4770 2862 4840 imperata
2903 4773 3227 4842 neglexerit,
3286 4774 3380 4829 sed
3413 4773 3534 4843 plus
3565 4787 3752 4843 peccat

2175 4861 2264 4928 qui
2301 4861 2584 4914 interdicta
2621 4877 2724 4914 non
2747 4875 2960 4916 servat.
3001 4863 3282 4918 Sacriﬁcia
3317 4873 3372 4917 et
3416 4872 3538 4917 vota
3569 4879 3753 4929 repro-

2175 4951 2447 5006 babuntnr
2477 4953 2837 5019 oblationem,
2873 4955 2987 5020 nisi
3027 4970 3193 5026 purus
3236 4964 3291 5010 et
3333 4965 3554 5010 sanctus
3590 4954 3755 5008 fuerit

2175 5043 2391 5098 animus
2421 5044 2738 5100 oﬂerentis:
2773 5056 2826 5099 et
2850 5046 3254 5102 immaculatum
3274 5049 3509 5104 hostiam
3542 5047 3756 5102 faciunt

2179 5135 2448 5203 indignam
2483 5135 2778 5204 praecordia
2812 5139 3107 5200 maculata,
3138 5141 3348 5193 dicente
3373 5137 3608 5193 Domino
3635 5155 3650 5192 :
3693 5138 3754 5192 Si

2173 5230 2331 5297 o/fer’s
2375 5246 2564 5283 munus
2601 5239 2747 5304 tuum
2801 5233 2870 5283 ad
2902 5230 3096 5295 altam,
3149 5241 3198 5284 et
3263 5231 3375 5286 illis
3443 5221 3758 5285 recordatus

2175 5325 2338 5388 [ueris
2377 5324 2500 5390 quia
2550 5325 2721 5390 [rater
2773 5331 2892 5376 tuus
2925 5323 3078 5377 habet
3125 5325 3326 5393 aliquid
3373 5331 3628 5378 adversus
3683 5336 3752 5384 le.

2178 5418 2407 5482 relinque
2467 5419 2575 5478 illic
2636 5433 2823 5468 munus
2885 5431 3057 5483 tuum,
3115 5428 3220 5473 etc.
3275 5417 3493 5488 (Matth.
3530 5433 3580 5477 v,
3636 5417 3760 5488 2s)-

2175 5509 2332 5562 Omni
2365 5509 2639 5564 oblatione
2675 5521 2726 5562 et
2765 5509 2940 5564 hostia
2974 5511 3261 5579 pretiOsior
3312 5481 3752 5579 obtemperatiti.

2177 5601 2588 5664 mandatorum,
2647 5603 2863 5657 dicente
2906 5604 3170 5672 propheta
3209 5622 3221 5656 :
3259 5603 3392 5658 Ecce
3437 5607 3582 5662 diri).
3637 5607 3761 5658 abe-

2175 5691 2376 5743 dientia
2402 5691 2586 5744 melior
2616 5706 2687 5745 cst
2718 5710 2875 5758 quam
2911 5681 3142 5756 riciima,
3178 5707 3226 5746 et
3249 5695 3542 5754 obanditio,
3598 5715 3760 5760 quau.-

2178 5787 2337 5842 adeps
2383 5787 2608 5839 arietum
2646 5785 2693 5852 (1
2743 5787 2874 5858 lteg.
2932 5804 3020 5852 xv,
3065 5779 3176 5858 :12).
3219 5787 3280 5843 lit
3316 5791 3447 5845 alibi
3483 5807 3496 5846 :
3527 5787 3764 5846 Initia.“
