4054 6206
261 375 370 440 113
1258 379 1629 460 ERlS’I‘OIA
1672 380 1807 442 VII.
1877 381 1973 442 DE
2016 381 2283 445 DlVlNA
2332 387 2548 452 LEGE.
3435 389 3537 455 ιτι

257 498 412 550 bona:
439 496 536 550 sic
561 497 738 565 facere
770 498 942 569 iussa,
977 507 1095 572 qut'e‘
1126 472 1335 570 accepta
1361 512 1483 556 sunt
1518 502 1662 571 apud
1690 499 1854 554 Deum
1880 498 1934 561 Α
1959 501 2026 555 ab
2060 504 2314 560 hmnanis
2356 507 2611 563 sensibus
2643 521 2739 578 per
2770 515 3009 563 nostram
3061 506 3389 579 imperitiam
3431 510 3541 562 dis-

260 591 439 657 magis
474 605 636 658 quam
690 592 970 648 immolare
1020 595 1221 648 hostias
1285 587 1465 666 (Prou.
1502 610 1614 658 xu,
1672 594 1746 656 5).
1787 593 1854 647 Et

261 679 394 732 alibi
439 680 594 744 :Qui
622 695 902 738 conservat
927 685 1115 756 legem,
1163 687 1479 756 multiplicat
1531 687 1854 740 oblationem

267 769 470 839 (Eccii.
516 789 569 836 ι..
601 775 714 846 15).
751 775 1090 832 Sacriﬁcium
1132 779 1370 835 salutare
1417 787 1537 844 est,
1571 777 1852 850 attendere

269 865 567 933 mandatis,
605 877 658 922 et
689 869 970 925 discedere
997 872 1065 924 ab
1100 871 1248 925 omni
1291 871 1599 940 iniquitate,
1627 880 1680 925 et
1721 885 1852 940 pro-

272 959 618 1028 pitiationem
667 960 830 1016 litare
882 961 1139 1018 sacriﬁcii
1188 977 1354 1032 super
1404 963 1690 1033 iujustitia.
1734 961 1850 1017 Non

270 1053 428 1106 nobis
461 1053 696 1107 blandiri
758 1053 1024 1110 debemus
1060 1055 1298 1110 inl‘actis
1343 1057 1644 1124 jussorum,
1696 1055 1742 1110 si
1795 1055 1854 1111 in

270 1144 675 1213 prohibitorum
696 1148 1185 1217 transgressionem
1207 1161 1648 1217 peccemus,cum
1675 1158 1854 1203 trans-

269 1238 577 1306 gressionis
615 1240 829 1294 crimen
865 1239 1139 1295 benefacti
1167 1240 1424 1294 meritum
1481 1240 1653 1295 tollat.
1697 1239 1852 1306 Quod

273 1340 381 1380 non
419 1327 528 1380 mei
560 1343 757 1383 sensus
784 1330 1039 1395 assertio,
1070 1329 1166 1385 sed
1195 1330 1483 1401 utriusque
1509 1330 1850 1387 Testamenti

270 1419 526 1488 exempla
586 1421 818 1490 probant
850 1441 865 1477 :
898 1421 988 1477 ubi
1029 1423 1340 1479 invenimus
1372 1425 1540 1480 etiam
1591 1425 1685 1482 Dei
1719 1426 1858 1480 ami-

274 1527 370 1567 cos
404 1513 472 1566 ob
511 1515 675 1570 unius
701 1525 1047 1582 contemptus
1087 1531 1355 1584 errorem,
1386 1519 1657 1574 bonorum
1683 1530 1859 1576 retro-

278 1605 551 1660 faetornm
591 1608 1026 1662 muniﬁcentiam
1061 1608 1386 1676 perdidisse.
1418 1610 1510 1665 Sic
1532 1609 1706 1665 Adam
1734 1625 1854 1666 cmn

275 1697 497 1752 diabolo
524 1697 683 1753 facile
719 1699 950 1754 credidit
1002 1700 1306 1769 sedueenti,
1356 1713 1480 1773 post
1514 1701 1860 1758 familiarita-

282 1797 386 1841 tem
419 1798 475 1842 et
498 1789 826 1859 colloquium
866 1793 983 1859 Dei,
1012 1793 1174 1850 unius
1200 1794 1347 1850 domi
1377 1795 1673 1864 cupiditate
1699 1811 1859 1866 supe-

281 1891 455 1946 ratus,
492 1883 733 1952 perdidit
765 1887 1097 1954 paradisum,
1149 1898 1204 1943 et
1256 1889 1383 1958 quia
1417 1904 1513 1959 per
1551 1901 1856 1960 transgres-

284 1975 494 2027 sionem
548 1991 716 2030 unum
778 1977 985 2034 habere
1039 1983 1410 2052 praesumpsit,
1473 1983 1639 2038 multa
1695 1983 1858 2039 simul

284 2065 424 2118 bona
467 2068 650 2122 amisit
681 2067 834 2138 (Gen.
886 2071 948 2139 ι).
989 2070 1080 2127 Sic
1132 2089 1265 2127 uxor
1297 2072 1440 2129 Loth
1478 2086 1598 2145 post
1641 2074 1860 2146 angelo-

281 2174 400 2212 rum
427 2163 714 2230 obsequia,
751 2176 942 2218 COtIlt'u
971 2165 1320 2221 interdictum
1348 2162 1505 2222 retro
1538 2169 1858 2238 rcSpieiens,

280 2251 333 2303 in
364 2252 683 2320 ﬁgmentum
712 2256 841 2309 salis
880 2265 1101 2324 repente
1155 2267 1362 2312 mutata
1408 2270 1490 2314 est
1535 2259 1686 2326 (Gen.
1744 2275 1856 2327 XIX,

277 2344 394 2412 2'6).
426 2344 520 2399 Sic
573 2347 820 2400 Satticias
851 2352 1039 2404 eadem
1081 2351 1187 2415 die,
1217 2366 1322 2420 qua
1345 2339 1624 2407 'tnirahiliu
1660 2354 1861 2410 fecerat

278 2438 453 2507 gratia
487 2442 815 2509 prOphelali,
848 2459 876 2495 a
905 2443 1063 2498 leone
1085 2445 1328 2518 dejectns
1359 2447 1623 2502 occiditur
1651 2447 1704 2519 (1
1733 2449 1857 2519 Reg.

278 2531 424 2602 Mil).
458 2532 550 2587 Sic
582 2533 991 2592 infelicissimus
1023 2517 1212 2605 ludas,
1243 2550 1363 2608 post
1391 2517 1672 2596 electionis
1699 2517 1864 2598 nter-i-

279 2635 416 2686 tum,
449 2636 566 2692 post
597 2628 875 2697 signorum
918 2631 1182 2699 gloriam,
1223 2644 1344 2702 post
1375 2636 1724 2702 apostolicam
1771 2637 1858 2690 di-

275 2717 561 2786 gnitatem,
608 2721 818 2790 exiguae
852 2724 1006 2793 stipis
1041 2740 1229 2780 amore
1257 2729 1546 2796 deceptus,
1573 2729 1656 2782 cui
1692 2730 1863 2784 tribu-

278 2811 366 2864 nal
413 2815 833 2880 promittebatur
897 2819 949 2872 in
984 2820 1145 2884 malo,
1206 2821 1401 2890 laqueti
1433 2832 1628 2891 captus
1674 2834 1758 2877 e31
1803 2823 1858 2876 in

280 2911 425 2954 terra
459 2901 685 2969 (Matth.
731 2923 861 2971 xxv,
891 2909 968 2978 5).
1015 2911 1082 2965 Et
1120 2927 1186 2966 ne
1220 2914 1377 2968 nobis
1427 2930 1522 2983 per
1557 2916 1862 2970 alienarum

277 2996 625 3052 solummodo
671 3013 849 3053 rerum
883 3005 1299 3060 fraudulentiam
1352 3011 1649 3077 periculum
1681 3011 1862 3064 immi-

281 3105 414 3144 nere
469 3105 744 3160 puteinus,
786 3097 1206 3152 retniniscaniur
1254 3101 1519 3154 Ananiam
1569 3109 1623 3156 et
1667 3101 1863 3172 Saphi—

1957 607 2146 666 crepat
2177 599 2356 653 divina
2389 603 2678 668 sententia,
2709 611 2768 655 ut
2800 602 2956 657 nobis
2988 601 3258 657 interdum
3292 601 3536 657 cmlestis

1949 688 2156 758 judicis
2179 693 2638 762 dispensationem
2666 695 3058 756 nescientibus.
3094 695 3292 764 iniusta
3316 694 3538 748 videan-

1959 787 2064 842 tur,
2111 795 2230 848 quze
2273 797 2370 849 per
2416 797 2705 837 causarum
2749 785 3031 838 scientiam
3085 783 3230 852 juste
3296 784 3430 838 satis
3482 793 3538 838 et

1957 879 2102 925 recte
2126 871 2265 926 facta
2295 873 2634 941 probantur?
2661 875 2893 929 Rursum
2931 891 2993 930 ea
3027 890 3149 944 quae
3178 886 3364 930 nostro
3387 875 3535 946 judi-

1955 963 2041 1015 cio
2067 963 2201 1017 bona
2235 967 2556 1034 probantur,
2579 967 2718 1036 apud
2750 966 2918 1021 Deum
2953 967 3273 1036 plerumque
3306 970 3533 1037 reproha

1954 1062 2010 1109 et
2075 1055 2286 1126 ingrata
2347 1055 2625 1114 videntur.
2653 1057 2789 1124 Quis
2837 1059 3002 1113 hodie
3070 1058 3242 1127 patris
3305 1057 3538 1112 Abrahae

1953 1148 2230 1218 exemplo,
2268 1151 2550 1204 innoxium
2609 1152 2796 1206 volens
2859 1151 3027 1206 lilium
3065 1152 3387 1216 trucidare,
3439 1153 3540 1206 hu-

1958 1255 2122 1302 mano
2172 1240 2382 1311 judicio
2417 1257 2524 1296 non
2576 1243 2897 1299 crederetur
2947 1243 3216 1299 insanus?
3249 1243 3288 1296 Ε
3322 1254 3539 1309 contra,

1956 1330 2080 1400 quis
2118 1332 2171 1385 in
2195 1340 2340 1386 tactu
2376 1346 2518 1387 arca:
2537 1331 3013 1388 divinaeimitatus
3047 1336 3215 1389 Uitam
3249 1333 3533 1388 hominum

1958 1426 2225 1480 sententia
2257 1425 2656 1480 damnaretur?
2694 1425 2994 1496 EpiscOpus
3035 1424 3397 1496 Ephesiorum
3450 1440 3542 1480 an-

1959 1515 2112 1585 gelus
2140 1515 2195 1570 in
2227 1516 2552 1589 Apocalypsi
2585 1527 2954 1588 nuncupatus,
2987 1517 3076 1588 qui
3107 1533 3270 1573 causa
3302 1517 3542 1572 nominis

1957 1609 2164 1664 Christi
2195 1611 2509 1678 passionum
2535 1613 2826 1666 multarum
2856 1613 3050 1666 merita
3082 1612 3225 1665 intra
3256 1595 3547 1665 conscien-

1963 1701 2092 1756 tiam
2141 1703 2434 1769 retiuebat,
2467 1704 2594 1774 quia
2647 1705 2700 1760 in
2741 1705 2875 1774 ipsis
2911 1703 3262 1773 passionibus
3305 1720 3334 1756 a
3367 1703 3544 1771 primo

1961 1795 2393 1851 conversationis
2421 1797 2634 1850 fervore
2670 1806 2943 1865 tepuerat,
2976 1811 3099 1852 cum
3133 1797 3367 1850 calorem
3405 1810 3544 1864 pau-

1963 1886 2131 1940 lulum
2165 1896 2545 1958 temperasset,
2580 1890 2648 1941 ad
2690 1889 3074 1957 penitentiam
3109 1899 3420 1952 revocatur,
3454 1887 3541 1941 di-

1960 1988 2121 2033 Cente
2181 1978 2682 2050 Scriptura:Novi
2741 1997 2903 2050 opera
2954 1990 3068 2044 tua,
3123 1989 3173 2033 et
3227 1979 3545 2048 patientiam

1963 2083 2132 2135 tuam,
2159 2082 2206 2125 et
2230 2073 2354 2142 quia
2392 2083 2538 2143 potes
2569 2075 2832 2128 sustinere
2871 2074 3039 2128 malos
3073 2091 3090 2127 :
3119 2075 3208 2127 sed
3248 2072 3414 2126 habeo
3448 2072 3547 2124 ud-

1960 2179 2138 2219 uersus
2181 2176 2230 2220 te
2281 2183 2474 2235 pauca,
2531 2169 2659 2237 quia
2715 2169 3028 2221 rltaritatem
3081 2176 3226 2220 tuam
3267 2168 3546 2236 pristinam

1961 2258 2240 2326 reliquisti.
2279 2258 2536 2314 Memento
2576 2268 2713 2314 unde
2739 2261 3022 2327 excideris,
3053 2269 3102 2315 et
3139 2275 3240 2328 age
3286 2259 3543 2329 paeniten-

1963 2353 2094 2404 tiam
2137 2349 2324 2422 (Apoc.
2360 2369 2421 2416 tt,
2453 2353 2508 2417 2,
2558 2353 2610 2420 '5,
2641 2353 2695 2422 ι,
2722 2353 2804 2425 5).
2835 2353 3260 2409 Consideremus
3312 2364 3547 2422 quantus

1962 2455 2125 2496 casus
2182 2442 2254 2496 sit
2313 2453 2517 2498 temere
2566 2445 2988 2511 contemnentis,
3021 2459 3147 2498 cum
3195 2451 3344 2496 tanta
3381 2442 3540 2495 ruina

1962 2549 2087 2590 esse
2119 2527 2319 2590 dicitur
2348 2536 2402 2590 in
2457 2535 2784 2604 negligentia
2813 2537 3176 2608 obsequentis
3209 2551 3226 2594 ;
3256 2533 3337 2590 vel
3380 2551 3544 2604 quam

1962 2624 2374 2684 damnationem
2407 2639 2737 2696 excepturos
2766 2630 3044 2684 credimus
3075 2644 3216 2684 esse
3239 2615 3546 2688 indevotos.

1963 2705 2095 2773 cum
2144 2731 2344 2774 tantam
2404 2722 2884 2791 exprobrationem
2935 2725 3168 2778 devotus
3220 2719 3542 2792 exceperit?

1963 2810 2228 2880 Tepidutn
2261 2814 2587 2881 discipulum
2634 2831 2743 2869 non
2793 2824 2938 2869 amat
2969 2815 3255 2871 Christus.
3287 2813 3391 2881 Qui
3419 2813 3532 2868 vult

1964 2923 2110 2959 meus
2135 2907 2427 2976 discipulus
2468 2925 2602 2972 esse,
2641 2911 2738 2971 ait,
2769 2910 2987 2980 abneget
3026 2912 3366 2979 semetipsum
3417 2909 3540 2975 sibi,

1963 3003 2013 3046 et
2041 2994 2194 3048 tollat
2251 3013 2459 3050 crucem
2483 3014 2637 3052 suam
2669 3009 2717 3052 ct
2751 3013 3004 3069 sequatur
3043 3017 3123 3054 me
3165 2998 3385 3071 (Matth.
3434 3015 3543 3060 nt,

1962 3085 2083 3156 24).
2128 3086 2342 3156 Oportet
2377 3105 2465 3144 vos
2493 3107 2584 3160 per
2614 3090 2814 3144 multas
2836 3091 3202 3145 tribulotiones
3239 3091 3462 3144 introire
3491 3090 3547 3142 in

281 3197 422 3248 ram,
465 3199 572 3238 non;
606 3187 672 3238 de
704 3187 876 3240 aliena
931 3191 1164 3258 ερρειίιει
1203 3193 1454 3262 pecunia,
1508 3194 1604 3249 sed
1653 3195 1721 3250 de
1764 3210 1860 3249 sua
1888 3199 1933 3258 α
1969 3195 2184 3250 regnum
2215 3183 2462 3234 caelorum
2508 3183 2650 3251 (Act.
2673 3198 2780 3247 HV,
2803 3183 2918 3254 ‘21).
2951 3183 3104 3238 Beati
3149 3186 3272 3238 estis
3303 3199 3423 3236 eum
3457 3198 3544 3236 vos

283 3277 474 3331 timide
504 3289 718 3348 erogata
755 3282 1038 3337 damnatos
1091 3286 1233 3353 (Act.
1279 3301 1332 3348 v,
1387 3286 1463 3356 5).
1534 3288 1687 3357 Rogo
1739 3299 1863 3358 post

285 3379 363 3422 tot
385 3368 737 3438 documenta,
770 3385 825 3426 et
859 3384 934 3428 tot
965 3387 1187 3441 mortes,
1223 3381 1366 3434 unde
1389 3380 1440 3434 iu
1477 3381 1634 3436 nobis
1662 3384 1860 3439 crescit

286 3462 588 3531 impunitas
646 3465 1041 3537 delinquendi?
1101 3470 1236 3537 Quis
1278 3472 1366 3528 hic
1423 3477 1863 3545 praesumptionis

284 3554 533 3623 spiritus,
565 3561 654 3626 qui
678 3570 880 3614 tantam
902 3563 956 3618 in
981 3565 1162 3619 animo
1191 3578 1378 3621 nostro
1406 3578 1666 3638 operatur
1693 3567 1861 3625 auda-

283 3647 453 3711 ciam,
494 3659 552 3702 ut
605 3665 726 3704 cum
783 3663 1000 3709 sanctos
1054 3657 1310 3713 homines
1337 3661 1401 3713 de
1439 3661 1644 3717 levibus
1695 3666 1858 3718 etiam

283 3739 461 3807 culpis
488 3741 769 3798 videamus
803 3762 924 3801 esse
961 3749 1201 3816 punitos,
1260 3762 1316 3806 et
1360 3768 1456 3807 nos
1509 3756 1753 3824 quotidie
1807 3759 1858 3811 ιιι

285 3829 585 3913 majoribus
632 3844 687 3885 et
749 3835 998 3901 pluribus
1051 3839 1454 3909 delinquentes,
1513 3853 1750 3898 aeternos
1804 3845 1856 3898 in

283 3922 460 3975 media
495 3925 842 4004 damnatione
877 3928 997 3984 fore
1027 3931 1341 3988 credamus.

355 4014 417 4068 V.
453 4018 774 4085 Quanquam
839 4020 966 4089 lere,
1007 4040 1284 4093 nunquam
1351 4028 1443 4092 sit,
1472 4027 1637 4081 Deum
1689 4029 1854 4082 etiam

283 4111 335 4161 in
368 4111 566 4180 exigua
597 4123 970 4175 contemnere,
1009 4118 1099 4183 qtti
1150 4136 1255 4172 non
1288 4131 1495 4174 tantum
1532 4122 1595 4174 ad
1625 4122 1860 4190 qualita-

285 4213 393 4257 tem
426 4208 634 4271 peccati
683 4210 922 4278 respicit,
956 4211 1048 4265 sed
1081 4211 1147 4266 ad
1186 4228 1430 4280 persona:
1465 4223 1858 4284 contemptum.

282 4296 515 4365 PfOplOl'
551 4299 694 4367 quod
729 4301 937 4355 homini
984 4319 1090 4354 non
1121 4304 1300 4357 solum
1337 4303 1725 4358 intendendum
1757 4315 1860 4370 est,

283 4393 444 4458 quale
477 4393 544 4445 sit
570 4394 712 4459 quod
740 4395 982 4459 julietnr,
1013 4396 1105 4448 sed
1141 4406 1377 4464 quantus
1409 4397 1480 4451 sit
1522 4398 1610 4452 ille
1637 4400 1728 4467 qui
1769 4401 1860 4466 ju-

263 4485 396 4557 .bet.
450 4483 774 4538 Excluditttr
815 4487 926 4540 hoc
966 4489 1083 4541 loco
1134 4489 1373 4554 vulgaris
1427 4490 1513 4544 illa
1567 4494 1861 4557 sententia,
1899 4527 1938 4581 ο

283 4592 388 4644 qua
419 4577 576 4640 mihi,
597 4593 698 4632 suo
729 4578 934 4646 judicio
973 4581 1236 4650 religiosi,
1274 4590 1329 4636 et
1364 4583 1454 4650 qui
1490 4587 1766 4654 sapientes
1788 4587 1863 4638 si-

278 4669 454 4722 bimet
519 4668 792 4737 videnlur,
827 4671 1010 4726 dicere
1062 4673 1280 4728 solent:
1341 4675 1556 4730 Suflicit
1609 4679 1782 4742 nobis,
1810 4691 1866 4733 ut

284 4777 392 4813 non
433 4761 740 4816 criminalia
777 4774 1002 4832 peccata
1035 4773 1088 4818 et
1126 4767 1330 4835 majora
1376 4767 1660 4834 faciamus,
1691 4770 1866 4825 facilis

279 4863 370 4905 est
420 4852 570 4906 enim
602 4855 830 4909 omissio
886 4855 1157 4908 minorum
1206 4857 1553 4914 delictorum.
1591 4861 1692 4925 Qui
1737 4863 1863 4915 dum

280 4946 512 5001 animali
566 4947 833 5015 sapientia
891 4960 1164 5017 occupant
1227 4953 1459 5015 animos,
1522 4935 1863 5022 spiritualem

278 5043 699 5113 intelligentiam
735 5054 790 5096 et
816 5046 1265 5100 consuetudinem
1301 5047 1498 5102 divitia:
1539 5047 1672 5119 legis
1709 5050 1863 5118 igno-

275 5145 585 5205 rant:_qu;e
611 5150 753 5202 saepe
791 5148 1076 5204 peccatum
1105 5139 1366 5199 ostendit.
1394 5143 1536 5210 quod
1571 5143 1726 5197 nobis
1756 5160 1861 5198 non

279 5227 504 5281 videtur
537 5243 662 5283 esse
692 5240 973 5298 peccaturi]
1003 5241 1098 5283 :et
1124 5247 1245 5300 qua:
1278 5232 1384 5285 illic
1423 5233 1674 5300 pietatem
1715 5234 1863 5300 facit,

283 5324 379 5375 niti
419 5337 518 5375 nos
550 5306 686 5390 opus
719 5321 1012 5392 impietatis
1057 5325 1415 5380 ostendimus.
1446 5327 1572 5378 Saul
1609 5339 1662 5380 et
1708 5326 1864 5381 Josa-

283 5416 422 5483 phat
459 5430 609 5484 reges
663 5413 883 5469 fuerunt
923 5417 1104 5484 pepuli
1142 5416 1328 5484 lsracl,
1363 5430 1416 5472 et
1465 5421 1593 5473 dum
1651 5422 1866 5476 miseri-

281 5511 532 5562 eordiam
589 5509 677 5564 bis
724 5526 860 5579 quos
930 5511 1070 5564 Dens
1100 5511 1313 5576 ode-rat,
1347 5516 1736 5584 praestiterunt,
1773 5516 1865 5571 Dei

281 5606 551 5660 olfetisant
606 5605 658 5659 in
701 5622 866 5674 opere
911 5607 1129 5674 pietatis
1161 5610 1469 5662 incurrunt.
1501 5608 1540 5661 Ε
1585 5612 1868 5666 contrario

280 5698 547 5763 Ριιὶιιεθς,
575 5701 779 5770 ﬁliique
824 5699 978 5767 Levi,
1007 5701 1238 5771 gratiam
1287 5702 1380 5756 Dei
1430 5703 1664 5758 humana
1715 5705 1867 5761 caede

281 5803 342 5846 et
369 5808 596 5848 suorum
642 5793 939 5863 parricidio
999 5800 1332 5847 meruerunt.
1369 5788 1542 5848 Vides
1596 5806 1862 5867 quantum

1964 3273 2336 3327 maledixerint
2389 3275 2643 3338 homines,
2675 3286 2720 3328 et
2764 3277 3023 3344 persecuti
3061 3277 3277 3348 fuerint,
3302 3287 3348 3328 et
3389 3275 3538 3327 dixe-

1963 3367 2068 3418 rint
2101 3383 2250 3420 omne
2275 3367 2474 3420 malum
2500 3372 2748 3423 adversus
2775 3386 2862 3424 vos
2887 3386 2906 3425 .'
2936 3373 3160 3441 gaudete
3190 3385 3234 3423 et
3257 3371 3537 3434 exsultate.

1961 3458 2085 3527 quia
2120 3474 2314 3512 merces
2348 3477 2521 3515 vestra
2564 3461 2733 3516 multa
2763 3473 2836 3516 cst
2871 3463 2926 3514 in
2958 3463 3097 3514 εωίὶδ
3135 3460 3350 3529 (Μαιιιι.
3385 3478 3436 3524 v,
3458 3460 3546 3524 ll,

1969 3551 2080 3622 te).

2039 3644 2129 3700 Vl.
2169 3644 2390 3700 Futura:
2445 3647 2566 3701 vitae
2606 3646 2771 3716 gloria
2837 3649 3117 3714 praesentis
3177 3650 3297 3701 vita:
3336 3648 3544 3701 incont-

1967 3740 2141 3794 modis
2198 3749 2566 3808 comparatur.
2603 3742 2925 3795 Christianis
2957 3741 3151 3794 vexilla
3184 3741 3367 3794 erucis
3407 3750 3540 3794 sunt

1965 3835 2173 3889 delicia:
2226 3855 2239 3890 :
2299 3846 2498 3908 trepaaa
2539 3846 2736 3889 nostra:
2798 3840 2922 3889 vitae
2977 3852 3082 3890 non
3129 3836 3400 3904 pompis,
3443 3836 3538 3889 sed

1969 3929 2204 3982 miseriis
2264 3938 2628 3998 reportentur.
2658 3927 2716 3981 ln
2774 3943 2959 3982 nostra
2996 3931 3170 3982 cluese
3217 3929 3317 3982 viri
3373 3928 3544 3983 fortes

1967 4020 2255 4089 Opprobria
2288 4019 2467 4075 sciunt
2517 4029 2754 4088 portare,
2786 4035 2894 4073 non
2939 4034 3183 4074 munera.
3213 4019 3547 4088 i’aupertati,

1911 4103 1916 4108 ’
1968 4131 2078 4170 non
2138 4115 2430 4179 nobilitati,
2473 4113 2779 4168 futurorum
2841 4114 3116 4166 beatitudo
3181 4115 3542 4182 promittitur.

1973 4207 2223 4262 Retrahit
2260 4209 2474 4276 quidem
2520 4209 2843 4262 verecundia
2891 4217 3218 4280 senatorem,
3253 4221 3319 4260 ne
3355 4221 3552 4272 sequa-

1971 4316 2056 4356 tur
2109 4317 2401 4370 pauperem
2440 4300 2748 4366 Christum,
2787 4301 2879 4354 sed
2935 4299 3122 4358 audiat
3191 4317 3219 4352 a
3277 4297 3542 4355 Christo:

1975 4393 2077 4458 Qui
2109 4389 2188 4447 me
2215 4394 2467 4462 canimus
2489 4393 2674 4462 fuerit,
2705 4403 2754 4446 et
2802 4407 2916 4446 mea
2946 4397 3097 4445 verba
3125 4393 3176 4446 in
3211 4393 3547 4462 generatione

1972 4487 2068 4540 Itur.
2095 4487 2338 4539 adulteru
2379 4479 2428 4539 et
2467 4488 2757 4555 peccatrice
2793 4504 2805 4540 :
2843 4495 2892 4538 et
2936 4483 3108 4538 Filius
3154 4488 3377 4562 hominis
3413 4503 3546 4539 con-

1971 4580 2152 4645 fundet
2182 4595 2296 4630 eum
2321 4579 2375 4630 in
2411 4578 2582 4648 gloria
2611 4576 2796 4630 Patris
2835 4579 2915 4630 sui
2955 4595 3072 4632 cum
3100 4579 3302 4648 angelis
3348 4583 3546 4634 sanctis

1973 4669 2163 4737 (Μαι-ε.
2191 4685 2306 4733 vni,
2339 4671 2453 4734 58).
2491 4669 2670 4738 Turpe
2718 4679 2803 4723 est
2851 4671 2993 4724 inter
3025 4683 3284 4738 parentes
3333 4682 3550 4727 senato—
3583 4721 3594 4728 ..

1974 4777 2061 4814 res
2093 4775 2257 4830 atque
2307 4765 2716 4830 grammaticos,
2750 4761 3160 4828 scholasticum,
3195 4759 3292 4832 pro
3327 4763 3546 4818 Christo

1974 4854 2274 4909 voluntaria
2323 4855 2631 4908 humilitate
2662 4856 2955 4924 dejectutn,
2997 4857 3176 4912 verbis
3209 4857 3546 4926 simplicibus

1973 4964 2095 5002 esse
2129 4955 2470 5002 contentum.
2507 4947 2759 5017 Displicet
2797 4949 3010 5014 amicis,
3046 4949 3090 5003 si
3129 4961 3247 5018 post
3274 4948 3548 5004 ambitiosi

1973 5043 2194 5098 habitus
2253 5042 2486 5106 cultum,
2553 5042 2761 5110 plebeia
2827 5053 2883 5094 et
2944 5044 3199 5111 ignobilia
3229 5044 3546 5098 indumenta

1974 5148 2273 5190 mutentur.
2337 5134 2440 5190 Sed
2482 5135 2528 5188 si
2585 5135 2886 5189 hominibus
2941 5137 3148 5204 placere
3188 5137 3412 5201 vellent,
3473 5137 3551 5189 ait

1970 5231 2286 5300 Apostolus,
2320 5228 2519 5283 Christi
2549 5246 2728 5283 servus
2786 5245 2890 5283 non
2940 5246 3099 5282 essem
3127 5228 3328 5299 (Gulat.
3364 5244 3402 5292 ι,
3437 5227 3545 5296 l0).

1971 5324 2038 5380 Et
2097 5325 2367 5392 Propheta
2426 5327 2477 5392 in
2541 5325 2748 5394 psalmo
2784 5343 2797 5378 :
2833 5325 3099 5392 Quoniam
3153 5324 3287 5376 Deus
3321 5325 3546 5390 u’issipat

1971 5437 2089 5474 ossa
2146 5435 2349 5483 eorum,
2389 5421 2479 5488 qui
2522 5419 2822 5473 hominibus
2860 5418 3069 5487 placent
3103 5433 3121 5470 :
3149 5416 3353 5485 confusi
3401 5427 3547 5484 sunt,

1971 5516 2223 5587 quoniam
2263 5516 2401 5570 Deus
2443 5517 2638 5586 sprevit
2669 5531 2755 5569 eos
2793 5514 2972 5584 (Ps-al.
3009 5529 3124 5574 Ltll,
3151 5514 3228 5580 (5).
3273 5512 3544 5578 Quantutn

1971 5615 2223 5681 bonaest
2256 5611 2492 5663 humana
2523 5609 2774 5674 ollensio,
2810 5623 2906 5677 per
2939 5622 3101 5676 quam
3131 5607 3404 5659 irwenilur
3428 5620 3548 5658 ser-

1973 5705 2114 5758 vitus
2142 5704 2344 5759 Christi
2375 5721 2388 5759 :
2418 5715 2626 5757 tantum
2671 5700 2982 5772 perniciosa
3016 5709 3100 5754 est
3135 5700 3394 5768 amicitia,
3426 5714 3545 5769 qua:

1973 5803 2064 5861 Dei
2105 5810 2324 5876 prrcstat
2355 5799 2641 5866 offensam,
2681 5801 2823 5856 sicut
2855 5797 3119 5868 scriptum
3152 5805 3235 5852 est
3271 5813 3284 5852 :
3327 5795 3425 5866 Qui
3453 5807 3547 5851 vae
