4054 6206
520 374 614 437 ιῖ5

1658 344 1663 349 “
1713 342 1769 409 S.
1814 342 2122 404 EUSERli
2168 345 2613 409 illEilONYMI
3120 352 3141 390 ‘

3667 351 3766 416 ll6

464 544 468 553 ,
503 485 661 539 luerit
693 481 899 539 amicus
927 479 1044 549 ﬁeri
1077 480 1236 549 hujus
1300 477 1505 543 tumuli,
1537 472 1783 533 inimicus
1822 476 1916 531 Dei
1951 492 2075 531 con-
2112 480 2154 536 Α
2187 475 2554 532 Mercenarius
2606 474 2790 533 saeculi
2818 487 2924 529 non
2970 479 3149 543 potest
3194 467 3447 541 accipere
3492 468 3781 538 praemium

507 572 754 627 stituetur
779 569 1017 639 (Jac.tv,
1050 568 1129 633 5).
1163 568 1315 623 Dicat
1346 567 1721 636 unttsquisque
1746 567 1891 635 quod
1923 565 2086 620 velit:

404 711 415 731 ,
507 678 638 731 ergo
671 662 885 717 inierint
918 660 987 717 de
1015 675 1102 715 me
1135 674 1235 730 pro
1259 673 1455 715 sensus
1496 658 1601 713 mei
1643 659 1912 728 parvitate
1936 658 2087 729 judi-

506 755 625 825 cavi
653 753 846 815 melius
872 766 993 815 esse
1007 749 1266 809 confundi
1295 764 1475 805 coram
1508 747 1890 816 peccatoribus
1921 761 2090 813 super

510 860 736 910 terram,
761 860 924 923 quam
972 858 1156 901 coram
1207 843 1418 910 angelis
1451 843 1663 897 sanctis
1697 840 1757 896 in
1800 839 1964 905 coelo,
2006 838 2087 891 rei

509 939 819 1006 ubicunque
861 935 1130 1007 judicium
1181 950 1341 991 suum
1398 933 1658 988 Dominus
1728 930 1962 987 voluerit
1998 932 2093 983 de.

496 1041 835 1085 monstrare.
894 1029 1063 1083 Isaias
1111 1029 1195 1080 vir
1235 1027 1289 1081 in
1334 1040 1428 1081 sua
1476 1019 1640 1098 gente
1688 1022 2087 1098 nobilissimus,

509 1122 599 1189 qui
625 1135 783 1174 socer
816 1120 973 1194 regis
1004 1119 1252 1174 Ezechiae
1298 1117 1465 1173 fuisse
1484 1096 1768 1183 vrel‘ertur,
1796 1096 1967 1185 jussu,
1989 1113 2081 1169 Dci

509 1213 758 1289 deposito
788 1212 972 1267 cilicio
1005 1211 1181 1269 nudus
1223 1211 1425 1279 incedit
1456 1229 1470 1265 :
1505 1224 1605 1265 nec
1637 1216 1747 1263 tam
1770 1206 1931 1265 ardui
1951 1222 2091 1278 prato

505 1305 649 1374 Ct'pli
686 1305 894 1374 pudore
935 1302 1231 1358 deterritus
1266 1311 1373 1365 est,
1433 1301 1735 1371 quominus
1783 1298 1877 1353 Dei
1917 1299 2091 1367 impe-

509 1396 646 1448 rium
678 1405 1005 1462 sequeretur
1034 1413 1050 1451 :
1083 1395 1212 1466 quia
1259 1394 1392 1449 nihil
1422 1393 1710 1449 honesnus
1749 1406 1871 1446 esse
1904 1374 2100 1445 homiJ

508 1486 584 1551 ni,
627 1500 789 1555 quam
843 1485 1099 1541 Creatori
1127 1499 1227 1541 suo
1259 1498 1473 1561 parere,
1492 1481 1811 1552 judicabat.
1850 1476 2089 1539 Joannes

506 1593 725 1647 quoque
768 1576 1032 1647 Baptista,
1062 1577 1266 1633 nobilis
1296 1584 1351 1643 et
1386 1570 1450 1630 in
1480 1576 1646 1629 carne
1679 1562 1743 1630 et
1786 1574 1839 1628 in
1885 1573 2086 1642 spiritu

504 1668 956 1732 natus.cilicium
1001 1683 1029 1722 a
1074 1668 1306 1738 pueritia
1363 1669 1417 1722 in
1464 1667 1730 1733 habitum,
1755 1670 1810 1723 et
1841 1664 2088 1723 locustae

506 1761 744 1836 elegitin
785 1762 965 1839 cibum
996 1776 1014 1815 :
1044 1760 1139 1831 qui
1180 1774 1287 1815 nec
1338 1759 1547 1829 peccati
1588 1758 1948 1825 conscientia,
1985 1772 2086 1814 nec

507 1852 846 1921 paupertatis
896 1852 1104 1927 inopia,
1143 1851 1211 1907 ad
1264 1851 1425 1920 hujus
1468 1840 1699 1922 gloriam
1738 1852 1942 1918 niteris,
1995 1850 2088 1906 sed

506 1944 621 2000 sola
650 1944 814 2001 futuri
852 1943 1039 2000 saeculi
1098 1930 1435 2001 beatitudine
1475 1943 1817 1999 trahebatur.
1843 1940 2089 2012 Apostoli

505 2050 612 2103 )am
638 2016 882 2105 sperant,
913 2044 966 2089 et
998 2035 1176 2099 adhuc
1210 2034 1363 2088 stulti
1391 2043 1446 2088 et
1478 2033 1696 2088 inutiles
1722 2041 1777 2086 et
1806 2031 1994 2087 tenuis
2027 2031 2091 2084 ii-

505 2128 589 2180 dei
650 2135 975 2197 arguuntur,
1010 2124 1135 2181 Non
1167 2138 1288 2181 sunt
1318 2108 1592 2197 condigita’
1613 2124 1885 2191 passiones
1932 2123 2091 2191 hujus

506 2218 753 2289 temporis
785 2220 854 2273 ad
885 2222 1126 2288 futuram
1155 2218 1387 2295 gloriam
1407 2234 1524 2289 qua:
1548 2215 1875 2272 revelabitur
1910 2215 1967 2269 in
1998 2229 2094 2268 no-

507 2315 588 2368 bis
617 2313 794 2384 (Rom.
828 2326 949 2382 Vm,
985 2313 1094 2384 l8).
1151 2296 1284 2368 lude
1311 2311 1537 2378 Paulus,
1574 2312 1735 2368 oculo
1766 2308 1964 2368 mentis
1997 2309 2094 2365 fu-

432 2412 453 2419 '
508 2417 628 2460 tura
677 2406 1097 2480 contemplans,
1143 2404 1363 2460 dicebat
1400 2390 1574 2471 :Quis
1605 2420 1700 2459 nos
1740 2405 2010 2472 separabit
2059 2421 2094 2459 a

508 2499 770 2575 rhaoritate
805 2496 1023 2566 Christi,
1086 2495 1387 2560 tribulatio,
1426 2513 1498 2552 an
1530 2498 1834 2575 angustiis,
1872 2513 1943 2552 an
1979 2498 2097 2565 per-

508 2572 729 2658 erratio,
763 2607 835 2649 an
860 2590 1059 2661 fontes,
1084 2606 1156 2645 an
1192 2589 1509 2659 periculum,
1530 2572 1625 2643 ⁸(ιιι
1657 2591 1869 2657 gladius
1926 2590 2094 2663 (Ibid.

508 2680 796 2751 δωιιιιοε
845 2680 1089 2750 pericula
1138 2696 1245 2736 non
1299 2688 1722 2752 scparant,‘nos
1768 2681 2093 2752 voluptates.

510 2773 588 2829 ltli
619 2784 842 2829 catenas
890 2773 1133 2844 hajulaut
1179 2773 1503 2843 innocentes
1541 2788 1687 2831 :nos
1744 2788 1936 2829 aurum
1986 2773 2098 2829 eir-

511 2854 1220 2921 cuml'eritntts'ct'intittosi.
1257 2864 1351 2927 llli,
1399 2866 1453 2919 in
1496 2865 1814 2921 carceribus
1874 2865 2092 2929 vincti:

512 2972 615 3013 nos
654 2958 708 3012 in
738 2958 995 3031 tricliniis
1031 2958 1273 3013 delicati.
1312 2957 1391 3012 llli
1423 2958 1479 3013 in
1516 2973 1684 3013 nerro
1729 2952 1889 3028 positi
1925 2957 2096 3014 Deum

515 3065 655 3119 puro
678 3049 841 3106 corde
865 3062 919 3103 et
941 3051 1158 3106 sincera
1189 3050 1523 3120 cogitatione
1553 3048 1835 3105 laudantes
1865 3068 1880 3105 :
1912 3064 2017 3104 nos
2042 3050 2097 3103 in

2196 568 2428 626 Christi.
2469 566 2661 624 Omnis
2690 567 2845 622 miles
2872 567 2926 620 in
2976 564 3174 620 castris
3208 563 3335 635 jure
3380 570 3563 632 sperat
3604 572 3780 617 anno-

2196 651 2463 732 nam,'qui
2497 661 2716 716 fortiter
2744 659 2798 714 in
2826 656 3019 729 praelio
3054 655 3397 727 procivjbtts
3421 652 3783 708 laboraret-it.

2199 756 2404 826 Dignus
2454 753 2782 825 quidem'est
2821 750 3098 820 operarius
3141 750 3379 803 mercede
3408 762 3507 801 sua
3542 743 3696 815 (Luc.
3724 758 3815 810 x,«

2194 849 2249 915 7)
2275 866 2287 902 :
2319 847 2417 902 sed
2441 857 2495 902 et
2522 846 2629 902 hoc
2655 845 2879 915 dignum
2907 849 3013 905 est,
3042 839 3120 895 ut’
3138 843 3269 896 inde
3299 840 3580 917 prmium
3599 838 3783 906 operis

2193 941 2449 1012 accipiat,
2485 937 2574 994 ubi
2608 937 2769 993 totius
2792 949 3015 1007 operam
3048 934 3255 993 laboris
3284 930 3569 1001 impendit.
3600 928 3772 983 Nemo

2193 1031 2431 1085 militans
2470 1026 2605 1094 Deo,
2643 1025 2889 1098 implicat
2919 1042 2975 1080 se
3019 1024 3244 1094 negotiis
3291 1019 3641 1077 simulat-ibus
3666 1018 3693 1074 ἒ
3724 1029 3783 1072 ut

2194 1122 2405 1194 placeat
2441 1123 2509 1186 ei,
2545 1116 2635 1174 citi
2663 1136 2731 1194 se
2754 1110 2991 1188 probavit
3017 1113 3105 1185 (II
3140 1113 3279 1171 Tim.
3321 1129 3384 1177 ιι,
3411 1111 3498 1183 4),
3532 1109 3782 1194 ᾼροειοιί

2194 1190 2296 1273 rex
2326 1221 2429 1266 est.
2456 1210 2624 1279 _Unde
2654 1190 2792 1263 satis
2826 1210 2992 1264 timeo
3036 1221 3106 1263 ne
3152 1206 3293 1259 forte
3323 1204 3376 1261 in
3417 1203 3504 1258 illa
3546 1192 3784 1259 retribu-

2194 1304 2361 1361 tionis
2392 1303 2499 1365 die,
2534 1317 2640 1372 qua
2664 1309 2810 1355 .ante
2864 1282 3106 1355 tribunal
3139 1295 3342 1351 Christi
3373 1294 3664 1360 unicuique
3693 1307 3785 1349 se-

2198 1398 2442 1454 cundum
2509 1412 2608 1451 sua
2669 1395 2809 1448 facta
2860 1390 3190 1449 reddendum
3249 1395 3383 1445 est:
3429 1387 3514 1441 bis
3573 1387 3665 1455 qui
3726 1385 3779 1440 in

2201 1490 2442 1549 terrenis
2478 1488 2651 1559 magis
2694 1485 2947 1558 negotiis.
2987 1499 3148 1555 quam
3182 1483 3255 1543 in.
3281 1481 3595 1539 cmicstibus
3626 1480 3779 1537 labo~

2194 1589 2476 1651 raserunt,
2499 1581 2637 1655 justi
2663 1578 2868 1650 judicis
2912 1576 3270 1647 responsione
3323 1574 3536 1633 dicatur
3572 1588 3589 1629 :
3620 1572 3701 1629 lte
3731 1574 3780 1627 si

2192 1679 2423 1747 potestis
2460 1693 2476 1734 :
2507 1684 2566 1731 et
2615 1675 2725 1732 illic
2778 1673 2871 1728 ubi
2940 1682 3051 1727 tota
3111 1668 3398 1727 devotione
3452 1665 3779 1725 serrivistis.

2202 1771 2511 1829 mercedem
2539 1771 2734 1825 vestra:
2758 1759 3473 1833 servitutis,esigite..Talis
3503 1772 3665 1814 causa
3700 1765 3782 1812 est

2201 1864 2474 1934 virginum
2531 1862 2599 1917 de
2652 1859 2968 1923 Evangelia“
3007 1856 3253 1926 quinque
3323 1852 3784 1934 stultarum,qnze

2196 1929 2341 2017 dum
2360 1948 2729 2006 sollicitudine
2753 1947 3099 2004 saecularium
3127 1938 3458 2007 vanitatum,
3492 1955 3552 1997 se
3578 1929 3779 1996 'coutra

2194 2042 2558 2116 professionis
2608 2054 2719 2097 suae
2751 2040 2998 2095 ordinem
3042 2044 3398 2102 occuparunt,
3429 2031 3609 2089 oleum
3643 2029 3784 2085 unde

2194 2128 2388 2197 rerum
2438 2135 2623 2192 lumen
2658 2118 3043 2195 accenderent,
3081 2144 3193 2186 non
3230 2129 3516 2192 habentes,
3540 2125 3595 2183 in
3627 2133 3780 2181 tene-

2201 2229 2315 2285 bris
2349 2236 2758 2284 remanserunt.
3316 2237 3322 2243 ·
3446 2292 3451 2299 _

2268 2318 2386 2377 Vll.
2415 2320 2522 2376 Sed
2565 2320 2700 2375 dicit
2737 2316 2984 2388 aliquis:
3024 2316 3130 2374 lsta
3183 2314 3430 2386 exempla
3464 2314 3533 2368 ad
3577 2326 3804 2382 paucos.

2195 2414 2493 2495 pertinent,
2521 2427 2661 2482 quos
2691 2410 2835 2468 Deus
2857 2410 2924 2466 ad
2958 2410 3064 2481 hoc
3092 2409 3374 2478 peculiare
3415 2405 3655 2463 ofﬁcium
3684 2405 3781 2459 de-

2199 2505 2418 2577 legavit,
2446 2504 2573 2574 quia
2605 2504 2867 2574 scriptum
2901 2511 3025 2557 est:
3053 2500 3212 2557 Multi
3245 2512 3370 2557 sunt
3398 2497 3593 2564 vocati,
3621 2496 3783 2566 pauci

2196 2613 2317 2653 vero
2347 2596 2497 2653 electi
2520 2578 2734 2665 (Manli.
2767 2609 2902 2661 xxii,
2943 2594 3057 2666 M).
3088 2591 3206 2651 Hoc
3253 2592 3489 2661 primum
3533 2603 3782 2658 quaerere

2199 2707 2227 2746 a
2259 2703 2311 2748 te
2343 2700 2399 2747 et
2431 2688 2624 2747 audire
2651 2690 2799 2755 volo,
2823 2689 3072 2761 quisquis
3107 2672 3166 2747 es
3204 2687 3295 2754 qui
3332 2687 3436 2742 ista
3468 2683 3727 2756 proponis
3762 2699 3782 2744 ξ

2199 2785 2244 2840 si
2271 2784 2438 2854 ipsius
2470 2783 2563 2840 Dei
2596 2784 2793 2839 electio
2822 2791 2930 2845 est,
2966 2778 3123 2849 cujus
3151 2788 3237 2834 est
3281 2785 3338 2833 et
3381 2776 3616 2841 vocatio,
3651 2776 3782 2846 quid

2198 2874 2371 2929 voluit
2393 2873 2580 2943 plures
2621 2885 2838 2937 vocare,
2865 2871 2956 2941 qui
2990 2884 3207 2939 paucos,
3245 2866 3316 2922 de
3369 2865 3615 2937 pluribus
3660 2873 3781 2921 erat

2200 2966 2521 3021 electurus?
2543 2962 2704 3022 Certe
2742 2964 2810 3018 de
2844 2963 3057 3017 duobus
3087 2959 3292 3015 vocatis
3316 2958 3470 3014 illum
3501 2957 3587 3013 vis
3612 2965 3779 3019 stare.

2202 3076 2389 3132 quem.
2418 3058 2564 3115 Deus
2614 3056 2887 3112 electione
2934 3053 3245 3109 statuerit:
3289 3060 3346 3108 et
3393 3051 3546 3107 illum
3588 3060 3780 3105 contra

516 3143 633 3213 ipsa
676 3145 817 3197 l'orte
859 3142 1097 3198 ecclesia
1146 3142 1211 3219 de
1238 3139 1547 3197 forensibus
1582 3140 1871 3197 calumniis
1903 3141 2096 3209 cogita-

2203 3153 2420 3213 cadere.
2455 3165 2614 3221 quem
2640 3149 2798 3223 Deus
2831 3147 3124 3202 electionis
3163 3145 3366 3201 virtute
3398 3158 3502 3199 non
3550 3142 3779 3199 muniat.

521 3250 641 3288 ntus
666 3250 683 3300 ;
724 3243 780 3289 et
818 3250 938 3288 cum
966 3214 1218 3288 omnibus
1248 3232 1531 3303 aequaliter
1554 3232 1689 3301 legis
1714 3233 1838 3286 data
1873 3233 1945 3286 sit
1972 3249 2094 3303 gra-~

518 3328 618 3391 tia,
650 3330 921 3399 gelienna,
958 3342 1054 3384 seu
1089 3327 1214 3382 cteli
1254 3341 1415 3397 regna
1449 3310 1731 3399 promissa
1758 3324 1996 3385 sint,alii
2030 3326 2098 3380 de

519 3418 753 3485 divitiis,
777 3419 866 3471 alii
928 3406 993 3473 de
1024 3418 1317 3474 virtutibus
1353 3414 1706 3471 meditantur.
1740 3415 1986 3487 Cumque
2018 3417 2099 3471 di-

518 3522 666 3567 ctum
702 3511 777 3566 sit
798 3508 1126 3582 generaliter
1147 3509 1435 3564 omnibus:
1463 3508 1740 3563 Dominum
1762 3508 1928 3562 Deum
1950 3498 2097 3563 tuuﬁt

521 3604 794 3670 adorabis,
826 3615 873 3659 et
914 3604 994 3658 illi
1040 3604 1141 3657 soli
1188 3604 1379 3658 servies
1407 3601 1617 3671 (Matth.
1679 3617 1754 3666 tv,
1794 3600 1861 3657 18
1888 3621 1903 3670 ;
1935 3600 2096 3657 Deut.

521 3714 602 3760 Vl,
668 3698 771 3762 15;
838 3713 893 3759 ι,
947 3695 1080 3768 Q0):
1121 3695 1244 3751 aliis
1310 3697 1647 3761 innocentia,
1701 3695 2097 3757 misericordia,

521 3793 794 3858 castitate,
819 3776 1051 3862 jejunio,
1097 3790 1211 3845 Deo
1255 3788 1487 3844 ﬁdeliter
1519 3800 1576 3845 et
1619 3789 1740 3843 sine
1789 3791 2102 3863 cessatione

522 3886 885 3939 servientibus
922 3897 1063 3939 :uos
1111 3884 1268 3941 nobis
1315 3882 1618 3945 adulteros,
1651 3884 1853 3952 quibus
1891 3868 2100 3939 servire

520 3977 794 4043 volumus,
831 3976 1103 4049 eligimus.
1129 3973 1410 4045 Siquidem
1453 3974 1610 4043 j‘uxta
1645 3973 1923 4044 Evangelii
1972 3989 2101 4027 sen-

527 4071 750 4124 tentiam
792 4087 806 4124 :
842 4068 1026 4121 Omnis
1057 4069 1147 4138 qui
1174 4068 1305 4137 facit
1337 4076 1630 4135 peccatum,
1657 4082 1835 4120 servus
1868 4066 1944 4120 est
1984 4083 2102 4134 pec-

526 4162 635 4214 cati
667 4158 852 4231 (Joan.
906 4175 1024 4224 vni,
1050 4158 1167 4228 54).
1194 4157 1262 4213 Et
1281 4172 1470 4212 revera
1511 4160 1555 4210 si
1597 4144 1809 4219 amator
1834 4158 2102 4226 pecuniae

529 4270 677 4322 sum,
710 4254 757 4310 si
787 4254 995 4325 gloriae,
1022 4254 1069 4310 si
1094 4252 1383 4322 superbiae,
1408 4251 1453 4307 si
1486 4248 1797 4305 ambitionis
1821 4256 1915 4302 aut
1952 4264 2102 4318 poni-

526 4361 609 4415 pa:
638 4363 650 4398 :
683 4345 810 4398 dum
844 4344 918 4399 illi
945 4359 1108 4399 omne
1132 4342 1372 4398 studium
1409 4340 1861 4397 tnete'voluutatis
1888 4340 2101 4407 impen-

524 4437 615 4501 do,
646 4435 875 4492 Domino
910 4436 1119 4491 servire
1150 4450 1256 4506 non
1291 4449 1535 4504 possunt,
1571 4433 1696 4499 quia
1741 4431 1954 4487 duobus
1997 4434 2066 4485 do

526 4528 688 4583 minis
732 4529 1002 4584 neminem
1046 4528 1256 4584 servire
1297 4540 1479 4597 posse,
1518 4524 1780 4594 scriptum
1829 4533 1931 4579 est.
1975 4521 2102 4577 Non

525 4626 649 4677 estis
684 4625 872 4691 rastri,
901 4622 1033 4676 dicit
1058 4620 1352 4689 ApoStolds
1385 4636 1399 4675 :
1434 4618 1594 4688 empti
1621 4619 1758 4671 enim
1782 4617 1908 4673 estis
1929 4617 2100 4687 pretio

525 4734 719 4788 utaguo
758 4732 778 4771 :
799 4715 1092 4804 glori/irate
1117 4725 1167 4770 et
1197 4724 1404 4785 portate
1432 4712 1597 4766 Deum
1625 4712 1680 4765 in
1705 4726 1921 4781 corpore
1939 4719 2103 4765 vestro

529 4811 577 4885 (l
608 4811 732 4865 Cor.
790 4826 866 4875 γι,
925 4810 1014 4874 i9,
1072 4808 1190 4880 29).
1237 4807 1547 4863 Clementer
1591 4805 1828 4879 Spiritus
1876 4814 2103 4859 sanctus

528 4914 715 4961 nostro
744 4905 866 4975 jure
904 4918 1001 4957 nos
1029 4901 1310 4964 convenit,
1338 4901 1519 4955 sciens
1549 4900 1650 4954 hoc
1683 4903 1734 4953 iu
1759 4915 1854 4953 usu
1889 4897 2104 4967 publico

528 5000 673 5072 apud
701 5012 893 5054 omnes
918 4995 1029 5070 [ΑΙ.
1068 4997 1194 5051 add.
1227 4994 1499 5067 homines)
1536 4992 1833 5049 custodiri:
1862 5001 1920 5045 ut
1954 5000 2103 5046 tanto

532 5109 722 5148 servus
746 5093 797 5145 in
830 5104 993 5159 Opere
1042 5089 1250 5144 Domini
1297 5100 1445 5143 esset
1477 5087 1707 5150 cautior,
1733 5095 1938 5156 quanto
1985 5100 2106 5138 ma-

523 5190 644 5256 jui'e
695 5196 845 5242 esset
898 5185 1115 5255 peculio
1175 5193 1568 5253 comparatus:
1607 5191 1666 5235 ιιι
1718 5179 2102 5250 intelligamus,

528 5296 691 5350 quain
754 5279 962 5334 strenui
998 5292 1122 5332 esse
1178 5276 1411 5330 debeant
1465 5276 1519 5328 in
1572 5289 1739 5345 apere
1767 5272 1858 5341 Dei
1903 5272 1990 5339 qui
2025 5287 2106 5326 re-

530 5372 739 5443 dempti
774 5381 901 5425 sunt
932 5370 1202 5441 sanguine
1224 5367 1476 5424 Christi':
1507 5367 1589 5422 vel
1621 5382 1782 5434 quam
1825 5362 2103 5420 criminosi

533 5452 765 5519 debeant
790 5461 1045 5533 iudicari,
1074 5460 1163 5529 qui
1189 5473 1314 5513 cum
1343 5458 1518 5513 sciant
1543 5470 1644 5526 pro
1682 5454 1855 5522 pretio
1882 5469 1989 5505 suae
2019 5466 2106 5505 sa-

534 5557 664 5611 lutis
704 5557 908 5611 Christi
961 5554 1282 5622 sanguinem
1342 5542 1555 5614 datum,
1609 5547 1765 5601 alteri
1822 5546 1912 5613 qui
1975 5542 2105 5597 nihil

534 5640 807 5717 praestitit,
850 5650 1021 5719 magis
1087 5636 1361 5717 prwbe'aut
1412 5642 1747 5697 servitutem.
1795 5636 1950 5707 Rogo
2000 5651 2107 5704 quo

532 5743 738 5811 pudore
772 5738 1046 5811 obsequii,
1076 5748 1168 5794 aut
1204 5737 1407 5792 laboris
1446 5735 1532 5789 sui
1572 5732 1898 5794 mercedem,
1924 5746 2107 5800 spera-

528 5838 608 5893 bit
637 5836 692 5892 in
715 5834 876 5900 celo,
908 5835 1064 5903 cuius
1095 5832 1255 5889 fuerit
1280 5830 1585 5889 sollicitudo
1619 5828 1796 5881 oum‘s
1821 5826 1877 5883 in
1918 5824 2104 5879 terra?

2203 3232 2356 3313 Quod
2384 3245 2429 3301 si
2469 3244 2545 3313 ita
2577 3253 2682 3311 est,
2709 3257 2809 3297 nec
2836 3241 2976 3297 bona
3013 3241 3079 3295 ad
3111 3252 3211 3295 nos
3245 3237 3519 3310 pertinent
3559 3236 3664 3293 hac
3688 3250 3782 3291 ra-

2205 3339 2369 3403 tione,
2399 3351 2502 3391 nec
2536 3336 2716 3390 mala:
2753 3345 2808 3389 et
2844 3333 2926 3388 sic
2959 3334 3083 3401 erit,
3121 3341 3312 3405 ut‘nec
3347 3327 3507 3399 culpa
3558 3342 3778 3399 ptenam

2202 3430 2421 3494 habeat,
2446 3441 2547 3483 nec
2617 3425 2900 3482 benefacta
2942 3420 3252 3480 laudentur.
3285 3421 3392 3479 Sed
3429 3421 3496 3475 ad
3538 3420 3655 3476 hac
3695 3435 3785 3475 re-

2201 3520 2419 3589 apondit
2448 3502 2778 3589 Apostolus:
2807 3515 2868 3572 Si
2905 3517 2981 3571 ita
3017 3525 3117 3581 est,
3147 3498 3410 3587 quomodo
3463 3512 3599 3567 Deus
3629 3512 3783 3583 judi-

2203 3612 2343 3665 cabit
2367 3615 2504 3664 hunc
2538 3608 2795 3663 mundum
2823 3606 2999 3679 (Rom.
3028 3616 3110 3674 ιιι,
3145 3608 3228 3675 6)?
3259 3605 3466 3662 Deinde
3498 3604 3545 3661 si
3577 3620 3784 3673 paucos

2205 3702 2315 3776 [Αἰ.
2340 3715 2472 3759 tacet
2506 3718 2710 3774 paucos
2759 3700 2924 3775 quos]
2957 3701 3097 3756 dicis
3125 3701 3352 3761 electos.
3384 3700 3531 3755 solos
3564 3708 3783 3757 sanctos

2202 3796 2484 3852 existimas
2513 3813 2525 3850 :
2555 3796 2645 3866 qui
2664 3796 2846 3851 .vocati
2875 3803 3019 3863 sunt,
3043 3794 3304 3862 reprobus
3329 3793 3488 3856 dicis,
3510 3792 3786 3863 quomodo

2205 3889 2348 3944 idem
2382 3880 2663 3957 apostolus
2687 3887 2889 3942 Paulus
2919 3886 2973 3940 in
2998 3886 3352 3954 epistolarum
3373 3900 3599 3941 suarum
3631 3886 3784 3953 priu-

2203 3982 2364 4051 cipiis
2398 3990 2603 4036 vocatos
2629 3990 2842 4034 sanctos
2877 3985 3061 4045 \tocat,
3094 3979 3239 4034 sicut
3275 3977 3330 4032 in
3364 3977 3544 4033 fronte
3574 3977 3784 4033 codicis

2204 4075 2272 4129 ad
2327 4075 2605 4130 Romanos
2664 4072 2931 4142 loquitur,
2958 4071 3192 4128 dicens:
3236 4070 3491 4127 Omnibus
3525 4072 3615 4142 qui
3660 4080 3784 4123 sunt

2204 4168 2385 4224 Roma:
2424 4169 2480 4221 in
2526 4167 2785 4221 charitate
2812 4163 2910 4221 Dei
2956 4163 3154 4218 vocatis
3190 4164 3388 4217 sanctis
3408 4161 3595 4231 (Rom.
3634 4177 3674 4225 ι,
3698 4160 3781 4229 8).

2206 4260 2265 4316 Si
2298 4274 2395 4330 pro
2424 4259 2619 4329 paucis
2649 4242 2842 4328 passus
2904 4262 2988 4312 est
3036 4254 3309 4319 Christus,
3340 4254 3548 4323 justum
3588 4263 3695 4319 est,
3725 4261 3787 4308 ut

2206 4351 2366 4423 pauci
2400 4352 2664 4408 mandata
2697 4350 2902 4408 Christi
2930 4340 3262 4405 costOdiant.
3301 4347 3357 4403 Si
3392 4355 3574 4403 autem
3607 4347 3784 4401 indis—

2207 4453 2355 4497 crete
2372 4456 2565 4498 omnes
2579 4442 2668 4511 qui
2690 4441 2987 4507 credimus,
3010 4425 3411 4516 sacramentum
3437 4437 3490 4491 in
3515 4436 3787 4505 baptismo

2211 4533 2484 4603 passionis
2519 4534 2819 4604 accipimus
2849 4549 2877 4589 ε.
2903 4534 2947 4587 si
2985 4546 3178 4587 omnes
3201 4532 3483 4600 aequaliter
3509 4530 3787 4586 renuntia-

2210 4641 2332 4680 mus
2365 4623 2582 4680 diabolo
2609 4631 2664 4680 et
2689 4623 2894 4678 mundo
2925 4640 2939 4679 :
2972 4620 3018 4678 si
3049 4621 3305 4679 omnibus
3345 4621 3488 4677 haud
3523 4631 3673 4676 recte
3699 4620 3784 4674 vi-

2206 4717 2461 4773 ventibus
2491 4717 2752 4788 gehennae
2791 4730 2951 4786 poena
2983 4715 3356 4786 promittitur:
3390 4728 3581 4769 omnes
3615 4713 3783 4769 debe-

2206 4826 2329 4868 mus
2345 4811 2536 4865 cadem
2567 4808 2851 4880 diligentia
2881 4819 2941 4864 et
2961 4821 3156 4864 cavere
3181 4806 3479 4877 prohibita,
3499 4816 3551 4860 et
3569 4808 3786 4876 explere

2209 4910 2505 4973 precepts.-
2534 4900 2747 4957 Scimus
2768 4900 2986 4972 quidem
3011 4899 3214 4954 multas
3241 4914 3365 4955 esse
3399 4901 3536 4967 apud
3567 4888 3782 4953 Patrem

2209 4994 2264 5063 in
2297 4993 2611 5049 coelestibus
2644 4994 2958 5047 mansiones
3006 4990 3187 5061 (Joan.
3218 5005 3330 5054 xxv,
3361 4988 3440 5059 ‘2).
3475 4988 3579 5045 Sed
3633 5006 3786 5043 tuan-

2209 5084 2424 5139 sionmn
2451 5084 2662 5151 iustitia
2694 5083 2956 5152 iustiores
2986 5082 3296 5136 mansiones
3329 5081 3547 5137 differre
3580 5098 3596 5135 :
3642 5081 3785 5135 si'cut

2208 5187 2263 5230 et
2319 5175 2533 5230 stellam
2578 5174 2758 5239 stella,
2791 5174 2932 5229 dixit
2971 5174 3286 5245 Aposmlus,
3311 5189 3432 5231 esse
3473 5174 3783 5230 clariorem.

2213 5266 2318 5323 Sed
2352 5266 2564 5323 stellam
2592 5283 2716 5321 cum
2742 5266 2918 5332 stella,
2958 5282 3065 5322 non
3114 5267 3348 5338 lapidem
3404 5270 3783 5336 comparavit;

2209 5361 2335 5430 quia
2377 5370 2628 5416 terrenus
2650 5360 2786 5429 lapis
2817 5361 2958 5415 inter
2985 5360 3239 5417 cmlestes
3289 5359 3474 5415 stellas
3511 5373 3634 5414 esse
3671 5373 3781 5413 non

2210 5462 2424 5525 poterat
2465 5469 2480 5509 :
2518 5453 2658 5508 sit-ut
2699 5466 2802 5509 nec
2855 5464 3111 5524 peccator
3137 5454 3281 5510 inter
3313 5453 3489 5524 j‘ustos
3526 5453 3579 5508 in
3620 5466 3787 5523 regno

2212 5545 2497 5600 cmlornm.
2543 5544 2649 5600 Sed
2692 5559 2819 5600 sunt
2867 5546 3089 5618 quidam
3140 5550 3341 5615 gradus
3402 5546 3589 5616 gloria
3646 5546 3790 5599 inter

2209 5639 2385 5709 justos
2416 5640 2469 5694 in
2512 5639 2650 5695 cado
2683 5639 2867 5697 :sicut
2914 5650 2970 5696 et
3032 5641 3174 5695 inter
3221 5648 3551 5708 prccatores‘
3586 5641 3787 5709 gradus

2212 5747 2413 5803 poenae.
2483 5732 2590 5787 Sed
2644 5733 2783 5789 sicut
2838 5733 2941 5787 alia
2989 5733 3250 5802 eum,qui
3301 5731 3526 5787 fratrem
3578 5731 3781 5786 fatuum

2201 5824 2420 5891 dixerit,
2449 5823 2552 5879 alia
2584 5839 2705 5881 eum
2737 5825 2831 5895 qui
2874 5825 3063 5891 racba,
3093 5824 3360 5879 tonnthta
3411 5825 3734 5881 cruciabunt
3763 5862 3780 5888 ,
