4056 6200
297 346 398 416 ll?
833 411 836 416 ,
1279 349 1648 409 El’lSTOLA
1701 348 1829 409 VII.
1907 344 2004 404 DE
2045 339 2313 402 DIVINA
2363 339 2578 398 ωερε.
3472 333 3572 388 na

291 464 368 516 ita
401 474 459 516 et
493 465 549 516 in
583 472 774 532 regno,
807 459 910 514 alia
941 447 1166 513 Paulum
1190 458 1517 529 apestulum,
1543 456 1636 527 qui
1662 469 1719 512 ut
1745 455 1882 510 alios
1914 455 1956 510 Α
1983 449 2095 504 illic
2149 447 2330 501 omnis
2387 444 2674 514 frugalitas
2723 440 3018 511 largitoris,
3079 437 3246 492 animi
3283 437 3572 532 tenacitate

189 537 204 544 “
293 557 484 610 salvos
509 531 734 619 faceret,
759 552 941 607 omnia
966 551 1222 606 omnibus
1247 553 1421 606 factus
1447 560 1530 605 est
1563 569 1576 604 :
1613 551 1717 604 alia
1743 565 1888 612 etin),
1961 561 1967 569 ·
1997 539 2406 609 constringitur,
2455 538 2553 592 ubi.
2577 536 2878 606 promptior
2910 537 3164 589 voluntas
3205 541 3258 587 et
3301 531 3574 600 copiosior

294 649 392 717 qui
425 664 485 702 se
519 648 611 700 vix
638 646 909 701 aediﬁcare
939 647 1141 714 potuit,
1174 645 1368 699 laicum
1403 647 1574 714 gloria
1621 644 1888 699 manebit.

297 738 411 794 Sed
447 739 653 792 utinam
678 735 1018 791 consentiam
1054 751 1256 804 paucos
1287 751 1432 798 esse,
1469 735 1564 802 qui
1601 735 1696 788 Dei
1732 750 1890 788 man-

297 832 429 885 data
475 829 846 902 custodiant,
908 824 1096 882 verum
1149 829 1337 892 timeo,
1374 828 1498 896 quia
1552 827 1706 895 pauci
1735 834 1886 890 sunt,

301 924 398 992 qui
431 923 528 977 Dei
559 922 784 977 credant
814 921 872 1002 in
911 922 1138 974 veritate
1178 921 1466 990 judicium.
1497 920 1635 974 Ecce
1677 920 1724 974 si
1773 935 1892 974 nmo

303 1016 464 1069 brato
501 1021 722 1082 repente
754 1015 823 1070 de
857 1013 1019 1076 coelo,
1068 1014 1202 1068 solis
1235 1015 1457 1068 claritas
1506 1013 1707 1068 nostris
1739 1028 1894 1080 aspe-

301 1104 491 1162 ctibus
519 1107 840 1174 denegetnr,
876 1116 930 1161 et
959 1107 1242 1175 productis
1262 1107 1313 1160 in
1339 1117 1580 1162 nostram
1613 1106 1892 1161 humilita-

303 1212 410 1252 tem
447 1199 706 1263 nubibus,
737 1198 932 1267 pluviae
980 1199 1140 1254 terris
1173 1199 1540 1254 immineant:
1570 1199 1614 1252 si
1647 1213 1890 1253 commo-

304 1294 374 1345 tis
401 1299 464 1346 ut
489 1292 692 1346 assolet
719 1291 1028 1356 elementis,
1048 1293 1102 1346 in
1128 1302 1300 1346 rotam
1321 1293 1403 1348 sui
1428 1307 1624 1347 currus
1651 1294 1889 1348 tonitrua

305 1383 676 1444 concitentur.
712 1374 912 1437 ethinc
954 1384 1078 1438 inde
1111 1383 1374 1453 fulgorum
1409 1385 1590 1453 jacula
1623 1385 1895 1455 palpebris

307 1476 634 1529 terribiliter
661 1475 873 1543 objecta
911 1485 1224 1539 coruscent,
1284 1491 1598 1546 quanquam
1657 1477 1709 1530 in
1763 1493 1892 1531 con-

310 1564 606 1619 suetudine
651 1565 754 1620 ista
795 1565 1118 1633 contingant
1153 1581 1170 1620 :
1201 1581 1480 1636 paremus,
1517 1565 1896 1621 contremisci-

312 1673 456 1719 mus,
488 1667 540 1711 et
573 1657 732 1724 proni
769 1657 835 1712 ad
865 1667 1091 1722 terram,
1118 1660 1368 1727 deposita
1405 1660 1682 1728 superbia,
1712 1660 1890 1714 cervi-

308 1766 398 1804 ces
433 1749 829 1805 submittimus.
861 1751 1000 1816 Quid
1031 1751 1296 1806 faciemus
1327 1753 1378 1805 in
1412 1751 1501 1806 illa
1537 1753 1624 1808 die
1657 1753 1843 1806 miseri
1871 1794 1887 1819 ,

1997 630 2224 702 largitas
2257 630 2488 683 deberet
2518 627 2763 696 operari.
2795 625 2861 680 Et
2911 640 3034 679 cum
3061 622 3342 692 Scriptura
3379 623 3526 675 dicat
3557 637 3572 675 :

1999 723 2178 776 Nolite
2209 720 2435 789 diligere
2465 721 2744 782 mundum,
2779 733 2940 788 neque
2993 729 3055 769 e‘a
3095 731 3225 784 quia
3255 716 3309 768 iu
3379 714 3576 767 ηιιηιάο

1996 825 2119 870 sunt
2156 814 2206 884 (I
2247 815 2410 868 Joan.
2440 828 2500 874 ιι,
2532 811 2620 880 l5)
2649 829 2666 865 :
2705 825 2802 865 nos
2829 811 2910 864 sic
2932 809 3202 862 mundana
3231 808 3576 876 concupisci-

2000 923 2142 969 mus.
2185 908 2267 960 sic
2298 921 2570 965 amamus,
2599 903 2759 982 quasi
2801 902 3004 972 aliquid
3049 909 3336 954 nascentes
3371 899 3575 953 intule-

2000 1000 2172 1054 rimus
2199 998 2253 1052 in
2288 997 2568 1061 steculum,
2595 1005 2688 1050 aut
2718 996 3037 1049 recedentes
3064 993 3130 1047 de
3161 990 3358 1046 saeculo
3396 991 3576 1044 nobis-

1997 1102 2121 1143 cum
2177 1087 2392 1144 auferre
2426 1075 2720 1156 possimus:
2767 1082 2939 1139 Nemo
2977 1082 3044 1138 ad
3085 1083 3404 1138 brevitatem
3437 1091 3575 1136 tem—

1996 1163 2172 1252 poris,
2204 1195 2370 1234 nemo
2397 1180 2463 1232 ad
2499 1190 2707 1233 naturae
2740 1178 2962 1248 respicit
2991 1177 3378 1241 conditionem,
3417 1189 3578 1231 nemo

1996 1275 2331 1337 considerat,
2366 1285 2529 1327 nemo
2561 1279 2826 1326 retrectat
2859 1285 2995 1324 vana
3045 1284 3169 1324 esse
3219 1270 3423 1334 omnia,
3459 1259 3578 1338 quae

1997 1367 2179 1436 aliquo
2213 1365 2322 1420 ﬁne
2349 1363 2701 1418 clauduntur.
2733 1363 2792 1417 Si
2818 1373 2998 1416 autem
3020 1363 3331 1433 contigerit,
3357 1371 3417 1416 ut
3439 1361 3578 1416 inter

1996 1467 2226 1513 caeteros
2259 1455 2580 1527 languidum
2622 1455 2932 1519 visitautes,
2968 1464 3060 1509 aut
3087 1455 3338 1520 clericus,
3372 1463 3466 1510 aut
3491 1468 3579 1508 sa-

1995 1552 2210 1616 cerdos,
2253 1558 2346 1603 aut
2375 1549 2538 1608 etiam
2589 1548 2762 1603 laicus
2798 1548 2891 1602 Dei
2931 1563 3128 1613 servus
3179 1547 3451 1611 adveniat,
3485 1562 3578 1601 ro-

1995 1648 2153 1709 gatur
2182 1647 2241 1692 ut
2273 1648 2393 1692 oret
2428 1655 2443 1692 :
2475 1645 2532 1693 et
2558 1638 2651 1708 qui
2684 1651 2827 1707 saepe
2875 1653 2976 1708 pro
3012 1638 3182 1692 nihilo
3233 1647 3577 1708 contemptus

1998 1729 2196 1793 fuerat,
2230 1727 2578 1782 necessitatis
2623 1736 2866 1796 tempore
2909 1727 3269 1796 supplicatur,
3299 1738 3361 1782 ut
3397 1729 3578 1798 preci-

310 1843 529 1912 quando
586 1844 836 1898 revoluto
883 1845 1024 1898 οωίο
1067 1860 1189 1898 cum
1234 1847 1495 1914 angelicis
1549 1847 1888 1912 Nummus.
1923 1831 1970 1890 Β
1999 1824 2098 1877 bus
2123 1824 2240 1878 suis
2280 1832 2645 1877 cmnmeatutn
2700 1823 2822 1876 vitae
2872 1823 3134 1891 longioris
3189 1825 3456 1879 obtineat.
3485 1825 3577 1881 Sic

309 1935 502 2004 igneus
535 1935 798 1990 Dominus
831 1945 978 1990 tutus
1000 1937 1251 1992 adveniet
1285 1955 1300 2003 ;
1332 1939 1552 2008 quando
1575 1939 1898 1993 cadentibus

316 2027 556 2095 desuper
599 2028 796 2091 stellis,
818 2028 900 2081 sol
951 2029 1003 2080 in
1061 2029 1418 2092 teucbras,et
1472 2029 1525 2082 in
1581 2031 1895 2099 sanguinem

313 2118 436 2172 luna
463 2101 765 2172 mutabitur
796 2135 813 2185 ;
850 2122 1066 2186 quando
1115 2111 1516 2174 mont‘es’sicut
1557 2135 1682 2174 cera
1729 2121 1900 2189 lique-

311 2221 467 2266 scent
495 2228 512 2275 ς
544 2213 763 2278 quando
788 2222 933 2266 terra
966 2212 1199 2277 ardebit,
1233 2221 1289 2266 et
1335 2223 1594 2268 arescent
1648 2211 1895 2276 flumina,

313 2313 366 2356 et
410 2306 586 2356 maria
638 2304 1011 2369 siccabuntur,
1057 2313 1113 2357 et
1161 2313 1353 2358 contra
1397 2319 1576 2358 rerum
1625 2313 1895 2382 naturam,

315 2401 641 2460 consumpto
679 2394 953 2448 divinitus.
991 2396 1238 2462 lmmore,
1281 2397 1591 2461 ariditatcm
1637 2397 1690 2450 in
1741 2397 1899 2466 aquis

316 2483 456 2551 ignis
485 2483 809 2550 operabitur
841 2499 858 2549 ;
900 2485 1118 2554 quando
1169 2497 1490 2555 peccatores
1529 2487 1714 2542 dicent
1746 2502 1903 2540 mon-

317 2573 464 2628 tibus
491 2571 680 2628 CaJt‘te
727 2591 887 2643 super
937 2593 1032 2630 nos
1062 2593 1080 2630 :
1116 2587 1171 2632 et
1205 2579 1436 2633 collibus
1459 2618 1474 2644 ,
1541 2577 1716 2649 Tegite
1763 2579 1902 2634 nos?

313 2665 549 2730 Quando
591 2665 865 2722 vocabunt
911 2669 1155 2724 homines
1197 2680 1452 2733 mortem,
1479 2681 1534 2724 et
1554 2682 1746 2740 vocaui
1791 2686 1897 2726 non

248 2780 258 2790 -
303 2759 497 2812 veniet
531 2761 792 2827 ;quan‘do
846 2762 1158 2816 discrimina
1225 2773 1533 2818 vertentur.
1565 2765 1618 2815 iu
1672 2774 1817 2831 vota,
1843 2771 1900 2817 et

313 2850 459 2916 quod
531 2864 751 2918 semper
805 2851 1043 2906 oderunt
1077 2836 1344 2908 homines
1377 2893 1391 2919 ,
1457 2853 1846 2924 concupiscent
1882 2870 1898 2919 ;

317 2940 538 3007 quando
571 2941 700 2994 illud
760 2942 1083 3010 itnplehitun
1113 2953 1351 3016 tempus,
1387 2945 1534 3014 quod
1564 2943 1776 3013 lugubri
1811 2941 1903 2999 Je-

317 3034 521 3087 remias
553 3035 799 3103 praedicit
824 3034 1044 3101 affectu,
1066 3035 1252 3091 dicens
1292 3053 1305 3092 :
1345 3035 1569 3104 Respexi.
1605 3039 1660 3090 in
1684 3042 1900 3101 te’rram,

315 3136 363 3179 et
394 3143 512 3180 ecce
542 3144 648 3180 non
692 3137 846 3182 erant
889 3130 1204 3184 luminaria.
1263 3128 1382 3183 Vidi
1433 3141 1652 3193 montes,
1693 3139 1744 3185 et
1788 3147 1903 3184 ecce

315 3226 470 3268 erant
543 3225 840 3296 trementes,
869 3231 918 3274 et
979 3221 1208 3274 universi
1245 3221 1400 3275 colles
1445 3222 1662 3278 turbati.
1693 3221 1900 3276 Intendi
1927 3186 1970 3254 β

319 3308 507 3371 aciem,
536 3319 584 3360 et
606 3325 721 3361 ecce
745 3328 845 3361 mm
873 3321 990 3363 erat
1016 3311 1192 3374 homo,
1235 3323 1282 3364 et
1313 3327 1488 3365 omnes
1516 3311 1748 3366 volucres
1782 3311 1900 3365 caeli

313 3399 604 3464 parebunt.
638 3398 780 3458 Vidi.
817 3411 866 3454 et
898 3418 1012 3455 ecce
1046 3402 1332 3457 Carmelus
1354 3405 1611 3469 desertus,
1637 3412 1683 3456 et
1722 3418 1900 3477 omnes

323 3490 565 3542 ciuitates
601 3507 869 3545 succensa'
898 3494 1005 3562 igni
1033 3512 1064 3545 a
1089 3495 1223 3563 facie
1243 3495 1480 3555 Domini,
1507 3505 1554 3550 et
1584 3512 1614 3548 α
1636 3495 1771 3564 [acie
1805 3499 1899 3549 ira:

321 3583 707 3654 indignationis
747 3585 862 3654 ejus
895 3599 914 3638 :
941 3595 989 3639 et
1029 3587 1340 3642 interierunt
1383 3589 1626 3641 universa
1679 3586 1895 3658 (Jerem.

325 3678 504 3742 nul).

398 3766 532 3821 Vill.
572 3767 771 3823 Verum
813 3784 878 3824 ne
919 3786 985 3826 ex
1022 3772 1368 3839 suggestione
1422 3775 1624 3829 diaboli
1683 3774 1800 3831 hate
1832 3775 1900 3829 ad

330 3865 623 3922 terrorem,
661 3875 770 3912 non
816 3860 879 3913 ad
925 3862 1208 3916 veritatem
1253 3866 1397 3918 dicta
1428 3867 1800 3931 crederentur,
1837 3867 1903 3921 de

325 3951 625 4018 prateritis
645 3952 825 4006 futura
854 3955 1182 4022 probantur,
1207 3959 1424 4027 quando
1447 3958 1570 4011 talia
1595 3959 1648 4012 in
1675 3960 1900 4022 diluvio,

321 4045 373 4096 in
431 4042 712 4111 Sodomis,
743 4047 796 4097 in
827 4043 1084 4116 Egypto,
1119 4047 1172 4101 iu
1228 4049 1617 4120 Hierosolymis
1656 4066 1799 4120 srepe
1833 4050 1902 4104 ob

324 4133 519 4186 delicta
555 4133 838 4190 hominum
872 4136 1014 4192 facta
1049 4138 1384 4195 referuntur.
1424 4142 1490 4196 Et
1519 4143 1774 4209 apostoli,
1808 4143 1902 4212 qui

326 4228 467 4280 hunc
506 4228 839 4282 horrendum
873 4230 1018 4285 diem
1053 4232 1234 4299 impiis
1269 4245 1324 4288 et
1356 4236 1734 4303 peccatoribus
1761 4249 1902 4306 prae-

327 4321 510 4374 videre
553 4333 888 4384 meruerunt,
944 4325 1176 4380 humiles
1201 4336 1666 4392 crant,_mortuos
1719 4332 1900 4386 susci-

328 4424 507 4469 tantes
535 4433 550 4470 :
584 4426 638 4472 et
669 4433 769 4474 nos
793 4434 953 4488 supra
980 4435 1170 4476 omnes
1199 4423 1478 4492 erigimur,
1505 4425 1597 4494 qui
1627 4427 1902 4495 peccando

2003 1927 2165 1968 causa
2223 1914 2583 1984 discriminis,
2623 1929 2746 1984 quae
2799 1914 2974 1968 vicina
3035 1917 3274 1980 timetur,
3309 1915 3434 1968 dum
3481 1921 3576 1970 deo

2001 2016 2192 2076 specta
2237 2008 2533 2076 eliguntur,
2585 2018 2640 2062 et
2677 2008 2912 2076 pretiosa
2952 1999 3239 2070 vilescunt,
3277 2008 3398 2062 vita:
3433 2006 3578 2062 illius

2001 2113 2120 2167 qua:
2169 2101 2292 2167 post'
2339 2110 2566 2153 mortem
2599 2101 2932 2168 permutatio
2975 2099 3236 2168 ﬁguratur
3265 2101 3287 2152 ‘:
3343 2099 3431 2152 ubi
3463 2099 3574 2168 jam

2001 2201 2054 2244 et
2087 2189 2326 2244 Lazarus
2352 2205 2555 2259 pauper
2609 2190 2872 2260 recipitur
2921 2190 2974 2243 in
3010 2191 3274 2260 requiem,
3317 2203 3372 2244 et
3427 2193 3577 2245 dives

2003 2282 2059 2337 in
2098 2285 2202 2337 hac
2238 2285 2347 2337 vita
2401 2297 2694 2352 pomposus
2743 2284 2930 2338 vexari
2979 2283 3153 2339 fertur
3178 2285 3232 2339 in
3278 2286 3474 2354 pmuis.
3511 2285 3576 2340 Et

2002 2389 2126 2430 cum
2170 2377 2247 2428 sic
2283 2374 2566 2438 Dominus,
2601 2386 2696 2429 aut
2755 2387 3065 2429 sanctorum
3102 2389 3284 2433 motus
3317 2381 3582 2460 oraculis,

2002 2476 2098 2522 aut
2128 2476 2395 2522 creatura:
2441 2482 2556 2522 suae
2609 2467 2899 2534 beneficio,
2932 2479 3026 2522 aut
3060 2471 3254 2524 medici
3289 2479 3406 2526 arte
3451 2487 3580 2527 con-

2003 2557 2140 2612 ferta
2174 2558 2552 2612 misericordia
2603 2559 2856 2612 restituat
2893 2559 3205 2621 sanitatem.
3240 2562 3349 2616 cito
3392 2577 3580 2617 succe-

2004 2651 2166 2704 dente
2188 2649 2488 2714 oblivione,
2519 2649 2572 2704 in
2594 2653 2934 2705 contrarium
2961 2654 3148 2706 oannia
3169 2663 3578 2723 permutantur.

2004 2743 2192 2799 Timor
2241 2746 2297 2799 in
2346 2745 2705 2810 insolentiam,
2748 2748 2920 2813 gratia
2958 2750 3186 2802 vertitur
3240 2751 3291 2802 in
3330 2760 3577 2805 contem-

2002 2846 2154 2906 ptum
2187 2855 2200 2890 :
2249 2845 2305 2891 et
2331 2839 2488 2906 quasi
2517 2839 2650 2892 nihil
2687 2855 2926 2909 unquam
2973 2839 3300 2896 incommodi
3347 2843 3583 2897 senseri-

2004 2942 2148 2992 mus,
2184 2937 2277 2982 aut
2304 2930 2392 2999 qui
2430 2929 2676 2984 revocari
2725 2947 2916 2987 rursus
2947 2933 3013 2986 ad
3049 2933 3173 2987 talia
3221 2935 3579 3004 nequeamus,

2007 3017 2356 3084 rebellamus,
2391 3018 2692 3087 ellerimur,
2734 3033 2788 3077 et
2823 3038 3144 3079 concessum
3191 3025 3258 3080 ad
3307 3026 3581 3094 puniiten-
3617 3085 3632 3098 λ

2009 3109 2135 3162 tiam
2180 3111 2302 3165 vitae
2329 3113 2570 3180 spatium
2603 3114 2944 3184 negligimus,
2988 3132 3087 3172 nec
3121 3118 3438 3187 paenitendo
3467 3120 3580 3188 pri-

2006 3197 2148 3252 stina
2177 3198 2454 3270 'lacrymis
2511 3213 2731 3271 peccata
2766 3205 3052 3270 diluimus.
3093 3210 3187 3262 sed
3217 3218 3439 3274 peccata
3474 3225 3578 3263 non

2003 3289 2317 3358 pmniteudo
2346 3293 2711 3350 cumulamus.
2741 3296 3009 3365 Legamus
3040 3299 3231 3354 lsaiam
3259 3302 3579 3372 prophetam

2003 3381 2142 3452 (Isa.
2161 3386 2478 3456 xxxvmﬁ),
2499 3396 2551 3441 et
2571 3392 2944 3445 necessarium
2969 3379 3214 3448 Ezechiie
3236 3395 3372 3464 regis
3397 3407 3579 3463 aptum

2004 3473 2131 3527 huic
2187 3488 2368 3530 causa:
2419 3491 2734 3546 quaeramus
2783 3481 3137 3551 exemplum:
3191 3483 3278 3538 cui
3316 3485 3583 3538 morituro

2002 3563 2132 3614 anni
2174 3565 2492 3630 quindecim
2515 3567 2580 3621 ad
2605 3571 2948 3638 superiorem
2974 3562 3140 3624 vitam
3174 3574 3411 3642 propriis
3441 3573 3582 3629 ﬂeti-

2002 3653 2105 3708 bus
2135 3665 2190 3710 et
2220 3658 2495 3725 propheta:
2530 3662 2786 3728 precibus
2823 3647 3093 3733 augentur
3132 3682 3146 3719 :
3179 3667 3383 3736 quique
3421 3683 3584 3722 acce-

2004 3754 2094 3817 pta
2145 3751 2278 3803 tanti
2334 3753 2576 3806 muneris
2605 3755 2800 3820 gratia,
2839 3770 2941 3809 non
2981 3758 3244 3824 peccatis.
3281 3774 3386 3812 non
3422 3760 3580 3812 volu-

2004 3843 2265 3909 ptatibus,
2306 3859 2409 3898 non
2464 3846 2693 3912 deliciis,
2721 3849 2830 3903 sed
2882 3850 2984 3902 soli
3021 3849 3252 3904 Domino
3313 3850 3580 3906 indultum

2008 3937 2126 3990 vita!
2160 3937 2418 4006 spatium,
2459 3939 2682 3994 Immitis
2707 3950 2761 3994 et
2793 3951 3018 3996 sanctus
3049 3943 3322 3997 exhibuit.

2077 4027 2169 4082 lx.
2208 4028 2428 4095 Verum,
2463 4031 2587 4099 quia
2626 4031 2746 4098 tibi,
2784 4033 3120 4090 honorabilis
3141 4045 3194 4090 et
3231 4035 3585 4093 dilectissime

2008 4136 2226 4191 parens,
2278 4138 2375 4192 per
2428 4139 2621 4178 novam
2677 4127 2908 4194 gratiam
2967 4128 3148 4184 omnis
3213 4127 3580 4199 lacrymarum

2006 4229 2171 4269 causa
2220 4215 2432 4270 detersa
2480 4224 2584 4284 est,
2625 4231 2745 4287 age,
2781 4233 2931 4284 cave,
2968 4234 3151 4287 curre,
3193 4222 3408 4278 festina.
3447 4225 3581 4292 Age,

2007 4310 2142 4362 utin
2177 4309 2562 4379 spiritualitate
2595 4311 2870 4380 proficias.
2900 4313 3066 4380 Cave,
3121 4330 3186 4369 ue
3219 4317 3360 4384 quod
3423 4332 3582 4372 acce-

2009 4402 2133 4469 pisti
2168 4404 2390 4467 bonum,
2426 4389 2678 4460 incautus
2701 4414 2756 4458 et
2801 4405 3078 4475 negligens
3111 4417 3297 4464 custos
3342 4411 3586 4466 alnittas.

325 4509 570 4576 quotidie
633 4513 1000 4580 nosmetipsos
1034 4514 1360 4580 occidimus,
1387 4520 1520 4569 non'
1550 4517 1899 4586 respicientes

2010 4494 2205 4556 Curre,
2236 4507 2292 4547 ut
2347 4511 2454 4547 non
2489 4495 2754 4566 negligas.
2789 4497 3033 4562 Festina,
3071 4507 3129 4553 ut
3157 4499 3397 4555 celerius
3432 4516 3585 4555 coni-

325 4603 380 4656 in
411 4604 571 4656 nobis
615 4605 844 4658 ﬂebilem
899 4606 1280 4678 inﬁrmamque
1323 4617 1593 4673 naturam,
1635 4625 1752 4678 qum
1804 4627 1902 4667 nec

322 4695 374 4748 iu
398 4695 648 4749 adversis
681 4695 838 4752 fortis
856 4709 959 4766 est,
990 4701 1158 4753 necin
1188 4701 1464 4770 prosperis
1485 4703 1779 4771 aliquando
1809 4719 1900 4758 se-

321 4803 472 4841 rum.
520 4788 576 4841 Si
622 4789 988 4860 intemperate
1022 4794 1180 4847 cibus
1211 4806 1480 4862 sumptus,
1515 4809 1611 4847 aut
1643 4795 1904 4850 iuunode-

325 4892 438 4935 rate
462 4893 624 4947 potus
653 4894 941 4951 acceptus,
972 4885 1144 4940 levem
1177 4888 1394 4955 corpori
1424 4888 1739 4943 febriculam
1767 4904 1902 4944 con-

321 4972 526 5034 citarit,
563 4971 852 5039 dc'jicimus
885 4977 1152 5038 animmn,
1179 4973 1489 5044 afﬂigimur,
1517 4976 1856 5042 su5piramus
1888 4993 1900 5028 :

2011 4588 2340 4654 prehendas.
2385 4587 2663 4656 Siquidem
2698 4589 2898 4645 Paulus
2927 4591 3038 4659 jam
3070 4593 3275 4648 Christi
3336 4602 3585 4650 catenam

2008 4697 2106 4752 pro
2133 4681 2412 4753 Evangelii
2446 4686 2866 4742 annuntiatione
2895 4688 3318 4757 circumferens,
3344 4692 3581 4746 nondum

2009 4789 2070 4829 se
2104 4777 2586 4845 comprehendisse
2635 4777 2850 4833 dicebat
2883 4778 3147 4852 (ΡΙιὶΙίρμ
3194 4783 3299 4852 ιιι),
3338 4784 3586 4852 qumnvis

2009 4869 2141 4922 hora
2172 4880 2343 4932 sexta,
2403 4871 2505 4924 hoc
2536 4878 2618 4923 est
2663 4871 2839 4924 media
2891 4881 3054 4928 aetate
3109 4875 3320 4929 Domini
3368 4876 3581 4930 vineam

2007 4968 2350 5028 operaturus,
2390 4963 2544 5028 quasi
2574 4963 2818 5018 fervidus
2841 4965 3022 5032 opifex
3049 4968 3324 5033 etﬁdelis,
3351 4958 3606 5023 aliorum,

325 5066 468 5119 nulla
500 5080 630 5120 cura
666 5076 796 5120 tunc
831 5077 912 5119 est
967 5066 1178 5131 saecull,
1210 5068 1358 5120 nulla
1401 5067 1653 5122 villarum
1689 5083 1703 5120 :
1743 5082 1899 5121 nemo

2002 5058 2225 5124 longam
2247 5055 2582 5112 dubietatem
2607 5057 3032 5129 lauguidumque
3053 5063 3294 5118 vinceret
3317 5075 3581 5133 teporem.

321 5157 388 5209 de
439 5154 780 5223 patrimonio
830 5157 1051 5226 cogitat,
1085 5173 1247 5211 nemo
1275 5161 1340 5212 de
1397 5156 1554 5212 foro:
1587 5172 1777 5210 mnnes
1807 5173 1901 5210 ca-

321 5248 563 5304 lnmnize.
594 5250 778 5301 omnia
819 5251 964 5302 lucra
1002 5252 1053 5302 in
1081 5250 1337 5318 periculis
1369 5250 1616 5318 corpOris
1644 5251 1910 5320 conquie-

321 5352 505 5394 sc:tnt.
540 5340 797 5394 Curritur
821 5342 887 5394 ad
918 5343 1177 5408 medicos,
1202 5353 1255 5396 et
1301 5358 1396 5412 pro
1431 5344 1671 5397 remedio
1699 5345 1902 5397 carnali

319 5435 712 5498 promittuntur
743 5450 988 5501 munera,
1017 5425 1234 5500 aurum,
1264 5446 1544 5506 argentum
1578 5453 1592 5490 :
1627 5437 1895 5490 interdum

316 5527 482 5578 etiam
521 5527 794 5596 mancipia
829 5529 1144 5592 traduntur,
1175 5536 1231 5582 et
1272 5544 1408 5596 pene
1444 5538 1612 5582 totum
1643 5529 1908 5596 patrimo-

320 5618 492 5682 nium,
546 5629 641 5673 ant
699 5622 1008 5687 negligitur,
1041 5632 1130 5674 aut
1171 5621 1428 5687 donatur,
1469 5632 1525 5673 ut
1587 5621 1906 5675 consulatur

321 5711 444 5763 vita!
485 5713 810 5783 quandoque
868 5715 1164 5783 periturae;
1227 5725 1282 5770 et
1322 5731 1420 5784 pro
1473 5725 1675 5769 retenta
1705 5714 1906 5769 ~.salnte

319 5804 502 5859 ciuilis
526 5806 815 5862 aduiodum
841 5807 1006 5863 homo
1031 5807 1309 5879 negligens
1335 5815 1438 5877 est,
1467 5806 1643 5863 omnis
1665 5819 1862 5860 avarus
1889 5825 1901 5860 :

2009 5149 2144 5203 Dum
2173 5159 2390 5220 tempus
2417 5147 2420 5152 ’
2453 5149 2740 5215 habemus,
2798 5154 3130 5207 seminemus
3183 5156 3234 5208 in
3279 5157 3494 5222 spiritu,
3527 5167 3586 5212 ut

2011 5257 2244 5296 messem
2310 5243 2362 5295 in
2406 5243 2786 5311 Spiritualibus
2817 5246 3162 5314 colligamus.
3197 5245 3306 5300 Nec
3332 5249 3585 5303 attenda-

1974 5375 1978 5379 .
2010 5349 2126 5388 mus
2155 5335 2218 5387 ad
2256 5335 2441 5401 paleas
2479 5353 2492 5388 :
2531 5351 2668 5403 quas
2696 5337 3058 5391 ventilabrum
3093 5340 3294 5394 Christi
3321 5343 3585 5399 continuo

2008 5429 2284 5496 separabit
2315 5443 2343 5481 a
2371 5431 2576 5494 tritico,
2609 5431 2782 5486 donec.
2836 5433 2925 5501 qui
2984 5444 3245 5488 venturus
3273 5448 3352 5489 est
3379 5437 3585 5492 veniat.

2008 5522 2074 5575 Et
2099 5522 2250 5590 juxta
2290 5521 2566 5590 prephetaa
2594 5523 2904 5578 vaticinium
2931 5525 3274 5579 discernatur
3301 5526 3446 5582 inter
3496 5529 3588 5596 ju-

2008 5629 2146 5671 stum
2179 5627 2232 5669 et
2257 5617 2539 5686 injustam,
2577 5628 2630 5671 et
2664 5620 2805 5671 inter
2847 5619 3175 5672 servientem
3195 5620 3319 5674 ’Deo
3371 5632 3426 5673 et
3477 5637 3586 5677 non

2008 5709 2359 5764 servientem.
2391 5711 2543 5765 Sicut
2571 5717 2623 5764 et
2655 5711 2782 5765 alibi
2826 5709 3090 5768 Dominus
3121 5713 3250 5768 dicit
3278 5729 3290 5766 :
3333 5713 3464 5767 Ecce
3497 5715 3590 5783 qui

2008 5802 2240 5857 serviunt
2275 5803 2402 5856 mihi
2440 5803 2835 5876 epulabantur:
2883 5819 2968 5860 vos
3001 5822 3124 5863 vero
3157 5806 3422 5863 esurialis.
3459 5805 3592 5862 Ecce
