4054 6206
498 318 590 384 119
1714 326 1770 386 S.
1819 331 2124 394 Eil:~.EiSil
2165 341 2604 406 illERUNYMI

3659 343 3756 409 120

492 434 584 531 qui
611 434 844 531 ser-vium
877 438 1006 490 mihi
1045 439 1388 531 (relabuntur,
1419 444 1512 508 vos,
1536 456 1711 499 autem
1744 451 2079 507 contristaai-
2105 470 2146 525 Α
2181 471 2338 524 quem
2366 459 2552 529 jnrare
2575 474 2740 516 nemo
2763 459 3089 530 prohibebat
3117 477 3133 527 ;
3193 461 3346 516 nobis
3377 463 3533 531 quasi
3582 466 3756 518 servis

496 526 627 580 mini
655 525 796 597 (Isa.
825 544 952 587 st.
999 531 1112 598 15).
1147 530 1262 587 Non
1299 550 1400 589 nos
1432 533 1542 606 [ΑΙ.
1571 537 1693 610 vos]
1729 541 1924 596 inertes
1956 544 2074 598 vin-

496 617 654 672 dicta:
681 619 793 672 dies
828 633 881 674 et
915 623 1297 679 retributionis
1331 627 1594 692 inveniat,
1626 632 1720 700 qui
1778 633 2071 692 imminens

499 728 564 766 ac
591 716 801 767 vicinus
825 732 972 778 esse,
999 729 1048 770 et
1075 719 1256 772 surculi
1287 721 1459 775 ruinis
1485 723 1722 791 undique
1745 739 2074 782 concurren-

498 805 665 866 tibus,
728 818 778 859 et
843 807 1249 877 Scripturarttm
1309 815 1723 878 contestatione
1786 818 2067 884 probatur.

498 893 924 952 Considcremus
977 899 1117 967 quod
1156 900 1208 953 in
1265 902 1376 963 hae
1405 911 1547 956 terra
1591 905 1832 970 hospites
1861 922 2068 972 sumus,

495 995 548 1036 et
580 991 988 1054 peregrinorum
1023 1006 1170 1043 more
1206 1008 1305 1060 pro
1340 993 1532 1048 diebus
1565 997 1881 1052 novissimis
1917 998 2072 1053 habi-

497 1086 697 1132 tamus.
747 1079 840 1134 Vos
861 1084 998 1134 enim
1025 1083 1088 1136 de
1113 1086 1210 1138 hoc
1236 1087 1430 1139 mundo
1475 1101 1577 1139 non
1606 1089 1728 1141 estis
1763 1087 1946 1158 (Joan.
1981 1105 2068 1148 xv.

493 1169 606 1238 19),
636 1170 832 1226 dicitur
861 1176 1035 1228 nobis.
1073 1176 1212 1241 Quid
1249 1193 1383 1246 ergo
1415 1177 1468 1231 in
1499 1179 1678 1232 alicna
1709 1167 2018 1251 Satagitnus
2047 1181 2071 1235 ?

494 1263 625 1331 quid
657 1266 987 1320 turbamur?
1017 1266 1187 1322 Nemo
1221 1268 1275 1322 in
1301 1270 1557 1324 deteriori
1591 1280 1647 1326 et
1678 1283 1942 1326 extranea
1975 1289 2068 1340 pa-

494 1355 598 1406 tria
634 1355 754 1423 plus
794 1356 944 1426 eligit
973 1359 1276 1426 possidere,
1305 1373 1467 1429 quam
1494 1361 1545 1414 in
1574 1376 1692 1415 sua.
1732 1362 1804 1415 De
1835 1361 1918 1416 his
1950 1375 2066 1416 tan-

494 1451 610 1496 tum
654 1446 1071 1502 sollicitudinem
1102 1449 1304 1504 habere
1333 1453 1593 1507 debemus
1617 1462 1670 1506 et
1697 1469 1908 1520 curam,
1947 1471 2069 1524 qua:

491 1538 777 1591 nobiscum
833 1541 1134 1596 transferre
1183 1557 1496 1611 possumus.
1532 1538 1792 1600 Ambiant
1853 1556 2066 1603 terrena

492 1630 744 1699 gentiles,
777 1632 976 1700 quibus
1043 1633 1285 1687 tmlestia
1337 1651 1442 1689 non
1481 1637 1764 1692 debentur.
1801 1637 2072 1706 Concupi-

492 1733 646 1775 scant
677 1724 984 1792 praesentia,
1005 1725 1097 1794 qui
1129 1723 1310 1779 futura
1336 1743 1442 1781 non
1468 1731 1716 1783 credunt.
1739 1729 2070 1786 Christianis

2176 549 2365 616 jurare
2420 565 2527 604 non
2584 551 2734 618 licet,
2767 551 2858 618 qui
2915 550 3126 606 Domini
3196 553 3368 606 nostri
3402 552 3520 622 lege
3571 551 3758 624 jurare

2176 637 2446 699 vetamur.
2489 642 2683 697 Verum
2710 659 2776 698 ne
2807 646 2858 698 in
2891 643 3010 714 ejus
3029 642 3277 708 exemplo
3304 644 3622 698 scandalum
3651 659 3755 713 pa-

2177 731 2421 785 tiamur:
2480 747 2543 786 ex
2597 748 2706 797 quo
2762 744 3008 802 tempore
3040 733 3234 801 jurare
3267 749 3368 788 nos
3425 735 3616 800 noluit,
3652 749 3754 789 nec

2177 824 2291 893 ipse
2315 824 2542 894 juravit.
2581 824 2647 878 Et
2685 827 2920 894 qualiter
2968 827 3034 880 de
3058 827 3351 892 juramenti
3406 841 3567 882 causa
3603 826 3751 880 brevi

2175 931 2427 972 sermone
2448 917 2790 972 satisfactum
2820 928 2903 973 est
2929 937 2942 976 :
2977 919 3049 974 ita
3083 923 3249 974 etiam
3277 919 3341 972 ad
3372 918 3752 973 vindictae'ue-

2173 1011 2376 1082 gotium
2405 1011 2552 1066 hunc
2581 1012 2834 1067 eumdem
2863 1027 3085 1069 sensum
3110 1011 3268 1067 facile
3295 1010 3563 1079 prospicis
3593 1025 3752 1080 posse

2174 1101 2421 1158 suiﬁcere
2453 1121 2468 1158 :
2520 1105 2644 1173 quia
2704 1104 2849 1158 aliud
2879 1121 3021 1160 nunc
3057 1113 3267 1174 tempus
3290 1106 3499 1174 gratite,
3553 1103 3606 1170 in
3642 1119 3751 1172 quo

2176 1196 2457 1263 plenitudo
2483 1198 2831 1267 perfectionis
2862 1198 3101 1254 advenit:
3127 1199 3268 1252 aliud
3293 1197 3393 1252 fuit
3419 1199 3574 1268 legis,
3593 1198 3747 1262 aliud

2177 1287 2591 1356 prophetarum,
2629 1287 2847 1342 dicente
2897 1288 3128 1343 Domino
3167 1305 3182 1347 :
3226 1289 3468 1343 Audistis
3496 1289 3619 1357 quia
3663 1290 3748 1342 di-

2175 1388 2317 1433 ctum
2363 1389 2441 1432 est
2473 1381 2709 1448 antiquis
2752 1379 2976 1449 (Matth.
3011 1394 3066 1446 ν.
3123 1381 3239 1449 2i),
3276 1397 3343 1434 ne
3389 1380 3746 1436 occiderent:

2171 1489 2282 1540 ego.
2329 1484 2508 1527 autem
2569 1473 2894 1543 perfectiora
2955 1474 3230 1544 prmcipio,
3287 1488 3410 1540 quae
3452 1475 3502 1527 itt
3555 1471 3750 1536 ordine

2172 1563 2449 1633 Evangelii
2484 1564 2689 1630 digesta
2728 1580 2828 1619 suo
2878 1562 3000 1618 loco
3031 1563 3203 1620 lector
3233 1562 3493 1617 inveniet.
3523 1561 3602 1618 Es
3639 1577 3748 1633 quo

2173 1653 2318 1707 enim
2352 1653 2522 1708 Filius
2554 1652 2671 1720 Dei,
2710 1654 2854 1708 ﬁlius
2887 1654 3128 1708 hominis
3159 1653 3342 1708 factus
3381 1664 3465 1708 est
3497 1671 3510 1708 :
3539 1670 3604 1708 ex
3639 1667 3746 1722 quo

2173 1755 2330 1799 vetus
2350 1743 2675 1800 fermentum
2691 1743 2933 1800 ‘Jndaicte
2956 1745 3261 1799 traditionis
3283 1755 3367 1800 est
3383 1743 3585 1799 factum
3605 1759 3743 1798 nova

491 1811 690 1865 divitiae
713 1825 770 1868 et
807 1814 1117 1882 htereditas,
1151 1817 1222 1872 sit
1253 1817 1512 1874 divinitas
1535 1819 1758 1877 Christi.
1785 1819 1894 1876 Nec
1924 1823 2067 1876 enim
2108 1821 2146 1874 Β
2175 1821 2530 1905 εοηερει-εῑός
2577 1853 2641 1891 ex
2680 1853 2788 1907 quo
2830 1853 3001 1905 agnus
3059 1852 3163 1890 non
3222 1837 3274 1890 itt
3317 1838 3510 1906 ligura,
3537 1836 3630 1891 sed
3691 1836 3745 1890 in

491 1908 686 1960 debent
710 1922 852 1976 aegre
887 1909 1052 1978 ferre,
1089 1913 1244 1980 quasi
1283 1913 1460 1967 minus
1493 1930 1522 1968 a
1560 1915 1774 1968 caeteris
1803 1915 2064 1980 habeant,

489 1999 580 2066 qui
625 2010 898 2054 auctorem
923 1990 1562 2075 omnium'perceperunt.
1591 2004 1874 2076 Superest,
1902 2020 1953 2062 ut
1973 2023 2067 2062 ac-

493 2102 709 2167 t-pptutn
737 2093 790 2145 in
824 2095 986 2148 corde
1011 2095 1173 2150 Deum
1201 2098 1466 2151 honorent
1491 2099 1788 2170 obsequiis,
1811 2101 2065 2167 operibus

489 2184 689 2247 coluit,
725 2201 975 2240 sermone
1039 2204 1256 2258 semper
1293 2200 1345 2243 et
1370 2191 1699 2259 cogitatione
1735 2193 2006 2246 fateantur
2045 2210 2060 2248 :

497 2285 553 2326 ut
581 2278 632 2329 in
665 2277 898 2332 adventu
932 2280 1070 2350 ejus,
1105 2297 1210 2340 non
1241 2297 1366 2335 cum
1393 2284 1818 2339 contumacibus
1843 2295 1894 2340 et
1935 2299 2066 2338 con-

490 2367 852 2436 tetnptorihus
888 2372 1210 2440 puniantur,
1251 2371 1345 2426 sed
1372 2389 1496 2428 cum
1535 2375 1746 2430 sanctis
1785 2388 1839 2430 et
1894 2376 2062 2430 Deum

488 2455 808 2515 timentibus
837 2473 1188 2517 coronentur.
1245 2462 1358 2518 Hoc
1383 2480 1514 2520 sane
1544 2467 1884 2536 prudentiam
1917 2479 2062 2522 tuam

489 2568 704 2620 pri-cor,
761 2569 827 2608 ne
879 2569 965 2606 me
1020 2565 1176 2623 putes
1226 2556 1341 2608 hace
1387 2555 1785 2622 superstitionis
1835 2559 2064 2628 alicujus

490 2647 848 2714 persuasione
877 2648 1132 2700 dictasse.
1169 2645 1277 2716 Ego
1307 2656 1356 2699 te
1378 2644 1750 2703 Christianum
1775 2651 1897 2705 volo
1918 2665 2060 2714 esse,

492 2754 596 2792 non
653 2741 972 2793 monachum
1009 2740 1137 2807 dici,
1201 2750 1255 2794 et
1285 2742 1545 2795 virtutem
1599 2743 1838 2814 propriae
1889 2739 2064 2798 laudis

489 2832 768 2900 possidere
797 2833 970 2898 magis
1003 2847 1166 2900 quam
1231 2846 1430 2886 nomen
1469 2833 1732 2888 alienum.
1762 2832 1919 2900 Quod
1952 2834 2065 2887 fru-

491 2934 605 2978 stra
633 2944 660 2975 δ
691 2923 898 2976 Latinis
942 2925 995 2977 in
1044 2925 1199 2978 turba
1238 2925 1709 2980 comutorantibus
1744 2928 2062 2995 imponitur,

491 3030 615 3068 cum
647 3031 674 3068 a
707 3013 916 3070 Graacis
953 3015 1198 3070 solitarie
1230 3017 1542 3072 viventibus
1579 3017 1819 3088 legitime
1842 3017 2068 3088 depute—

493 3121 607 3162 tur.
639 3109 843 3179 Accipe
879 3125 1026 3178 ergo,
1063 3112 1155 3176 tili,
1190 3125 1498 3167 sermonem
1534 3121 1805 3179 nostrum,
1836 3128 1898 3165 ea
1928 3115 2065 3168 sim-

494 3203 736 3270 plicitate
763 3215 818 3256 et
848 3205 1080 3258 veritate
1119 3219 1222 3261 uua
1257 3205 1530 3260 diximus:
1568 3207 1692 3275 quia
1727 3222 1834 3260 non
1862 3208 2062 3274 quaeri-

493 3309 614 3346 mus
647 3296 924 3347 hominum
967 3295 1218 3364 gloriam,
1275 3293 1417 3351 Deus
1468 3296 1665 3351 teStis:
1715 3313 1812 3351 nec
1841 3298 1906 3350 ad
1963 3297 2068 3352 hoc

489 3385 784 3454 loquimur,
825 3397 880 3440 ut
938 3389 1208 3442 humanas
1257 3388 1530 3442 amicitias
1586 3403 1941 3459 aucupentur,
2003 3406 2068 3444 ne

486 3487 686 3530 nostra:
719 3477 1044 3533 adulationis
1078 3493 1347 3541 sermone,
1375 3488 1425 3530 et
1451 3491 1550 3532 nos
1575 3491 1627 3531 et
1657 3479 1790 3531 alios
1819 3479 2064 3547 decipia-

496 3586 619 3624 nins
659 3586 674 3624 :
739 3585 836 3624 ncc
868 3582 922 3623 ttt
952 3584 1051 3625 nts
1082 3573 1220 3638 apud
1250 3571 1494 3625 homines
1519 3569 1726 3638 aliquid
1764 3569 2064 3635 videamur,

489 3668 584 3718 sed
619 3674 674 3718 ut
711 3664 851 3732 apud
885 3662 1051 3717 Dento
1081 3662 1332 3717 homines
1369 3678 1559 3733 magna
1598 3671 1930 3716 mereantur.

555 3751 622 3806 Χ.
665 3752 738 3806 De
769 3754 1163 3822 quaestionibus
1210 3763 1388 3806 autem
1425 3755 1556 3818 tuis,
1590 3762 1649 3806 ut
1679 3767 1813 3822 pace
1859 3763 1950 3807 tua
1985 3752 2066 3807 lo-

485 3862 646 3914 quar,
681 3846 807 3913 quia
855 3846 1222 3898 turbulentius
1262 3845 1627 3914 proponebas,
1663 3859 1764 3912 ego
1803 3845 2063 3912 simplici-

489 3950 569 3991 tor
623 3939 954 4006 respondere
1005 3937 1278 4000 nolebam,
1327 3938 1454 4007 quia
1509 3939 1727 3994 bellanti
1789 3937 2062 3991 dexteram

487 4029 640 4097 pacis
667 4029 798 4082 dare
825 4044 952 4082 non
982 4040 1221 4096 poteram
1252 4044 1265 4080 :
1303 4021 1432 4083 licet
1470 4029 1632 4082 etiam
1670 4035 2060 4097 praeposterum

488 4123 634 4174 forte
663 4121 931 4183 videatur,
966 4119 1090 4172 inde
1133 4119 1335 4187 aliquid
1372 4121 1425 4173 in
1463 4119 1568 4173 line
1618 4121 1861 4191 epistola:
1895 4131 2064 4174 retra-

487 4225 662 4265 ctare.
705 4211 807 4264 Sed
834 4211 1090 4279 quoniam
1124 4211 1267 4279 apud
1294 4212 1632 4274 Christianos
1662 4229 1765 4264 non
1796 4223 1902 4264 tam
1929 4213 2062 4266 ordo

489 4304 773 4374 qtiazritur,
807 4319 968 4372 quant
1001 4302 1301 4371 profectus,
1327 4317 1496 4369 pauca
1523 4319 1644 4373 quae
1669 4304 1763 4358 tibi
1796 4317 1919 4358 reor
1947 4304 2064 4356 fore

487 4397 826 4460 necessaria,
853 4396 1062 4450 credidi
1081 4395 1456 4451 subnecteuda
1487 4415 1500 4450 :
1535 4398 1709 4451 donec
1735 4397 1800 4451 de
1825 4396 2057 4462 caeteris,

485 4507 610 4563 qum
643 4501 699 4546 ut
749 4491 1015 4555 assolent,
1055 4498 1110 4544 te
1167 4501 1403 4549 movent,
1464 4506 1700 4558 pra-setis
1753 4490 1799 4545 si
1833 4491 2062 4560 jusseris
2096 4507 2138 4560 ι)

401 4590 412 4659 ξ
485 4601 608 4640 cum
654 4592 943 4653 praesente,
985 4597 1194 4636 remota
1231 4582 1376 4636 omni
1417 4583 1791 4638 anitnositatis
1837 4594 2065 4638 conten-

489 4680 632 4732 tione
665 4686 982 4731 tractemus.
1023 4674 1212 4727 Dixisti
1250 4677 1416 4739 cnim,
1471 4676 1524 4729 ni
1583 4674 1759 4741 (altor,
1793 4676 1896 4730 hoe
1940 4675 2066 4744 jure

485 4780 541 4823 te
583 4769 720 4822 mala
760 4770 914 4822 malis
970 4769 1215 4831 reddere,
1251 4779 1302 4820 et
1365 4783 1489 4820 cum
1519 4768 1830 4836 jurantibus
1878 4768 2068 4837 jurare

484 4862 709 4924 debere,
743 4861 885 4930 quod
925 4859 1214 4928 aliquando
1241 4861 1450 4927 juravit
1480 4859 1763 4919 Dominus.
1801 4870 1893 4913 aut
1920 4860 2060 4912 mala

490 4954 645 5007 malis
674 4955 935 5007 rcstituit.
981 4951 1105 5006 Scio
1139 4953 1372 5022 primum
1400 4969 1508 5004 ll0l|
1541 4953 1722 5005 omnia
1754 4953 1910 5006 nobis
1932 4967 2064 5006 con-

486 5047 680 5102 venire
719 5047 915 5109 servis,
949 5063 1069 5114 qua.
1100 5047 1325 5100 Domino
1351 5047 1706 5108 conveniunt,
1737 5060 1803 5097 nc
1829 5046 1880 5096 iit
1917 5060 2065 5098 com-

489 5138 778 5206 paratione
839 5135 1194 5198 fatnulorum,
1261 5134 1470 5188 Domini
1534 5134 1783 5187 videatur
1845 5134 2062 5198 injuria.

487 5228 743 5296 AliOquin
789 5226 1014 5280 forsitan
1053 5226 1348 5279 reclamare
1399 5225 1722 5293 incipiamus
1758 5241 1772 5278 :
1825 5243 1923 5278 cur
1957 5241 2062 5279 non

492 5323 561 5374 de
590 5319 925 5387 virginibus,
963 5320 1054 5370 scd
1103 5316 1170 5371 de
1214 5319 1528 5372 mulieribus
1560 5319 1926 5386 gent-rantur?
1961 5319 2067 5373 Αυι

491 5427 592 5466 cur
624 5411 824 5465 mortui
854 5413 1028 5465 nostri
1062 5411 1147 5464 die
1182 5411 1342 5464 tertia
1378 5425 1484 5464 non
1528 5413 1862 5480 resurgunt?
1907 5410 2068 5465 Jura-

411 5519 422 5530 '
487 5504 588 5566 vit,
616 5503 754 5566 scio,
791 5518 934 5568 saepe
967 5502 1247 5564 Dominus,
1278 5503 1367 5572 qni
1398 5518 1498 5554 nos
1546 5503 1733 5572 jttt'arc
1769 5504 2066 5570 prohibuit,

488 5612 593 5654 nec
635 5595 827 5648 statim
877 5611 942 5648 ex
987 5595 1094 5650 hoc
1136 5606 1342 5650 temere
1391 5597 1770 5662 blasphemare
1807 5598 2067 5650 dchemus

491 5705 636 5752 tuin,
671 5687 762 5756 qui
795 5688 932 5741 alios
993 5692 1224 5744 vetuerit
1281 5694 1424 5762 quo.|
1460 5690 1573 5760 ipse
1623 5691 1852 5744 faciebat
1888 5708 1903 5743 :
1938 5691 2064 5759 quia

491 5780 597 5841 dici
644 5777 804 5842 nobis
833 5787 1037 5851 potest,
1074 5782 1277 5852 juravit
1305 5782 1563 5842 Dominus
1597 5785 1748 5856 quasi
1783 5782 2062 5852 Dominus,

2169 1929 2400 1984 veritate
2425 1931 2727 1985 comeditur
2764 1949 2776 1984 :
2804 1945 2869 1984 ex
2898 1945 3024 1997 quo,
3071 1930 3370 1985 secundum
3400 1931 3744 1997 Apostolum,

2167 2031 2344 2076 vetera
2377 2022 2720 2085 transierunt,
2753 2033 2800 2076 et
2832 2027 2974 2090 facta
2997 2032 3120 2076 sunt
3140 2024 3317 2076 omnia
3341 2038 3472 2075 nova
3502 2020 3586 2092 (II
3617 2022 3744 2076 Cor.

2169 2129 2223 2178 v,
2252 2113 2342 2183 l7)
2377 2129 2480 2168 :ex
2511 2128 2620 2184 quo
2646 2113 2860 2182 jussum
2895 2123 2978 2166 est
3019 2113 3308 2182 imaginem
3343 2114 3544 2166 terreni
3570 2112 3746 2166 homi-

2171 2203 2253 2258 nis
2279 2205 2573 2271 deponere,
2600 2215 2654 2258 et
2680 2219 2962 2259 assumere
2987 2204 3214 2258 formam
3251 2205 3492 2258 ctelestis
3520 2221 3533 2257 :
3575 2219 3639 2257 es
3677 2217 3746 2257 eo

2168 2299 2497 2353 commortui
2558 2297 2808 2363 vivimus,
2868 2309 2923 2352 et
2973 2297 3270 2352 virtutibus
3301 2297 3746 2352 consurreximus

2169 2394 2225 2448 in
2281 2377 2520 2449 Christo.

2276 2552 2595 2612 MONITUM
2645 2553 2713 2608 ΙΝ
2756 2552 3143 2611 EPISTOLAM
3187 2551 3629 2620 SEQUENTEM.

2239 2672 2380 2735 Non,
2439 2681 2496 2726 ut
2544 2672 2706 2738 vulgo
2755 2673 3019 2735 creditur,
3063 2668 3290 2737 episloia
3345 2671 3458 2724 haec
3491 2678 3598 2729 est,
3641 2668 3741 2723 sed

2168 2743 2498 2810 alloquentis
2532 2743 2584 2796 iit
2641 2743 2867 2798 ecclesia
2918 2741 3177 2810 p0pulum
3212 2740 3468 2810 Humilia.
3501 2755 3594 2792 seu
3635 2748 3742 2792 tra-

2168 2809 2346 2867 ctatus
2374 2829 2388 2866 :
2421 2813 2564 2880 quod
2595 2828 2756 2866 tinum
2792 2809 3080 2866 manifeisto
3101 2812 3322 2873 evincit,
3354 2809 3740 2880 Hieronymum

2169 2877 2453 2937 anctoreni
2483 2899 2587 2935 non
2626 2884 2845 2936 habere.
2879 2882 3011 2936 Illud
3043 2896 3171 2935 vero
3203 2890 3316 2935 ttttn
3342 2895 3408 2933 ex
3441 2877 3741 2931 continenti

2169 2953 2436 3022 orationis
2471 2953 2634 3014 serie,
2687 2967 2806 3004 cum
2845 2953 3118 3022 prmciptte
3165 2966 3230 3022 ex
3280 2950 3375 3022 his
3426 2965 3545 3015 cap.
3577 2949 3635 3022 ‘|_l
3677 2947 3743 3022 li-

2171 3034 2298 3085 quet
2325 3039 2340 3081 :
2369 3021 2535 3075 Istius
2563 3023 2702 3076 modi
2739 3017 3034 3089 disputatio
3063 3023 3116 3074 in
3157 3020 3373 3089 Psalnto
3409 3035 3573 3087 nuper
3611 3017 3745 3089 inri-

2172 3092 2268 3155 dit,
2304 3103 2350 3145 et
2382 3091 2582 3145 dictum
2634 3103 2710 3146 est
2748 3110 2778 3145 a
2821 3087 2986 3154 nobis,
3018 3092 3275 3160 quomodo
3316 3088 3453 3142 Deus
3502 3087 3741 3142 eduxerit

2091 3163 2136 3221 Ο
2179 3165 2341 3216 nubes
2374 3165 2436 3215 ab
2463 3174 2695 3216 extremo
2720 3173 2864 3216 terra
2907 3163 3080 3229 :quod
3108 3161 3315 3228 quidem
3347 3176 3482 3211 nunc
3505 3163 3745 3223 rogimnr

2175 3249 2386 3286 rursum
2432 3241 2685 3295 tractare,
2716 3245 2767 3285 ut
2799 3243 2845 3284 et
2901 3236 2953 3284 Ιιὶ
2982 3233 3071 3300 qui
3099 3232 3405 3300 audierunt,
3434 3229 3742 3298 plenissime

2172 3319 2352 3373 eorum
2394 3318 2510 3370 qua!
2541 3315 2731 3367 srtunt,
2761 3299 3164 3373 rentiniscantur
3191 3317 3210 3356 .‘
3243 3311 3291 3354 et
3321 3299 3371 3352 hi
3395 3300 3486 3364 qui
3511 3307 3602 3349 aut
3637 3312 3742 3373 non

2169 3368 2540 3438 interfuerunt,
2567 3383 2659 3426 aut
2718 3372 2866 3427 obliti
2922 3384 3067 3432 sunt.
3123 3380 3420 3424 contextum
3487 3368 3740 3420 sermonis

2169 3453 2479 3510 agnoscant,
2505 3460 2655 3511 quem
2681 3459 2818 3499 nunc
2872 3452 3028 3511 prout
3077 3443 3358 3502 valuimus,
3387 3439 3739 3511 exhibuimus.

2174 3509 2434 3582 Equidem
2494 3509 2705 3576 auctor,
2736 3509 2984 3580 qttisquis
3039 3513 3128 3564 ille
3185 3511 3386 3582 fuerit.
3423 3509 3739 3582 aequiorum

2170 3577 2318 3636 certe
2356 3585 2513 3651 lotth
2556 3577 2840 3636 intervallo
2879 3577 3205 3649 temporum,
3235 3577 3742 3651 qttzedantsnbindc

2169 3669 2234 3706 ex
2265 3648 2596 3715 Hieronymo
2634 3653 2914 3715 delibavit,
2949 3648 3003 3703 ut
3037 3661 3119 3705 est
3162 3652 3290 3704 illttd
3322 3649 3390 3703 de
3417 3648 3539 3700 orbe
3571 3656 3743 3699 terra-

2171 3740 2308 3782 tum.
2342 3723 2427 3789 qui
2458 3709 2636 3777 Cra’ce
2666 3709 2961 3792 oixoops’vq
2995 3733 3362 3792 nuncupatur,
3382 3718 3435 3770 id
3453 3728 3556 3792 est,
3586 3716 3743 3792 inita-

2171 3794 2337 3844 bitata
2370 3807 2387 3843 .'
2418 3805 2466 3845 et
2517 3795 2657 3860 quod
2694 3789 3050 3860 censi-quitur
3077 3791 3144 3842 de
3204 3791 3391 3850 David,
3446 3789 3500 3840 in
3535 3789 3742 3860 psaimo

2170 3856 2664 3929 confessionis-tres
2707 3856 2924 3929 spiritus
2983 3861 3304 3927 postulante,
3357 3860 3575 3929 totidem
3607 3856 3743 3929 iere

2173 3924 2350 3985 verbis
2399 3946 2464 3985 ex
2510 3924 2903 3984 cattitttcittario
2967 3924 3018 3984 iit
3074 3932 3366 3998 Epistolant
3410 3930 3475 3979 ad
3521 3924 3742 3978 Galatas

2087 4030 2092 4035 ι
2170 4019 2269 4068 t‘np
2333 4019 2383 4064 ν,
2418 4004 2468 4066 6,
2509 4017 2848 4069 expressum.
2882 4001 3087 4054 Caetera
3124 4003 3264 4065 quod
3293 4007 3343 4052 et
3376 3998 3604 4069 Erasmo
3647 4011 3743 4069 no-

2171 4065 2342 4124 tatum
2367 4085 2472 4137 est,
2512 4065 2767 4138 ιιοίιὶΙιιιιι
2827 4075 3044 4138 quidem
3085 4071 3514 4138 llieronyinianae
3545 4065 3740 4119 dictio-

2173 4142 2258 4194 nis
2299 4136 2481 4208 habet,
2515 4136 2617 4197 nec
2648 4141 2812 4196 ullum
2847 4136 3136 4210 vestigium
3169 4136 3408 4208 pectoris
3435 4136 3598 4190 illius.

2692 4277 3033 4334 EPISTOLA
3067 4276 3202 4332 Vlil.

2651 4371 2723 4425 De
2761 4372 3269 4427 tribusveirtutibus.

2244 4485 2283 4538 l.
2326 4484 2460 4540 Tres
2485 4485 2887 4554 quodammodo
2919 4486 3145 4540 virtutes
3177 4485 3270 4538 Dei
3295 4500 3582 4544 aSStllllt‘nS
3620 4500 3748 4555 pro-

2174 4578 2358 4647 pheta,
2387 4578 2786 4643 fortitudinem,
2810 4579 3159 4648 sapientiam,
3182 4589 3343 4648 atque
3379 4580 3744 4647 prudentiam,

2181 4671 2475 4741 unicuique
2507 4686 2694 4724 carum
2730 4671 2943 4737 propria
2977 4685 3142 4738 Opera
3174 4670 3472 4723 distribuit.
3506 4667 3743 4722 Fortitu-

2170 4763 2279 4816 dini
2324 4763 2846 4830 terratn,sapientize
2881 4765 3065 4814 orbein
3101 4775 3401 4828 terraruw,
3444 4763 3745 4828 pro-lentia:

2169 4858 2392 4909 coelum.
2429 4855 2566 4907 Audi
2593 4853 3126 4924 quippe.Scriptttrte
3149 4855 3395 4907 ordinem
3434 4871 3446 4907 :
3482 4853 3743 4905 Dominus

2167 4951 2256 5014 qui
2290 4947 2411 5013 fecit
2443 4959 2640 5000 terram
2675 4949 2725 5000 in
2771 4947 3086 5013 fortitudine
3123 4964 3242 5009 sua,
3278 4959 3327 4998 et
3371 4948 3532 4999 erexit
3568 4948 3742 4998 urbem

2169 5041 2221 5091 in
2264 5040 2524 5105 sapientia
2562 5056 2684 5100 sua,
2713 5048 2760 5090 et
2797 5041 3077 5106 prudentia
3122 5039 3356 5089 extendit
3413 5037 3594 5090 caelum
3627 5036 3746 5105 (Je-

2170 5148 2304 5190 rem.
2340 5149 2394 5193 κ,
2435 5131 2549 5201 lit).
2585 5130 2647 5184 Et
2689 5146 2785 5183 nos
2826 5134 2988 5200 igitur
3019 5132 3075 5184 in
3118 5143 3301 5184 nostra
3341 5141 3481 5184 terra
3517 5131 3741 5198 (dictum

2168 5239 2246 5280 eat
2287 5227 2489 5293 quippe
2515 5227 2580 5277 ad
2609 5225 2778 5277 Adam
2832 5222 2985 5294 [Cum
3025 5234 3104 5285 ιιι,
3136 5221 3224 5293 19]
3259 5234 3399 5275 terra
3425 5226 3524 5292 es),
3557 5238 3746 5277 neces-

2167 5322 2368 5373 sariam
2408 5317 2671 5372 habemus
2700 5316 3072 5371 fortitudinctn
3114 5317 3230 5380 Dei,
3282 5316 3408 5386 quia
3441 5319 3650 5384 absque
3678 5330 3744 5370 ea

2170 5410 2511 5480 impossibile
2543 5421 2624 5464 est
2651 5410 2806 5463 nobis
2843 5409 2893 5462 id
2930 5408 3181 5475 exsequi,
3220 5410 3361 5477 quod
3399 5411 3550 5463 carni
3582 5424 3746 5476 repu-

2169 5517 2319 5575 gnat.
2350 5507 2485 5560 Cum
2521 5515 2702 5557 autem
2733 5504 3054 5557 mortiﬁcata
3087 5505 3280 5556 iuerint
3309 5504 3553 5556 membra
3583 5516 3746 5569 super

2171 5611 2393 5662 ιεττθιιι,
2426 5613 2550 5652 tunc
2605 5609 2794 5666 parcnt
2866 5599 3092 5667 spiritus
3146 5597 3427 5651 \olttttati.
3466 5596 3742 5664 Squidetn

2165 5695 2319 5764 juxta
2353 5693 2692 5761 Apostolunt,
2728 5691 2931 5755 Spiritu
2966 5703 3110 5761 gesta
3145 5690 3321 5744 carnis
3353 5691 3748 5757 mortiﬁcantttr

2173 5787 2346 5858 (ilum.
2416 5802 2528 5856 \‘ill,
2582 5785 2707 5857 15);
2743 5784 3000 5840 Dominus
3053 5794 3233 5840 autem
3290 5783 3414 5838 fecit
3453 5793 3651 5841 terram
3691 5783 3743 5836 itt
