  <div class='ocr_page' id='page_1' title='image "/cluster/home/n/w/nwhite01/storage/ocr_20150623/30/hvd.32044096580527/066.png"; bbox 0 0 4054 6206; ppageno 0'>
   <div class='ocr_carea' id='block_1_1' title="bbox 270 313 362 379">
    <p class='ocr_par' dir='ltr' id='par_1_1' title="bbox 270 313 362 379">
     <span class='ocr_line' id='line_1_1' title="bbox 270 313 362 379; baseline 0.011 -1"><span class='ocrx_word' id='word_1_1' title='bbox 270 313 362 379; x_wconf 76' lang='lat'><strong>19.1</strong></span> 
     </span>
    </p>
   </div>
   <div class='ocr_carea' id='block_1_2' title="bbox 1123 320 2697 395">
    <p class='ocr_par' dir='ltr' id='par_1_2' title="bbox 1123 320 2697 395">
     <span class='ocr_line' id='line_1_2' title="bbox 1123 320 2697 395; baseline 0.01 -15"><span class='ocrx_word' id='word_1_2' title='bbox 1123 320 1500 385; x_wconf 78' lang='lat' dir='ltr'><strong>EPISTULA.</strong></span> <span class='ocrx_word' id='word_1_3' title='bbox 1537 323 1704 387; x_wconf 83' lang='lat' dir='ltr'><strong>Vill.</strong></span> <span class='ocrx_word' id='word_1_4' title='bbox 1754 326 1850 386; x_wconf 84' lang='lat' dir='ltr'><strong>DE</strong></span> <span class='ocrx_word' id='word_1_5' title='bbox 1889 327 2178 391; x_wconf 79' lang='lat' dir='ltr'><strong>TRIBHS</strong></span> <span class='ocrx_word' id='word_1_6' title='bbox 2219 333 2697 395; x_wconf 72' lang='lat' dir='ltr'><strong>VIRTU&#39;I‘IBUS</strong></span> 
     </span>
    </p>
   </div>
   <div class='ocr_carea' id='block_1_3' title="bbox 3435 340 3538 404">
    <p class='ocr_par' dir='ltr' id='par_1_3' title="bbox 3435 340 3538 404">
     <span class='ocr_line' id='line_1_3' title="bbox 3435 340 3538 404; baseline -0.01 0"><span class='ocrx_word' id='word_1_7' title='bbox 3435 340 3538 404; x_wconf 75' lang='lat'><strong>122</strong></span> 
     </span>
    </p>
   </div>
   <div class='ocr_carea' id='block_1_4' title="bbox 265 431 3535 522">
    <p class='ocr_par' dir='ltr' id='par_1_4' title="bbox 265 431 3535 522">
     <span class='ocr_line' id='line_1_4' title="bbox 265 431 3535 522; baseline 0.005 -36"><span class='ocrx_word' id='word_1_8' title='bbox 265 433 594 488; x_wconf 73' lang='lat' dir='ltr'><strong>fortitudine</strong></span> <span class='ocrx_word' id='word_1_9' title='bbox 627 449 748 488; x_wconf 83' lang='lat' dir='ltr'><strong>sua.</strong></span> <span class='ocrx_word' id='word_1_10' title='bbox 804 431 860 489; x_wconf 90' lang='lat' dir='ltr'><strong>Si</strong></span> <span class='ocrx_word' id='word_1_11' title='bbox 894 443 1073 490; x_wconf 85' lang='lat' dir='ltr'><strong>autem</strong></span> <span class='ocrx_word' id='word_1_12' title='bbox 1109 439 1180 504; x_wconf 84' lang='lat' dir='ltr'><strong>ad</strong></span> <span class='ocrx_word' id='word_1_13' title='bbox 1225 441 1364 494; x_wconf 85' lang='lat' dir='ltr'><strong>hanc</strong></span> <span class='ocrx_word' id='word_1_14' title='bbox 1401 452 1597 497; x_wconf 88' lang='lat' dir='ltr'><strong>terram</strong></span> <span class='ocrx_word' id='word_1_15' title='bbox 1638 441 1926 511; x_wconf 52' lang='lat' dir='ltr'><strong>veniam-5</strong></span> <span class='ocrx_word' id='word_1_16' title='bbox 1960 443 2075 514; x_wconf 82' lang='lat' dir='ltr'><strong>Ipse</strong></span> <span class='ocrx_word' id='word_1_17' title='bbox 2093 449 2368 516; x_wconf 8' lang='lat' dir='ltr'><strong>asapientia</strong></span> <span class='ocrx_word' id='word_1_18' title='bbox 2393 449 2538 520; x_wconf 84' lang='lat' dir='ltr'><strong>ejus,</strong></span> <span class='ocrx_word' id='word_1_19' title='bbox 2565 451 2683 521; x_wconf 84' lang='lat' dir='ltr'><strong>ipse</strong></span> <span class='ocrx_word' id='word_1_20' title='bbox 2706 450 2973 506; x_wconf 71' lang='lat' dir='ltr'><strong>fortitudo</strong></span> <span class='ocrx_word' id='word_1_21' title='bbox 2999 451 3142 520; x_wconf 79' lang='lat' dir='ltr'><strong>ejus,</strong></span> <span class='ocrx_word' id='word_1_22' title='bbox 3165 451 3278 520; x_wconf 87' lang='lat' dir='ltr'><strong>ipse</strong></span> <span class='ocrx_word' id='word_1_23' title='bbox 3295 451 3535 522; x_wconf 71' lang='lat' dir='ltr'><strong>jttslitias</strong></span> 
     </span>
    </p>
   </div>
   <div class='ocr_carea' id='block_1_5' title="bbox 264 526 1851 601">
    <p class='ocr_par' dir='ltr' id='par_1_5' title="bbox 264 526 1851 601">
     <span class='ocr_line' id='line_1_5' title="bbox 264 526 1851 601; baseline 0.004 -24"><span class='ocrx_word' id='word_1_24' title='bbox 264 537 318 578; x_wconf 84' lang='lat' dir='ltr'><strong>et</strong></span> <span class='ocrx_word' id='word_1_25' title='bbox 352 526 676 581; x_wconf 79' lang='lat' dir='ltr'><strong>consideres</strong></span> <span class='ocrx_word' id='word_1_26' title='bbox 733 527 786 581; x_wconf 88' lang='lat' dir='ltr'><strong>id</strong></span> <span class='ocrx_word' id='word_1_27' title='bbox 841 529 985 597; x_wconf 90' lang='lat' dir='ltr'><strong>quod</strong></span> <span class='ocrx_word' id='word_1_28' title='bbox 1034 529 1086 580; x_wconf 91' lang='lat' dir='ltr'><strong>iu</strong></span> <span class='ocrx_word' id='word_1_29' title='bbox 1118 527 1220 585; x_wconf 84' lang='lat' dir='ltr'><strong>Job</strong></span> <span class='ocrx_word' id='word_1_30' title='bbox 1273 532 1534 599; x_wconf 84' lang='lat' dir='ltr'><strong>scriptum</strong></span> <span class='ocrx_word' id='word_1_31' title='bbox 1606 541 1690 586; x_wconf 89' lang='lat' dir='ltr'><strong>est</strong></span> <span class='ocrx_word' id='word_1_32' title='bbox 1731 530 1851 601; x_wconf 82' lang='lat' dir='ltr'><strong>(Job</strong></span> 
     </span>
    </p>
   </div>
   <div class='ocr_carea' id='block_1_6' title="bbox 266 619 1856 692">
    <p class='ocr_par' dir='ltr' id='par_1_6' title="bbox 266 619 1856 692">
     <span class='ocr_line' id='line_1_6' title="bbox 266 619 1856 692; baseline 0.003 -20"><span class='ocrx_word' id='word_1_33' title='bbox 266 622 450 688; x_wconf 77' lang='lat' dir='ltr'><strong>xxvr),</strong></span> <span class='ocrx_word' id='word_1_34' title='bbox 477 619 636 688; x_wconf 78' lang='lat' dir='ltr'><strong>juxta</strong></span> <span class='ocrx_word' id='word_1_35' title='bbox 667 620 1113 674; x_wconf 73' lang='lat' dir='ltr'><strong>emendatissimo</strong></span> <span class='ocrx_word' id='word_1_36' title='bbox 1142 631 1321 677; x_wconf 88' lang='lat' dir='ltr'><strong>tamen</strong></span> <span class='ocrx_word' id='word_1_37' title='bbox 1344 623 1698 692; x_wconf 79' lang='lat' dir='ltr'><strong>exemplaria,</strong></span> <span class='ocrx_word' id='word_1_38' title='bbox 1721 638 1856 691; x_wconf 90' lang='lat' dir='ltr'><strong>quo-</strong></span> 
     </span>
    </p>
   </div>
   <div class='ocr_carea' id='block_1_7' title="bbox 271 715 1854 784">
    <p class='ocr_par' dir='ltr' id='par_1_7' title="bbox 271 715 1854 784">
     <span class='ocr_line' id='line_1_7' title="bbox 271 715 1854 784; baseline 0.004 -20"><span class='ocrx_word' id='word_1_39' title='bbox 271 715 438 767; x_wconf 86' lang='lat' dir='ltr'><strong>n-odo</strong></span> <span class='ocrx_word' id='word_1_40' title='bbox 471 715 723 768; x_wconf 88' lang='lat' dir='ltr'><strong>statuerit</strong></span> <span class='ocrx_word' id='word_1_41' title='bbox 759 730 878 768; x_wconf 82' lang='lat' dir='ltr'><strong>eam</strong></span> <span class='ocrx_word' id='word_1_42' title='bbox 923 731 1086 784; x_wconf 85' lang='lat' dir='ltr'><strong>super</strong></span> <span class='ocrx_word' id='word_1_43' title='bbox 1116 717 1378 780; x_wconf 87' lang='lat' dir='ltr'><strong>nihilum,</strong></span> <span class='ocrx_word' id='word_1_44' title='bbox 1412 717 1660 773; x_wconf 84' lang='lat' dir='ltr'><strong>invenies</strong></span> <span class='ocrx_word' id='word_1_45' title='bbox 1695 717 1854 782; x_wconf 69' lang='lat' dir='ltr'><strong>forti-</strong></span> 
     </span>
    </p>
   </div>
   <div class='ocr_carea' id='block_1_8' title="bbox 268 804 1852 863">
    <p class='ocr_par' dir='ltr' id='par_1_8' title="bbox 268 804 1852 863">
     <span class='ocr_line' id='line_1_8' title="bbox 268 804 1852 863; baseline 0.002 -5"><span class='ocrx_word' id='word_1_46' title='bbox 268 806 519 859; x_wconf 88' lang='lat' dir='ltr'><strong>tudinem</strong></span> <span class='ocrx_word' id='word_1_47' title='bbox 563 804 653 860; x_wconf 92' lang='lat' dir='ltr'><strong>Dei</strong></span> <span class='ocrx_word' id='word_1_48' title='bbox 681 805 734 860; x_wconf 87' lang='lat' dir='ltr'><strong>in</strong></span> <span class='ocrx_word' id='word_1_49' title='bbox 768 807 1058 861; x_wconf 75' lang='lat' dir='ltr'><strong>medietate</strong></span> <span class='ocrx_word' id='word_1_50' title='bbox 1105 809 1290 862; x_wconf 90' lang='lat' dir='ltr'><strong>mundi</strong></span> <span class='ocrx_word' id='word_1_51' title='bbox 1319 817 1477 863; x_wconf 64' lang='lat' dir='ltr'><strong>terra:</strong></span> <span class='ocrx_word' id='word_1_52' title='bbox 1507 809 1694 863; x_wconf 88' lang='lat' dir='ltr'><strong>libram</strong></span> <span class='ocrx_word' id='word_1_53' title='bbox 1727 825 1852 863; x_wconf 87' lang='lat' dir='ltr'><strong>sus-</strong></span> 
     </span>
    </p>
   </div>
   <div class='ocr_carea' id='block_1_9' title="bbox 271 895 1852 968">
    <p class='ocr_par' dir='ltr' id='par_1_9' title="bbox 271 895 1852 968">
     <span class='ocr_line' id='line_1_9' title="bbox 271 895 1852 968; baseline 0.004 -21"><span class='ocrx_word' id='word_1_54' title='bbox 271 899 470 952; x_wconf 88' lang='lat' dir='ltr'><strong>tinere.</strong></span> <span class='ocrx_word' id='word_1_55' title='bbox 535 895 764 951; x_wconf 80' lang='lat' dir='ltr'><strong>Veniam</strong></span> <span class='ocrx_word' id='word_1_56' title='bbox 835 913 967 968; x_wconf 77' lang='lat' dir='ltr'><strong>ergo</strong></span> <span class='ocrx_word' id='word_1_57' title='bbox 1034 900 1100 953; x_wconf 86' lang='lat' dir='ltr'><strong>ad</strong></span> <span class='ocrx_word' id='word_1_58' title='bbox 1163 901 1350 954; x_wconf 90' lang='lat' dir='ltr'><strong>orbem</strong></span> <span class='ocrx_word' id='word_1_59' title='bbox 1419 912 1707 965; x_wconf 86' lang='lat' dir='ltr'><strong>terrarum,</strong></span> <span class='ocrx_word' id='word_1_60' title='bbox 1760 899 1852 968; x_wconf 87' lang='lat' dir='ltr'><strong>qui</strong></span> 
     </span>
    </p>
   </div>
   <div class='ocr_carea' id='block_1_10' title="bbox 273 989 1851 1064">
    <p class='ocr_par' dir='ltr' id='par_1_10' title="bbox 273 989 1851 1064">
     <span class='ocr_line' id='line_1_10' title="bbox 273 989 1851 1064; baseline 0.004 -22"><span class='ocrx_word' id='word_1_61' title='bbox 273 989 466 1045; x_wconf 61' lang='lat' dir='ltr'><strong>Greece</strong></span> <span class='ocrx_word' id='word_1_62' title='bbox 514 992 814 1064; x_wconf 74' lang='grc' dir='ltr'><strong>οἰκουμένη</strong></span> <span class='ocrx_word' id='word_1_63' title='bbox 852 1006 1222 1061; x_wconf 85' lang='lat' dir='ltr'><strong>nuncupatur.</strong></span> <span class='ocrx_word' id='word_1_64' title='bbox 1266 997 1316 1048; x_wconf 91' lang='lat' dir='ltr'><strong>id</strong></span> <span class='ocrx_word' id='word_1_65' title='bbox 1373 1007 1474 1058; x_wconf 86' lang='lat' dir='ltr'><strong>est,</strong></span> <span class='ocrx_word' id='word_1_66' title='bbox 1529 995 1851 1049; x_wconf 71' lang='lat' dir='ltr'><strong>inhabitant.</strong></span> 
     </span>
    </p>
   </div>
   <div class='ocr_carea' id='block_1_11' title="bbox 271 1083 1854 1150">
    <p class='ocr_par' dir='ltr' id='par_1_11' title="bbox 271 1083 1854 1150">
     <span class='ocr_line' id='line_1_11' title="bbox 271 1083 1854 1150; baseline 0.004 -14"><span class='ocrx_word' id='word_1_67' title='bbox 271 1083 400 1138; x_wconf 90' lang='lat' dir='ltr'><strong>Scio</strong></span> <span class='ocrx_word' id='word_1_68' title='bbox 455 1085 698 1138; x_wconf 86' lang='lat' dir='ltr'><strong>animam</strong></span> <span class='ocrx_word' id='word_1_69' title='bbox 736 1084 1112 1150; x_wconf 81' lang='lat' dir='ltr'><strong>inbabitatam,</strong></span> <span class='ocrx_word' id='word_1_70' title='bbox 1145 1088 1260 1142; x_wconf 86' lang='lat' dir='ltr'><strong>scio</strong></span> <span class='ocrx_word' id='word_1_71' title='bbox 1283 1088 1590 1144; x_wconf 84' lang='lat' dir='ltr'><strong>desertam.</strong></span> <span class='ocrx_word' id='word_1_72' title='bbox 1624 1089 1679 1142; x_wconf 86' lang='lat' dir='ltr'><strong>Si</strong></span> <span class='ocrx_word' id='word_1_73' title='bbox 1708 1090 1854 1144; x_wconf 86' lang='lat' dir='ltr'><strong>enim</strong></span> 
     </span>
    </p>
   </div>
   <div class='ocr_carea' id='block_1_12' title="bbox 272 1175 1856 1234">
    <p class='ocr_par' dir='ltr' id='par_1_12' title="bbox 272 1175 1856 1234">
     <span class='ocr_line' id='line_1_12' title="bbox 272 1175 1856 1234; baseline 0.004 -8"><span class='ocrx_word' id='word_1_74' title='bbox 272 1189 382 1229; x_wconf 89' lang='lat' dir='ltr'><strong>non</strong></span> <span class='ocrx_word' id='word_1_75' title='bbox 419 1175 585 1230; x_wconf 82' lang='lat' dir='ltr'><strong>habet</strong></span> <span class='ocrx_word' id='word_1_76' title='bbox 629 1175 798 1232; x_wconf 85' lang='lat' dir='ltr'><strong>Deum</strong></span> <span class='ocrx_word' id='word_1_77' title='bbox 839 1180 1054 1234; x_wconf 79' lang='lat' dir='ltr'><strong>Patrem</strong></span> <span class='ocrx_word' id='word_1_78' title='bbox 1087 1199 1098 1233; x_wconf 91' lang='lat'>:</span> <span class='ocrx_word' id='word_1_79' title='bbox 1132 1181 1177 1234; x_wconf 92' lang='lat' dir='ltr'><strong>si</strong></span> <span class='ocrx_word' id='word_1_80' title='bbox 1210 1197 1315 1233; x_wconf 88' lang='lat' dir='ltr'><strong>non</strong></span> <span class='ocrx_word' id='word_1_81' title='bbox 1350 1181 1512 1234; x_wconf 82' lang='lat' dir='ltr'><strong>habet</strong></span> <span class='ocrx_word' id='word_1_82' title='bbox 1547 1180 1742 1234; x_wconf 81' lang='lat' dir='ltr'><strong>Filium</strong></span> <span class='ocrx_word' id='word_1_83' title='bbox 1774 1181 1856 1233; x_wconf 92' lang='lat' dir='ltr'><strong>di-</strong></span> 
     </span>
    </p>
   </div>
   <div class='ocr_carea' id='block_1_13' title="bbox 271 1267 1856 1338">
    <p class='ocr_par' dir='ltr' id='par_1_13' title="bbox 271 1267 1856 1338">
     <span class='ocr_line' id='line_1_13' title="bbox 271 1267 1856 1338; baseline 0.003 -18"><span class='ocrx_word' id='word_1_84' title='bbox 271 1275 493 1322; x_wconf 81' lang='lat' dir='ltr'><strong>centem</strong></span> <span class='ocrx_word' id='word_1_85' title='bbox 530 1285 547 1322; x_wconf 86' lang='lat'><strong>:</strong></span> <span class='ocrx_word' id='word_1_86' title='bbox 583 1267 696 1338; x_wconf 82' lang='lat' dir='ltr'><strong>Ego</strong></span> <span class='ocrx_word' id='word_1_87' title='bbox 721 1278 771 1323; x_wconf 85' lang='lat' dir='ltr'><strong>et</strong></span> <span class='ocrx_word' id='word_1_88' title='bbox 801 1269 963 1324; x_wconf 86' lang='lat' dir='ltr'><strong>Pater</strong></span> <span class='ocrx_word' id='word_1_89' title='bbox 998 1273 1254 1326; x_wconf 72' lang='lat' dir='ltr'><strong>veniemus</strong></span> <span class='ocrx_word' id='word_1_90' title='bbox 1291 1273 1360 1326; x_wconf 82' lang='lat' dir='ltr'><strong>ad</strong></span> <span class='ocrx_word' id='word_1_91' title='bbox 1381 1289 1522 1338; x_wconf 88' lang='lat' dir='ltr'><strong>eum,</strong></span> <span class='ocrx_word' id='word_1_92' title='bbox 1547 1284 1594 1327; x_wconf 84' lang='lat' dir='ltr'><strong>et</strong></span> <span class='ocrx_word' id='word_1_93' title='bbox 1619 1273 1856 1326; x_wconf 80' lang='lat' dir='ltr'><strong>mansio-</strong></span> 
     </span>
    </p>
   </div>
   <div class='ocr_carea' id='block_1_14' title="bbox 272 1361 1854 1445">
    <p class='ocr_par' dir='ltr' id='par_1_14' title="bbox 272 1361 1854 1445">
     <span class='ocr_line' id='line_1_14' title="bbox 272 1361 1854 1445; baseline 0.003 -32"><span class='ocrx_word' id='word_1_94' title='bbox 272 1377 392 1414; x_wconf 78' lang='lat' dir='ltr'><strong>nem</strong></span> <span class='ocrx_word' id='word_1_95' title='bbox 441 1361 586 1445; x_wconf 67' lang='lat' dir='ltr'><strong>apud</strong></span> <span class='ocrx_word' id='word_1_96' title='bbox 622 1378 742 1416; x_wconf 83' lang='lat' dir='ltr'><strong>eum</strong></span> <span class='ocrx_word' id='word_1_97' title='bbox 793 1363 1046 1432; x_wconf 79' lang='lat' dir='ltr'><strong>faciemus</strong></span> <span class='ocrx_word' id='word_1_98' title='bbox 1097 1365 1276 1436; x_wconf 83' lang='lat' dir='ltr'><strong>(Joan.</strong></span> <span class='ocrx_word' id='word_1_99' title='bbox 1333 1381 1445 1428; x_wconf 83' lang='lat' dir='ltr'><strong>xtv,</strong></span> <span class='ocrx_word' id='word_1_100' title='bbox 1478 1365 1570 1436; x_wconf 74' lang='grc'>25)</span> <span class='ocrx_word' id='word_1_101' title='bbox 1603 1383 1616 1420; x_wconf 90' lang='lat'>:</span> <span class='ocrx_word' id='word_1_102' title='bbox 1648 1366 1695 1418; x_wconf 86' lang='lat' dir='ltr'><strong>si</strong></span> <span class='ocrx_word' id='word_1_103' title='bbox 1749 1379 1854 1418; x_wconf 92' lang='lat' dir='ltr'><strong>non</strong></span> 
     </span>
    </p>
   </div>
   <div class='ocr_carea' id='block_1_15' title="bbox 274 1454 1857 1524">
    <p class='ocr_par' dir='ltr' id='par_1_15' title="bbox 274 1454 1857 1524">
     <span class='ocr_line' id='line_1_15' title="bbox 274 1454 1857 1524; baseline 0.003 -18"><span class='ocrx_word' id='word_1_104' title='bbox 274 1454 448 1508; x_wconf 83' lang='lat' dir='ltr'><strong>habet</strong></span> <span class='ocrx_word' id='word_1_105' title='bbox 480 1454 743 1524; x_wconf 84' lang='lat' dir='ltr'><strong>Spiritum</strong></span> <span class='ocrx_word' id='word_1_106' title='bbox 777 1467 1053 1522; x_wconf 84' lang='lat' dir='ltr'><strong>sanctum,</strong></span> <span class='ocrx_word' id='word_1_107' title='bbox 1090 1457 1270 1511; x_wconf 88' lang='lat' dir='ltr'><strong>anima</strong></span> <span class='ocrx_word' id='word_1_108' title='bbox 1301 1458 1517 1512; x_wconf 86' lang='lat' dir='ltr'><strong>deserta</strong></span> <span class='ocrx_word' id='word_1_109' title='bbox 1549 1468 1656 1513; x_wconf 90' lang='lat' dir='ltr'><strong>est.</strong></span> <span class='ocrx_word' id='word_1_110' title='bbox 1689 1456 1857 1512; x_wconf 83' lang='lat' dir='ltr'><strong>Habi-</strong></span> 
     </span>
    </p>
   </div>
   <div class='ocr_carea' id='block_1_16' title="bbox 277 1532 1861 1618">
    <p class='ocr_par' dir='ltr' id='par_1_16' title="bbox 277 1532 1861 1618">
     <span class='ocr_line' id='line_1_16' title="bbox 277 1532 1861 1618; baseline 0.004 -20"><span class='ocrx_word' id='word_1_111' title='bbox 277 1555 386 1600; x_wconf 79' lang='lat' dir='ltr'><strong>tata</strong></span> <span class='ocrx_word' id='word_1_112' title='bbox 422 1556 729 1612; x_wconf 84' lang='lat' dir='ltr'><strong>autemest,</strong></span> <span class='ocrx_word' id='word_1_113' title='bbox 755 1548 977 1616; x_wconf 83' lang='lat' dir='ltr'><strong>quando</strong></span> <span class='ocrx_word' id='word_1_114' title='bbox 1001 1549 1156 1616; x_wconf 84' lang='lat' dir='ltr'><strong>plena</strong></span> <span class='ocrx_word' id='word_1_115' title='bbox 1184 1532 1266 1603; x_wconf 85' lang='lat' dir='ltr'><strong>est</strong></span> <span class='ocrx_word' id='word_1_116' title='bbox 1289 1551 1400 1604; x_wconf 89' lang='lat' dir='ltr'><strong>Deo</strong></span> <span class='ocrx_word' id='word_1_117' title='bbox 1424 1549 1609 1615; x_wconf 80' lang='lat' dir='ltr'><strong>Patre,</strong></span> <span class='ocrx_word' id='word_1_118' title='bbox 1637 1549 1861 1618; x_wconf 86' lang='lat' dir='ltr'><strong>quando</strong></span> 
     </span>
    </p>
   </div>
   <div class='ocr_carea' id='block_1_17' title="bbox 277 1635 1860 1709">
    <p class='ocr_par' dir='ltr' id='par_1_17' title="bbox 277 1635 1860 1709">
     <span class='ocr_line' id='line_1_17' title="bbox 277 1635 1860 1709; baseline 0.004 -20"><span class='ocrx_word' id='word_1_119' title='bbox 277 1638 446 1690; x_wconf 86' lang='lat' dir='ltr'><strong>habet</strong></span> <span class='ocrx_word' id='word_1_120' title='bbox 475 1635 754 1692; x_wconf 77' lang='lat' dir='ltr'><strong>Christum</strong></span> <span class='ocrx_word' id='word_1_121' title='bbox 807 1637 1000 1692; x_wconf 79' lang='lat' dir='ltr'><strong>Filium</strong></span> <span class='ocrx_word' id='word_1_122' title='bbox 1045 1650 1098 1693; x_wconf 88' lang='lat' dir='ltr'><strong>et</strong></span> <span class='ocrx_word' id='word_1_123' title='bbox 1129 1639 1390 1709; x_wconf 87' lang='lat' dir='ltr'><strong>Spiritum</strong></span> <span class='ocrx_word' id='word_1_124' title='bbox 1437 1650 1709 1696; x_wconf 87' lang='lat' dir='ltr'><strong>sanctum.</strong></span> <span class='ocrx_word' id='word_1_125' title='bbox 1754 1639 1860 1696; x_wconf 84' lang='lat' dir='ltr'><strong>Ve-</strong></span> 
     </span>
    </p>
   </div>
   <div class='ocr_carea' id='block_1_18' title="bbox 277 1729 1856 1800">
    <p class='ocr_par' dir='ltr' id='par_1_18' title="bbox 277 1729 1856 1800">
     <span class='ocr_line' id='line_1_18' title="bbox 277 1729 1856 1800; baseline 0.004 -18"><span class='ocrx_word' id='word_1_126' title='bbox 277 1745 398 1782; x_wconf 89' lang='lat' dir='ltr'><strong>rum</strong></span> <span class='ocrx_word' id='word_1_127' title='bbox 423 1730 539 1783; x_wconf 72' lang='lat' dir='ltr'><strong>hate</strong></span> <span class='ocrx_word' id='word_1_128' title='bbox 560 1729 879 1784; x_wconf 81' lang='lat' dir='ltr'><strong>differenter</strong></span> <span class='ocrx_word' id='word_1_129' title='bbox 903 1742 955 1784; x_wconf 87' lang='lat' dir='ltr'><strong>et</strong></span> <span class='ocrx_word' id='word_1_130' title='bbox 978 1733 1125 1786; x_wconf 88' lang='lat' dir='ltr'><strong>varie</strong></span> <span class='ocrx_word' id='word_1_131' title='bbox 1155 1735 1206 1785; x_wconf 89' lang='lat' dir='ltr'><strong>in</strong></span> <span class='ocrx_word' id='word_1_132' title='bbox 1237 1731 1531 1800; x_wconf 87' lang='lat' dir='ltr'><strong>Scripturis</strong></span> <span class='ocrx_word' id='word_1_133' title='bbox 1555 1733 1811 1787; x_wconf 86' lang='lat' dir='ltr'><strong>dicuntur</strong></span> <span class='ocrx_word' id='word_1_134' title='bbox 1840 1751 1856 1788; x_wconf 90' lang='lat'><strong>:</strong></span> 
     </span>
    </p>
   </div>
   <div class='ocr_carea' id='block_1_19' title="bbox 281 1813 1856 1887">
    <p class='ocr_par' dir='ltr' id='par_1_19' title="bbox 281 1813 1856 1887">
     <span class='ocr_line' id='line_1_19' title="bbox 281 1813 1856 1887; baseline 0.002 -15"><span class='ocrx_word' id='word_1_135' title='bbox 281 1821 334 1873; x_wconf 87' lang='lat' dir='ltr'><strong>in</strong></span> <span class='ocrx_word' id='word_1_136' title='bbox 369 1821 554 1875; x_wconf 80' lang='lat' dir='ltr'><strong>anima</strong></span> <span class='ocrx_word' id='word_1_137' title='bbox 613 1823 848 1875; x_wconf 87' lang='lat' dir='ltr'><strong>hominis</strong></span> <span class='ocrx_word' id='word_1_138' title='bbox 901 1821 1120 1884; x_wconf 80' lang='lat' dir='ltr'><strong>Patrem</strong></span> <span class='ocrx_word' id='word_1_139' title='bbox 1151 1831 1206 1878; x_wconf 86' lang='lat' dir='ltr'><strong>et</strong></span> <span class='ocrx_word' id='word_1_140' title='bbox 1246 1822 1447 1878; x_wconf 84' lang='lat' dir='ltr'><strong>Filium</strong></span> <span class='ocrx_word' id='word_1_141' title='bbox 1477 1813 1553 1878; x_wconf 28' lang='lat' dir='ltr'><strong>et.</strong></span> <span class='ocrx_word' id='word_1_142' title='bbox 1591 1821 1856 1887; x_wconf 81' lang='lat' dir='ltr'><strong>Spiritum</strong></span> 
     </span>
    </p>
   </div>
   <div class='ocr_carea' id='block_1_20' title="bbox 278 1911 1860 1984">
    <p class='ocr_par' dir='ltr' id='par_1_20' title="bbox 278 1911 1860 1984">
     <span class='ocr_line' id='line_1_20' title="bbox 278 1911 1860 1984; baseline 0 -18"><span class='ocrx_word' id='word_1_143' title='bbox 278 1919 530 1966; x_wconf 84' lang='lat' dir='ltr'><strong>sanctum</strong></span> <span class='ocrx_word' id='word_1_144' title='bbox 561 1913 916 1967; x_wconf 85' lang='lat' dir='ltr'><strong>commorari.</strong></span> <span class='ocrx_word' id='word_1_145' title='bbox 949 1911 1082 1966; x_wconf 84' lang='lat' dir='ltr'><strong>Nam</strong></span> <span class='ocrx_word' id='word_1_146' title='bbox 1119 1923 1176 1968; x_wconf 91' lang='lat' dir='ltr'><strong>et</strong></span> <span class='ocrx_word' id='word_1_147' title='bbox 1206 1913 1371 1969; x_wconf 83' lang='lat' dir='ltr'><strong>David</strong></span> <span class='ocrx_word' id='word_1_148' title='bbox 1407 1915 1460 1969; x_wconf 89' lang='lat' dir='ltr'><strong>iu</strong></span> <span class='ocrx_word' id='word_1_149' title='bbox 1494 1914 1703 1984; x_wconf 85' lang='lat' dir='ltr'><strong>psalmo</strong></span> <span class='ocrx_word' id='word_1_150' title='bbox 1731 1929 1860 1968; x_wconf 90' lang='lat' dir='ltr'><strong>con-</strong></span> 
     </span>
    </p>
   </div>
   <div class='ocr_carea' id='block_1_21' title="bbox 279 2003 1859 2074">
    <p class='ocr_par' dir='ltr' id='par_1_21' title="bbox 279 2003 1859 2074">
     <span class='ocr_line' id='line_1_21' title="bbox 279 2003 1859 2074; baseline 0.002 -17"><span class='ocrx_word' id='word_1_151' title='bbox 279 2003 537 2058; x_wconf 84' lang='lat' dir='ltr'><strong>fessionis</strong></span> <span class='ocrx_word' id='word_1_152' title='bbox 602 2015 716 2058; x_wconf 87' lang='lat' dir='ltr'><strong>tres</strong></span> <span class='ocrx_word' id='word_1_153' title='bbox 773 2005 1002 2074; x_wconf 88' lang='lat' dir='ltr'><strong>spiritus</strong></span> <span class='ocrx_word' id='word_1_154' title='bbox 1063 2006 1326 2072; x_wconf 83' lang='lat' dir='ltr'><strong>postulat,</strong></span> <span class='ocrx_word' id='word_1_155' title='bbox 1362 2008 1596 2063; x_wconf 87' lang='lat' dir='ltr'><strong>dicens:</strong></span> <span class='ocrx_word' id='word_1_156' title='bbox 1653 2005 1859 2074; x_wconf 80' lang='lat' dir='ltr'><strong>Spiritu</strong></span> 
     </span>
    </p>
   </div>
   <div class='ocr_carea' id='block_1_22' title="bbox 277 2095 1859 2166">
    <p class='ocr_par' dir='ltr' id='par_1_22' title="bbox 277 2095 1859 2166">
     <span class='ocr_line' id='line_1_22' title="bbox 277 2095 1859 2166; baseline 0.004 -19"><span class='ocrx_word' id='word_1_157' title='bbox 277 2097 564 2164; x_wconf 74' lang='lat' dir='ltr'><strong>principali</strong></span> <span class='ocrx_word' id='word_1_158' title='bbox 602 2095 866 2165; x_wconf 74' lang='lat' dir='ltr'><strong>confirma</strong></span> <span class='ocrx_word' id='word_1_159' title='bbox 919 2114 998 2151; x_wconf 86' lang='lat' dir='ltr'><strong>me</strong></span> <span class='ocrx_word' id='word_1_160' title='bbox 1030 2114 1047 2153; x_wconf 81' lang='lat'><strong>.&#39;</strong></span> <span class='ocrx_word' id='word_1_161' title='bbox 1082 2099 1330 2166; x_wconf 79' lang='lat' dir='ltr'><strong>spiritum</strong></span> <span class='ocrx_word' id='word_1_162' title='bbox 1361 2107 1558 2152; x_wconf 86' lang='lat' dir='ltr'><strong>rectum</strong></span> <span class='ocrx_word' id='word_1_163' title='bbox 1583 2099 1772 2153; x_wconf 81' lang='lat' dir='ltr'><strong>innova</strong></span> <span class='ocrx_word' id='word_1_164' title='bbox 1804 2099 1859 2153; x_wconf 83' lang='lat' dir='ltr'><strong>in</strong></span> 
     </span>
    </p>
   </div>
   <div class='ocr_carea' id='block_1_23' title="bbox 280 2177 1860 2264">
    <p class='ocr_par' dir='ltr' id='par_1_23' title="bbox 280 2177 1860 2264">
     <span class='ocr_line' id='line_1_23' title="bbox 280 2177 1860 2264; baseline 0.003 -22"><span class='ocrx_word' id='word_1_165' title='bbox 280 2189 566 2242; x_wconf 60' lang='lat' dir='ltr'><strong>uisceribus</strong></span> <span class='ocrx_word' id='word_1_166' title='bbox 597 2192 723 2243; x_wconf 81' lang='lat' dir='ltr'><strong>meis</strong></span> <span class='ocrx_word' id='word_1_167' title='bbox 756 2205 773 2243; x_wconf 91' lang='lat'><strong><em>:</em></strong></span> <span class='ocrx_word' id='word_1_168' title='bbox 810 2191 1058 2257; x_wconf 75' lang='lat' dir='ltr'><strong>spiritum</strong></span> <span class='ocrx_word' id='word_1_169' title='bbox 1084 2204 1329 2244; x_wconf 86' lang='lat' dir='ltr'><strong>sanctum</strong></span> <span class='ocrx_word' id='word_1_170' title='bbox 1373 2201 1522 2245; x_wconf 84' lang='lat' dir='ltr'><strong>tuum</strong></span> <span class='ocrx_word' id='word_1_171' title='bbox 1553 2207 1617 2246; x_wconf 86' lang='lat' dir='ltr'><strong>ne</strong></span> <span class='ocrx_word' id='word_1_172' title='bbox 1645 2177 1860 2264; x_wconf 76' lang='lat' dir='ltr'><strong>auferas</strong></span> 
     </span>
    </p>
   </div>
   <div class='ocr_carea' id='block_1_24' title="bbox 280 2278 1862 2354">
    <p class='ocr_par' dir='ltr' id='par_1_24' title="bbox 280 2278 1862 2354">
     <span class='ocr_line' id='line_1_24' title="bbox 280 2278 1862 2354; baseline 0.003 -21"><span class='ocrx_word' id='word_1_173' title='bbox 280 2296 312 2333; x_wconf 85' lang='lat' dir='ltr'><strong>tt</strong></span> <span class='ocrx_word' id='word_1_174' title='bbox 337 2297 420 2334; x_wconf 85' lang='lat' dir='ltr'><strong>me</strong></span> <span class='ocrx_word' id='word_1_175' title='bbox 451 2278 630 2350; x_wconf 78' lang='lat' dir='ltr'><strong>(Psal.</strong></span> <span class='ocrx_word' id='word_1_176' title='bbox 659 2297 712 2346; x_wconf 71' lang='grc' dir='ltr'><strong>ι,</strong></span> <span class='ocrx_word' id='word_1_177' title='bbox 745 2282 963 2351; x_wconf 73' lang='grc'><strong>12-14).</strong></span> <span class='ocrx_word' id='word_1_178' title='bbox 999 2282 1100 2348; x_wconf 85' lang='lat' dir='ltr'><strong>Qui</strong></span> <span class='ocrx_word' id='word_1_179' title='bbox 1149 2293 1278 2336; x_wconf 86' lang='lat' dir='ltr'><strong>sunt</strong></span> <span class='ocrx_word' id='word_1_180' title='bbox 1312 2285 1398 2338; x_wconf 91' lang='lat' dir='ltr'><strong>isti</strong></span> <span class='ocrx_word' id='word_1_181' title='bbox 1447 2295 1560 2340; x_wconf 91' lang='lat' dir='ltr'><strong>tres</strong></span> <span class='ocrx_word' id='word_1_182' title='bbox 1599 2285 1862 2354; x_wconf 87' lang='lat' dir='ltr'><strong>spiritus?</strong></span> 
     </span>
    </p>
   </div>
   <div class='ocr_carea' id='block_1_25' title="bbox 281 2359 1861 2446">
    <p class='ocr_par' dir='ltr' id='par_1_25' title="bbox 281 2359 1861 2446">
     <span class='ocr_line' id='line_1_25' title="bbox 281 2359 1861 2446; baseline 0.001 -19"><span class='ocrx_word' id='word_1_183' title='bbox 281 2375 609 2443; x_wconf 82' lang='lat' dir='ltr'><strong>Pritn-ipalis</strong></span> <span class='ocrx_word' id='word_1_184' title='bbox 661 2377 911 2445; x_wconf 82' lang='lat' dir='ltr'><strong>spiritus,</strong></span> <span class='ocrx_word' id='word_1_185' title='bbox 962 2359 1124 2430; x_wconf 82' lang='lat' dir='ltr'><strong>Pater</strong></span> <span class='ocrx_word' id='word_1_186' title='bbox 1181 2385 1321 2432; x_wconf 90' lang='lat' dir='ltr'><strong>est:</strong></span> <span class='ocrx_word' id='word_1_187' title='bbox 1377 2387 1559 2431; x_wconf 84' lang='lat' dir='ltr'><strong>rectus</strong></span> <span class='ocrx_word' id='word_1_188' title='bbox 1612 2378 1861 2446; x_wconf 73' lang='lat' dir='ltr'><strong>spiritus,</strong></span> 
     </span>
    </p>
   </div>
   <div class='ocr_carea' id='block_1_26' title="bbox 283 2463 1864 2539">
    <p class='ocr_par' dir='ltr' id='par_1_26' title="bbox 283 2463 1864 2539">
     <span class='ocr_line' id='line_1_26' title="bbox 283 2463 1864 2539; baseline 0.001 -17"><span class='ocrx_word' id='word_1_189' title='bbox 283 2467 535 2522; x_wconf 84' lang='lat' dir='ltr'><strong>Christus</strong></span> <span class='ocrx_word' id='word_1_190' title='bbox 582 2477 718 2522; x_wconf 83' lang='lat' dir='ltr'><strong>est:</strong></span> <span class='ocrx_word' id='word_1_191' title='bbox 775 2467 999 2539; x_wconf 83' lang='lat' dir='ltr'><strong>spiritus</strong></span> <span class='ocrx_word' id='word_1_192' title='bbox 1051 2479 1306 2534; x_wconf 81' lang='lat' dir='ltr'><strong>sanctus,</strong></span> <span class='ocrx_word' id='word_1_193' title='bbox 1355 2467 1590 2537; x_wconf 83' lang='lat' dir='ltr'><strong>Spiritus</strong></span> <span class='ocrx_word' id='word_1_194' title='bbox 1637 2463 1864 2524; x_wconf 82' lang='lat' dir='ltr'><strong>sanctus</strong></span> 
     </span>
    </p>
   </div>
   <div class='ocr_carea' id='block_1_27' title="bbox 285 2562 1862 2632">
    <p class='ocr_par' dir='ltr' id='par_1_27' title="bbox 285 2562 1862 2632">
     <span class='ocr_line' id='line_1_27' title="bbox 285 2562 1862 2632; baseline 0.003 -18"><span class='ocrx_word' id='word_1_195' title='bbox 285 2572 392 2616; x_wconf 85' lang='lat' dir='ltr'><strong>est.</strong></span> <span class='ocrx_word' id='word_1_196' title='bbox 426 2563 541 2616; x_wconf 84' lang='lat' dir='ltr'><strong>Hoc</strong></span> <span class='ocrx_word' id='word_1_197' title='bbox 580 2563 632 2616; x_wconf 91' lang='lat' dir='ltr'><strong>in</strong></span> <span class='ocrx_word' id='word_1_198' title='bbox 663 2563 1112 2632; x_wconf 85' lang='lat' dir='ltr'><strong>approbationem</strong></span> <span class='ocrx_word' id='word_1_199' title='bbox 1167 2562 1284 2630; x_wconf 87' lang='lat' dir='ltr'><strong>ejus</strong></span> <span class='ocrx_word' id='word_1_200' title='bbox 1319 2564 1394 2618; x_wconf 88' lang='lat' dir='ltr'><strong>rei</strong></span> <span class='ocrx_word' id='word_1_201' title='bbox 1429 2563 1686 2627; x_wconf 74' lang='lat' dir='ltr'><strong>diximus,</strong></span> <span class='ocrx_word' id='word_1_202' title='bbox 1718 2563 1862 2632; x_wconf 89' lang='lat' dir='ltr'><strong>quod</strong></span> 
     </span>
    </p>
   </div>
   <div class='ocr_carea' id='block_1_28' title="bbox 289 2653 1861 2723">
    <p class='ocr_par' dir='ltr' id='par_1_28' title="bbox 289 2653 1861 2723">
     <span class='ocr_line' id='line_1_28' title="bbox 289 2653 1861 2723; baseline 0.002 -17"><span class='ocrx_word' id='word_1_203' title='bbox 289 2653 550 2716; x_wconf 80' lang='lat' dir='ltr'><strong>habitata,</strong></span> <span class='ocrx_word' id='word_1_204' title='bbox 586 2655 638 2708; x_wconf 95' lang='lat' dir='ltr'><strong>id</strong></span> <span class='ocrx_word' id='word_1_205' title='bbox 671 2665 778 2714; x_wconf 86' lang='lat' dir='ltr'><strong>est.</strong></span> <span class='ocrx_word' id='word_1_206' title='bbox 827 2655 976 2708; x_wconf 87' lang='lat' dir='ltr'><strong>orbis</strong></span> <span class='ocrx_word' id='word_1_207' title='bbox 1007 2665 1296 2718; x_wconf 82' lang='lat' dir='ltr'><strong>terrarum,</strong></span> <span class='ocrx_word' id='word_1_208' title='bbox 1331 2657 1382 2708; x_wconf 92' lang='lat' dir='ltr'><strong>in</strong></span> <span class='ocrx_word' id='word_1_209' title='bbox 1442 2655 1713 2723; x_wconf 87' lang='lat' dir='ltr'><strong>sapientia</strong></span> <span class='ocrx_word' id='word_1_210' title='bbox 1769 2655 1861 2709; x_wconf 83' lang='lat' dir='ltr'><strong>Dei</strong></span> 
     </span>
    </p>
   </div>
   <div class='ocr_carea' id='block_1_29' title="bbox 285 2741 1862 2812">
    <p class='ocr_par' dir='ltr' id='par_1_29' title="bbox 285 2741 1862 2812">
     <span class='ocr_line' id='line_1_29' title="bbox 285 2741 1862 2812; baseline 0.001 -17"><span class='ocrx_word' id='word_1_211' title='bbox 285 2742 552 2796; x_wconf 80' lang='lat' dir='ltr'><strong>fabricata</strong></span> <span class='ocrx_word' id='word_1_212' title='bbox 607 2744 700 2796; x_wconf 85' lang='lat' dir='ltr'><strong>sit.</strong></span> <span class='ocrx_word' id='word_1_213' title='bbox 742 2743 1019 2812; x_wconf 84' lang='lat' dir='ltr'><strong>Sapientia</strong></span> <span class='ocrx_word' id='word_1_214' title='bbox 1055 2743 1248 2811; x_wconf 83' lang='lat' dir='ltr'><strong>quippe</strong></span> <span class='ocrx_word' id='word_1_215' title='bbox 1301 2741 1657 2796; x_wconf 78' lang='lat' dir='ltr'><strong>auxiliabitur</strong></span> <span class='ocrx_word' id='word_1_216' title='bbox 1689 2741 1862 2811; x_wconf 85' lang='lat' dir='ltr'><strong>justo,</strong></span> 
     </span>
    </p>
   </div>
   <div class='ocr_carea' id='block_1_30' title="bbox 281 2832 1862 2903">
    <p class='ocr_par' dir='ltr' id='par_1_30' title="bbox 281 2832 1862 2903">
     <span class='ocr_line' id='line_1_30' title="bbox 281 2832 1862 2903; baseline -0.001 -16"><span class='ocrx_word' id='word_1_217' title='bbox 281 2851 438 2901; x_wconf 75' lang='lat' dir='ltr'><strong>super</strong></span> <span class='ocrx_word' id='word_1_218' title='bbox 465 2835 641 2888; x_wconf 82' lang='lat' dir='ltr'><strong>decem</strong></span> <span class='ocrx_word' id='word_1_219' title='bbox 671 2836 917 2889; x_wconf 77' lang='lat' dir='ltr'><strong>civitates</strong></span> <span class='ocrx_word' id='word_1_220' title='bbox 947 2835 1162 2887; x_wconf 80' lang='lat' dir='ltr'><strong>[tabenti</strong></span> <span class='ocrx_word' id='word_1_221' title='bbox 1185 2843 1498 2903; x_wconf 81' lang='lat' dir='ltr'><strong>potestatem</strong></span> <span class='ocrx_word' id='word_1_222' title='bbox 1527 2832 1728 2902; x_wconf 80' lang='lat' dir='ltr'><strong>(Eecle.</strong></span> <span class='ocrx_word' id='word_1_223' title='bbox 1767 2847 1862 2897; x_wconf 77' lang='lat' dir='ltr'><strong>\‘Il,</strong></span> 
     </span>
    </p>
   </div>
   <div class='ocr_carea' id='block_1_31' title="bbox 280 2925 1862 2996">
    <p class='ocr_par' dir='ltr' id='par_1_31' title="bbox 280 2925 1862 2996">
     <span class='ocr_line' id='line_1_31' title="bbox 280 2925 1862 2996; baseline -0.003 -15"><span class='ocrx_word' id='word_1_224' title='bbox 280 2928 397 2994; x_wconf 73' lang='lat'><strong>20).</strong></span> <span class='ocrx_word' id='word_1_225' title='bbox 436 2925 769 2996; x_wconf 78' lang='lat' dir='ltr'><strong>Sapientiam</strong></span> <span class='ocrx_word' id='word_1_226' title='bbox 820 2937 998 2981; x_wconf 79' lang='lat' dir='ltr'><strong>autent</strong></span> <span class='ocrx_word' id='word_1_227' title='bbox 1047 2937 1095 2981; x_wconf 84' lang='lat' dir='ltr'><strong>et</strong></span> <span class='ocrx_word' id='word_1_228' title='bbox 1149 2926 1488 2994; x_wconf 76' lang='lat' dir='ltr'><strong>disciplinam</strong></span> <span class='ocrx_word' id='word_1_229' title='bbox 1522 2927 1612 2995; x_wconf 84' lang='lat' dir='ltr'><strong>qui</strong></span> <span class='ocrx_word' id='word_1_230' title='bbox 1655 2926 1862 2995; x_wconf 79' lang='lat' dir='ltr'><strong>objicit,</strong></span> 
     </span>
    </p>
   </div>
   <div class='ocr_carea' id='block_1_32' title="bbox 281 3016 1868 3087">
    <p class='ocr_par' dir='ltr' id='par_1_32' title="bbox 281 3016 1868 3087">
     <span class='ocr_line' id='line_1_32' title="bbox 281 3016 1868 3087; baseline -0.001 -16"><span class='ocrx_word' id='word_1_231' title='bbox 281 3018 474 3087; x_wconf 67' lang='lat' dir='ltr'><strong>infelir</strong></span> <span class='ocrx_word' id='word_1_232' title='bbox 501 3028 602 3078; x_wconf 82' lang='lat' dir='ltr'><strong>est.</strong></span> <span class='ocrx_word' id='word_1_233' title='bbox 627 3027 676 3072; x_wconf 87' lang='lat' dir='ltr'><strong>et</strong></span> <span class='ocrx_word' id='word_1_234' title='bbox 722 3035 858 3072; x_wconf 84' lang='lat' dir='ltr'><strong>vana</strong></span> <span class='ocrx_word' id='word_1_235' title='bbox 889 3027 966 3072; x_wconf 79' lang='lat' dir='ltr'><strong>est</strong></span> <span class='ocrx_word' id='word_1_236' title='bbox 999 3034 1114 3087; x_wconf 81' lang='lat' dir='ltr'><strong>spes</strong></span> <span class='ocrx_word' id='word_1_237' title='bbox 1146 3019 1284 3087; x_wconf 83' lang='lat' dir='ltr'><strong>ejus,</strong></span> <span class='ocrx_word' id='word_1_238' title='bbox 1318 3028 1367 3070; x_wconf 87' lang='lat' dir='ltr'><strong>et</strong></span> <span class='ocrx_word' id='word_1_239' title='bbox 1403 3016 1606 3071; x_wconf 77' lang='lat' dir='ltr'><strong>labores</strong></span> <span class='ocrx_word' id='word_1_240' title='bbox 1639 3019 1753 3085; x_wconf 75' lang='lat' dir='ltr'><strong>ejus</strong></span> <span class='ocrx_word' id='word_1_241' title='bbox 1787 3017 1868 3070; x_wconf 86' lang='lat' dir='ltr'><strong>itt-</strong></span> 
     </span>
    </p>
   </div>
   <div class='ocr_carea' id='block_1_33' title="bbox 1960 529 3537 615">
    <p class='ocr_par' dir='ltr' id='par_1_33' title="bbox 1960 529 3537 615">
     <span class='ocr_line' id='line_1_33' title="bbox 1960 529 3537 615; baseline 0.006 -25"><span class='ocrx_word' id='word_1_242' title='bbox 1960 539 2074 605; x_wconf 86' lang='lat' dir='ltr'><strong>ipse</strong></span> <span class='ocrx_word' id='word_1_243' title='bbox 2108 542 2372 597; x_wconf 87' lang='lat' dir='ltr'><strong>sanctitas</strong></span> <span class='ocrx_word' id='word_1_244' title='bbox 2405 553 2459 596; x_wconf 89' lang='lat' dir='ltr'><strong>et</strong></span> <span class='ocrx_word' id='word_1_245' title='bbox 2514 544 2838 613; x_wconf 85' lang='lat' dir='ltr'><strong>redemptio,</strong></span> <span class='ocrx_word' id='word_1_246' title='bbox 2875 545 2990 615; x_wconf 91' lang='lat' dir='ltr'><strong>ipse</strong></span> <span class='ocrx_word' id='word_1_247' title='bbox 3041 545 3123 615; x_wconf 91' lang='lat' dir='ltr'><strong>(ut</strong></span> <span class='ocrx_word' id='word_1_248' title='bbox 3165 529 3248 599; x_wconf 86' lang='lat' dir='ltr'><strong>ad</strong></span> <span class='ocrx_word' id='word_1_249' title='bbox 3299 560 3537 614; x_wconf 76' lang='lat' dir='ltr'><strong>przcsens</strong></span> 
     </span>
    </p>
   </div>
   <div class='ocr_carea' id='block_1_34' title="bbox 1959 624 3539 704">
    <p class='ocr_par' dir='ltr' id='par_1_34' title="bbox 1959 624 3539 704">
     <span class='ocr_line' id='line_1_34' title="bbox 1959 624 3539 704; baseline 0.003 -18"><span class='ocrx_word' id='word_1_250' title='bbox 1959 633 2196 702; x_wconf 86' lang='lat' dir='ltr'><strong>veniam)</strong></span> <span class='ocrx_word' id='word_1_251' title='bbox 2227 634 2393 690; x_wconf 84' lang='lat' dir='ltr'><strong>etiam</strong></span> <span class='ocrx_word' id='word_1_252' title='bbox 2427 636 2736 704; x_wconf 84' lang='lat' dir='ltr'><strong>prudentia.</strong></span> <span class='ocrx_word' id='word_1_253' title='bbox 2767 636 2874 692; x_wconf 88' lang='lat' dir='ltr'><strong>Sed</strong></span> <span class='ocrx_word' id='word_1_254' title='bbox 2898 653 3018 692; x_wconf 88' lang='lat' dir='ltr'><strong>cum</strong></span> <span class='ocrx_word' id='word_1_255' title='bbox 3051 637 3120 691; x_wconf 83' lang='lat' dir='ltr'><strong>sit</strong></span> <span class='ocrx_word' id='word_1_256' title='bbox 3152 637 3292 690; x_wconf 90' lang='lat' dir='ltr'><strong>idem</strong></span> <span class='ocrx_word' id='word_1_257' title='bbox 3321 637 3375 690; x_wconf 89' lang='lat' dir='ltr'><strong>in</strong></span> <span class='ocrx_word' id='word_1_258' title='bbox 3409 624 3539 691; x_wconf 52' lang='lat' dir='ltr'><strong>sub?</strong></span> 
     </span>
    </p>
   </div>
   <div class='ocr_carea' id='block_1_35' title="bbox 1954 721 3538 792">
    <p class='ocr_par' dir='ltr' id='par_1_35' title="bbox 1954 721 3538 792">
     <span class='ocr_line' id='line_1_35' title="bbox 1954 721 3538 792; baseline 0.004 -18"><span class='ocrx_word' id='word_1_259' title='bbox 1954 721 2179 790; x_wconf 87' lang='lat' dir='ltr'><strong>jacenti.</strong></span> <span class='ocrx_word' id='word_1_260' title='bbox 2218 739 2316 790; x_wconf 87' lang='lat' dir='ltr'><strong>pro</strong></span> <span class='ocrx_word' id='word_1_261' title='bbox 2344 726 2605 780; x_wconf 84' lang='lat' dir='ltr'><strong>varietate</strong></span> <span class='ocrx_word' id='word_1_262' title='bbox 2647 742 2933 792; x_wconf 81' lang='lat' dir='ltr'><strong>sensuum,</strong></span> <span class='ocrx_word' id='word_1_263' title='bbox 2975 728 3206 781; x_wconf 86' lang='lat' dir='ltr'><strong>diversis</strong></span> <span class='ocrx_word' id='word_1_264' title='bbox 3257 726 3538 781; x_wconf 79' lang='lat' dir='ltr'><strong>vocabulis</strong></span> 
     </span>
    </p>
   </div>
   <div class='ocr_carea' id='block_1_36' title="bbox 1960 819 3538 889">
    <p class='ocr_par' dir='ltr' id='par_1_36' title="bbox 1960 819 3538 889">
     <span class='ocr_line' id='line_1_36' title="bbox 1960 819 3538 889; baseline 0.001 -21"><span class='ocrx_word' id='word_1_265' title='bbox 1960 829 2322 884; x_wconf 81' lang='lat' dir='ltr'><strong>nuncupatur.</strong></span> <span class='ocrx_word' id='word_1_266' title='bbox 2383 819 2543 872; x_wconf 82' lang='lat' dir='ltr'><strong>Aliud</strong></span> <span class='ocrx_word' id='word_1_267' title='bbox 2581 821 2850 886; x_wconf 77' lang='lat' dir='ltr'><strong>signiﬁcat</strong></span> <span class='ocrx_word' id='word_1_268' title='bbox 2878 822 3167 889; x_wconf 84' lang='lat' dir='ltr'><strong>sapientia,</strong></span> <span class='ocrx_word' id='word_1_269' title='bbox 3199 820 3344 874; x_wconf 85' lang='lat' dir='ltr'><strong>aliud</strong></span> <span class='ocrx_word' id='word_1_270' title='bbox 3373 819 3538 885; x_wconf 83' lang='lat' dir='ltr'><strong>justi-</strong></span> 
     </span>
    </p>
   </div>
   <div class='ocr_carea' id='block_1_37' title="bbox 1961 907 3538 980">
    <p class='ocr_par' dir='ltr' id='par_1_37' title="bbox 1961 907 3538 980">
     <span class='ocr_line' id='line_1_37' title="bbox 1961 907 3538 980; baseline 0.003 -22"><span class='ocrx_word' id='word_1_271' title='bbox 1961 907 2055 959; x_wconf 83' lang='lat' dir='ltr'><strong>tia.</strong></span> <span class='ocrx_word' id='word_1_272' title='bbox 2105 909 2330 972; x_wconf 80' lang='lat' dir='ltr'><strong>Quando</strong></span> <span class='ocrx_word' id='word_1_273' title='bbox 2367 911 2508 963; x_wconf 90' lang='lat' dir='ltr'><strong>enim</strong></span> <span class='ocrx_word' id='word_1_274' title='bbox 2548 912 2813 980; x_wconf 83' lang='lat' dir='ltr'><strong>sapientia</strong></span> <span class='ocrx_word' id='word_1_275' title='bbox 2855 913 3078 976; x_wconf 87' lang='lat' dir='ltr'><strong>dicitur,</strong></span> <span class='ocrx_word' id='word_1_276' title='bbox 3121 911 3429 980; x_wconf 82' lang='lat' dir='ltr'><strong>disciplinis</strong></span> <span class='ocrx_word' id='word_1_277' title='bbox 3481 919 3538 964; x_wconf 87' lang='lat' dir='ltr'><strong>te</strong></span> 
     </span>
    </p>
   </div>
   <div class='ocr_carea' id='block_1_38' title="bbox 1960 997 3539 1072">
    <p class='ocr_par' dir='ltr' id='par_1_38' title="bbox 1960 997 3539 1072">
     <span class='ocr_line' id='line_1_38' title="bbox 1960 997 3539 1072; baseline 0.003 -22"><span class='ocrx_word' id='word_1_278' title='bbox 1960 997 2264 1052; x_wconf 84' lang='lat' dir='ltr'><strong>divinarum</strong></span> <span class='ocrx_word' id='word_1_279' title='bbox 2303 1001 2774 1072; x_wconf 86' lang='lat' dir='ltr'><strong>humanarumque</strong></span> <span class='ocrx_word' id='word_1_280' title='bbox 2801 1019 2978 1056; x_wconf 90' lang='lat' dir='ltr'><strong>rerum</strong></span> <span class='ocrx_word' id='word_1_281' title='bbox 3015 1003 3270 1058; x_wconf 89' lang='lat' dir='ltr'><strong>instituit.</strong></span> <span class='ocrx_word' id='word_1_282' title='bbox 3305 1001 3539 1066; x_wconf 85' lang='lat' dir='ltr'><strong>Quando</strong></span> 
     </span>
    </p>
   </div>
   <div class='ocr_carea' id='block_1_39' title="bbox 1955 1087 3538 1160">
    <p class='ocr_par' dir='ltr' id='par_1_39' title="bbox 1955 1087 3538 1160">
     <span class='ocr_line' id='line_1_39' title="bbox 1955 1087 3538 1160; baseline 0.004 -22"><span class='ocrx_word' id='word_1_283' title='bbox 1955 1087 2190 1156; x_wconf 83' lang='lat' dir='ltr'><strong>jostitia,</strong></span> <span class='ocrx_word' id='word_1_284' title='bbox 2224 1091 2548 1145; x_wconf 87' lang='lat' dir='ltr'><strong>distributor</strong></span> <span class='ocrx_word' id='word_1_285' title='bbox 2572 1092 2805 1158; x_wconf 74' lang='lat' dir='ltr'><strong>etjttdcx</strong></span> <span class='ocrx_word' id='word_1_286' title='bbox 2831 1094 3147 1148; x_wconf 88' lang='lat' dir='ltr'><strong>meritorum</strong></span> <span class='ocrx_word' id='word_1_287' title='bbox 3173 1093 3538 1160; x_wconf 74' lang='lat' dir='ltr'><strong>significatur.</strong></span> 
     </span>
    </p>
   </div>
   <div class='ocr_carea' id='block_1_40' title="bbox 1961 1177 3536 1252">
    <p class='ocr_par' dir='ltr' id='par_1_40' title="bbox 1961 1177 3536 1252">
     <span class='ocr_line' id='line_1_40' title="bbox 1961 1177 3536 1252; baseline 0.004 -22"><span class='ocrx_word' id='word_1_288' title='bbox 1961 1177 2190 1245; x_wconf 85' lang='lat' dir='ltr'><strong>Quando</strong></span> <span class='ocrx_word' id='word_1_289' title='bbox 2227 1183 2515 1246; x_wconf 82' lang='lat' dir='ltr'><strong>s‘anetitas,</strong></span> <span class='ocrx_word' id='word_1_290' title='bbox 2551 1183 2640 1236; x_wconf 88' lang='lat' dir='ltr'><strong>illa</strong></span> <span class='ocrx_word' id='word_1_291' title='bbox 2681 1185 2852 1238; x_wconf 89' lang='lat' dir='ltr'><strong>virtus</strong></span> <span class='ocrx_word' id='word_1_292' title='bbox 2885 1185 3236 1250; x_wconf 82' lang='lat' dir='ltr'><strong>describitur,</strong></span> <span class='ocrx_word' id='word_1_293' title='bbox 3261 1199 3382 1252; x_wconf 58' lang='lat' dir='ltr'><strong>quae</strong></span> <span class='ocrx_word' id='word_1_294' title='bbox 3411 1197 3536 1237; x_wconf 89' lang='lat' dir='ltr'><strong>cre-</strong></span> 
     </span>
    </p>
   </div>
   <div class='ocr_carea' id='block_1_41' title="bbox 1961 1257 3543 1342">
    <p class='ocr_par' dir='ltr' id='par_1_41' title="bbox 1961 1257 3543 1342">
     <span class='ocr_line' id='line_1_41' title="bbox 1961 1257 3543 1342; baseline 0.001 -16"><span class='ocrx_word' id='word_1_295' title='bbox 1961 1273 2152 1327; x_wconf 88' lang='lat' dir='ltr'><strong>dentes</strong></span> <span class='ocrx_word' id='word_1_296' title='bbox 2176 1271 2308 1337; x_wconf 82' lang='lat' dir='ltr'><strong>l)eo,</strong></span> <span class='ocrx_word' id='word_1_297' title='bbox 2337 1274 2506 1328; x_wconf 73' lang='lat' dir='ltr'><strong>edicit</strong></span> <span class='ocrx_word' id='word_1_298' title='bbox 2529 1286 2772 1330; x_wconf 89' lang='lat' dir='ltr'><strong>sanctos.</strong></span> <span class='ocrx_word' id='word_1_299' title='bbox 2804 1257 2882 1328; x_wconf 73' lang='lat' dir='ltr'><strong>ita</strong></span> <span class='ocrx_word' id='word_1_300' title='bbox 2911 1291 3040 1341; x_wconf 77' lang='lat' dir='ltr'><strong>ergo</strong></span> <span class='ocrx_word' id='word_1_301' title='bbox 3064 1285 3119 1330; x_wconf 90' lang='lat' dir='ltr'><strong>et</strong></span> <span class='ocrx_word' id='word_1_302' title='bbox 3146 1276 3279 1330; x_wconf 88' lang='lat' dir='ltr'><strong>mihi</strong></span> <span class='ocrx_word' id='word_1_303' title='bbox 3302 1275 3543 1342; x_wconf 81' lang='lat' dir='ltr'><strong>pruden-</strong></span> 
     </span>
    </p>
   </div>
   <div class='ocr_carea' id='block_1_42' title="bbox 1964 1363 3540 1434">
    <p class='ocr_par' dir='ltr' id='par_1_42' title="bbox 1964 1363 3540 1434">
     <span class='ocr_line' id='line_1_42' title="bbox 1964 1363 3540 1434; baseline 0.002 -19"><span class='ocrx_word' id='word_1_304' title='bbox 1964 1363 2090 1416; x_wconf 85' lang='lat' dir='ltr'><strong>tiam</strong></span> <span class='ocrx_word' id='word_1_305' title='bbox 2117 1363 2235 1434; x_wconf 84' lang='lat' dir='ltr'><strong>ejus</strong></span> <span class='ocrx_word' id='word_1_306' title='bbox 2258 1365 2497 1434; x_wconf 79' lang='lat' dir='ltr'><strong>iutellige</strong></span> <span class='ocrx_word' id='word_1_307' title='bbox 2533 1381 2548 1423; x_wconf 89' lang='lat'><strong>:</strong></span> <span class='ocrx_word' id='word_1_308' title='bbox 2573 1380 2694 1419; x_wconf 91' lang='lat' dir='ltr'><strong>cum</strong></span> <span class='ocrx_word' id='word_1_309' title='bbox 2721 1367 2966 1420; x_wconf 86' lang='lat' dir='ltr'><strong>doctrina</strong></span> <span class='ocrx_word' id='word_1_310' title='bbox 2991 1375 3096 1428; x_wconf 88' lang='lat' dir='ltr'><strong>est,</strong></span> <span class='ocrx_word' id='word_1_311' title='bbox 3122 1376 3176 1420; x_wconf 90' lang='lat' dir='ltr'><strong>et</strong></span> <span class='ocrx_word' id='word_1_312' title='bbox 3194 1365 3540 1420; x_wconf 78' lang='lat' dir='ltr'><strong>demonstra-</strong></span> 
     </span>
    </p>
   </div>
   <div class='ocr_carea' id='block_1_43' title="bbox 1965 1456 3539 1519">
    <p class='ocr_par' dir='ltr' id='par_1_43' title="bbox 1965 1456 3539 1519">
     <span class='ocr_line' id='line_1_43' title="bbox 1965 1456 3539 1519; baseline 0 -10"><span class='ocrx_word' id='word_1_313' title='bbox 1965 1457 2041 1510; x_wconf 80' lang='grc' dir='ltr'><strong>ιὶο</strong></span> <span class='ocrx_word' id='word_1_314' title='bbox 2071 1456 2338 1510; x_wconf 89' lang='lat' dir='ltr'><strong>bonarum</strong></span> <span class='ocrx_word' id='word_1_315' title='bbox 2366 1468 2457 1511; x_wconf 91' lang='lat' dir='ltr'><strong>aut</strong></span> <span class='ocrx_word' id='word_1_316' title='bbox 2486 1459 2754 1511; x_wconf 90' lang='lat' dir='ltr'><strong>malarum</strong></span> <span class='ocrx_word' id='word_1_317' title='bbox 2803 1473 3009 1519; x_wconf 85' lang='lat' dir='ltr'><strong>rerum,</strong></span> <span class='ocrx_word' id='word_1_318' title='bbox 3035 1457 3152 1513; x_wconf 83' lang='lat' dir='ltr'><strong>sive</strong></span> <span class='ocrx_word' id='word_1_319' title='bbox 3175 1467 3488 1512; x_wconf 87' lang='lat' dir='ltr'><strong>neutrarum</strong></span> <span class='ocrx_word' id='word_1_320' title='bbox 3521 1471 3539 1509; x_wconf 71' lang='grc' dir='ltr'>ζ</span> 
     </span>
    </p>
   </div>
   <div class='ocr_carea' id='block_1_44' title="bbox 1964 1549 3543 1617">
    <p class='ocr_par' dir='ltr' id='par_1_44' title="bbox 1964 1549 3543 1617">
     <span class='ocr_line' id='line_1_44' title="bbox 1964 1549 3543 1617; baseline 0.001 -16"><span class='ocrx_word' id='word_1_321' title='bbox 1964 1558 2126 1617; x_wconf 89' lang='lat' dir='ltr'><strong>atque</strong></span> <span class='ocrx_word' id='word_1_322' title='bbox 2159 1549 2210 1602; x_wconf 92' lang='lat' dir='ltr'><strong>in</strong></span> <span class='ocrx_word' id='word_1_323' title='bbox 2239 1549 2383 1602; x_wconf 90' lang='lat' dir='ltr'><strong>hunc</strong></span> <span class='ocrx_word' id='word_1_324' title='bbox 2417 1549 2636 1604; x_wconf 87' lang='lat' dir='ltr'><strong>modum</strong></span> <span class='ocrx_word' id='word_1_325' title='bbox 2685 1549 2998 1604; x_wconf 81' lang='lat' dir='ltr'><strong>extendisse</strong></span> <span class='ocrx_word' id='word_1_326' title='bbox 3030 1564 3178 1603; x_wconf 88' lang='lat' dir='ltr'><strong>nunc</strong></span> <span class='ocrx_word' id='word_1_327' title='bbox 3209 1549 3407 1602; x_wconf 88' lang='lat' dir='ltr'><strong>dicitur</strong></span> <span class='ocrx_word' id='word_1_328' title='bbox 3431 1562 3543 1602; x_wconf 72' lang='lat' dir='ltr'><strong>etn-</strong></span> 
     </span>
    </p>
   </div>
   <div class='ocr_carea' id='block_1_45' title="bbox 1964 1637 3543 1707">
    <p class='ocr_par' dir='ltr' id='par_1_45' title="bbox 1964 1637 3543 1707">
     <span class='ocr_line' id='line_1_45' title="bbox 1964 1637 3543 1707; baseline 0 -15"><span class='ocrx_word' id='word_1_329' title='bbox 1964 1637 2074 1692; x_wconf 92' lang='lat' dir='ltr'><strong>lum</strong></span> <span class='ocrx_word' id='word_1_330' title='bbox 2111 1639 2162 1693; x_wconf 87' lang='lat' dir='ltr'><strong>itt</strong></span> <span class='ocrx_word' id='word_1_331' title='bbox 2199 1640 2487 1707; x_wconf 86' lang='lat' dir='ltr'><strong>prudentia</strong></span> <span class='ocrx_word' id='word_1_332' title='bbox 2513 1655 2640 1694; x_wconf 85' lang='lat' dir='ltr'><strong>sua.</strong></span> <span class='ocrx_word' id='word_1_333' title='bbox 2676 1640 2961 1707; x_wconf 85' lang='lat' dir='ltr'><strong>Quomodo</strong></span> <span class='ocrx_word' id='word_1_334' title='bbox 2991 1650 3173 1693; x_wconf 88' lang='lat' dir='ltr'><strong>autem</strong></span> <span class='ocrx_word' id='word_1_335' title='bbox 3215 1640 3543 1694; x_wconf 78' lang='lat' dir='ltr'><strong>extendatur</strong></span> 
     </span>
    </p>
   </div>
   <div class='ocr_carea' id='block_1_46' title="bbox 1967 1732 3538 1804">
    <p class='ocr_par' dir='ltr' id='par_1_46' title="bbox 1967 1732 3538 1804">
     <span class='ocr_line' id='line_1_46' title="bbox 1967 1732 3538 1804; baseline -0.003 -17"><span class='ocrx_word' id='word_1_336' title='bbox 1967 1733 2189 1799; x_wconf 63' lang='lat' dir='ltr'><strong>malum,</strong></span> <span class='ocrx_word' id='word_1_337' title='bbox 2243 1736 2570 1788; x_wconf 75' lang='lat' dir='ltr'><strong>extendente</strong></span> <span class='ocrx_word' id='word_1_338' title='bbox 2612 1734 2662 1788; x_wconf 86' lang='lat' dir='ltr'><strong>id</strong></span> <span class='ocrx_word' id='word_1_339' title='bbox 2699 1733 3005 1804; x_wconf 88' lang='lat' dir='ltr'><strong>prudentia,</strong></span> <span class='ocrx_word' id='word_1_340' title='bbox 3044 1734 3167 1785; x_wconf 89' lang='lat' dir='ltr'><strong>audi</strong></span> <span class='ocrx_word' id='word_1_341' title='bbox 3213 1748 3227 1784; x_wconf 88' lang='lat'><strong>:</strong></span> <span class='ocrx_word' id='word_1_342' title='bbox 3281 1732 3538 1800; x_wconf 91' lang='lat' dir='ltr'><strong>quoniam</strong></span> 
     </span>
    </p>
   </div>
   <div class='ocr_carea' id='block_1_47' title="bbox 1966 1821 3543 1889">
    <p class='ocr_par' dir='ltr' id='par_1_47' title="bbox 1966 1821 3543 1889">
     <span class='ocr_line' id='line_1_47' title="bbox 1966 1821 3543 1889; baseline -0.004 -12"><span class='ocrx_word' id='word_1_343' title='bbox 1966 1839 2072 1878; x_wconf 90' lang='lat' dir='ltr'><strong>non</strong></span> <span class='ocrx_word' id='word_1_344' title='bbox 2095 1825 2340 1878; x_wconf 78' lang='lat' dir='ltr'><strong>extendit</strong></span> <span class='ocrx_word' id='word_1_345' title='bbox 2368 1825 2532 1878; x_wconf 87' lang='lat' dir='ltr'><strong>verba</strong></span> <span class='ocrx_word' id='word_1_346' title='bbox 2571 1839 2680 1878; x_wconf 90' lang='lat' dir='ltr'><strong>non</strong></span> <span class='ocrx_word' id='word_1_347' title='bbox 2717 1822 3074 1878; x_wconf 83' lang='lat' dir='ltr'><strong>attendentis.</strong></span> <span class='ocrx_word' id='word_1_348' title='bbox 3102 1822 3313 1876; x_wconf 84' lang='lat' dir='ltr'><strong>Asserit</strong></span> <span class='ocrx_word' id='word_1_349' title='bbox 3339 1821 3543 1889; x_wconf 84' lang='lat' dir='ltr'><strong>quippe</strong></span> 
     </span>
    </p>
   </div>
   <div class='ocr_carea' id='block_1_48' title="bbox 1962 1911 3543 1984">
    <p class='ocr_par' dir='ltr' id='par_1_48' title="bbox 1962 1911 3543 1984">
     <span class='ocr_line' id='line_1_48' title="bbox 1962 1911 3543 1984; baseline -0.004 -15"><span class='ocrx_word' id='word_1_350' title='bbox 1962 1915 2337 1970; x_wconf 80' lang='lat' dir='ltr'><strong>extensiouem</strong></span> <span class='ocrx_word' id='word_1_351' title='bbox 2367 1913 2657 1984; x_wconf 88' lang='lat' dir='ltr'><strong>quamdam</strong></span> <span class='ocrx_word' id='word_1_352' title='bbox 2702 1930 2820 1969; x_wconf 88' lang='lat' dir='ltr'><strong>esse</strong></span> <span class='ocrx_word' id='word_1_353' title='bbox 2853 1916 3142 1968; x_wconf 89' lang='lat' dir='ltr'><strong>verborum</strong></span> <span class='ocrx_word' id='word_1_354' title='bbox 3181 1911 3453 1975; x_wconf 88' lang='lat' dir='ltr'><strong>similiter,</strong></span> <span class='ocrx_word' id='word_1_355' title='bbox 3485 1918 3543 1964; x_wconf 87' lang='lat' dir='ltr'><strong>ut</strong></span> 
     </span>
    </p>
   </div>
   <div class='ocr_carea' id='block_1_49' title="bbox 1963 2003 3542 2076">
    <p class='ocr_par' dir='ltr' id='par_1_49' title="bbox 1963 2003 3542 2076">
     <span class='ocr_line' id='line_1_49' title="bbox 1963 2003 3542 2076; baseline -0.003 -16"><span class='ocrx_word' id='word_1_356' title='bbox 1963 2022 2108 2062; x_wconf 88' lang='lat' dir='ltr'><strong>nunc</strong></span> <span class='ocrx_word' id='word_1_357' title='bbox 2161 2007 2362 2062; x_wconf 78' lang='lat' dir='ltr'><strong>dicitur</strong></span> <span class='ocrx_word' id='word_1_358' title='bbox 2398 2007 2523 2063; x_wconf 68' lang='lat' dir='ltr'><strong>cmli</strong></span> <span class='ocrx_word' id='word_1_359' title='bbox 2561 2025 2575 2062; x_wconf 87' lang='lat'>:</span> <span class='ocrx_word' id='word_1_360' title='bbox 2621 2009 2774 2076; x_wconf 64' lang='lat' dir='ltr'><strong>iusta</strong></span> <span class='ocrx_word' id='word_1_361' title='bbox 2815 2007 2944 2060; x_wconf 88' lang='lat' dir='ltr'><strong>illud</strong></span> <span class='ocrx_word' id='word_1_362' title='bbox 2995 2008 3141 2075; x_wconf 90' lang='lat' dir='ltr'><strong>quod</strong></span> <span class='ocrx_word' id='word_1_363' title='bbox 3197 2007 3248 2058; x_wconf 90' lang='lat' dir='ltr'><strong>in</strong></span> <span class='ocrx_word' id='word_1_364' title='bbox 3284 2004 3393 2056; x_wconf 91' lang='lat' dir='ltr'><strong>alio</strong></span> <span class='ocrx_word' id='word_1_365' title='bbox 3424 2003 3542 2056; x_wconf 88' lang='lat' dir='ltr'><strong>loco</strong></span> 
     </span>
    </p>
   </div>
   <div class='ocr_carea' id='block_1_50' title="bbox 1964 2093 3541 2166">
    <p class='ocr_par' dir='ltr' id='par_1_50' title="bbox 1964 2093 3541 2166">
     <span class='ocr_line' id='line_1_50' title="bbox 1964 2093 3541 2166; baseline -0.005 -13"><span class='ocrx_word' id='word_1_366' title='bbox 1964 2101 2229 2166; x_wconf 75' lang='lat' dir='ltr'><strong>scriptun:</strong></span> <span class='ocrx_word' id='word_1_367' title='bbox 2260 2109 2345 2153; x_wconf 85' lang='lat' dir='ltr'><strong>est</strong></span> <span class='ocrx_word' id='word_1_368' title='bbox 2373 2116 2390 2153; x_wconf 85' lang='lat'><strong>:</strong></span> <span class='ocrx_word' id='word_1_369' title='bbox 2423 2099 2529 2164; x_wconf 84' lang='lat' dir='ltr'><strong>Qui</strong></span> <span class='ocrx_word' id='word_1_370' title='bbox 2577 2101 2808 2152; x_wconf 74' lang='lat' dir='ltr'><strong>extendit</strong></span> <span class='ocrx_word' id='word_1_371' title='bbox 2851 2097 3036 2151; x_wconf 73' lang='lat' dir='ltr'><strong>etclam</strong></span> <span class='ocrx_word' id='word_1_372' title='bbox 3065 2107 3118 2148; x_wconf 85' lang='lat' dir='ltr'><strong>ut</strong></span> <span class='ocrx_word' id='word_1_373' title='bbox 3147 2095 3329 2162; x_wconf 83' lang='lat' dir='ltr'><strong>pellem</strong></span> <span class='ocrx_word' id='word_1_374' title='bbox 3363 2093 3541 2163; x_wconf 81' lang='lat' dir='ltr'><strong>(Psal.</strong></span> 
     </span>
    </p>
   </div>
   <div class='ocr_carea' id='block_1_51' title="bbox 1963 2186 3543 2256">
    <p class='ocr_par' dir='ltr' id='par_1_51' title="bbox 1963 2186 3543 2256">
     <span class='ocr_line' id='line_1_51' title="bbox 1963 2186 3543 2256; baseline -0.005 -14"><span class='ocrx_word' id='word_1_375' title='bbox 1963 2203 2078 2253; x_wconf 76' lang='grc' dir='ltr'><strong>ειη,</strong></span> <span class='ocrx_word' id='word_1_376' title='bbox 2126 2188 2206 2256; x_wconf 74' lang='grc'>2).</span> <span class='ocrx_word' id='word_1_377' title='bbox 2252 2186 2583 2242; x_wconf 76' lang='lat' dir='ltr'><strong>Extenditur</strong></span> <span class='ocrx_word' id='word_1_378' title='bbox 2638 2198 2818 2242; x_wconf 90' lang='lat' dir='ltr'><strong>autem</strong></span> <span class='ocrx_word' id='word_1_379' title='bbox 2855 2195 2909 2242; x_wconf 88' lang='lat' dir='ltr'><strong>et</strong></span> <span class='ocrx_word' id='word_1_380' title='bbox 2951 2187 3132 2240; x_wconf 89' lang='lat' dir='ltr'><strong>anima</strong></span> <span class='ocrx_word' id='word_1_381' title='bbox 3174 2194 3380 2246; x_wconf 86' lang='lat' dir='ltr'><strong>nostra,</strong></span> <span class='ocrx_word' id='word_1_382' title='bbox 3421 2195 3543 2252; x_wconf 72' lang='lat' dir='ltr'><strong>quae</strong></span> 
     </span>
    </p>
   </div>
   <div class='ocr_carea' id='block_1_52' title="bbox 1965 2275 3545 2348">
    <p class='ocr_par' dir='ltr' id='par_1_52' title="bbox 1965 2275 3545 2348">
     <span class='ocr_line' id='line_1_52' title="bbox 1965 2275 3545 2348; baseline -0.003 -18"><span class='ocrx_word' id='word_1_383' title='bbox 1965 2282 2119 2348; x_wconf 87' lang='lat' dir='ltr'><strong>prius</strong></span> <span class='ocrx_word' id='word_1_384' title='bbox 2153 2279 2330 2334; x_wconf 81' lang='lat' dir='ltr'><strong>fuerat</strong></span> <span class='ocrx_word' id='word_1_385' title='bbox 2359 2288 2664 2345; x_wconf 87' lang='lat' dir='ltr'><strong>contracta,</strong></span> <span class='ocrx_word' id='word_1_386' title='bbox 2689 2290 2746 2332; x_wconf 93' lang='lat' dir='ltr'><strong>ut</strong></span> <span class='ocrx_word' id='word_1_387' title='bbox 2769 2280 2941 2348; x_wconf 88' lang='lat' dir='ltr'><strong>possit</strong></span> <span class='ocrx_word' id='word_1_388' title='bbox 2965 2293 3134 2345; x_wconf 81' lang='lat' dir='ltr'><strong>capax</strong></span> <span class='ocrx_word' id='word_1_389' title='bbox 3160 2291 3282 2332; x_wconf 84' lang='lat' dir='ltr'><strong>esse</strong></span> <span class='ocrx_word' id='word_1_390' title='bbox 3328 2275 3545 2343; x_wconf 86' lang='lat' dir='ltr'><strong>sapien-</strong></span> 
     </span>
    </p>
   </div>
   <div class='ocr_carea' id='block_1_53' title="bbox 1967 2370 3542 2438">
    <p class='ocr_par' dir='ltr' id='par_1_53' title="bbox 1967 2370 3542 2438">
     <span class='ocr_line' id='line_1_53' title="bbox 1967 2370 3542 2438; baseline -0.004 -15"><span class='ocrx_word' id='word_1_391' title='bbox 1967 2371 2053 2423; x_wconf 74' lang='lat' dir='ltr'><strong>titn</strong></span> <span class='ocrx_word' id='word_1_392' title='bbox 2095 2370 2212 2424; x_wconf 86' lang='lat' dir='ltr'><strong>Dei.</strong></span> <span class='ocrx_word' id='word_1_393' title='bbox 2274 2370 2499 2435; x_wconf 80' lang='lat' dir='ltr'><strong>Verum,</strong></span> <span class='ocrx_word' id='word_1_394' title='bbox 2552 2379 2607 2425; x_wconf 91' lang='lat' dir='ltr'><strong>ut</strong></span> <span class='ocrx_word' id='word_1_395' title='bbox 2662 2370 2729 2424; x_wconf 83' lang='lat' dir='ltr'><strong>ad</strong></span> <span class='ocrx_word' id='word_1_396' title='bbox 2784 2371 3124 2438; x_wconf 80' lang='lat' dir='ltr'><strong>propositum</strong></span> <span class='ocrx_word' id='word_1_397' title='bbox 3187 2375 3542 2426; x_wconf 81' lang='lat' dir='ltr'><strong>revertamur,</strong></span> 
     </span>
    </p>
   </div>
   <div class='ocr_carea' id='block_1_54' title="bbox 1965 2456 3548 2532">
    <p class='ocr_par' dir='ltr' id='par_1_54' title="bbox 1965 2456 3548 2532">
     <span class='ocr_line' id='line_1_54' title="bbox 1965 2456 3548 2532; baseline -0.004 -16"><span class='ocrx_word' id='word_1_398' title='bbox 1965 2463 2209 2516; x_wconf 66' lang='lat' dir='ltr'><strong>diximus</strong></span> <span class='ocrx_word' id='word_1_399' title='bbox 2231 2463 2300 2518; x_wconf 89' lang='lat' dir='ltr'><strong>de</strong></span> <span class='ocrx_word' id='word_1_400' title='bbox 2319 2479 2409 2526; x_wconf 86' lang='lat' dir='ltr'><strong>eo,</strong></span> <span class='ocrx_word' id='word_1_401' title='bbox 2431 2464 2574 2532; x_wconf 91' lang='lat' dir='ltr'><strong>quod</strong></span> <span class='ocrx_word' id='word_1_402' title='bbox 2603 2462 2892 2532; x_wconf 82' lang='lat' dir='ltr'><strong>prudentia</strong></span> <span class='ocrx_word' id='word_1_403' title='bbox 2911 2461 3106 2516; x_wconf 75' lang='lat' dir='ltr'><strong>ccelum</strong></span> <span class='ocrx_word' id='word_1_404' title='bbox 3135 2459 3332 2513; x_wconf 86' lang='lat' dir='ltr'><strong>factum</strong></span> <span class='ocrx_word' id='word_1_405' title='bbox 3359 2456 3466 2510; x_wconf 81' lang='lat' dir='ltr'><strong>sit:</strong></span> <span class='ocrx_word' id='word_1_406' title='bbox 3491 2462 3548 2510; x_wconf 88' lang='lat' dir='ltr'><strong>et</strong></span> 
     </span>
    </p>
   </div>
   <div class='ocr_carea' id='block_1_55' title="bbox 1965 2551 3544 2624">
    <p class='ocr_par' dir='ltr' id='par_1_55' title="bbox 1965 2551 3544 2624">
     <span class='ocr_line' id='line_1_55' title="bbox 1965 2551 3544 2624; baseline -0.004 -17"><span class='ocrx_word' id='word_1_407' title='bbox 1965 2570 2110 2608; x_wconf 90' lang='lat' dir='ltr'><strong>nunc</strong></span> <span class='ocrx_word' id='word_1_408' title='bbox 2138 2553 2472 2607; x_wconf 77' lang='lat' dir='ltr'><strong>aﬂirmamus</strong></span> <span class='ocrx_word' id='word_1_409' title='bbox 2490 2562 2607 2619; x_wconf 77' lang='lat' dir='ltr'><strong>eos,</strong></span> <span class='ocrx_word' id='word_1_410' title='bbox 2653 2553 3042 2624; x_wconf 73' lang='lat' dir='ltr'><strong>quietelestem</strong></span> <span class='ocrx_word' id='word_1_411' title='bbox 3099 2551 3372 2605; x_wconf 84' lang='lat' dir='ltr'><strong>hominem</strong></span> <span class='ocrx_word' id='word_1_412' title='bbox 3419 2563 3544 2616; x_wconf 83' lang='lat' dir='ltr'><strong>por-</strong></span> 
     </span>
    </p>
   </div>
   <div class='ocr_carea' id='block_1_56' title="bbox 1966 2640 3546 2712">
    <p class='ocr_par' dir='ltr' id='par_1_56' title="bbox 1966 2640 3546 2712">
     <span class='ocr_line' id='line_1_56' title="bbox 1966 2640 3546 2712; baseline -0.001 -16"><span class='ocrx_word' id='word_1_413' title='bbox 1966 2651 2108 2709; x_wconf 82' lang='lat' dir='ltr'><strong>tant,</strong></span> <span class='ocrx_word' id='word_1_414' title='bbox 2145 2661 2265 2698; x_wconf 75' lang='lat' dir='ltr'><strong>esse</strong></span> <span class='ocrx_word' id='word_1_415' title='bbox 2289 2648 2570 2700; x_wconf 74' lang='lat' dir='ltr'><strong>ctelestes.</strong></span> <span class='ocrx_word' id='word_1_416' title='bbox 2592 2643 2647 2698; x_wconf 92' lang='lat' dir='ltr'><strong>Si</strong></span> <span class='ocrx_word' id='word_1_417' title='bbox 2674 2644 2816 2697; x_wconf 89' lang='lat' dir='ltr'><strong>cnim</strong></span> <span class='ocrx_word' id='word_1_418' title='bbox 2842 2644 2908 2697; x_wconf 86' lang='lat' dir='ltr'><strong>ad</strong></span> <span class='ocrx_word' id='word_1_419' title='bbox 2936 2651 3272 2712; x_wconf 80' lang='lat' dir='ltr'><strong>pcccatorem</strong></span> <span class='ocrx_word' id='word_1_420' title='bbox 3299 2640 3491 2693; x_wconf 79' lang='lat' dir='ltr'><strong>dicitur</strong></span> <span class='ocrx_word' id='word_1_421' title='bbox 3527 2653 3546 2694; x_wconf 69' lang='grc' dir='ltr'>ι</span> 
     </span>
    </p>
   </div>
   <div class='ocr_carea' id='block_1_57' title="bbox 1969 2734 3546 2804">
    <p class='ocr_par' dir='ltr' id='par_1_57' title="bbox 1969 2734 3546 2804">
     <span class='ocr_line' id='line_1_57' title="bbox 1969 2734 3546 2804; baseline -0.004 -16"><span class='ocrx_word' id='word_1_422' title='bbox 1969 2734 2133 2789; x_wconf 85' lang='lat' dir='ltr'><strong>Terra</strong></span> <span class='ocrx_word' id='word_1_423' title='bbox 2166 2752 2244 2802; x_wconf 81' lang='lat' dir='ltr'><strong>es,</strong></span> <span class='ocrx_word' id='word_1_424' title='bbox 2277 2749 2324 2791; x_wconf 88' lang='lat' dir='ltr'><strong>et</strong></span> <span class='ocrx_word' id='word_1_425' title='bbox 2362 2740 2416 2791; x_wconf 84' lang='lat' dir='ltr'><strong>in</strong></span> <span class='ocrx_word' id='word_1_426' title='bbox 2451 2748 2650 2790; x_wconf 86' lang='lat' dir='ltr'><strong>terram</strong></span> <span class='ocrx_word' id='word_1_427' title='bbox 2688 2738 2784 2790; x_wconf 74' lang='lat' dir='ltr'><strong>ibis</strong></span> <span class='ocrx_word' id='word_1_428' title='bbox 2821 2751 2839 2788; x_wconf 89' lang='lat'><strong><em>:</em></strong></span> <span class='ocrx_word' id='word_1_429' title='bbox 2874 2749 3044 2804; x_wconf 86' lang='lat' dir='ltr'><strong>quare</strong></span> <span class='ocrx_word' id='word_1_430' title='bbox 3087 2749 3192 2786; x_wconf 89' lang='lat' dir='ltr'><strong>non</strong></span> <span class='ocrx_word' id='word_1_431' title='bbox 3226 2734 3437 2786; x_wconf 80' lang='lat' dir='ltr'><strong>dicatur</strong></span> <span class='ocrx_word' id='word_1_432' title='bbox 3478 2734 3546 2784; x_wconf 83' lang='lat' dir='ltr'><strong>ad</strong></span> 
     </span>
    </p>
   </div>
   <div class='ocr_carea' id='block_1_58' title="bbox 1961 2821 3550 2898">
    <p class='ocr_par' dir='ltr' id='par_1_58' title="bbox 1961 2821 3550 2898">
     <span class='ocr_line' id='line_1_58' title="bbox 1961 2821 3550 2898; baseline -0.004 -16"><span class='ocrx_word' id='word_1_433' title='bbox 1961 2821 2192 2898; x_wconf 84' lang='lat' dir='ltr'><strong>justum,</strong></span> <span class='ocrx_word' id='word_1_434' title='bbox 2230 2831 2384 2898; x_wconf 85' lang='lat' dir='ltr'><strong>cujus</strong></span> <span class='ocrx_word' id='word_1_435' title='bbox 2413 2837 2496 2883; x_wconf 80' lang='lat' dir='ltr'><strong>est</strong></span> <span class='ocrx_word' id='word_1_436' title='bbox 2527 2845 2751 2898; x_wconf 80' lang='lat' dir='ltr'><strong>regnum</strong></span> <span class='ocrx_word' id='word_1_437' title='bbox 2787 2829 3050 2883; x_wconf 67' lang='lat' dir='ltr'><strong>t-mlorum</strong></span> <span class='ocrx_word' id='word_1_438' title='bbox 3086 2845 3098 2880; x_wconf 91' lang='lat'>:</span> <span class='ocrx_word' id='word_1_439' title='bbox 3136 2825 3342 2880; x_wconf 74' lang='lat' dir='ltr'><strong>Caelum</strong></span> <span class='ocrx_word' id='word_1_440' title='bbox 3375 2839 3457 2888; x_wconf 90' lang='lat' dir='ltr'><strong>es,</strong></span> <span class='ocrx_word' id='word_1_441' title='bbox 3495 2832 3550 2876; x_wconf 89' lang='lat' dir='ltr'><strong>et</strong></span> 
     </span>
    </p>
   </div>
   <div class='ocr_carea' id='block_1_59' title="bbox 1967 2917 3547 2989">
    <p class='ocr_par' dir='ltr' id='par_1_59' title="bbox 1967 2917 3547 2989">
     <span class='ocr_line' id='line_1_59' title="bbox 1967 2917 3547 2989; baseline -0.004 -14"><span class='ocrx_word' id='word_1_442' title='bbox 1967 2921 2020 2975; x_wconf 88' lang='lat' dir='ltr'><strong>in</strong></span> <span class='ocrx_word' id='word_1_443' title='bbox 2050 2923 2246 2976; x_wconf 76' lang='lat' dir='ltr'><strong>ctelntn</strong></span> <span class='ocrx_word' id='word_1_444' title='bbox 2281 2921 2417 2975; x_wconf 82' lang='lat' dir='ltr'><strong>ibis?</strong></span> <span class='ocrx_word' id='word_1_445' title='bbox 2449 2921 2560 2975; x_wconf 83' lang='lat' dir='ltr'><strong>Aut</strong></span> <span class='ocrx_word' id='word_1_446' title='bbox 2587 2921 2634 2974; x_wconf 86' lang='lat' dir='ltr'><strong>si</strong></span> <span class='ocrx_word' id='word_1_447' title='bbox 2661 2931 2878 2989; x_wconf 87' lang='lat' dir='ltr'><strong>pr0pter</strong></span> <span class='ocrx_word' id='word_1_448' title='bbox 2907 2921 3117 2988; x_wconf 79' lang='grc' dir='ltr'><strong>γήϊνον,</strong></span> <span class='ocrx_word' id='word_1_449' title='bbox 3162 2917 3216 2970; x_wconf 87' lang='lat' dir='ltr'><strong>id</strong></span> <span class='ocrx_word' id='word_1_450' title='bbox 3248 2926 3352 2981; x_wconf 86' lang='lat' dir='ltr'><strong>est,</strong></span> <span class='ocrx_word' id='word_1_451' title='bbox 3382 2925 3547 2969; x_wconf 82' lang='lat' dir='ltr'><strong>terre-</strong></span> 
     </span>
    </p>
   </div>
   <div class='ocr_carea' id='block_1_60' title="bbox 1969 3005 3546 3082">
    <p class='ocr_par' dir='ltr' id='par_1_60' title="bbox 1969 3005 3546 3082">
     <span class='ocr_line' id='line_1_60' title="bbox 1969 3005 3546 3082; baseline -0.004 -16"><span class='ocrx_word' id='word_1_452' title='bbox 1969 3029 2112 3079; x_wconf 86' lang='lat' dir='ltr'><strong>num,</strong></span> <span class='ocrx_word' id='word_1_453' title='bbox 2151 3012 2349 3066; x_wconf 88' lang='lat' dir='ltr'><strong>dicitur</strong></span> <span class='ocrx_word' id='word_1_454' title='bbox 2373 3013 2422 3067; x_wconf 88' lang='lat' dir='ltr'><strong>ci</strong></span> <span class='ocrx_word' id='word_1_455' title='bbox 2453 3012 2546 3082; x_wconf 87' lang='lat' dir='ltr'><strong>qui</strong></span> <span class='ocrx_word' id='word_1_456' title='bbox 2573 3017 2753 3080; x_wconf 80' lang='lat' dir='ltr'><strong>portat</strong></span> <span class='ocrx_word' id='word_1_457' title='bbox 2798 3011 3114 3080; x_wconf 77' lang='lat' dir='ltr'><strong>imaginem,</strong></span> <span class='ocrx_word' id='word_1_458' title='bbox 3151 3011 3222 3079; x_wconf 79' lang='grc' dir='ltr'><strong>γῆ</strong></span> <span class='ocrx_word' id='word_1_459' title='bbox 3253 3005 3323 3073; x_wconf 70' lang='grc' dir='ltr'><strong>εἴ,</strong></span> <span class='ocrx_word' id='word_1_460' title='bbox 3358 3007 3410 3060; x_wconf 90' lang='lat' dir='ltr'><strong>id</strong></span> <span class='ocrx_word' id='word_1_461' title='bbox 3441 3016 3546 3072; x_wconf 88' lang='lat' dir='ltr'><strong>est,</strong></span> 
     </span>
    </p>
   </div>
   <div class='ocr_carea' id='block_1_61' title="bbox 283 3102 3550 3184">
    <p class='ocr_par' dir='ltr' id='par_1_61' title="bbox 283 3102 3550 3184">
     <span class='ocr_line' id='line_1_61' title="bbox 283 3102 3550 3184; baseline -0.003 -21"><span class='ocrx_word' id='word_1_462' title='bbox 283 3109 481 3163; x_wconf 79' lang='lat' dir='ltr'><strong>scnsati</strong></span> <span class='ocrx_word' id='word_1_463' title='bbox 509 3119 558 3163; x_wconf 89' lang='lat' dir='ltr'><strong>et</strong></span> <span class='ocrx_word' id='word_1_464' title='bbox 588 3111 701 3162; x_wconf 83' lang='lat' dir='ltr'><strong>sine</strong></span> <span class='ocrx_word' id='word_1_465' title='bbox 724 3111 924 3179; x_wconf 77' lang='lat' dir='ltr'><strong>fructu,</strong></span> <span class='ocrx_word' id='word_1_466' title='bbox 957 3119 1004 3163; x_wconf 81' lang='lat' dir='ltr'><strong>et</strong></span> <span class='ocrx_word' id='word_1_467' title='bbox 1037 3110 1151 3162; x_wconf 82' lang='lat' dir='ltr'><strong>inut</strong></span> <span class='ocrx_word' id='word_1_468' title='bbox 1179 3110 1255 3162; x_wconf 85' lang='lat' dir='ltr'><strong>lia</strong></span> <span class='ocrx_word' id='word_1_469' title='bbox 1295 3125 1454 3178; x_wconf 85' lang='lat' dir='ltr'><strong>opera</strong></span> <span class='ocrx_word' id='word_1_470' title='bbox 1481 3109 1622 3179; x_wconf 83' lang='lat' dir='ltr'><strong>ejus,</strong></span> <span class='ocrx_word' id='word_1_471' title='bbox 1651 3111 1727 3168; x_wconf 79' lang='lat' dir='ltr'><strong>ait</strong></span> <span class='ocrx_word' id='word_1_472' title='bbox 1763 3108 1861 3162; x_wconf 83' lang='lat' dir='ltr'><strong>Sa-</strong></span> <span class='ocrx_word' id='word_1_473' title='bbox 1894 3128 1936 3184; x_wconf 64' lang='grc' dir='ltr'>ε</span> <span class='ocrx_word' id='word_1_474' title='bbox 1971 3115 2113 3159; x_wconf 82' lang='lat' dir='ltr'><strong>terra</strong></span> <span class='ocrx_word' id='word_1_475' title='bbox 2169 3122 2245 3170; x_wconf 75' lang='lat' dir='ltr'><strong>es,</strong></span> <span class='ocrx_word' id='word_1_476' title='bbox 2308 3116 2356 3159; x_wconf 87' lang='lat' dir='ltr'><strong>et</strong></span> <span class='ocrx_word' id='word_1_477' title='bbox 2406 3108 2460 3158; x_wconf 90' lang='lat' dir='ltr'><strong>in</strong></span> <span class='ocrx_word' id='word_1_478' title='bbox 2506 3118 2705 3160; x_wconf 87' lang='lat' dir='ltr'><strong>terram</strong></span> <span class='ocrx_word' id='word_1_479' title='bbox 2760 3106 2859 3158; x_wconf 71' lang='lat' dir='ltr'><strong>ibi:</strong></span> <span class='ocrx_word' id='word_1_480' title='bbox 2907 3104 3058 3174; x_wconf 75' lang='lat' dir='ltr'><strong>(Gen.</strong></span> <span class='ocrx_word' id='word_1_481' title='bbox 3113 3118 3190 3156; x_wconf 84' lang='lat' dir='ltr'><strong>tu.</strong></span> <span class='ocrx_word' id='word_1_482' title='bbox 3237 3102 3324 3168; x_wconf 82' lang='grc'><strong>19)</strong></span> <span class='ocrx_word' id='word_1_483' title='bbox 3381 3117 3394 3153; x_wconf 91' lang='lat'><strong>:</strong></span> <span class='ocrx_word' id='word_1_484' title='bbox 3451 3115 3550 3154; x_wconf 88' lang='lat' dir='ltr'><strong>cur</strong></span> 
     </span>
    </p>
   </div>
   <div class='ocr_carea' id='block_1_62' title="bbox 283 3202 1863 3274">
    <p class='ocr_par' dir='ltr' id='par_1_62' title="bbox 283 3202 1863 3274">
     <span class='ocr_line' id='line_1_62' title="bbox 283 3202 1863 3274; baseline 0.003 -22"><span class='ocrx_word' id='word_1_485' title='bbox 283 3205 508 3270; x_wconf 85' lang='lat' dir='ltr'><strong>pientia,</strong></span> <span class='ocrx_word' id='word_1_486' title='bbox 540 3219 663 3272; x_wconf 76' lang='lat' dir='ltr'><strong>qua:</strong></span> <span class='ocrx_word' id='word_1_487' title='bbox 691 3204 850 3258; x_wconf 89' lang='lat' dir='ltr'><strong>titulo</strong></span> <span class='ocrx_word' id='word_1_488' title='bbox 877 3205 1194 3258; x_wconf 72' lang='lat' dir='ltr'><strong>inscribitur</strong></span> <span class='ocrx_word' id='word_1_489' title='bbox 1238 3204 1546 3258; x_wconf 72' lang='lat' dir='ltr'><strong>Salomonis</strong></span> <span class='ocrx_word' id='word_1_490' title='bbox 1598 3202 1752 3274; x_wconf 85' lang='lat' dir='ltr'><strong>(Sap.</strong></span> <span class='ocrx_word' id='word_1_491' title='bbox 1781 3217 1863 3268; x_wconf 85' lang='lat' dir='ltr'><strong>tu,</strong></span> 
     </span>
    </p>
   </div>
   <div class='ocr_carea' id='block_1_63' title="bbox 289 3297 1866 3368">
    <p class='ocr_par' dir='ltr' id='par_1_63' title="bbox 289 3297 1866 3368">
     <span class='ocr_line' id='line_1_63' title="bbox 289 3297 1866 3368; baseline -0.001 -17"><span class='ocrx_word' id='word_1_492' title='bbox 289 3297 399 3366; x_wconf 80' lang='lat' dir='ltr'><strong>Il).</strong></span> <span class='ocrx_word' id='word_1_493' title='bbox 427 3297 637 3352; x_wconf 80' lang='lat' dir='ltr'><strong>Idcirco</strong></span> <span class='ocrx_word' id='word_1_494' title='bbox 663 3312 869 3368; x_wconf 74' lang='lat' dir='ltr'><strong>qua-ato</strong></span> <span class='ocrx_word' id='word_1_495' title='bbox 896 3314 1186 3368; x_wconf 80' lang='lat' dir='ltr'><strong>possumus</strong></span> <span class='ocrx_word' id='word_1_496' title='bbox 1241 3300 1426 3352; x_wconf 86' lang='lat' dir='ltr'><strong>labore</strong></span> <span class='ocrx_word' id='word_1_497' title='bbox 1479 3301 1745 3364; x_wconf 86' lang='lat' dir='ltr'><strong>nitamur,</strong></span> <span class='ocrx_word' id='word_1_498' title='bbox 1808 3307 1866 3350; x_wconf 89' lang='lat' dir='ltr'><strong>ut</strong></span> 
     </span>
    </p>
   </div>
   <div class='ocr_carea' id='block_1_64' title="bbox 292 3390 1866 3462">
    <p class='ocr_par' dir='ltr' id='par_1_64' title="bbox 292 3390 1866 3462">
     <span class='ocr_line' id='line_1_64' title="bbox 292 3390 1866 3462; baseline -0.001 -19"><span class='ocrx_word' id='word_1_499' title='bbox 292 3391 534 3444; x_wconf 82' lang='lat' dir='ltr'><strong>habitata</strong></span> <span class='ocrx_word' id='word_1_500' title='bbox 595 3403 806 3456; x_wconf 76' lang='lat' dir='ltr'><strong>nosua,</strong></span> <span class='ocrx_word' id='word_1_501' title='bbox 865 3393 1132 3462; x_wconf 87' lang='lat' dir='ltr'><strong>sapientia</strong></span> <span class='ocrx_word' id='word_1_502' title='bbox 1198 3390 1293 3444; x_wconf 87' lang='lat' dir='ltr'><strong>Dei</strong></span> <span class='ocrx_word' id='word_1_503' title='bbox 1353 3392 1620 3458; x_wconf 84' lang='lat' dir='ltr'><strong>erigatur.</strong></span> <span class='ocrx_word' id='word_1_504' title='bbox 1654 3390 1866 3445; x_wconf 89' lang='lat' dir='ltr'><strong>Cecidit</strong></span> 
     </span>
    </p>
   </div>
   <div class='ocr_carea' id='block_1_65' title="bbox 290 3483 1866 3551">
    <p class='ocr_par' dir='ltr' id='par_1_65' title="bbox 290 3483 1866 3551">
     <span class='ocr_line' id='line_1_65' title="bbox 290 3483 1866 3551; baseline 0.001 -17"><span class='ocrx_word' id='word_1_505' title='bbox 290 3484 490 3551; x_wconf 86' lang='lat' dir='ltr'><strong>quippe</strong></span> <span class='ocrx_word' id='word_1_506' title='bbox 514 3495 570 3539; x_wconf 91' lang='lat' dir='ltr'><strong>et</strong></span> <span class='ocrx_word' id='word_1_507' title='bbox 601 3488 664 3537; x_wconf 89' lang='lat' dir='ltr'><strong>de</strong></span> <span class='ocrx_word' id='word_1_508' title='bbox 690 3485 910 3538; x_wconf 86' lang='lat' dir='ltr'><strong>sublimi</strong></span> <span class='ocrx_word' id='word_1_509' title='bbox 951 3487 1181 3548; x_wconf 87' lang='lat' dir='ltr'><strong>corruit,</strong></span> <span class='ocrx_word' id='word_1_510' title='bbox 1228 3486 1572 3538; x_wconf 60' lang='lat' dir='ltr'><strong>venientibus</strong></span> <span class='ocrx_word' id='word_1_511' title='bbox 1620 3484 1778 3539; x_wconf 88' lang='lat' dir='ltr'><strong>nobis</strong></span> <span class='ocrx_word' id='word_1_512' title='bbox 1810 3483 1866 3537; x_wconf 90' lang='lat' dir='ltr'><strong>in</strong></span> 
     </span>
    </p>
   </div>
   <div class='ocr_carea' id='block_1_66' title="bbox 291 3567 1864 3640">
    <p class='ocr_par' dir='ltr' id='par_1_66' title="bbox 291 3567 1864 3640">
     <span class='ocr_line' id='line_1_66' title="bbox 291 3567 1864 3640; baseline 0 -14"><span class='ocrx_word' id='word_1_513' title='bbox 291 3576 469 3628; x_wconf 81' lang='lat' dir='ltr'><strong>locum</strong></span> <span class='ocrx_word' id='word_1_514' title='bbox 519 3579 681 3629; x_wconf 84' lang='lat' dir='ltr'><strong>istum</strong></span> <span class='ocrx_word' id='word_1_515' title='bbox 714 3577 1077 3630; x_wconf 75' lang='lat' dir='ltr'><strong>ttiiseriarum.</strong></span> <span class='ocrx_word' id='word_1_516' title='bbox 1111 3576 1326 3630; x_wconf 79' lang='lat' dir='ltr'><strong>Cecidit</strong></span> <span class='ocrx_word' id='word_1_517' title='bbox 1375 3576 1610 3630; x_wconf 84' lang='lat' dir='ltr'><strong>habitata</strong></span> <span class='ocrx_word' id='word_1_518' title='bbox 1657 3567 1864 3640; x_wconf 73' lang='lat' dir='ltr'><strong>nostra,</strong></span> 
     </span>
    </p>
   </div>
   <div class='ocr_carea' id='block_1_67' title="bbox 289 3667 1872 3738">
    <p class='ocr_par' dir='ltr' id='par_1_67' title="bbox 289 3667 1872 3738">
     <span class='ocr_line' id='line_1_67' title="bbox 289 3667 1872 3738; baseline -0.001 -18"><span class='ocrx_word' id='word_1_519' title='bbox 289 3677 574 3738; x_wconf 84' lang='lat' dir='ltr'><strong>postquam</strong></span> <span class='ocrx_word' id='word_1_520' title='bbox 609 3669 960 3737; x_wconf 74' lang='lat' dir='ltr'><strong>peccavimus,</strong></span> <span class='ocrx_word' id='word_1_521' title='bbox 1009 3670 1183 3738; x_wconf 85' lang='lat' dir='ltr'><strong>inique</strong></span> <span class='ocrx_word' id='word_1_522' title='bbox 1231 3669 1473 3737; x_wconf 75' lang='lat' dir='ltr'><strong>fecimus,</strong></span> <span class='ocrx_word' id='word_1_523' title='bbox 1522 3667 1716 3734; x_wconf 85' lang='lat' dir='ltr'><strong>injuste</strong></span> <span class='ocrx_word' id='word_1_524' title='bbox 1765 3669 1872 3738; x_wconf 85' lang='lat' dir='ltr'><strong>egi-</strong></span> 
     </span>
    </p>
   </div>
   <div class='ocr_carea' id='block_1_68' title="bbox 287 3759 1871 3830">
    <p class='ocr_par' dir='ltr' id='par_1_68' title="bbox 287 3759 1871 3830">
     <span class='ocr_line' id='line_1_68' title="bbox 287 3759 1871 3830; baseline 0.001 -19"><span class='ocrx_word' id='word_1_525' title='bbox 287 3777 428 3820; x_wconf 83' lang='lat' dir='ltr'><strong>mus,</strong></span> <span class='ocrx_word' id='word_1_526' title='bbox 458 3761 618 3830; x_wconf 84' lang='lat' dir='ltr'><strong>impie</strong></span> <span class='ocrx_word' id='word_1_527' title='bbox 667 3763 925 3829; x_wconf 79' lang='lat' dir='ltr'><strong>gessimus</strong></span> <span class='ocrx_word' id='word_1_528' title='bbox 956 3759 1134 3830; x_wconf 80' lang='lat' dir='ltr'><strong>(Psal.</strong></span> <span class='ocrx_word' id='word_1_529' title='bbox 1167 3777 1276 3820; x_wconf 82' lang='lat' dir='ltr'><strong>cvi.</strong></span> <span class='ocrx_word' id='word_1_530' title='bbox 1326 3761 1384 3830; x_wconf 84' lang='grc' dir='ltr'>ϐ)</span> <span class='ocrx_word' id='word_1_531' title='bbox 1423 3777 1438 3816; x_wconf 85' lang='lat'><strong>:</strong></span> <span class='ocrx_word' id='word_1_532' title='bbox 1478 3772 1531 3815; x_wconf 88' lang='lat' dir='ltr'><strong>et</strong></span> <span class='ocrx_word' id='word_1_533' title='bbox 1584 3770 1705 3830; x_wconf 84' lang='lat' dir='ltr'><strong>post</strong></span> <span class='ocrx_word' id='word_1_534' title='bbox 1760 3760 1871 3812; x_wconf 85' lang='lat' dir='ltr'><strong>rui-</strong></span> 
     </span>
    </p>
   </div>
   <div class='ocr_carea' id='block_1_69' title="bbox 287 3853 1873 3922">
    <p class='ocr_par' dir='ltr' id='par_1_69' title="bbox 287 3853 1873 3922">
     <span class='ocr_line' id='line_1_69' title="bbox 287 3853 1873 3922; baseline -0.001 -16"><span class='ocrx_word' id='word_1_535' title='bbox 287 3870 410 3906; x_wconf 86' lang='lat' dir='ltr'><strong>nam</strong></span> <span class='ocrx_word' id='word_1_536' title='bbox 441 3857 647 3922; x_wconf 76' lang='lat' dir='ltr'><strong>indigrt</strong></span> <span class='ocrx_word' id='word_1_537' title='bbox 677 3856 974 3909; x_wconf 67' lang='lat' dir='ltr'><strong>erectioue.</strong></span> <span class='ocrx_word' id='word_1_538' title='bbox 1019 3853 1073 3908; x_wconf 90' lang='lat' dir='ltr'><strong>Si</strong></span> <span class='ocrx_word' id='word_1_539' title='bbox 1101 3865 1283 3908; x_wconf 90' lang='lat' dir='ltr'><strong>autem</strong></span> <span class='ocrx_word' id='word_1_540' title='bbox 1321 3869 1427 3908; x_wconf 91' lang='lat' dir='ltr'><strong>non</strong></span> <span class='ocrx_word' id='word_1_541' title='bbox 1461 3855 1545 3909; x_wconf 85' lang='lat' dir='ltr'><strong>vis</strong></span> <span class='ocrx_word' id='word_1_542' title='bbox 1600 3853 1702 3907; x_wconf 89' lang='lat' dir='ltr'><strong>ista</strong></span> <span class='ocrx_word' id='word_1_543' title='bbox 1747 3867 1873 3906; x_wconf 57' lang='lat' dir='ltr'><strong>seu.</strong></span> 
     </span>
    </p>
   </div>
   <div class='ocr_carea' id='block_1_70' title="bbox 289 3945 1869 4012">
    <p class='ocr_par' dir='ltr' id='par_1_70' title="bbox 289 3945 1869 4012">
     <span class='ocr_line' id='line_1_70' title="bbox 289 3945 1869 4012; baseline 0 -17"><span class='ocrx_word' id='word_1_544' title='bbox 289 3945 456 3998; x_wconf 83' lang='lat' dir='ltr'><strong>tentia</strong></span> <span class='ocrx_word' id='word_1_545' title='bbox 509 3947 727 4011; x_wconf 87' lang='lat' dir='ltr'><strong>adduci,</strong></span> <span class='ocrx_word' id='word_1_546' title='bbox 757 3959 1104 3999; x_wconf 82' lang='lat' dir='ltr'><strong>communem</strong></span> <span class='ocrx_word' id='word_1_547' title='bbox 1145 3945 1314 3998; x_wconf 86' lang='lat' dir='ltr'><strong>totius</strong></span> <span class='ocrx_word' id='word_1_548' title='bbox 1359 3945 1508 3998; x_wconf 91' lang='lat' dir='ltr'><strong>orbis</strong></span> <span class='ocrx_word' id='word_1_549' title='bbox 1558 3957 1869 4012; x_wconf 71' lang='lat' dir='ltr'><strong>quanamus</strong></span> 
     </span>
    </p>
   </div>
   <div class='ocr_carea' id='block_1_71' title="bbox 287 4019 1868 4106">
    <p class='ocr_par' dir='ltr' id='par_1_71' title="bbox 287 4019 1868 4106">
     <span class='ocr_line' id='line_1_71' title="bbox 287 4019 1868 4106; baseline 0 -18"><span class='ocrx_word' id='word_1_550' title='bbox 287 4037 532 4100; x_wconf 89' lang='lat' dir='ltr'><strong>ruinam,</strong></span> <span class='ocrx_word' id='word_1_551' title='bbox 582 4047 634 4090; x_wconf 87' lang='lat' dir='ltr'><strong>et</strong></span> <span class='ocrx_word' id='word_1_552' title='bbox 695 4045 817 4105; x_wconf 81' lang='lat' dir='ltr'><strong>post</strong></span> <span class='ocrx_word' id='word_1_553' title='bbox 875 4019 1223 4106; x_wconf 60' lang='lat' dir='ltr'><strong>casuutejus</strong></span> <span class='ocrx_word' id='word_1_554' title='bbox 1281 4045 1678 4105; x_wconf 84' lang='lat' dir='ltr'><strong>consequenter</strong></span> <span class='ocrx_word' id='word_1_555' title='bbox 1727 4035 1868 4088; x_wconf 89' lang='lat' dir='ltr'><strong>Deus</strong></span> 
     </span>
    </p>
   </div>
   <div class='ocr_carea' id='block_1_72' title="bbox 286 4129 876 4196">
    <p class='ocr_par' dir='ltr' id='par_1_72' title="bbox 286 4129 876 4196">
     <span class='ocr_line' id='line_1_72' title="bbox 286 4129 876 4196; baseline 0.002 -15"><span class='ocrx_word' id='word_1_556' title='bbox 286 4129 503 4196; x_wconf 79' lang='lat' dir='ltr'><strong>erigens</strong></span> <span class='ocrx_word' id='word_1_557' title='bbox 528 4129 876 4196; x_wconf 63' lang='lat' dir='ltr'><strong>pratdicetnr.</strong></span> 
     </span>
    </p>
   </div>
   <div class='ocr_carea' id='block_1_73' title="bbox 361 4219 1868 4287">
    <p class='ocr_par' dir='ltr' id='par_1_73' title="bbox 361 4219 1868 4287">
     <span class='ocr_line' id='line_1_73' title="bbox 361 4219 1868 4287; baseline 0.002 -14"><span class='ocrx_word' id='word_1_558' title='bbox 361 4219 425 4273; x_wconf 89' lang='lat' dir='ltr'><strong>ll.</strong></span> <span class='ocrx_word' id='word_1_559' title='bbox 470 4219 794 4287; x_wconf 83' lang='lat' dir='ltr'><strong>Quicunque</strong></span> <span class='ocrx_word' id='word_1_560' title='bbox 828 4233 909 4274; x_wconf 89' lang='lat' dir='ltr'><strong>est</strong></span> <span class='ocrx_word' id='word_1_561' title='bbox 946 4221 1000 4274; x_wconf 89' lang='lat' dir='ltr'><strong>in</strong></span> <span class='ocrx_word' id='word_1_562' title='bbox 1046 4221 1177 4276; x_wconf 88' lang='lat' dir='ltr'><strong>orbe</strong></span> <span class='ocrx_word' id='word_1_563' title='bbox 1208 4223 1334 4286; x_wconf 88' lang='lat' dir='ltr'><strong>isto,</strong></span> <span class='ocrx_word' id='word_1_564' title='bbox 1369 4233 1495 4276; x_wconf 83' lang='lat' dir='ltr'><strong>ante</strong></span> <span class='ocrx_word' id='word_1_565' title='bbox 1537 4223 1868 4277; x_wconf 82' lang='lat' dir='ltr'><strong>erectionem</strong></span> 
     </span>
    </p>
   </div>
   <div class='ocr_carea' id='block_1_74' title="bbox 287 4312 1869 4384">
    <p class='ocr_par' dir='ltr' id='par_1_74' title="bbox 287 4312 1869 4384">
     <span class='ocr_line' id='line_1_74' title="bbox 287 4312 1869 4384; baseline 0.001 -18"><span class='ocrx_word' id='word_1_566' title='bbox 287 4315 506 4367; x_wconf 86' lang='lat' dir='ltr'><strong>cecidit.</strong></span> <span class='ocrx_word' id='word_1_567' title='bbox 561 4312 617 4367; x_wconf 89' lang='lat' dir='ltr'><strong>Si</strong></span> <span class='ocrx_word' id='word_1_568' title='bbox 666 4327 848 4367; x_wconf 89' lang='lat' dir='ltr'><strong>autem</strong></span> <span class='ocrx_word' id='word_1_569' title='bbox 881 4314 1100 4377; x_wconf 89' lang='lat' dir='ltr'><strong>cecidit,</strong></span> <span class='ocrx_word' id='word_1_570' title='bbox 1135 4326 1540 4383; x_wconf 81' lang='lat' dir='ltr'><strong>consequenter</strong></span> <span class='ocrx_word' id='word_1_571' title='bbox 1569 4315 1869 4384; x_wconf 77' lang='lat' dir='ltr'><strong>erigendus</strong></span> 
     </span>
    </p>
   </div>
   <div class='ocr_carea' id='block_1_75' title="bbox 287 4407 1869 4476">
    <p class='ocr_par' dir='ltr' id='par_1_75' title="bbox 287 4407 1869 4476">
     <span class='ocr_line' id='line_1_75' title="bbox 287 4407 1869 4476; baseline 0 -17"><span class='ocrx_word' id='word_1_572' title='bbox 287 4407 390 4460; x_wconf 80' lang='lat' dir='ltr'><strong>fuit</strong></span> <span class='ocrx_word' id='word_1_573' title='bbox 425 4424 440 4457; x_wconf 88' lang='lat'>:</span> <span class='ocrx_word' id='word_1_574' title='bbox 474 4421 632 4460; x_wconf 91' lang='lat' dir='ltr'><strong>nemo</strong></span> <span class='ocrx_word' id='word_1_575' title='bbox 652 4407 851 4476; x_wconf 89' lang='lat' dir='ltr'><strong>quippe</strong></span> <span class='ocrx_word' id='word_1_576' title='bbox 889 4409 1009 4460; x_wconf 89' lang='lat' dir='ltr'><strong>sine</strong></span> <span class='ocrx_word' id='word_1_577' title='bbox 1063 4421 1197 4461; x_wconf 82' lang='lat' dir='ltr'><strong>easu</strong></span> <span class='ocrx_word' id='word_1_578' title='bbox 1229 4409 1559 4461; x_wconf 81' lang='lat' dir='ltr'><strong>Sublevatur.</strong></span> <span class='ocrx_word' id='word_1_579' title='bbox 1599 4409 1654 4461; x_wconf 83' lang='lat' dir='ltr'><strong>Si</strong></span> <span class='ocrx_word' id='word_1_580' title='bbox 1687 4417 1869 4460; x_wconf 85' lang='lat' dir='ltr'><strong>autem</strong></span> 
     </span>
    </p>
   </div>
   <div class='ocr_carea' id='block_1_76' title="bbox 1971 3193 3547 3267">
    <p class='ocr_par' dir='ltr' id='par_1_76' title="bbox 1971 3193 3547 3267">
     <span class='ocr_line' id='line_1_76' title="bbox 1971 3193 3547 3267; baseline -0.006 -18"><span class='ocrx_word' id='word_1_581' title='bbox 1971 3208 2192 3267; x_wconf 85' lang='lat' dir='ltr'><strong>propter</strong></span> <span class='ocrx_word' id='word_1_582' title='bbox 2221 3198 2525 3261; x_wconf 60' lang='lat' dir='ltr'><strong>caelestem,</strong></span> <span class='ocrx_word' id='word_1_583' title='bbox 2554 3197 2600 3250; x_wconf 91' lang='lat' dir='ltr'><strong>ei</strong></span> <span class='ocrx_word' id='word_1_584' title='bbox 2629 3199 2720 3266; x_wconf 89' lang='lat' dir='ltr'><strong>qui</strong></span> <span class='ocrx_word' id='word_1_585' title='bbox 2747 3196 3034 3264; x_wconf 82' lang='lat' dir='ltr'><strong>imaginem</strong></span> <span class='ocrx_word' id='word_1_586' title='bbox 3073 3193 3315 3248; x_wconf 66' lang='lat' dir='ltr'><strong>caelestis</strong></span> <span class='ocrx_word' id='word_1_587' title='bbox 3350 3199 3547 3258; x_wconf 88' lang='lat' dir='ltr'><strong>portat,</strong></span> 
     </span>
    </p>
   </div>
   <div class='ocr_carea' id='block_1_77' title="bbox 1972 3281 3552 3350">
    <p class='ocr_par' dir='ltr' id='par_1_77' title="bbox 1972 3281 3552 3350">
     <span class='ocr_line' id='line_1_77' title="bbox 1972 3281 3552 3350; baseline -0.005 -7"><span class='ocrx_word' id='word_1_588' title='bbox 1972 3305 2076 3344; x_wconf 89' lang='lat' dir='ltr'><strong>non</strong></span> <span class='ocrx_word' id='word_1_589' title='bbox 2109 3292 2362 3343; x_wconf 87' lang='lat' dir='ltr'><strong>convenit</strong></span> <span class='ocrx_word' id='word_1_590' title='bbox 2397 3289 2505 3344; x_wconf 89' lang='lat' dir='ltr'><strong>dici</strong></span> <span class='ocrx_word' id='word_1_591' title='bbox 2565 3305 2578 3342; x_wconf 89' lang='lat'><strong>:</strong></span> <span class='ocrx_word' id='word_1_592' title='bbox 2623 3289 2830 3343; x_wconf 69' lang='lat' dir='ltr'><strong>(Stelqu</strong></span> <span class='ocrx_word' id='word_1_593' title='bbox 2865 3302 2943 3350; x_wconf 87' lang='lat' dir='ltr'><strong>es,</strong></span> <span class='ocrx_word' id='word_1_594' title='bbox 2977 3296 3029 3342; x_wconf 87' lang='lat' dir='ltr'><strong>et</strong></span> <span class='ocrx_word' id='word_1_595' title='bbox 3076 3288 3126 3340; x_wconf 88' lang='lat' dir='ltr'><strong>in</strong></span> <span class='ocrx_word' id='word_1_596' title='bbox 3181 3287 3376 3340; x_wconf 69' lang='lat' dir='ltr'><strong>omium</strong></span> <span class='ocrx_word' id='word_1_597' title='bbox 3412 3281 3552 3336; x_wconf 76' lang='lat' dir='ltr'><strong>ibis?</strong></span> 
     </span>
    </p>
   </div>
   <div class='ocr_carea' id='block_1_78' title="bbox 1972 3375 3552 3450">
    <p class='ocr_par' dir='ltr' id='par_1_78' title="bbox 1972 3375 3552 3450">
     <span class='ocr_line' id='line_1_78' title="bbox 1972 3375 3552 3450; baseline -0.006 -14"><span class='ocrx_word' id='word_1_598' title='bbox 1972 3381 2358 3450; x_wconf 82' lang='lat' dir='ltr'><strong>Unusquisque</strong></span> <span class='ocrx_word' id='word_1_599' title='bbox 2417 3391 2596 3435; x_wconf 87' lang='lat' dir='ltr'><strong>autem</strong></span> <span class='ocrx_word' id='word_1_600' title='bbox 2653 3389 2921 3444; x_wconf 86' lang='lat' dir='ltr'><strong>nostrum,</strong></span> <span class='ocrx_word' id='word_1_601' title='bbox 2963 3387 3054 3430; x_wconf 86' lang='lat' dir='ltr'><strong>aut</strong></span> <span class='ocrx_word' id='word_1_602' title='bbox 3109 3377 3350 3432; x_wconf 75' lang='lat' dir='ltr'><strong>ctelestia</strong></span> <span class='ocrx_word' id='word_1_603' title='bbox 3411 3375 3552 3428; x_wconf 86' lang='lat' dir='ltr'><strong>facta</strong></span> 
     </span>
    </p>
   </div>
   <div class='ocr_carea' id='block_1_79' title="bbox 1974 3469 3552 3537">
    <p class='ocr_par' dir='ltr' id='par_1_79' title="bbox 1974 3469 3552 3537">
     <span class='ocr_line' id='line_1_79' title="bbox 1974 3469 3552 3537; baseline -0.004 -9"><span class='ocrx_word' id='word_1_604' title='bbox 1974 3477 2155 3537; x_wconf 85' lang='lat' dir='ltr'><strong>habet,</strong></span> <span class='ocrx_word' id='word_1_605' title='bbox 2192 3484 2281 3526; x_wconf 90' lang='lat' dir='ltr'><strong>aut</strong></span> <span class='ocrx_word' id='word_1_606' title='bbox 2320 3485 2561 3527; x_wconf 79' lang='lat' dir='ltr'><strong>terrena.</strong></span> <span class='ocrx_word' id='word_1_607' title='bbox 2601 3471 2658 3526; x_wconf 88' lang='lat' dir='ltr'><strong>Si</strong></span> <span class='ocrx_word' id='word_1_608' title='bbox 2720 3483 2938 3526; x_wconf 80' lang='lat' dir='ltr'><strong>terrena</strong></span> <span class='ocrx_word' id='word_1_609' title='bbox 2977 3471 3114 3523; x_wconf 84' lang='lat' dir='ltr'><strong>facta</strong></span> <span class='ocrx_word' id='word_1_610' title='bbox 3145 3480 3293 3532; x_wconf 89' lang='lat' dir='ltr'><strong>sunt,</strong></span> <span class='ocrx_word' id='word_1_611' title='bbox 3337 3469 3403 3522; x_wconf 89' lang='lat' dir='ltr'><strong>ad</strong></span> <span class='ocrx_word' id='word_1_612' title='bbox 3459 3482 3552 3522; x_wconf 87' lang='lat' dir='ltr'><strong>co-</strong></span> 
     </span>
    </p>
   </div>
   <div class='ocr_carea' id='block_1_80' title="bbox 1972 3564 3554 3640">
    <p class='ocr_par' dir='ltr' id='par_1_80' title="bbox 1972 3564 3554 3640">
     <span class='ocr_line' id='line_1_80' title="bbox 1972 3564 3554 3640; baseline -0.006 -16"><span class='ocrx_word' id='word_1_613' title='bbox 1972 3580 2188 3640; x_wconf 73' lang='lat' dir='ltr'><strong>gnatam</strong></span> <span class='ocrx_word' id='word_1_614' title='bbox 2224 3570 2328 3623; x_wconf 84' lang='lat' dir='ltr'><strong>sibi</strong></span> <span class='ocrx_word' id='word_1_615' title='bbox 2375 3579 2576 3623; x_wconf 86' lang='lat' dir='ltr'><strong>terram</strong></span> <span class='ocrx_word' id='word_1_616' title='bbox 2601 3568 2884 3623; x_wconf 77' lang='lat' dir='ltr'><strong>deducmtt</strong></span> <span class='ocrx_word' id='word_1_617' title='bbox 2915 3582 3063 3632; x_wconf 77' lang='lat' dir='ltr'><strong>curn,</strong></span> <span class='ocrx_word' id='word_1_618' title='bbox 3095 3565 3185 3634; x_wconf 86' lang='lat' dir='ltr'><strong>qui</strong></span> <span class='ocrx_word' id='word_1_619' title='bbox 3221 3564 3554 3618; x_wconf 77' lang='lat' dir='ltr'><strong>thesaurizat</strong></span> 
     </span>
    </p>
   </div>
   <div class='ocr_carea' id='block_1_81' title="bbox 1974 3657 3554 3725">
    <p class='ocr_par' dir='ltr' id='par_1_81' title="bbox 1974 3657 3554 3725">
     <span class='ocr_line' id='line_1_81' title="bbox 1974 3657 3554 3725; baseline -0.006 -9"><span class='ocrx_word' id='word_1_620' title='bbox 1974 3678 2036 3716; x_wconf 87' lang='lat' dir='ltr'><strong>ea</strong></span> <span class='ocrx_word' id='word_1_621' title='bbox 2077 3664 2126 3714; x_wconf 91' lang='lat' dir='ltr'><strong>in</strong></span> <span class='ocrx_word' id='word_1_622' title='bbox 2191 3671 2357 3725; x_wconf 87' lang='lat' dir='ltr'><strong>terra,</strong></span> <span class='ocrx_word' id='word_1_623' title='bbox 2390 3670 2444 3713; x_wconf 83' lang='lat' dir='ltr'><strong>et</strong></span> <span class='ocrx_word' id='word_1_624' title='bbox 2491 3676 2596 3714; x_wconf 89' lang='lat' dir='ltr'><strong>non</strong></span> <span class='ocrx_word' id='word_1_625' title='bbox 2650 3660 2812 3714; x_wconf 67' lang='lat' dir='ltr'><strong>ccelo.</strong></span> <span class='ocrx_word' id='word_1_626' title='bbox 2871 3658 3214 3724; x_wconf 75' lang='lat' dir='ltr'><strong>Rursumque</strong></span> <span class='ocrx_word' id='word_1_627' title='bbox 3273 3657 3389 3709; x_wconf 78' lang='lat' dir='ltr'><strong>inec</strong></span> <span class='ocrx_word' id='word_1_628' title='bbox 3433 3669 3554 3722; x_wconf 74' lang='lat' dir='ltr'><strong>quae</strong></span> 
     </span>
    </p>
   </div>
   <div class='ocr_carea' id='block_1_82' title="bbox 1967 3750 3550 3824">
    <p class='ocr_par' dir='ltr' id='par_1_82' title="bbox 1967 3750 3550 3824">
     <span class='ocr_line' id='line_1_82' title="bbox 1967 3750 3550 3824; baseline -0.008 -16"><span class='ocrx_word' id='word_1_629' title='bbox 1967 3756 2122 3824; x_wconf 75' lang='lat' dir='ltr'><strong>juxta</strong></span> <span class='ocrx_word' id='word_1_630' title='bbox 2172 3755 2425 3806; x_wconf 69' lang='lat' dir='ltr'><strong>virtutem</strong></span> <span class='ocrx_word' id='word_1_631' title='bbox 2464 3763 2614 3820; x_wconf 78' lang='lat' dir='ltr'><strong>gesta</strong></span> <span class='ocrx_word' id='word_1_632' title='bbox 2667 3761 2818 3815; x_wconf 85' lang='lat' dir='ltr'><strong>sunt,</strong></span> <span class='ocrx_word' id='word_1_633' title='bbox 2864 3750 3352 3804; x_wconf 77' lang='lat' dir='ltr'><strong>tltesaurizatot&#39;em</strong></span> <span class='ocrx_word' id='word_1_634' title='bbox 3391 3762 3550 3800; x_wconf 88' lang='lat' dir='ltr'><strong>suum</strong></span> 
     </span>
    </p>
   </div>
   <div class='ocr_carea' id='block_1_83' title="bbox 1974 3841 3552 3914">
    <p class='ocr_par' dir='ltr' id='par_1_83' title="bbox 1974 3841 3552 3914">
     <span class='ocr_line' id='line_1_83' title="bbox 1974 3841 3552 3914; baseline -0.004 -16"><span class='ocrx_word' id='word_1_635' title='bbox 1974 3847 2494 3914; x_wconf 80' lang='lat' dir='ltr'><strong>appmpinquauteui</strong></span> <span class='ocrx_word' id='word_1_636' title='bbox 2546 3843 2650 3898; x_wconf 85' lang='lat' dir='ltr'><strong>sibi</strong></span> <span class='ocrx_word' id='word_1_637' title='bbox 2678 3841 2748 3896; x_wconf 86' lang='lat' dir='ltr'><strong>ad</strong></span> <span class='ocrx_word' id='word_1_638' title='bbox 2779 3842 3040 3897; x_wconf 70' lang='lat' dir='ltr'><strong>cadet-um</strong></span> <span class='ocrx_word' id='word_1_639' title='bbox 3077 3844 3324 3910; x_wconf 75' lang='lat' dir='ltr'><strong>regiones</strong></span> <span class='ocrx_word' id='word_1_640' title='bbox 3353 3841 3552 3893; x_wconf 80' lang='lat' dir='ltr'><strong>subve-</strong></span> 
     </span>
    </p>
   </div>
   <div class='ocr_carea' id='block_1_84' title="bbox 1973 3930 3551 3997">
    <p class='ocr_par' dir='ltr' id='par_1_84' title="bbox 1973 3930 3551 3997">
     <span class='ocr_line' id='line_1_84' title="bbox 1973 3930 3551 3997; baseline -0.004 -5"><span class='ocrx_word' id='word_1_641' title='bbox 1973 3941 2130 3992; x_wconf 89' lang='lat' dir='ltr'><strong>hunt.</strong></span> <span class='ocrx_word' id='word_1_642' title='bbox 2187 3935 2255 3989; x_wconf 83' lang='lat' dir='ltr'><strong>Et</strong></span> <span class='ocrx_word' id='word_1_643' title='bbox 2302 3937 2478 3989; x_wconf 72' lang='lat' dir='ltr'><strong>eduxit</strong></span> <span class='ocrx_word' id='word_1_644' title='bbox 2539 3935 2700 3988; x_wconf 78' lang='lat' dir='ltr'><strong>nubes</strong></span> <span class='ocrx_word' id='word_1_645' title='bbox 2733 3934 2798 3988; x_wconf 89' lang='lat' dir='ltr'><strong>ab</strong></span> <span class='ocrx_word' id='word_1_646' title='bbox 2859 3945 3088 3988; x_wconf 77' lang='lat' dir='ltr'><strong>extremo</strong></span> <span class='ocrx_word' id='word_1_647' title='bbox 3153 3937 3306 3986; x_wconf 68' lang='grc' dir='ltr'><strong>ιρι-ηε</strong></span> <span class='ocrx_word' id='word_1_648' title='bbox 3379 3930 3551 3997; x_wconf 79' lang='lat' dir='ltr'><strong>(f’sal.</strong></span> 
     </span>
    </p>
   </div>
   <div class='ocr_carea' id='block_1_85' title="bbox 1973 4025 3553 4099">
    <p class='ocr_par' dir='ltr' id='par_1_85' title="bbox 1973 4025 3553 4099">
     <span class='ocr_line' id='line_1_85' title="bbox 1973 4025 3553 4099; baseline -0.006 -14"><span class='ocrx_word' id='word_1_649' title='bbox 1973 4046 2172 4095; x_wconf 73' lang='lat' dir='ltr'><strong>cxxxv,</strong></span> <span class='ocrx_word' id='word_1_650' title='bbox 2211 4030 2286 4099; x_wconf 77' lang='lat'><strong>7).</strong></span> <span class='ocrx_word' id='word_1_651' title='bbox 2344 4029 2650 4082; x_wconf 87' lang='lat' dir='ltr'><strong>istiusmodi</strong></span> <span class='ocrx_word' id='word_1_652' title='bbox 2697 4027 2994 4098; x_wconf 84' lang='lat' dir='ltr'><strong>disputatio</strong></span> <span class='ocrx_word' id='word_1_653' title='bbox 3026 4026 3077 4078; x_wconf 87' lang='lat' dir='ltr'><strong>in</strong></span> <span class='ocrx_word' id='word_1_654' title='bbox 3123 4025 3331 4093; x_wconf 88' lang='lat' dir='ltr'><strong>psalmo</strong></span> <span class='ocrx_word' id='word_1_655' title='bbox 3382 4037 3553 4089; x_wconf 82' lang='lat' dir='ltr'><strong>nuper</strong></span> 
     </span>
    </p>
   </div>
   <div class='ocr_carea' id='block_1_86' title="bbox 1977 4119 3556 4189">
    <p class='ocr_par' dir='ltr' id='par_1_86' title="bbox 1977 4119 3556 4189">
     <span class='ocr_line' id='line_1_86' title="bbox 1977 4119 3556 4189; baseline -0.003 -12"><span class='ocrx_word' id='word_1_656' title='bbox 1977 4123 2194 4188; x_wconf 82' lang='lat' dir='ltr'><strong>incidit,</strong></span> <span class='ocrx_word' id='word_1_657' title='bbox 2226 4132 2280 4177; x_wconf 91' lang='lat' dir='ltr'><strong>et</strong></span> <span class='ocrx_word' id='word_1_658' title='bbox 2302 4122 2506 4178; x_wconf 86' lang='lat' dir='ltr'><strong>dictum</strong></span> <span class='ocrx_word' id='word_1_659' title='bbox 2545 4130 2628 4176; x_wconf 89' lang='lat' dir='ltr'><strong>est</strong></span> <span class='ocrx_word' id='word_1_660' title='bbox 2667 4137 2697 4174; x_wconf 88' lang='lat' dir='ltr'><strong>a</strong></span> <span class='ocrx_word' id='word_1_661' title='bbox 2727 4122 2908 4185; x_wconf 85' lang='lat' dir='ltr'><strong>nobis,</strong></span> <span class='ocrx_word' id='word_1_662' title='bbox 2945 4122 3216 4189; x_wconf 87' lang='lat' dir='ltr'><strong>quomodo</strong></span> <span class='ocrx_word' id='word_1_663' title='bbox 3251 4119 3390 4172; x_wconf 79' lang='lat' dir='ltr'><strong>Deus</strong></span> <span class='ocrx_word' id='word_1_664' title='bbox 3422 4119 3556 4180; x_wconf 81' lang='lat' dir='ltr'><strong>edu-</strong></span> 
     </span>
    </p>
   </div>
   <div class='ocr_carea' id='block_1_87' title="bbox 1975 4212 3556 4281">
    <p class='ocr_par' dir='ltr' id='par_1_87' title="bbox 1975 4212 3556 4281">
     <span class='ocr_line' id='line_1_87' title="bbox 1975 4212 3556 4281; baseline -0.003 -10"><span class='ocrx_word' id='word_1_665' title='bbox 1975 4219 2116 4272; x_wconf 79' lang='lat' dir='ltr'><strong>xerit</strong></span> <span class='ocrx_word' id='word_1_666' title='bbox 2157 4218 2328 4271; x_wconf 83' lang='lat' dir='ltr'><strong>nubes</strong></span> <span class='ocrx_word' id='word_1_667' title='bbox 2363 4216 2432 4270; x_wconf 79' lang='lat' dir='ltr'><strong>ab</strong></span> <span class='ocrx_word' id='word_1_668' title='bbox 2465 4223 2712 4268; x_wconf 83' lang='lat' dir='ltr'><strong>extremo</strong></span> <span class='ocrx_word' id='word_1_669' title='bbox 2737 4221 2896 4268; x_wconf 79' lang='lat' dir='ltr'><strong>terra:</strong></span> <span class='ocrx_word' id='word_1_670' title='bbox 2927 4229 2944 4267; x_wconf 85' lang='lat'><strong>:</strong></span> <span class='ocrx_word' id='word_1_671' title='bbox 2978 4213 3122 4280; x_wconf 89' lang='lat' dir='ltr'><strong>quod</strong></span> <span class='ocrx_word' id='word_1_672' title='bbox 3163 4212 3380 4281; x_wconf 88' lang='lat' dir='ltr'><strong>quidem</strong></span> <span class='ocrx_word' id='word_1_673' title='bbox 3411 4226 3556 4266; x_wconf 88' lang='lat' dir='ltr'><strong>nunc</strong></span> 
     </span>
    </p>
   </div>
   <div class='ocr_carea' id='block_1_88' title="bbox 1976 4302 3556 4380">
    <p class='ocr_par' dir='ltr' id='par_1_88' title="bbox 1976 4302 3556 4380">
     <span class='ocr_line' id='line_1_88' title="bbox 1976 4302 3556 4380; baseline -0.007 -14"><span class='ocrx_word' id='word_1_674' title='bbox 1976 4313 2221 4380; x_wconf 81' lang='lat' dir='ltr'><strong>Cogiutur</strong></span> <span class='ocrx_word' id='word_1_675' title='bbox 2251 4325 2469 4363; x_wconf 87' lang='lat' dir='ltr'><strong>rursum</strong></span> <span class='ocrx_word' id='word_1_676' title='bbox 2497 4317 2730 4361; x_wconf 87' lang='lat' dir='ltr'><strong>tractare</strong></span> <span class='ocrx_word' id='word_1_677' title='bbox 2763 4324 2776 4359; x_wconf 89' lang='lat'><strong>:</strong></span> <span class='ocrx_word' id='word_1_678' title='bbox 2813 4313 2946 4360; x_wconf 87' lang='lat' dir='ltr'><strong>utet</strong></span> <span class='ocrx_word' id='word_1_679' title='bbox 3001 4306 3053 4359; x_wconf 89' lang='lat' dir='ltr'><strong>bi</strong></span> <span class='ocrx_word' id='word_1_680' title='bbox 3095 4307 3188 4374; x_wconf 84' lang='lat' dir='ltr'><strong>qui</strong></span> <span class='ocrx_word' id='word_1_681' title='bbox 3243 4302 3556 4366; x_wconf 82' lang='lat' dir='ltr'><strong>audierunt,</strong></span> 
     </span>
    </p>
   </div>
   <div class='ocr_carea' id='block_1_89' title="bbox 1979 4395 3554 4474">
    <p class='ocr_par' dir='ltr' id='par_1_89' title="bbox 1979 4395 3554 4474">
     <span class='ocr_line' id='line_1_89' title="bbox 1979 4395 3554 4474; baseline -0.005 -18"><span class='ocrx_word' id='word_1_682' title='bbox 1979 4405 2293 4474; x_wconf 67' lang='lat' dir='ltr'><strong>planissime</strong></span> <span class='ocrx_word' id='word_1_683' title='bbox 2319 4417 2508 4456; x_wconf 86' lang='lat' dir='ltr'><strong>eorum</strong></span> <span class='ocrx_word' id='word_1_684' title='bbox 2535 4416 2656 4470; x_wconf 68' lang='lat' dir='ltr'><strong>quae</strong></span> <span class='ocrx_word' id='word_1_685' title='bbox 2688 4401 2886 4464; x_wconf 89' lang='lat' dir='ltr'><strong>sciunt,</strong></span> <span class='ocrx_word' id='word_1_686' title='bbox 2921 4397 3341 4451; x_wconf 82' lang='lat' dir='ltr'><strong>reminiscantur</strong></span> <span class='ocrx_word' id='word_1_687' title='bbox 3369 4411 3382 4447; x_wconf 91' lang='lat'>:</span> <span class='ocrx_word' id='word_1_688' title='bbox 3416 4405 3469 4448; x_wconf 90' lang='lat' dir='ltr'><strong>et</strong></span> <span class='ocrx_word' id='word_1_689' title='bbox 3502 4395 3554 4448; x_wconf 90' lang='lat' dir='ltr'><strong>bi</strong></span> 
     </span>
    </p>
   </div>
   <div class='ocr_carea' id='block_1_90' title="bbox 285 4474 3554 4569">
    <p class='ocr_par' dir='ltr' id='par_1_90' title="bbox 285 4474 3554 4569">
     <span class='ocr_line' id='line_1_90' title="bbox 285 4474 3554 4569; baseline -0.006 -14"><span class='ocrx_word' id='word_1_690' title='bbox 285 4511 504 4555; x_wconf 79' lang='lat' dir='ltr'><strong>erectus</strong></span> <span class='ocrx_word' id='word_1_691' title='bbox 522 4511 622 4561; x_wconf 81' lang='lat' dir='ltr'><strong>est,</strong></span> <span class='ocrx_word' id='word_1_692' title='bbox 648 4500 928 4552; x_wconf 81' lang='lat' dir='ltr'><strong>videamus</strong></span> <span class='ocrx_word' id='word_1_693' title='bbox 944 4515 1059 4569; x_wconf 66' lang='lat' dir='ltr'><strong>quae</strong></span> <span class='ocrx_word' id='word_1_694' title='bbox 1081 4500 1235 4553; x_wconf 88' lang='lat' dir='ltr'><strong>ruina</strong></span> <span class='ocrx_word' id='word_1_695' title='bbox 1255 4502 1636 4568; x_wconf 60' lang='lat' dir='ltr'><strong>praecesserit:</strong></span> <span class='ocrx_word' id='word_1_696' title='bbox 1679 4512 1872 4551; x_wconf 79' lang='lat' dir='ltr'><strong>attines</strong></span> <span class='ocrx_word' id='word_1_697' title='bbox 1905 4474 1948 4531; x_wconf 70' lang='grc' dir='ltr'>θ</span> <span class='ocrx_word' id='word_1_698' title='bbox 1978 4497 2070 4560; x_wconf 87' lang='lat' dir='ltr'><strong>qui</strong></span> <span class='ocrx_word' id='word_1_699' title='bbox 2091 4505 2186 4548; x_wconf 86' lang='lat' dir='ltr'><strong>aut</strong></span> <span class='ocrx_word' id='word_1_700' title='bbox 2210 4509 2314 4548; x_wconf 90' lang='lat' dir='ltr'><strong>non</strong></span> <span class='ocrx_word' id='word_1_701' title='bbox 2343 4494 2732 4557; x_wconf 78' lang='lat' dir='ltr'><strong>interfuerunt,</strong></span> <span class='ocrx_word' id='word_1_702' title='bbox 2761 4502 2849 4542; x_wconf 82' lang='lat' dir='ltr'><strong>aut</strong></span> <span class='ocrx_word' id='word_1_703' title='bbox 2879 4489 3030 4542; x_wconf 81' lang='lat' dir='ltr'><strong>obliti</strong></span> <span class='ocrx_word' id='word_1_704' title='bbox 3058 4498 3202 4548; x_wconf 79' lang='lat' dir='ltr'><strong>sunt,</strong></span> <span class='ocrx_word' id='word_1_705' title='bbox 3237 4492 3554 4539; x_wconf 71' lang='lat' dir='ltr'><strong>cutttextum</strong></span> 
     </span>
    </p>
   </div>
   <div class='ocr_carea' id='block_1_91' title="bbox 288 4589 1876 4662">
    <p class='ocr_par' dir='ltr' id='par_1_91' title="bbox 288 4589 1876 4662">
     <span class='ocr_line' id='line_1_91' title="bbox 288 4589 1876 4662; baseline 0.004 -22"><span class='ocrx_word' id='word_1_706' title='bbox 288 4592 725 4662; x_wconf 43' lang='lat' dir='ltr'><strong>tvorruirnus&#39;pcr</strong></span> <span class='ocrx_word' id='word_1_707' title='bbox 761 4603 1041 4660; x_wconf 80' lang='lat' dir='ltr'><strong>peccatum</strong></span> <span class='ocrx_word' id='word_1_708' title='bbox 1079 4592 1132 4645; x_wconf 88' lang='lat' dir='ltr'><strong>itt</strong></span> <span class='ocrx_word' id='word_1_709' title='bbox 1167 4594 1300 4646; x_wconf 87' lang='lat' dir='ltr'><strong>orbe</strong></span> <span class='ocrx_word' id='word_1_710' title='bbox 1331 4602 1620 4646; x_wconf 88' lang='lat' dir='ltr'><strong>terrarum.</strong></span> <span class='ocrx_word' id='word_1_711' title='bbox 1661 4589 1728 4646; x_wconf 85' lang='lat' dir='ltr'><strong>Et</strong></span> <span class='ocrx_word' id='word_1_712' title='bbox 1762 4593 1876 4646; x_wconf 81' lang='lat' dir='ltr'><strong>Do-</strong></span> 
     </span>
    </p>
   </div>
   <div class='ocr_carea' id='block_1_92' title="bbox 288 4683 1872 4754">
    <p class='ocr_par' dir='ltr' id='par_1_92' title="bbox 288 4683 1872 4754">
     <span class='ocr_line' id='line_1_92' title="bbox 288 4683 1872 4754; baseline 0.003 -17"><span class='ocrx_word' id='word_1_713' title='bbox 288 4685 478 4738; x_wconf 76' lang='lat' dir='ltr'><strong>minus</strong></span> <span class='ocrx_word' id='word_1_714' title='bbox 526 4685 614 4750; x_wconf 90' lang='lat' dir='ltr'><strong>qui</strong></span> <span class='ocrx_word' id='word_1_715' title='bbox 666 4683 828 4753; x_wconf 77' lang='lat' dir='ltr'><strong>erigit</strong></span> <span class='ocrx_word' id='word_1_716' title='bbox 872 4683 1058 4746; x_wconf 79' lang='lat' dir='ltr'><strong>elisos,</strong></span> <span class='ocrx_word' id='word_1_717' title='bbox 1105 4683 1336 4737; x_wconf 79' lang='lat' dir='ltr'><strong>elevavit</strong></span> <span class='ocrx_word' id='word_1_718' title='bbox 1372 4700 1468 4738; x_wconf 88' lang='lat' dir='ltr'><strong>uos</strong></span> <span class='ocrx_word' id='word_1_719' title='bbox 1512 4686 1777 4754; x_wconf 72' lang='lat' dir='ltr'><strong>jar-entes.</strong></span> <span class='ocrx_word' id='word_1_720' title='bbox 1816 4689 1872 4742; x_wconf 91' lang='lat' dir='ltr'><strong>lu</strong></span> 
     </span>
    </p>
   </div>
   <div class='ocr_carea' id='block_1_93' title="bbox 291 4777 1876 4846">
    <p class='ocr_par' dir='ltr' id='par_1_93' title="bbox 291 4777 1876 4846">
     <span class='ocr_line' id='line_1_93' title="bbox 291 4777 1876 4846; baseline 0.003 -16"><span class='ocrx_word' id='word_1_721' title='bbox 291 4778 467 4830; x_wconf 71' lang='lat' dir='ltr'><strong>Adau</strong></span> <span class='ocrx_word' id='word_1_722' title='bbox 503 4791 696 4830; x_wconf 87' lang='lat' dir='ltr'><strong>omnes</strong></span> <span class='ocrx_word' id='word_1_723' title='bbox 729 4777 994 4829; x_wconf 87' lang='lat' dir='ltr'><strong>morimur</strong></span> <span class='ocrx_word' id='word_1_724' title='bbox 1030 4785 1232 4846; x_wconf 89' lang='lat' dir='ltr'><strong>:atque</strong></span> <span class='ocrx_word' id='word_1_725' title='bbox 1255 4777 1324 4830; x_wconf 88' lang='lat' dir='ltr'><strong>ita</strong></span> <span class='ocrx_word' id='word_1_726' title='bbox 1357 4779 1562 4832; x_wconf 87' lang='lat' dir='ltr'><strong>corruit</strong></span> <span class='ocrx_word' id='word_1_727' title='bbox 1591 4781 1738 4835; x_wconf 88' lang='lat' dir='ltr'><strong>orbis</strong></span> <span class='ocrx_word' id='word_1_728' title='bbox 1772 4793 1876 4834; x_wconf 85' lang='lat' dir='ltr'><strong>ter-</strong></span> 
     </span>
    </p>
   </div>
   <div class='ocr_carea' id='block_1_94' title="bbox 293 4868 1876 4935">
    <p class='ocr_par' dir='ltr' id='par_1_94' title="bbox 293 4868 1876 4935">
     <span class='ocr_line' id='line_1_94' title="bbox 293 4868 1876 4935; baseline 0.001 -11"><span class='ocrx_word' id='word_1_729' title='bbox 293 4887 502 4933; x_wconf 81' lang='lat' dir='ltr'><strong>rarum,</strong></span> <span class='ocrx_word' id='word_1_730' title='bbox 557 4879 611 4921; x_wconf 88' lang='lat' dir='ltr'><strong>et</strong></span> <span class='ocrx_word' id='word_1_731' title='bbox 661 4868 863 4935; x_wconf 71' lang='lat' dir='ltr'><strong>indiget</strong></span> <span class='ocrx_word' id='word_1_732' title='bbox 889 4870 1184 4934; x_wconf 72' lang='lat' dir='ltr'><strong>erectiuna,</strong></span> <span class='ocrx_word' id='word_1_733' title='bbox 1220 4878 1276 4920; x_wconf 79' lang='grc' dir='ltr'><strong>ιιι</strong></span> <span class='ocrx_word' id='word_1_734' title='bbox 1331 4868 1382 4921; x_wconf 93' lang='lat' dir='ltr'><strong>in</strong></span> <span class='ocrx_word' id='word_1_735' title='bbox 1418 4869 1640 4924; x_wconf 85' lang='lat' dir='ltr'><strong>Christo</strong></span> <span class='ocrx_word' id='word_1_736' title='bbox 1686 4887 1876 4926; x_wconf 82' lang='lat' dir='ltr'><strong>omnes</strong></span> 
     </span>
    </p>
   </div>
   <div class='ocr_carea' id='block_1_95' title="bbox 291 4961 1877 5029">
    <p class='ocr_par' dir='ltr' id='par_1_95' title="bbox 291 4961 1877 5029">
     <span class='ocr_line' id='line_1_95' title="bbox 291 4961 1877 5029; baseline 0.003 -16"><span class='ocrx_word' id='word_1_737' title='bbox 291 4965 652 5015; x_wconf 77' lang='lat' dir='ltr'><strong>viviticemur.</strong></span> <span class='ocrx_word' id='word_1_738' title='bbox 712 4961 878 5029; x_wconf 75' lang='lat' dir='ltr'><strong>igitur</strong></span> <span class='ocrx_word' id='word_1_739' title='bbox 930 4961 1196 5027; x_wconf 77' lang='lat' dir='ltr'><strong>duplicent</strong></span> <span class='ocrx_word' id='word_1_740' title='bbox 1251 4961 1580 5016; x_wconf 87' lang='lat' dir='ltr'><strong>intellectum</strong></span> <span class='ocrx_word' id='word_1_741' title='bbox 1632 4967 1696 5016; x_wconf 90' lang='lat' dir='ltr'><strong>de</strong></span> <span class='ocrx_word' id='word_1_742' title='bbox 1744 4965 1877 5018; x_wconf 79' lang='lat' dir='ltr'><strong>orbe</strong></span> 
     </span>
    </p>
   </div>
   <div class='ocr_carea' id='block_1_96' title="bbox 294 5053 1876 5121">
    <p class='ocr_par' dir='ltr' id='par_1_96' title="bbox 294 5053 1876 5121">
     <span class='ocr_line' id='line_1_96' title="bbox 294 5053 1876 5121; baseline 0.001 -11"><span class='ocrx_word' id='word_1_743' title='bbox 294 5068 313 5110; x_wconf 82' lang='grc' dir='ltr'><strong>ι</strong></span> <span class='ocrx_word' id='word_1_744' title='bbox 351 5053 643 5110; x_wconf 82' lang='lat' dir='ltr'><strong>adidimus.</strong></span> <span class='ocrx_word' id='word_1_745' title='bbox 689 5054 895 5117; x_wconf 84' lang='lat' dir='ltr'><strong>Unum,</strong></span> <span class='ocrx_word' id='word_1_746' title='bbox 944 5057 1212 5120; x_wconf 86' lang='lat' dir='ltr'><strong>quomodo</strong></span> <span class='ocrx_word' id='word_1_747' title='bbox 1267 5056 1496 5121; x_wconf 68' lang='lat' dir='ltr'><strong>singultu</strong></span> <span class='ocrx_word' id='word_1_748' title='bbox 1533 5057 1730 5111; x_wconf 73' lang='lat' dir='ltr'><strong>anima:</strong></span> <span class='ocrx_word' id='word_1_749' title='bbox 1783 5071 1876 5112; x_wconf 88' lang='lat' dir='ltr'><strong>aut</strong></span> 
     </span>
    </p>
   </div>
   <div class='ocr_carea' id='block_1_97' title="bbox 295 5147 1875 5219">
    <p class='ocr_par' dir='ltr' id='par_1_97' title="bbox 295 5147 1875 5219">
     <span class='ocr_line' id='line_1_97' title="bbox 295 5147 1875 5219; baseline 0.003 -17"><span class='ocrx_word' id='word_1_750' title='bbox 295 5147 615 5202; x_wconf 74' lang='lat' dir='ltr'><strong>inhabitatas</strong></span> <span class='ocrx_word' id='word_1_751' title='bbox 643 5148 770 5210; x_wconf 89' lang='lat' dir='ltr'><strong>sint,</strong></span> <span class='ocrx_word' id='word_1_752' title='bbox 817 5156 910 5200; x_wconf 91' lang='lat' dir='ltr'><strong>aut</strong></span> <span class='ocrx_word' id='word_1_753' title='bbox 949 5148 1178 5202; x_wconf 64' lang='lat' dir='ltr'><strong>desertae</strong></span> <span class='ocrx_word' id='word_1_754' title='bbox 1219 5164 1234 5201; x_wconf 90' lang='lat'><strong>:</strong></span> <span class='ocrx_word' id='word_1_755' title='bbox 1288 5151 1548 5214; x_wconf 87' lang='lat' dir='ltr'><strong>alterum,</strong></span> <span class='ocrx_word' id='word_1_756' title='bbox 1599 5159 1875 5219; x_wconf 83' lang='lat' dir='ltr'><strong>quomodo</strong></span> 
     </span>
    </p>
   </div>
   <div class='ocr_carea' id='block_1_98' title="bbox 294 5240 1873 5313">
    <p class='ocr_par' dir='ltr' id='par_1_98' title="bbox 294 5240 1873 5313">
     <span class='ocr_line' id='line_1_98' title="bbox 294 5240 1873 5313; baseline 0.003 -19"><span class='ocrx_word' id='word_1_757' title='bbox 294 5245 584 5294; x_wconf 82' lang='lat' dir='ltr'><strong>universus</strong></span> <span class='ocrx_word' id='word_1_758' title='bbox 607 5240 754 5295; x_wconf 84' lang='lat' dir='ltr'><strong>orbis</strong></span> <span class='ocrx_word' id='word_1_759' title='bbox 777 5241 974 5309; x_wconf 88' lang='lat' dir='ltr'><strong>pariter</strong></span> <span class='ocrx_word' id='word_1_760' title='bbox 987 5241 1248 5295; x_wconf 84' lang='lat' dir='ltr'><strong>ceciderit</strong></span> <span class='ocrx_word' id='word_1_761' title='bbox 1271 5259 1287 5296; x_wconf 88' lang='lat'><strong>:</strong></span> <span class='ocrx_word' id='word_1_762' title='bbox 1309 5254 1360 5297; x_wconf 89' lang='lat' dir='ltr'><strong>et</strong></span> <span class='ocrx_word' id='word_1_763' title='bbox 1387 5243 1438 5294; x_wconf 91' lang='lat' dir='ltr'><strong>in</strong></span> <span class='ocrx_word' id='word_1_764' title='bbox 1463 5259 1559 5296; x_wconf 90' lang='lat' dir='ltr'><strong>sua</strong></span> <span class='ocrx_word' id='word_1_765' title='bbox 1586 5248 1873 5313; x_wconf 85' lang='lat' dir='ltr'><strong>prudentia</strong></span> 
     </span>
    </p>
   </div>
   <div class='ocr_carea' id='block_1_99' title="bbox 294 5330 1876 5402">
    <p class='ocr_par' dir='ltr' id='par_1_99' title="bbox 294 5330 1876 5402">
     <span class='ocr_line' id='line_1_99' title="bbox 294 5330 1876 5402; baseline 0.003 -15"><span class='ocrx_word' id='word_1_766' title='bbox 294 5334 543 5387; x_wconf 64' lang='lat' dir='ltr'><strong>eitettdit</strong></span> <span class='ocrx_word' id='word_1_767' title='bbox 572 5332 795 5386; x_wconf 63' lang='lat' dir='ltr'><strong>cIL‘lum.</strong></span> <span class='ocrx_word' id='word_1_768' title='bbox 835 5330 950 5385; x_wconf 81' lang='lat' dir='ltr'><strong>Non</strong></span> <span class='ocrx_word' id='word_1_769' title='bbox 977 5331 1202 5386; x_wconf 84' lang='lat' dir='ltr'><strong>fortuito</strong></span> <span class='ocrx_word' id='word_1_770' title='bbox 1234 5338 1518 5402; x_wconf 77' lang='lat' dir='ltr'><strong>prudentia</strong></span> <span class='ocrx_word' id='word_1_771' title='bbox 1550 5338 1599 5388; x_wconf 90' lang='lat' dir='ltr'><strong>itt</strong></span> <span class='ocrx_word' id='word_1_772' title='bbox 1627 5341 1748 5390; x_wconf 71' lang='lat' dir='ltr'><strong>cudi</strong></span> <span class='ocrx_word' id='word_1_773' title='bbox 1785 5354 1876 5392; x_wconf 77' lang='lat' dir='ltr'><strong>ex-</strong></span> 
     </span>
    </p>
   </div>
   <div class='ocr_carea' id='block_1_100' title="bbox 295 5425 1876 5492">
    <p class='ocr_par' dir='ltr' id='par_1_100' title="bbox 295 5425 1876 5492">
     <span class='ocr_line' id='line_1_100' title="bbox 295 5425 1876 5492; baseline 0.005 -15"><span class='ocrx_word' id='word_1_774' title='bbox 295 5425 549 5478; x_wconf 81' lang='lat' dir='ltr'><strong>tensione</strong></span> <span class='ocrx_word' id='word_1_775' title='bbox 595 5435 872 5492; x_wconf 84' lang='lat' dir='ltr'><strong>assumpta</strong></span> <span class='ocrx_word' id='word_1_776' title='bbox 919 5434 1020 5478; x_wconf 84' lang='lat' dir='ltr'><strong>est.</strong></span> <span class='ocrx_word' id='word_1_777' title='bbox 1063 5425 1311 5478; x_wconf 82' lang='lat' dir='ltr'><strong>Invenies</strong></span> <span class='ocrx_word' id='word_1_778' title='bbox 1346 5437 1400 5479; x_wconf 83' lang='lat' dir='ltr'><strong>et</strong></span> <span class='ocrx_word' id='word_1_779' title='bbox 1452 5430 1501 5480; x_wconf 91' lang='lat' dir='ltr'><strong>in</strong></span> <span class='ocrx_word' id='word_1_780' title='bbox 1563 5427 1876 5485; x_wconf 73' lang='lat' dir='ltr'><strong>Proverbiis</strong></span> 
     </span>
    </p>
   </div>
   <div class='ocr_carea' id='block_1_101' title="bbox 295 5513 1876 5590">
    <p class='ocr_par' dir='ltr' id='par_1_101' title="bbox 295 5513 1876 5590">
     <span class='ocr_line' id='line_1_101' title="bbox 295 5513 1876 5590; baseline 0.003 -21"><span class='ocrx_word' id='word_1_781' title='bbox 295 5515 500 5569; x_wconf 87' lang='lat' dir='ltr'><strong>dictum</strong></span> <span class='ocrx_word' id='word_1_782' title='bbox 533 5531 548 5569; x_wconf 86' lang='lat'><strong>:</strong></span> <span class='ocrx_word' id='word_1_783' title='bbox 581 5513 839 5566; x_wconf 81' lang='lat' dir='ltr'><strong>Dominus</strong></span> <span class='ocrx_word' id='word_1_784' title='bbox 871 5514 1128 5583; x_wconf 78' lang='lat' dir='ltr'><strong>sapientia</strong></span> <span class='ocrx_word' id='word_1_785' title='bbox 1151 5513 1395 5582; x_wconf 80' lang='lat' dir='ltr'><strong>fundavit</strong></span> <span class='ocrx_word' id='word_1_786' title='bbox 1424 5527 1640 5583; x_wconf 76' lang='lat' dir='ltr'><strong>terram,</strong></span> <span class='ocrx_word' id='word_1_787' title='bbox 1668 5537 1876 5590; x_wconf 71' lang='grc' dir='ltr'><strong>μητρα-</strong></span> 
     </span>
    </p>
   </div>
   <div class='ocr_carea' id='block_1_102' title="bbox 297 5605 1876 5683">
    <p class='ocr_par' dir='ltr' id='par_1_102' title="bbox 297 5605 1876 5683">
     <span class='ocr_line' id='line_1_102' title="bbox 297 5605 1876 5683; baseline -0.004 -21"><span class='ocrx_word' id='word_1_788' title='bbox 297 5611 436 5662; x_wconf 67' lang='lat' dir='ltr'><strong>rasit</strong></span> <span class='ocrx_word' id='word_1_789' title='bbox 461 5619 638 5661; x_wconf 85' lang='lat' dir='ltr'><strong>autent</strong></span> <span class='ocrx_word' id='word_1_790' title='bbox 665 5606 816 5660; x_wconf 67' lang='lat' dir='ltr'><strong>caios</strong></span> <span class='ocrx_word' id='word_1_791' title='bbox 839 5608 1118 5676; x_wconf 77' lang='lat' dir='ltr'><strong>prudentia</strong></span> <span class='ocrx_word' id='word_1_792' title='bbox 1142 5605 1324 5676; x_wconf 79' lang='lat' dir='ltr'><strong>(Prov.</strong></span> <span class='ocrx_word' id='word_1_793' title='bbox 1367 5626 1442 5674; x_wconf 88' lang='lat' dir='ltr'><strong>ttt,</strong></span> <span class='ocrx_word' id='word_1_794' title='bbox 1477 5611 1577 5680; x_wconf 73' lang='lat' dir='ltr'><strong>l9).</strong></span> <span class='ocrx_word' id='word_1_795' title='bbox 1615 5612 1709 5666; x_wconf 64' lang='lat' dir='ltr'><strong>Est</strong></span> <span class='ocrx_word' id='word_1_796' title='bbox 1746 5631 1876 5683; x_wconf 66' lang='lat' dir='ltr'><strong>ergo</strong></span> 
     </span>
    </p>
   </div>
   <div class='ocr_carea' id='block_1_103' title="bbox 298 5698 1871 5772">
    <p class='ocr_par' dir='ltr' id='par_1_103' title="bbox 298 5698 1871 5772">
     <span class='ocr_line' id='line_1_103' title="bbox 298 5698 1871 5772; baseline 0.002 -17"><span class='ocrx_word' id='word_1_797' title='bbox 298 5703 477 5772; x_wconf 84' lang='lat' dir='ltr'><strong>aliqua</strong></span> <span class='ocrx_word' id='word_1_798' title='bbox 507 5700 790 5770; x_wconf 88' lang='lat' dir='ltr'><strong>prudentia</strong></span> <span class='ocrx_word' id='word_1_799' title='bbox 819 5698 932 5765; x_wconf 75' lang='lat' dir='ltr'><strong>Dei,</strong></span> <span class='ocrx_word' id='word_1_800' title='bbox 969 5715 1129 5768; x_wconf 71' lang='lat' dir='ltr'><strong>quam</strong></span> <span class='ocrx_word' id='word_1_801' title='bbox 1172 5702 1293 5754; x_wconf 88' lang='lat' dir='ltr'><strong>ttolo</strong></span> <span class='ocrx_word' id='word_1_802' title='bbox 1321 5711 1379 5754; x_wconf 92' lang='lat' dir='ltr'><strong>ut</strong></span> <span class='ocrx_word' id='word_1_803' title='bbox 1412 5715 1560 5756; x_wconf 78' lang='lat' dir='ltr'><strong>extra</strong></span> <span class='ocrx_word' id='word_1_804' title='bbox 1595 5705 1871 5758; x_wconf 72' lang='lat' dir='ltr'><strong>Christum</strong></span> 
     </span>
    </p>
   </div>
   <div class='ocr_carea' id='block_1_104' title="bbox 295 5791 1871 5865">
    <p class='ocr_par' dir='ltr' id='par_1_104' title="bbox 295 5791 1871 5865">
     <span class='ocr_line' id='line_1_104' title="bbox 295 5791 1871 5865; baseline 0.003 -16"><span class='ocrx_word' id='word_1_805' title='bbox 295 5797 567 5864; x_wconf 81' lang='lat' dir='ltr'><strong>requiras.</strong></span> <span class='ocrx_word' id='word_1_806' title='bbox 604 5791 798 5847; x_wconf 87' lang='lat' dir='ltr'><strong>Omnia</strong></span> <span class='ocrx_word' id='word_1_807' title='bbox 822 5793 1016 5863; x_wconf 85' lang='lat' dir='ltr'><strong>quippe</strong></span> <span class='ocrx_word' id='word_1_808' title='bbox 1047 5809 1165 5865; x_wconf 71' lang='lat' dir='ltr'><strong>qua:</strong></span> <span class='ocrx_word' id='word_1_809' title='bbox 1191 5791 1280 5847; x_wconf 90' lang='lat' dir='ltr'><strong>Dci</strong></span> <span class='ocrx_word' id='word_1_810' title='bbox 1313 5805 1458 5863; x_wconf 89' lang='lat' dir='ltr'><strong>sunt,</strong></span> <span class='ocrx_word' id='word_1_811' title='bbox 1485 5795 1734 5852; x_wconf 70' lang='lat' dir='ltr'><strong>Christus</strong></span> <span class='ocrx_word' id='word_1_812' title='bbox 1768 5807 1871 5854; x_wconf 81' lang='lat' dir='ltr'><strong>est.</strong></span> 
     </span>
    </p>
   </div>
   <div class='ocr_carea' id='block_1_105' title="bbox 1980 4580 3558 4656">
    <p class='ocr_par' dir='ltr' id='par_1_105' title="bbox 1980 4580 3558 4656">
     <span class='ocr_line' id='line_1_105' title="bbox 1980 4580 3558 4656; baseline -0.009 -14"><span class='ocrx_word' id='word_1_813' title='bbox 1980 4588 2252 4642; x_wconf 88' lang='lat' dir='ltr'><strong>sermonis</strong></span> <span class='ocrx_word' id='word_1_814' title='bbox 2285 4594 2585 4656; x_wconf 75' lang='lat' dir='ltr'><strong>agnoscant</strong></span> <span class='ocrx_word' id='word_1_815' title='bbox 2619 4601 2633 4637; x_wconf 88' lang='lat'><strong>:</strong></span> <span class='ocrx_word' id='word_1_816' title='bbox 2671 4599 2833 4652; x_wconf 91' lang='lat' dir='ltr'><strong>quem</strong></span> <span class='ocrx_word' id='word_1_817' title='bbox 2868 4589 3017 4646; x_wconf 88' lang='lat' dir='ltr'><strong>tunc,</strong></span> <span class='ocrx_word' id='word_1_818' title='bbox 3068 4589 3224 4648; x_wconf 83' lang='lat' dir='ltr'><strong>prout</strong></span> <span class='ocrx_word' id='word_1_819' title='bbox 3266 4580 3558 4640; x_wconf 83' lang='lat' dir='ltr'><strong>valunnus,</strong></span> 
     </span>
    </p>
   </div>
   <div class='ocr_carea' id='block_1_106' title="bbox 1979 4669 3555 4732">
    <p class='ocr_par' dir='ltr' id='par_1_106' title="bbox 1979 4669 3555 4732">
     <span class='ocr_line' id='line_1_106' title="bbox 1979 4669 3555 4732; baseline -0.008 -1"><span class='ocrx_word' id='word_1_820' title='bbox 1979 4677 2352 4732; x_wconf 83' lang='lat' dir='ltr'><strong>exhibuimus.</strong></span> <span class='ocrx_word' id='word_1_821' title='bbox 2417 4675 2660 4728; x_wconf 81' lang='lat' dir='ltr'><strong>Diximus</strong></span> <span class='ocrx_word' id='word_1_822' title='bbox 2718 4685 2898 4726; x_wconf 87' lang='lat' dir='ltr'><strong>autem</strong></span> <span class='ocrx_word' id='word_1_823' title='bbox 2932 4684 3152 4725; x_wconf 83' lang='lat' dir='ltr'><strong>sanctos</strong></span> <span class='ocrx_word' id='word_1_824' title='bbox 3195 4687 3314 4722; x_wconf 81' lang='lat' dir='ltr'><strong>csse</strong></span> <span class='ocrx_word' id='word_1_825' title='bbox 3364 4669 3555 4721; x_wconf 75' lang='lat' dir='ltr'><strong>nubes.</strong></span> 
     </span>
    </p>
   </div>
   <div class='ocr_carea' id='block_1_107' title="bbox 1979 4763 3559 4837">
    <p class='ocr_par' dir='ltr' id='par_1_107' title="bbox 1979 4763 3559 4837">
     <span class='ocr_line' id='line_1_107' title="bbox 1979 4763 3559 4837; baseline -0.006 -13"><span class='ocrx_word' id='word_1_826' title='bbox 1979 4771 2196 4824; x_wconf 86' lang='lat' dir='ltr'><strong>Etenim</strong></span> <span class='ocrx_word' id='word_1_827' title='bbox 2234 4771 2335 4822; x_wconf 88' lang='lat' dir='ltr'><strong>hoc</strong></span> <span class='ocrx_word' id='word_1_828' title='bbox 2363 4769 2508 4837; x_wconf 86' lang='lat' dir='ltr'><strong>quod</strong></span> <span class='ocrx_word' id='word_1_829' title='bbox 2540 4769 2801 4836; x_wconf 90' lang='lat' dir='ltr'><strong>scriptum</strong></span> <span class='ocrx_word' id='word_1_830' title='bbox 2843 4775 2965 4820; x_wconf 78' lang='lat' dir='ltr'><strong>est:</strong></span> <span class='ocrx_word' id='word_1_831' title='bbox 3037 4763 3241 4818; x_wconf 75' lang='lat' dir='ltr'><strong>Veritas</strong></span> <span class='ocrx_word' id='word_1_832' title='bbox 3265 4775 3355 4812; x_wconf 85' lang='lat' dir='ltr'><strong>tua</strong></span> <span class='ocrx_word' id='word_1_833' title='bbox 3395 4774 3559 4828; x_wconf 75' lang='lat' dir='ltr'><strong>usque</strong></span> 
     </span>
    </p>
   </div>
   <div class='ocr_carea' id='block_1_108' title="bbox 1981 4853 3556 4933">
    <p class='ocr_par' dir='ltr' id='par_1_108' title="bbox 1981 4853 3556 4933">
     <span class='ocr_line' id='line_1_108' title="bbox 1981 4853 3556 4933; baseline -0.006 -17"><span class='ocrx_word' id='word_1_834' title='bbox 1981 4864 2051 4916; x_wconf 85' lang='lat' dir='ltr'><strong>ad</strong></span> <span class='ocrx_word' id='word_1_835' title='bbox 2085 4864 2246 4915; x_wconf 82' lang='lat' dir='ltr'><strong>nubes</strong></span> <span class='ocrx_word' id='word_1_836' title='bbox 2285 4860 2460 4933; x_wconf 71' lang='lat' dir='ltr'><strong>(Psal.</strong></span> <span class='ocrx_word' id='word_1_837' title='bbox 2514 4877 2696 4924; x_wconf 77' lang='lat' dir='ltr'><strong>xxxvi,</strong></span> <span class='ocrx_word' id='word_1_838' title='bbox 2747 4861 2824 4926; x_wconf 81' lang='grc'>6),</span> <span class='ocrx_word' id='word_1_839' title='bbox 2875 4874 2980 4912; x_wconf 89' lang='lat' dir='ltr'><strong>non</strong></span> <span class='ocrx_word' id='word_1_840' title='bbox 3041 4868 3222 4926; x_wconf 86' lang='lat' dir='ltr'><strong>potest</strong></span> <span class='ocrx_word' id='word_1_841' title='bbox 3258 4855 3444 4910; x_wconf 73' lang='lat' dir='ltr'><strong>referri</strong></span> <span class='ocrx_word' id='word_1_842' title='bbox 3489 4853 3556 4907; x_wconf 87' lang='lat' dir='ltr'><strong>ad</strong></span> 
     </span>
    </p>
   </div>
   <div class='ocr_carea' id='block_1_109' title="bbox 1982 4948 3560 5020">
    <p class='ocr_par' dir='ltr' id='par_1_109' title="bbox 1982 4948 3560 5020">
     <span class='ocr_line' id='line_1_109' title="bbox 1982 4948 3560 5020; baseline -0.007 -8"><span class='ocrx_word' id='word_1_843' title='bbox 1982 4958 2302 5013; x_wconf 86' lang='lat' dir='ltr'><strong>inanimalcs</strong></span> <span class='ocrx_word' id='word_1_844' title='bbox 2357 4957 2552 5020; x_wconf 87' lang='lat' dir='ltr'><strong>nubes,</strong></span> <span class='ocrx_word' id='word_1_845' title='bbox 2586 4955 2680 5008; x_wconf 86' lang='lat' dir='ltr'><strong>sed</strong></span> <span class='ocrx_word' id='word_1_846' title='bbox 2714 4958 2914 5008; x_wconf 81' lang='lat' dir='ltr'><strong>vetitas</strong></span> <span class='ocrx_word' id='word_1_847' title='bbox 2941 4953 3064 5007; x_wconf 82' lang='lat' dir='ltr'><strong>&#39;Dei</strong></span> <span class='ocrx_word' id='word_1_848' title='bbox 3122 4967 3294 5020; x_wconf 86' lang='lat' dir='ltr'><strong>usque</strong></span> <span class='ocrx_word' id='word_1_849' title='bbox 3339 4951 3402 5002; x_wconf 81' lang='lat' dir='ltr'><strong>ad</strong></span> <span class='ocrx_word' id='word_1_850' title='bbox 3441 4948 3560 5001; x_wconf 78' lang='lat' dir='ltr'><strong>illas</strong></span> 
     </span>
    </p>
   </div>
   <div class='ocr_carea' id='block_1_110' title="bbox 1981 5045 3559 5122">
    <p class='ocr_par' dir='ltr' id='par_1_110' title="bbox 1981 5045 3559 5122">
     <span class='ocr_line' id='line_1_110' title="bbox 1981 5045 3559 5122; baseline -0.008 -15"><span class='ocrx_word' id='word_1_851' title='bbox 1981 5056 2154 5107; x_wconf 86' lang='lat' dir='ltr'><strong>nubes</strong></span> <span class='ocrx_word' id='word_1_852' title='bbox 2176 5062 2280 5114; x_wconf 88' lang='lat' dir='ltr'><strong>est,</strong></span> <span class='ocrx_word' id='word_1_853' title='bbox 2309 5068 2429 5122; x_wconf 78' lang='lat' dir='ltr'><strong>qua:</strong></span> <span class='ocrx_word' id='word_1_854' title='bbox 2454 5051 2682 5104; x_wconf 86' lang='lat' dir='ltr'><strong>audiunt</strong></span> <span class='ocrx_word' id='word_1_855' title='bbox 2709 5049 3024 5102; x_wconf 80' lang='lat' dir='ltr'><strong>mandatum</strong></span> <span class='ocrx_word' id='word_1_856' title='bbox 3056 5045 3289 5104; x_wconf 80' lang='lat' dir='ltr'><strong>Domini,</strong></span> <span class='ocrx_word' id='word_1_857' title='bbox 3317 5054 3369 5096; x_wconf 86' lang='lat' dir='ltr'><strong>ct</strong></span> <span class='ocrx_word' id='word_1_858' title='bbox 3399 5057 3559 5094; x_wconf 52' lang='lat' dir='ltr'><strong>nove,</strong></span> 
     </span>
    </p>
   </div>
   <div class='ocr_carea' id='block_1_111' title="bbox 1985 5141 3558 5216">
    <p class='ocr_par' dir='ltr' id='par_1_111' title="bbox 1985 5141 3558 5216">
     <span class='ocr_line' id='line_1_111' title="bbox 1985 5141 3558 5216; baseline -0.008 -17"><span class='ocrx_word' id='word_1_859' title='bbox 1985 5159 2106 5199; x_wconf 90' lang='lat' dir='ltr'><strong>runt</strong></span> <span class='ocrx_word' id='word_1_860' title='bbox 2144 5162 2252 5216; x_wconf 86' lang='lat' dir='ltr'><strong>quo</strong></span> <span class='ocrx_word' id='word_1_861' title='bbox 2283 5146 2496 5213; x_wconf 73' lang='lat' dir='ltr'><strong>pluvias</strong></span> <span class='ocrx_word' id='word_1_862' title='bbox 2530 5145 2799 5208; x_wconf 80' lang='lat' dir='ltr'><strong>deferant,</strong></span> <span class='ocrx_word' id='word_1_863' title='bbox 2837 5152 2891 5196; x_wconf 85' lang='lat' dir='ltr'><strong>et</strong></span> <span class='ocrx_word' id='word_1_864' title='bbox 2921 5160 2948 5194; x_wconf 92' lang='lat' dir='ltr'><strong>a</strong></span> <span class='ocrx_word' id='word_1_865' title='bbox 2981 5141 3182 5209; x_wconf 85' lang='lat' dir='ltr'><strong>quibus</strong></span> <span class='ocrx_word' id='word_1_866' title='bbox 3212 5154 3304 5191; x_wconf 81' lang='lat' dir='ltr'><strong>eas</strong></span> <span class='ocrx_word' id='word_1_867' title='bbox 3335 5150 3558 5203; x_wconf 82' lang='lat' dir='ltr'><strong>suspen-</strong></span> 
     </span>
    </p>
   </div>
   <div class='ocr_carea' id='block_1_112' title="bbox 1980 5229 3556 5293">
    <p class='ocr_par' dir='ltr' id='par_1_112' title="bbox 1980 5229 3556 5293">
     <span class='ocr_line' id='line_1_112' title="bbox 1980 5229 3556 5293; baseline -0.008 -2"><span class='ocrx_word' id='word_1_868' title='bbox 1980 5242 2132 5293; x_wconf 82' lang='lat' dir='ltr'><strong>dant.</strong></span> <span class='ocrx_word' id='word_1_869' title='bbox 2175 5239 2246 5292; x_wconf 83' lang='lat' dir='ltr'><strong>De</strong></span> <span class='ocrx_word' id='word_1_870' title='bbox 2271 5240 2353 5292; x_wconf 72' lang='lat' dir='ltr'><strong>bis</strong></span> <span class='ocrx_word' id='word_1_871' title='bbox 2387 5242 2620 5292; x_wconf 81' lang='lat' dir='ltr'><strong>tiuiiitms</strong></span> <span class='ocrx_word' id='word_1_872' title='bbox 2651 5237 2858 5290; x_wconf 89' lang='lat' dir='ltr'><strong>dictum</strong></span> <span class='ocrx_word' id='word_1_873' title='bbox 2894 5245 3018 5289; x_wconf 85' lang='lat' dir='ltr'><strong>est:</strong></span> <span class='ocrx_word' id='word_1_874' title='bbox 3057 5233 3119 5286; x_wconf 74' lang='lat' dir='ltr'><strong>Et</strong></span> <span class='ocrx_word' id='word_1_875' title='bbox 3158 5229 3418 5284; x_wconf 76' lang='lat' dir='ltr'><strong>mandabo</strong></span> <span class='ocrx_word' id='word_1_876' title='bbox 3459 5243 3556 5279; x_wconf 54' lang='lat' dir='ltr'><strong>nu.</strong></span> 
     </span>
    </p>
   </div>
   <div class='ocr_carea' id='block_1_113' title="bbox 1981 5321 3560 5401">
    <p class='ocr_par' dir='ltr' id='par_1_113' title="bbox 1981 5321 3560 5401">
     <span class='ocr_line' id='line_1_113' title="bbox 1981 5321 3560 5401; baseline -0.008 -15"><span class='ocrx_word' id='word_1_877' title='bbox 1981 5336 2130 5387; x_wconf 73' lang='lat' dir='ltr'><strong>bibus</strong></span> <span class='ocrx_word' id='word_1_878' title='bbox 2176 5336 2324 5397; x_wconf 77' lang='lat' dir='ltr'><strong>meis,</strong></span> <span class='ocrx_word' id='word_1_879' title='bbox 2357 5351 2420 5386; x_wconf 83' lang='lat' dir='ltr'><strong>tte</strong></span> <span class='ocrx_word' id='word_1_880' title='bbox 2447 5333 2636 5401; x_wconf 79' lang='lat' dir='ltr'><strong>pluunt</strong></span> <span class='ocrx_word' id='word_1_881' title='bbox 2687 5346 2846 5398; x_wconf 82' lang='lat' dir='ltr'><strong>super</strong></span> <span class='ocrx_word' id='word_1_882' title='bbox 2885 5344 3000 5382; x_wconf 78' lang='lat' dir='ltr'><strong>eam</strong></span> <span class='ocrx_word' id='word_1_883' title='bbox 3049 5326 3261 5380; x_wconf 73' lang='lat' dir='ltr'><strong>imbrem</strong></span> <span class='ocrx_word' id='word_1_884' title='bbox 3323 5321 3460 5392; x_wconf 83' lang='lat' dir='ltr'><strong>(Isa.</strong></span> <span class='ocrx_word' id='word_1_885' title='bbox 3507 5337 3560 5386; x_wconf 88' lang='lat' dir='ltr'><strong>v,</strong></span> 
     </span>
    </p>
   </div>
   <div class='ocr_carea' id='block_1_114' title="bbox 1980 5424 3561 5496">
    <p class='ocr_par' dir='ltr' id='par_1_114' title="bbox 1980 5424 3561 5496">
     <span class='ocr_line' id='line_1_114' title="bbox 1980 5424 3561 5496; baseline -0.008 -16"><span class='ocrx_word' id='word_1_886' title='bbox 1980 5424 2056 5496; x_wconf 85' lang='grc'><strong>6).</strong></span> <span class='ocrx_word' id='word_1_887' title='bbox 2095 5427 2168 5480; x_wconf 84' lang='lat' dir='ltr'><strong>De</strong></span> <span class='ocrx_word' id='word_1_888' title='bbox 2213 5428 2295 5480; x_wconf 90' lang='lat' dir='ltr'><strong>his</strong></span> <span class='ocrx_word' id='word_1_889' title='bbox 2348 5427 2493 5479; x_wconf 85' lang='lat' dir='ltr'><strong>enim</strong></span> <span class='ocrx_word' id='word_1_890' title='bbox 2536 5441 2653 5492; x_wconf 80' lang='lat' dir='ltr'><strong>qua:</strong></span> <span class='ocrx_word' id='word_1_891' title='bbox 2705 5440 2772 5476; x_wconf 75' lang='lat' dir='ltr'><strong>ex</strong></span> <span class='ocrx_word' id='word_1_892' title='bbox 2833 5424 3056 5476; x_wconf 72' lang='lat' dir='ltr'><strong>densata</strong></span> <span class='ocrx_word' id='word_1_893' title='bbox 3119 5433 3244 5471; x_wconf 74' lang='lat' dir='ltr'><strong>acre</strong></span> <span class='ocrx_word' id='word_1_894' title='bbox 3305 5427 3561 5468; x_wconf 83' lang='lat' dir='ltr'><strong>constare</strong></span> 
     </span>
    </p>
   </div>
   <div class='ocr_carea' id='block_1_115' title="bbox 1981 5505 3556 5583">
    <p class='ocr_par' dir='ltr' id='par_1_115' title="bbox 1981 5505 3556 5583">
     <span class='ocr_line' id='line_1_115' title="bbox 1981 5505 3556 5583; baseline -0.01 -9"><span class='ocrx_word' id='word_1_895' title='bbox 1981 5521 2234 5574; x_wconf 77' lang='lat' dir='ltr'><strong>dit-untur</strong></span> <span class='ocrx_word' id='word_1_896' title='bbox 2262 5518 2341 5572; x_wconf 90' lang='lat' dir='ltr'><strong>:si</strong></span> <span class='ocrx_word' id='word_1_897' title='bbox 2361 5533 2465 5570; x_wconf 85' lang='lat' dir='ltr'><strong>non</strong></span> <span class='ocrx_word' id='word_1_898' title='bbox 2494 5518 2654 5570; x_wconf 75' lang='lat' dir='ltr'><strong>fuerit</strong></span> <span class='ocrx_word' id='word_1_899' title='bbox 2678 5517 2875 5583; x_wconf 86' lang='lat' dir='ltr'><strong>pluvia,</strong></span> <span class='ocrx_word' id='word_1_900' title='bbox 2903 5530 3007 5565; x_wconf 85' lang='lat' dir='ltr'><strong>non</strong></span> <span class='ocrx_word' id='word_1_901' title='bbox 3032 5508 3270 5579; x_wconf 64' lang='lat' dir='ltr'><strong>praecipit</strong></span> <span class='ocrx_word' id='word_1_902' title='bbox 3291 5505 3556 5559; x_wconf 88' lang='lat' dir='ltr'><strong>Dominus</strong></span> 
     </span>
    </p>
   </div>
   <div class='ocr_carea' id='block_1_116' title="bbox 1979 5613 3561 5682">
    <p class='ocr_par' dir='ltr' id='par_1_116' title="bbox 1979 5613 3561 5682">
     <span class='ocr_line' id='line_1_116' title="bbox 1979 5613 3561 5682; baseline -0.008 -16"><span class='ocrx_word' id='word_1_903' title='bbox 1979 5629 2047 5666; x_wconf 81' lang='lat' dir='ltr'><strong>ne</strong></span> <span class='ocrx_word' id='word_1_904' title='bbox 2087 5614 2273 5682; x_wconf 88' lang='lat' dir='ltr'><strong>pluant</strong></span> <span class='ocrx_word' id='word_1_905' title='bbox 2317 5628 2480 5678; x_wconf 74' lang='lat' dir='ltr'><strong>super</strong></span> <span class='ocrx_word' id='word_1_906' title='bbox 2522 5613 2754 5673; x_wconf 82' lang='lat' dir='ltr'><strong>vineam,</strong></span> <span class='ocrx_word' id='word_1_907' title='bbox 2818 5617 2910 5658; x_wconf 87' lang='lat' dir='ltr'><strong>aut</strong></span> <span class='ocrx_word' id='word_1_908' title='bbox 2953 5619 3115 5672; x_wconf 84' lang='lat' dir='ltr'><strong>super</strong></span> <span class='ocrx_word' id='word_1_909' title='bbox 3171 5615 3561 5670; x_wconf 81' lang='lat' dir='ltr'><strong>quamcunque</strong></span> 
     </span>
    </p>
   </div>
   <div class='ocr_carea' id='block_1_117' title="bbox 1979 5697 3561 5775">
    <p class='ocr_par' dir='ltr' id='par_1_117' title="bbox 1979 5697 3561 5775">
     <span class='ocr_line' id='line_1_117' title="bbox 1979 5697 3561 5775; baseline -0.008 -14"><span class='ocrx_word' id='word_1_910' title='bbox 1979 5707 2279 5775; x_wconf 73' lang='lat' dir='ltr'><strong>rcgionetn,</strong></span> <span class='ocrx_word' id='word_1_911' title='bbox 2317 5707 2586 5767; x_wconf 79' lang='lat' dir='ltr'><strong>imbrem;</strong></span> <span class='ocrx_word' id='word_1_912' title='bbox 2629 5701 2722 5755; x_wconf 85' lang='lat' dir='ltr'><strong>sed</strong></span> <span class='ocrx_word' id='word_1_913' title='bbox 2759 5697 2984 5753; x_wconf 87' lang='lat' dir='ltr'><strong>omnino</strong></span> <span class='ocrx_word' id='word_1_914' title='bbox 3046 5713 3151 5750; x_wconf 86' lang='lat' dir='ltr'><strong>non</strong></span> <span class='ocrx_word' id='word_1_915' title='bbox 3179 5705 3464 5766; x_wconf 86' lang='lat' dir='ltr'><strong>apparent,</strong></span> <span class='ocrx_word' id='word_1_916' title='bbox 3500 5702 3561 5750; x_wconf 89' lang='lat' dir='ltr'><strong>ut</strong></span> 
     </span>
    </p>
   </div>
   <div class='ocr_carea' id='block_1_118' title="bbox 1979 5786 3557 5868">
    <p class='ocr_par' dir='ltr' id='par_1_118' title="bbox 1979 5786 3557 5868">
     <span class='ocr_line' id='line_1_118' title="bbox 1979 5786 3557 5868; baseline -0.008 -14"><span class='ocrx_word' id='word_1_917' title='bbox 1979 5800 2032 5854; x_wconf 86' lang='lat' dir='ltr'><strong>ia</strong></span> <span class='ocrx_word' id='word_1_918' title='bbox 2071 5800 2226 5854; x_wconf 85' lang='lat' dir='ltr'><strong>tcrtio</strong></span> <span class='ocrx_word' id='word_1_919' title='bbox 2257 5799 2460 5868; x_wconf 74' lang='lat' dir='ltr'><strong>Regum</strong></span> <span class='ocrx_word' id='word_1_920' title='bbox 2491 5797 2631 5853; x_wconf 84' lang='lat' dir='ltr'><strong>libro</strong></span> <span class='ocrx_word' id='word_1_921' title='bbox 2672 5794 2898 5865; x_wconf 74' lang='lat' dir='ltr'><strong>legimus</strong></span> <span class='ocrx_word' id='word_1_922' title='bbox 2929 5789 3044 5861; x_wconf 76' lang='lat' dir='ltr'><strong>(Ui</strong></span> <span class='ocrx_word' id='word_1_923' title='bbox 3080 5788 3209 5862; x_wconf 73' lang='lat' dir='ltr'><strong>Reg.</strong></span> <span class='ocrx_word' id='word_1_924' title='bbox 3258 5803 3410 5856; x_wconf 70' lang='lat' dir='ltr'><strong>Mitti,</strong></span> <span class='ocrx_word' id='word_1_925' title='bbox 3441 5786 3557 5863; x_wconf 62' lang='grc'><strong>24),</strong></span> 
     </span>
    </p>
   </div>
  </div>
