4054 6206
476 291 580 354 1‘23

1676 295 1730 350 S.
1774 294 2088 353 EUSEBH
2133 297 2575 358 lllERONYMI

3632 307 3730 372 ιρι

473 406 697 474 quando
726 408 780 463 in
819 417 1062 480 tempore
1094 414 1358 469 siccitatis
1397 416 1567 469 nubes
1596 418 1740 471 nulla
1777 421 2048 488 apparuit,
2080 425 2120 483 Δ
2155 431 2208 475 et
2245 422 2504 475 Silvanus
2526 423 2644 474 duae
2671 421 2839 474 nubes
2871 421 3108 475 in‘unum
3130 429 3731 485 convcnerunt,ﬂecce

474 509 530 550 et
580 511 760 564 postea
819 501 973 569 juxta
1037 507 1375 572 prophetiam
1438 509 1568 562 Elia:
1612 509 1805 564 futurae
1861 511 2052 580 pluviae

477 592 688 658 signum
725 594 776 646 itt
809 597 1040 663 vestigio
1074 598 1307 652 hominis
1329 609 1610 654 ostensum
1643 612 1748 661 est.
1782 616 1943 670 atque
1977 605 2050 658 ita

479 695 599 745 post
629 686 822 738 ttttln'ttt
846 689 1242 750 ('mtglohatam,
1275 692 1445 744 imber
1470 692 1748 746 deSCentlit
1774 698 1838 747 ad
1856 707 2050 749 terras.

477 774 594 826 istis
643 789 766 826 vero
835 778 990 844 quasi
1061 780 1489 836 subsistentibus
1550 785 1782 846 nebulis,
1835 787 2096 854 jubetur‘

479 868 714 933 pluviam
753 872 1056 930 continere.
1083 888 1202 925 cum
1233 875 1448 942 indigna
1483 875 1646 928 fuerit
1673 879 1851 931 anima
1887 881 2056 933 imbre

480 959 709 1025 caelesti,
763 969 818 1014 et.
859 962 1057 1016 dicitur
1109 982 1123 1017 :
1187 965 1447 1019 Mandabo
1514 970 1738 1022 nubibus
1792 973 1942 1033 meis,
1995 988 2058 1024 ne

479 1052 663 1117 pluant
723 1068 880 1121 super
911 1070 1026 1106 eam
1049 1055 1287 1109 imbrem.
1317 1043 1501 1128 itaque
1527 1062 1900 1130 unusquisque
1933 1077 2060 1116 Sun-

483 1155 698 1195 otot-um
736 1143 905 1196 nubes
933 1154 1034 1199 est.
1069 1145 1280 1213 Moyses
1309 1148 1478 1202 nubes
1521 1160 1658 1212 erat,
1687 1159 1740 1202 et
1767 1152 1921 1216 quasi
1957 1168 2058 1204 nu-

484 1233 575 1286 bes
589 1232 913 1302 loquebatur
939 1253 952 1288 :
977 1236 1258 1304 Attendite,
1282 1239 1418 1299 caeli,
1441 1256 1556 1309 qua,
1575 1240 1782 1308 loquar,
1806 1251 1854 1294 et
1877 1246 2058 1297 audiat

481 1338 625 1378 terra
648 1343 922 1392 sermones
963 1346 1025 1382 ex
1059 1347 1148 1383 ore
1177 1347 1308 1385 meo.
1351 1330 1733 1401 Exspectentur
1781 1346 1834 1388 ut
1883 1337 2061 1401 pluvia

481 1416 637 1470 verba
685 1435 823 1483 mea,
851 1429 898 1472 et
923 1421 1239 1474 descendant
1271 1433 1322 1475 ut
1356 1439 1441 1475 ros
1467 1423 1671 1493 e.’oquia
1712 1442 1824 1478 mea
1879 1426 2059 1496 (Deut.

483 1523 652 1572 sun,
690 1511 738 1574 l,
767 1509 845 1578 ‘2).
877 1509 931 1562 Si
969 1526 1074 1564 non
1115 1512 1301 1566 fuiSset
1335 1517 1529 1580 nubes,
1561 1531 1838 1584 nunquam
1892 1518 2064 1572 dixis-

481 1607 566 1651 set
597 1613 613 1652 :
646 1598 1030 1666 Exspectentur
1055 1612 1110 1653 ut
1133 1604 1311 1671 pluvia
1338 1605 1492 1658 verba
1516 1623 1649 1667 mea,
1672 1617 1720 1659 et
1745 1608 2064 1663 descendant

485 1699 541 1740 ut
581 1707 665 1743 ros
694 1690 903 1760 eloquia
929 1709 1062 1749 mea.
1092 1695 1255 1757 Quasi
1293 1701 1466 1751 nubes
1501 1698 1719 1752 dicebat
1753 1718 1766 1753 :
1801 1710 1858 1753 ut
1899 1701 2064 1756 imber

484 1799 643 1848 super
677 1800 914 1852 gramen,
951 1795 1002 1839 et
1033 1789 1223 1851 pruina
1255 1804 1410 1853 super
1447 1789 1668 1858 fwnum,
1713 1793 1839 1860 quia
1873 1810 2053 1847 nomen

489 1873 700 1928 Domini
731 1877 966 1930 tnvocatii
1015 1877 1206 1948 (llud,
1238 1879 1316 1948 5).
1371 1880 1636 1936 Similiter
1686 1895 1740 1938 et
1777 1885 1965 1948 Isaias,
2002 1897 2059 1940 ut

487 1969 655 2021 nuhes
678 1968 1002 2036 loquebatur
1027 1985 1041 2023 :
1071 1970 1235 2034 Audi,
1267 1973 1474 2036 caelum,
1501 1985 1548 2027 et
1589 1977 1803 2029 auribus
1830 1977 2056 2046 percipe,

484 2067 644 2117 terra,
672 2059 796 2125 quia
834 2059 1090 2113 Dominus
1121 2062 1326 2114 locutus
1373 2077 1444 2116 est
1475 2063 1613 2132 (Isa.
1661 2081 1697 2132 ι,
1731 2066 1809 2136 2).
1846 2066 1906 2119 Et
1935 2071 2058 2136 quia

485 2147 658 2201 nubes
681 2147 798 2214 ipse
831 2160 971 2212 erat,
1007 2160 1057 2204 et
1091 2149 1298 2205 sciebat
1323 2153 1460 2207 alias
1491 2155 1665 2210 nubes
1699 2159 2062 2224 compropbe-

487 2251 664 2296 tantes
697 2244 822 2310 sibi,
853 2245 974 2299 ideo
1005 2247 1310 2301 vaticinans
1336 2252 1518 2304 aiebat
1549 2269 1560 2304 :
1595 2251 1858 2304 Mandata
1901 2255 2056 2306 nubi-

485 2334 604 2398 bus,
642 2351 708 2388 ne
737 2338 1098 2406 pluantsuper
1116 2355 1230 2392 eam
1261 2341 1478 2393 imbrem
1509 2341 1645 2411 tlsa.
1682 2359 1729 2409 v,
1755 2344 1833 2412 6).
1870 2345 1925 2398 Si
1967 2361 2062 2398 att-

485 2434 593 2482 te-tn
612 2428 724 2494 jam
748 2427 982 2481 dicimus
1001 2433 1090 2497 qui
1123 2431 1230 2484 sint
1258 2433 1429 2485 nubes
1446 2469 1466 2500 ,
1485 2435 1765 2494 vid-amns
1789 2438 2061 2503 quomodo

487 2518 630 2571 Deus
661 2520 856 2573 educat
889 2523 1058 2576 nubes
1083 2525 1421 2578 ab‘extremo
1451 2536 1628 2580 teme.
1666 2529 1750 2582 Ait
1774 2531 2057 2584 Salvator:

483 2608 588 2671 Qui
619 2607 727 2662 vult
757 2610 810 2662 in
840 2611 991 2665 nobis
1013 2629 1120 2667 esse
1150 2617 1372 2682 primus,
1397 2595 1721 2672 s'itomnium
1755 2623 2061 2676 nouissimus

485 2700 684 2768 (Marc.
717 2718 791 2768 ιι,
814 2705 930 2770 25).
964 2708 1213 2762 Servavit
1247 2709 1347 2763 hoc
1377 2712 1689 2766 mandatum
1749 2712 1970 2777 Paulus,
2004 2724 2061 2768 et

387 2850 397 2860 ,
479 2793 586 2846 fuit
616 2797 944 2852 novissimus
973 2797 1027 2851 in
1053 2800 1154 2854 hoc
1179 2801 1402 2866 mundo,
1425 2803 1614 2859 dicens
1667 2824 1681 2860 :
1723 2804 1860 2859 Puto
1897 2808 2056 2874 enim,

391 2917 406 2936 ι
481 2903 575 2941 nos
609 2887 746 2942 Deus
768 2889 1033 2958 apostolos
1067 2895 1378 2948 novissimos
1395 2896 1642 2958 ostendit,
1667 2900 1818 2966 quasi
1839 2898 2062 2965 mortiﬁ-

480 2992 644 3045 catos,
699 2985 822 3053 quia
873 2985 1232 3053 spectaculum
1288 2990 1418 3058 lacti
1478 3006 1660 3043 sumus
1725 2993 1946 3056 mundo,
2007 3000 2059 3046 et

482 3077 680 3144 angelis
707 3088 754 3129 et
777 3077 1098 3134 nominibus.
1126 3077 1183 3133 Si
1204 3080 1325 3148 quis
1347 3085 1477 3151 ergo
1500 3094 1718 3137 sanctus
1740 3087 2056 3141 custodiens
2086 3114 2133 3178 ο

478 3177 808 3235 praeceptum
848 3168 1061 3223 Domini
1095 3171 1420 3237 Salvatoris,
1464 3174 1638 3227 factus
1675 3174 1836 3228 fuerit
1872 3177 1922 3228 in
1961 3178 2061 3232 hac

477 3259 585 3311 vita
609 3262 958 3337 novissimus,
986 3262 1091 3317 iste
1123 3265 1180 3317 fit
1206 3265 1395 3319 nubes.
1423 3265 1491 3319 Et
1511 3268 1694 3319 eduxit
1722 3268 1856 3322 Deus
1881 3272 2058 3334 nubes,

479 3367 585 3404 non
616 3367 644 3404 a
679 3351 878 3408 finibus
919 3365 1097 3418 terrae,
1127 3372 1232 3410 non
1273 3374 1298 3408 a
1329 3359 1668 3424 consulibus,
1702 3376 1804 3414 non
1841 3379 1869 3413 a
1909 3361 2063 3414 duci-

480 3444 605 3508 bus,
647 3461 752 3499 non
791 3464 818 3497 a
845 3447 1129 3513 divitibus,
1165 3452 1257 3504 sed
1287 3450 1350 3502 ab
1402 3453 1646 3505 extremis
1682 3463 1859 3508 terrae.
1907 3452 2078 3508 Beati.

481 3539 627 3590 enim
651 3554 928 3605 pauperes,
955 3541 1206 3610 quoniam
1238 3551 1466 3594 vestrum
1487 3552 1560 3595 est
1586 3561 1799 3612 regnum
1817 3545 2060 3598 caelorum

483 3629 695 3688 (Matth.
749 3648 800 3695 ν,
861 3634 940 3700 2).
977 3632 1160 3694 Vides.
1196 3638 1468 3701 quomodo
1501 3639 1567 3688 ah
1599 3639 1858 3691 extremis
1906 3648 2064 3691 terra:

483 3728 677 3778 educat
711 3724 852 3780 Deus
883 3729 1054 3781 nubes
1078 3738 1131 3781 ct
1158 3744 1449 3795 oorporeas
1479 3729 1703 3783 nebulas
1725 3729 1750 3782 ?
1774 3731 2062 3797 PrOpterea

485 3819 530 3872 ti
567 3820 816 3874 volumus
851 3823 1023 3876 nubes
1071 3823 1209 3883 llcri,
1246 3823 1314 3876 ad
1371 3837 1508 3891 quas
1567 3824 1817 3890 pervenit
1862 3825 2062 3879 veritas

490 3899 603 3975 Diri,
639 3912 916 3966 n0vissitni
944 3915 1184 3968 omnium
1215 3914 1428 3976 fiamus,
1455 3925 1506 3968 et
1538 3925 1644 3966 tam
1678 3913 1870 3968 aﬂectn
1901 3931 2061 3983 quant

487 4019 653 4070 opere
703 4004 950 4058 dicamus
981 4023 994 4060 :
1031 4004 1166 4057 Puto
1196 4006 1360 4070 enim,
1390 4021 1483 4058 nos
1511 4005 1650 4058 Deus
1677 4007 1943 4073 apostolos
1971 4022 2064 4059 no-

482 4096 725 4148 vissimos
753 4097 999 4150 ostendit.
1036 4097 1192 4160 Quod
1221 4100 1402 4151 sinon
1435 4113 1552 4150 sum
1582 4099 1860 4166 apostolus
1894 4118 1908 4153 :
1941 4100 2065 4153 licet

487 4199 666 4244 tamen
691 4189 822 4242 mihi
863 4191 974 4244 fieri
1013 4199 1339 4252 extremum,
1395 4205 1453 4245 ut
1499 4195 1739 4246 etluceus
1787 4194 1957 4246 nubes
1995 4195 2063 4246 ab

485 4291 731 4332 extremo
762 4289 941 4343 terrm.
965 4273 1166 4335 educat
1191 4288 1247 4335 et
1273 4297 1381 4344 me,
1415 4291 1468 4336 et
1499 4281 1713 4352 fulgura
1743 4283 1795 4337 in
1827 4283 2062 4352 pluviam

488 4370 670 4423 faciat.
698 4373 864 4424 Aiunt
901 4373 1226 4425 naturalium
1252 4387 1540 4427 causarum
1585 4380 1921 4429 scrutatores
1955 4374 2064 4446 (Ea:

485 4462 716 4524 Isidoro,
751 4462 958 4533 Origin.
999 4465 1095 4519 lib.
1158 4481 1276 4530 xm,
1311 4481 1434 4534 cap.
1470 4467 1582 4538 ll),
1613 4468 1736 4536 quia
1769 4467 1973 4538 fulgura
2001 4483 2064 4523 ex

485 4555 711 4608 nubium
743 4555 1027 4610 collisione
1060 4566 1412 4623 generentur,
1446 4574 1596 4613 more
1630 4559 1842 4614 silicum
1875 4559 2066 4614 durio-

490 4662 604 4696 rum
641 4662 652 4697 :
679 4661 817 4712 quos
851 4662 972 4700 cum
1009 4650 1386 4715 comploseris,
1416 4649 1468 4704 id
1501 4659 1605 4717 est,
1638 4651 1906 4705 colliseris
1937 4653 2064 4718 sibi,

489 4738 698 4793 medius
727 4756 793 4795 ex
818 4739 902 4794 his
929 4741 1072 4810 ignis
1094 4742 1326 4796 extritus
1354 4742 1610 4809 elabitur,
1639 4752 1806 4811 atque
1841 4745 1914 4799 ita
1943 4759 2066 4799 cum

489 4831 699 4901 fulgore
736 4834 940 4902 pariter
969 4843 1024 4888 et
1055 4815 1292 4889 t0niti'ua
1329 4839 1536 4902 mugire
1570 4853 1583 4889 :
1620 4835 1882 4898 tonitruo,
1916 4836 2069 4890 scili-

487 4935 596 4987 cet,
629 4926 901 4978 sonituum
940 4925 1213 4978 indicante
1247 4941 1569 4992 concursus,
1625 4938 1681 4984 et
1733 4928 1944 5000 fulgura
1977 4946 2072 4984 ex-

419 5007 423 5014 ’
487 5019 635 5072 cnssi
673 5017 894 5070 luminis
955 5018 1222 5074 claritate.
1268 5018 1326 5073 Si
1365 5018 1682 5074 intellexisti
1729 5024 2065 5093 exemplum,

489 5112 769 5164 I'ttllsltiel'il
828 5125 976 5165 nunc
1030 5113 1200 5164 nubes
1260 5115 1574 5168 rationales.
1634 5116 1844 5186 Moyses
1899 5118 2070 5169 nubes

487 5211 608 5256 erat
640 5220 654 5256 :
685 5201 845 5256 Jusns
880 5201 1027 5256 Nave
1059 5206 1230 5256 nubes
1277 5215 1415 5258 erat.
1471 5207 1562 5257 lsti
1602 5207 1646 5258 si
1684 5220 1869 5258 secum
1897 5207 2070 5258 collo-

496 5305 713 5356 cantur,
771 5310 838 5349 ex
905 5295 1253 5349 sermonibus
1312 5312 1499 5349 eorum
1569 5295 1779 5364 fulgura
1841 5296 2066 5351 micant.

495 5386 761 5444 Jcremias
815 5401 871 5444 et
927 5389 1136 5444 Baruclt
1183 5390 1358 5443 nubes
1397 5401 1594 5440 erant:
1635 5388 2072 5442 sermocinemur

501 5483 836 5543 invicetn,et
875 5484 1084 5536 videbis
1151 5483 1374 5534 rutilare
1428 5481 1662 5545 ftllgllta.
1717 5480 1878 5536 Potes
1907 5493 1962 5535 et
2013 5491 2072 5535 tu

497 5574 612 5642 ipse
639 5575 702 5628 tle
730 5575 1030 5642 Scripturis
1064 5575 1271 5630 sanctis
1316 5576 1366 5627 itt
1403 5576 1470 5627 hu
1500 5590 1544 5626 to
1589 5574 1803 5626 modum
1844 5575 2068 5628 nubium

501 5665 745 5722 invenire
771 5683 1097 5731 concursus,
1126 5683 1190 5722 ex
1216 5668 1414 5734 quibus
1447 5667 1595 5733 ignes
1627 5665 1965 5718 emittantur.
2004 5665 2072 5720 Ut

510 5771 690 5816 autem
733 5761 797 5816 ad
826 5775 1020 5818 uorum
1071 5757 1482 5816 Testamentum
1518 5758 1799 5813 veniamus
1831 5777 1844 5814 :
1875 5757 2070 5818 Paulus

2160 526 2330 568 to'um
2370 514 2630 568 mundum
2697 513 2950 581 Epistula:
2983 530 3172 568 eorum
3235 513 3410 582 fulgor
3441 513 3731 571 illuminat.

2157 604 2396 675 Fulgura
2443 614 2491 659 et
2538 607 2770 669 pluviam
2826 605 2972 673 fecit,
3003 615 3049 658 et
3087 605 3266 658 eduxit
3299 615 3473 658 ventos
3533 604 3596 658 de
3619 605 3734 658 the—

2157 700 2330 751 sauris
2380 701 2492 752 suis
2543 699 2716 761 (Rsal.
2757 713 2957 762 σχειν,
2991 697 3065 764 7).
3097 697 3306 768 Ergone
3338 699 3390 764 hi
3421 697 3587 762 venti,
3641 697 3732 765 qui

2157 804 2319 856 super
2347 797 2549 841 terram
2577 787 2832 855 perllant,
2862 790 2913 840 itt
2953 788 3227 842 thesauris
3261 787 3354 846 Dei
3372 771 3526 850 sunt,
3553 800 3734 842 etnon

2157 877 2353 930 horum
2381 889 2576 932 natura
2599 877 2886 932 manifesta
2909 887 3012 944 est,
3037 881 3310 948 quomodo
3331 890 3385 934 et
3404 895 3509 949 qua
3529 880 3738 936 ratione

2159 971 2505 1024 subsistant?
2559 971 2666 1023 Sed
2709 978 2840 1023 sunt
2891 970 3109 1038 quidam
3134 983 3420 1026 ventorum
3472 971 3736 1036 thesauri,

2161 1063 2404 1117 thesauri
2428 1062 2746 1132 spirituum,
2778 1063 3004 1132 spiritus
3033 1059 3314 1131 sapientiae
3334 1073 3389 1117 et
3409 1063 3734 1130 intellectus,

2143 1153 2388 1222 .spiritus
2423 1153 2637 1207 consilii
2689 1163 2744 1207 et
2797 1153 3038 1222 virtutis,
3098 1155 3326 1223 spiritus
3381 1155 3734 1222 fortitudinis,

2163 1245 2406 1299 scientiae
2438 1253 2492 1298 et
2527 1244 2764 1314 pietatis,
2799 1245 3026 1314 spiritus
3067 1247 3278 1300 timoris
3312 1245 3547 1310 Domini,
3579 1245 3741 1300 forti-

2165 1336 2389 1412 tudinis,
2422 1337 2733 1405 dilectionis
2765 1347 2818 1392 et
2865 1339 3170 1394 charitatis.
3226 1337 3389 1393 Potes
3422 1348 3477 1394 et
3507 1340 3622 1408 ipse
3670 1341 3741 1395 de

2165 1428 2464 1498 Scripturis
2493 1430 2592 1484 hos
2623 1438 2818 1484 ventos
2849 1445 3204 1499 congregare,
3231 1439 3285 1484 et
3321 1430 3548 1484 istorum
3580 1421 3742 1499 spiri-

2166 1517 2320 1572 tuum
2373 1519 2624 1573 invenire
2657 1520 2964 1574 thesauros.
3025 1520 3126 1576 Ubi
3163 1531 3291 1575 sunt
3336 1521 3424 1576 isti
3465 1520 3745 1576 thesauri?

2165 1612 2361 1680 Utique
2396 1615 2448 1666 in
2479 1629 2538 1666 eo
2578 1614 2631 1667 in
2689 1630 2791 1678 quo
2826 1623 2950 1667 sunt
2992 1630 3169 1667 omnes
3201 1599 3440 1668 tltesauti
3469 1614 3745 1682 sapientiae

2166 1714 2216 1758 et
2243 1707 2478 1760 scientia:
2507 1706 2814 1759 absconditi
2843 1705 2982 1777 (Col.
3013 1721 3071 1766 ιι,
3103 1705 3180 1774 5).
3214 1705 3268 1769 ln
3303 1706 3524 1758 Christo
3557 1705 3742 1761 sedem

2169 1794 2365 1848 habent
2394 1813 2408 1848 :
2443 1795 2568 1848 inde
2608 1794 2862 1848 oriuntur
2897 1795 2948 1847 hi
2978 1795 3224 1861 Spiritus,
3261 1804 3318 1849 ut
3349 1795 3490 1849 alius
3523 1797 3745 1864 sapiens
3779 1807 3784 1812 '

2169 1889 2260 1952 sit,
2293 1887 2430 1941 alius
2457 1888 2650 1950 fidelis,
2681 1888 2821 1941 alius
2868 1887 3139 1950 eruditus,
3175 1897 3227 1940 et
3273 1887 3413 1941 alius
3461 1890 3747 1958 quodcun-

2167 1994 2275 2048 que
2307 1981 2566 2033 donorutn
2605 1979 2694 2032 Dei
2725 1979 3014 2046 possideat.
3042 1978 3149 2032 Alii
3197 1979 3335 2031 enim
3361 1994 3453 2048 per
3497 1977 3744 2045 spiritum

2167 2074 2329 2124 datur
2358 2073 2531 2124 sermo
2578 2071 2854 2137 sapientia:
2891 2084 2909 2122 :
2948 2071 3042 2122 alii
3094 2086 3265 2124 sermo
3314 2071 3546 2124 scientias
3594 2070 3743 2134 iuxta

2167 2165 2399 2219 eumdem
2429 2163 2672 2230 spititunt
2697 2178 2714 2216 :
2743 2163 2837 2214 alii
2858 2161 2989 2228 ﬁdes
3017 2162 3271 2215 ineodem
3302 2162 3494 2229 spiritu
3527 2160 3574 2230 (1
3612 2159 3741 2216 Cor.

2170 2272 2269 2321 xtl,
2305 2255 2382 2316 8).
2409 2254 2607 2314 Eduxit
2631 2269 2762 2323 ergo
2815 2256 2987 2308 nubes
3035 2254 3103 2308 ab
3133 2266 3386 2308 extremo
3421 2242 3600 2318 terrm,
3639 2253 3746 2306 ful-

2169 2361 2302 2414 gura
2333 2345 2384 2398 in
2419 2345 2656 2414 pluviam
2683 2344 2806 2397 fecit
2845 2353 2936 2400 :et
2959 2343 3147 2397 eduxit
3173 2354 3364 2398 ventos
3387 2345 3451 2397 de
3473 2345 3746 2399 thesauris

2169 2439 2305 2498 suis.
2343 2447 2398 2492 et
2416 2453 2518 2493 nos
2565 2437 2722 2508 juxta
2778 2436 3203 2490 misericordiam
3259 2435 3350 2490 Dei
3395 2436 3462 2490 ad
3492 2435 3592 2489 bos
3625 2436 3746 2490 tlte-

2169 2545 2362 2584 Sauros
2409 2542 2738 2584 occursuros
2783 2537 3056 2596 putamus.
3110 2527 3174 2582 Et
3203 2528 3330 2597 quia
3381 2527 3564 2596 plures
3615 2535 3746 2581 sunt

2171 2621 2413 2676 thesauri
2452 2661 2468 2686 ,
2501 2620 2640 2675 forte
2669 2619 2826 2689 juxta
2849 2620 3104 2673 ordinem
3139 2619 3535 2688 resurgentium
3561 2617 3665 2670 erit
3689 2625 3745 2670 et

2168 2715 2384 2783 requies
2411 2715 2463 2766 ιιι
2508 2711 2780 2767 thesauris
2826 2711 2945 2766 Dei.
2973 2710 3130 2776 Quod
3165 2720 3344 2778 autem
3374 2710 3520 2777 dico,
3557 2710 3744 2764 istius-

2168 2810 2310 2860 modi
2367 2815 2450 2860 est
2491 2823 2506 2860 :
2555 2805 2882 2860 resurrectio
2935 2814 3276 2858 mortuorum
3324 2804 3382 2858 in
3413 2804 3741 2873 quibusdam

2167 2897 2450 2952 ordinibus
2483 2896 2662 2949 futura
2689 2907 2791 2950 est.
2815 2895 2908 2976 Ait
2931 2895 3150 2964 quippe-
3179 2895 3473 2963 Apostolus
3514 2911 3528 2947 :
3567 2891 3748 2948 Unus-

2166 2993 2382 3060 quisque
2404 3000 2580 3044 autent
2603 2997 2837 3058 resurget
2862 2989 2917 3042 in
2939 3003 3034 3042 suo
3067 2987 3254 3042 ordine
3283 2985 3330 3056 (1
3353 2985 3478 3041 Cor.
3505 3003 3594 3050 xv,
3624 2985 3742 3058 25).

2169 3095 2361 3138 etnon
2401 3092 2462 3136 ut
2511 3081 2642 3136 libet
2700 3082 3005 3134 miscentur
3059 3080 3280 3134 ordines
3313 3081 3744 3148 resurgentium.

2166 3177 2318 3231 Alius
2353 3177 2484 3230 or'do
2513 3177 2618 3230 erit
2653 3175 2705 3228 in
2742 3174 2838 3229 illo
2872 3175 3002 3229 etin
3035 3174 3126 3227 illo
3145 3175 3408 3228 tltessuro
3439 3171 3531 3227 Dei
3567 3172 3745 3229 :‘alius

2165 3268 2301 3320 ordo
2350 3267 2402 3320 in
2439 3266 2547 3319 alio
2578 3273 2632 3319 et
2686 3265 2740 3318 in
2777 3264 2886 3319 alio
2942 3265 3199 3318 thesauro
3246 3263 3364 3318 Dei.
3413 3261 3504 3318 Isti
3560 3271 3748 3318 autem

2164 3373 2358 3412 Omnes
2390 3357 2636 3412 thesauri
2691 3373 2860 3411 unum
2914 3357 3117 3410 habent
3165 3356 3502 3422 thesaurum,
3549 3356 3747 3424 inquo

2166 3461 2295 3510 sunt
2327 3451 2796 3510 omnestltesauri
2849 3450 3131 3519 sapientiae
3159 3459 3212 3502 et
3243 3451 3486 3503 scientiae
3519 3447 3749 3502 abscon-

2166 3544 2283 3598 diti.
2332 3545 2398 3598 Et
2457 3543 2734 3612 quomodo
2781 3543 3032 3611 possideo
3082 3557 3244 3595 uuam
3287 3541 3745 3611 pretiosissimam

2169 3637 2520 3704 margaritam
2552 3650 2646 3702 per
2682 3636 2864 3703 plures
2897 3635 3031 3687 alias
3066 3635 3388 3703 margaritas
3417 3653 3432 3690 :
3467 3636 3548 3698 sic
3582 3633 3745 3687 venio

2167 3728 2242 3780 ad
2264 3731 2577 3781 thesaurum
2611 3728 3011 3791 thesaurorum,
3044 3735 3098 3779 et
3149 3725 3438 3780 Dominum
3497 3727 3749 3780 domino-

2170 3837 2313 3880 rum,
2344 3831 2397 3872 et
2438 3834 2615 3887 regem
2651 3835 2859 3888 regum,
2895 3835 3016 3870 cum
3041 3819 3254 3886 rdiguus
3281 3819 3435 3872 fuero
3464 3820 3749 3887 epititibus

2168 3917 2220 3969 in
2254 3916 2342 3968 Diei
2384 3917 2641 3968 thesauro
2665 3916 3154 3976 cmnmorantibus.
3189 3913 3386 3967 Eduxit
3410 3915 3548 3967 enim
3573 3924 3748 3968 ventos

2167 4009 2229 4061 de
2259 4007 2517 4059 thesauris
2545 4008 2671 4058 suis.

2241 4081 2326 4150 Ill.
2354 4095 2657 4164 Infatuatus
2693 4104 2770 4149 est
2799 4097 2964 4149 omnis
3018 4096 3171 4147 homo
3219 4111 3251 4147 a
3295 4093 3512 4148 scientia
3567 4090 3747 4161 (Psul.

2167 4207 2363 4252 cxxxv,
2394 4191 2470 4259 τ).
2495 4189 2549 4242 Si
2584 4188 2764 4243 omnis
2786 4189 2948 4242 homo
2985 4188 3294 4241 infamatus
3325 4197 3409 4241 est
3435 4202 3462 4239 a
3495 4187 3746 4248 scicntia,

2167 4294 2221 4338 et
2249 4283 2443 4337 Paulus
2475 4282 2633 4335 homo
2665 4291 2769 4343 est,
2791 4279 2990 4334 Paulus
3015 4281 3312 4332 iulatuatus
3337 4287 3464 4331 esta
3494 4277 3748 4332 scientia.

2175 4373 2256 4429 Ea:
2287 4388 2436 4444 parte
2463 4375 2619 4440 enim,
2647 4374 2744 4432 ait,
2772 4373 3152 4442 cognoscimus,
3187 4382 3233 4424 et
3265 4386 3330 4424 ea:
3356 4381 3507 4438 parte
3531 4370 3750 4438 prophe-

2100 4456 2144 4510 Β
2172 4481 2344 4521 tamus
2391 4467 2439 4535 (I
2473 4467 2594 4522 Cor.
2652 4481 2768 4528 χιιι,
2801 4465 2878 4527 9).
2914 4464 3219 4518 lnfatuatus
3273 4473 3358 4518 est
3403 4477 3433 4515 a
3495 4463 3751 4526 scientia,

2173 4562 2365 4614 videns
2400 4576 2495 4628 per
2525 4560 2803 4628 speculum
2829 4569 2885 4612 et
2914 4559 2967 4612 in
3019 4558 3326 4626 aenigmate,
3349 4556 3749 4624 portiunculam

2171 4653 2458 4720 quamdam
2491 4651 2699 4714 videns,
2757 4658 2813 4702 et
2847 4648 2891 4701 si
2952 4647 3033 4701 sic
3089 4648 3308 4715 expedit
3343 4645 3548 4713 dicere,
3581 4646 3751 4714 ipsius

2171 4758 2390 4813 quoque
2413 4742 2773 4812 portiuncula:
2792 4750 3000 4808 partem
3022 4739 3304 4792 minimam
3331 4753 3748 4807 recognoscens.

2171 4837 2495 4892 Eeoutrario
2530 4845 2712 4889 autem
2745 4835 2994 4903 intcllige
3029 4832 3157 4902 quid
3190 4833 3262 4886 sit
3291 4845 3310 4885 :
3340 4830 3644 4899 infatuatur
3673 4839 3750 4884 est

2172 4932 2344 4985 omnis
2389 4933 2544 4983 homo
2577 4946 2609 4982 a
2655 4928 2896 4982 scientia.
2950 4925 3376 4994 Comparatione
3403 4934 3748 4992 peccatorum

2173 5020 2497 5082 Jerusalem,
2552 5018 2916 5071 Sodomorum
2972 5027 3253 5083 peccatum
3313 5014 3527 5082 iustitia
3593 5025 3681 5068 est
3734 5028 3750 5066 :

2168 5113 2465 5185 justilicata
2497 5122 2578 5164 est
2603 5111 2770 5173 enim,
2799 5109 2898 5171 ait,
2943 5109 3180 5162 Sodoma
3208 5122 3272 5162 ex
3304 5119 3353 5161 te
3389 5107 3608 5176 (Επειδὴ.
3642 5124 3751 5172 va,

2176 5205 2290 5274 48).
2327 5203 2609 5268 Quomodo
2631 5201 2907 5254 enimnon
2939 5199 3140 5252 habent
3174 5199 3442 5267 justitiam
3488 5198 3754 5251 Sodomo-

2177 5314 2292 5350 rum
2350 5309 2567 5365 poccata
2607 5310 2702 5363 per
2737 5309 2817 5358 se,
2843 5295 2937 5347 sed
2979 5275 3443 5346 ad/cnllatiOucm
3475 5291 3748 5367 \majorutn

2177 5389 2440 5444 scelerum
2499 5386 2870 5454 justificantnr
2926 5402 2940 5438 :
3003 5385 3082 5440 sic
3149 5385 3464 5440 eCoutrario
3523 5384 3750 5448 scientia

2179 5481 2330 5535 Pauli
2377 5479 2443 5533 ad
2483 5480 2630 5532 illaut
2668 5477 2946 5532 ctelestem
2977 5475 3285 5540 scientiam,
3319 5473 3387 5528 ad
3438 5473 3756 5528 illutn'con-

2181 5583 2509 5627 summatmn
2561 5571 2846 5625 electionis
2905 5568 3259 5628 intellectum,
3313 5567 3538 5620 stultitia
3593 5582 3756 5636 repu-

2181 5673 2350 5716 tatur.
2385 5660 2684 5740 lnfatuatus
2712 5669 2796 5715 est
2825 5659 3026 5713 idcirco
3043 5657 3222 5712 omnis
3256 5658 3418 5710 homo
3447 5672 3474 5709 a
3500 5659 3754 5711 scientia.

2177 5757 2310 5815 Tali:
2347 5757 2601 5828 quidduttt
2658 5754 3035 5817 Ecclesiastes,
3072 5760 3128 5806 ut
3159 5749 3412 5817 arbitror,
3446 5749 3755 5819 deprensa.

3339 5969 3362 5984 Ι
