4056 6200
393 298 490 367 127

1555 305 1594 366 S
1663 305 1981 365 EUSEBII
2029 299 2469 364 IIIERONYMI

3557 316 3658 380 128

393 420 532 474 tium
561 421 844 492 audivisti,
875 435 928 482 et
960 419 1264 481 radiantem
1299 425 1512 481 stellam
1547 427 1756 482 vidisti.
1787 428 1978 482 Pasto—
2006 444 2051 487 Α
2082 425 2198 481 rius
2257 436 2576 494 censeatur,
2638 425 2992 498 ambigimus.
3053 425 3244 484 Melius
3310 437 3488 485 tamen
3545 428 3657 487 Deo

395 509 549 564 ribus
607 515 831 584 insuper
879 517 1388 584 evangelizantibus
1420 516 1726 571 credidisti.
1787 516 1973 587 Magos

393 613 657 670 praeterea
701 608 800 661 tria
831 609 1141 662 deferentes
1175 625 1418 673 munera,
1475 611 1526 662 in
1562 612 1769 666 visione
1799 610 1972 665 beatis

397 696 569 748 oculis
629 700 962 768 conspexisti
999 699 1152 766 ;ipsa
1192 703 1380 752 eadem
1439 716 1668 755 munera
1705 703 1843 755 bene
1883 702 1971 755 in-

397 786 686 852 telligendo
733 791 869 843 votis
895 792 1152 844 omnibus
1183 789 1286 844 fide
1322 792 1429 845 Deo
1461 793 1728 847 obtulisti.
1759 791 1894 846 Nam
1917 802 1973 846 et

396 891 516 928 cum
576 879 780 932 eisdem
842 882 1010 948 magis
1066 881 1231 934 Deum
1299 899 1527 953 puerum
1598 887 1648 938 in
1708 886 1974 954 praesepio

397 970 656 1023 adorasti.
723 969 826 1024 Sed
867 973 1008 1026 forte
1052 984 1350 1042 conquesta
1412 990 1495 1028 me
1523 975 1848 1042 delatorem,
1878 977 1970 1046 qui

395 1055 504 1128 [ΑΙ.
532 1058 694 1132 quod]
731 1072 780 1112 te
811 1063 1162 1128 prodiderim,
1191 1065 1478 1119 clamabis.
1509 1068 1588 1120 Ad
1619 1069 1762 1136 quod
1822 1083 1925 1139 ego
1957 1087 1974 1128 ε

397 1150 450 1202 Si
480 1151 710 1204 celatum
753 1167 875 1208 esse
893 1155 1113 1208 volebas
1140 1164 1276 1209 teste
1304 1157 1659 1226 conscientia,
1686 1159 1820 1215 mihi
1849 1177 1974 1216 nar-

409 1257 534 1294 rare
565 1252 691 1297 ante
717 1245 1058 1314 praesepium,
1086 1247 1175 1300 ubi
1204 1247 1496 1316 plurimum
1547 1250 1841 1322 lacrymata
1891 1268 1972 1318 es,

392 1347 499 1386 non
528 1333 798 1389 debueras
839 1335 1036 1406 {quod
1070 1347 1126 1390 ut
1156 1354 1345 1393 verum
1382 1339 1577 1410 fatear,
1605 1341 1809 1398 Christi
1840 1359 1976 1415 prae-

391 1424 572 1488 conia,
595 1427 810 1482 etiamsi
845 1431 1069 1483 voluero
1089 1429 1396 1499 adjuratus,
1425 1448 1598 1502 neque
1625 1443 1748 1490 tuas
1779 1435 1974 1494 laudes

393 1517 619 1571 omnino
652 1525 833 1572 tacere
872 1535 1033 1589 queo.
1065 1521 1274 1577 Idcirco
1308 1535 1412 1578 tua:
1444 1533 1497 1578 te
1546 1527 1885 1599 interrogent
1915 1528 1977 1583 ῦς

393 1607 502 1674 liae,
538 1623 673 1678 quas
701 1609 841 1666 lacte
875 1613 1050 1667 nutris
1084 1624 1179 1668 :tu
1205 1630 1266 1668 ea
1303 1615 1497 1670 melius
1528 1619 1977 1691 reserabis,~qua3

395 1710 582 1762 nescio
617 1709 662 1764 si
694 1724 787 1778 per
816 1710 1057 1779 speciem
1095 1713 1356 1780 aliquam,
1398 1724 1491 1768 aut
1521 1724 1668 1768 certe
1701 1716 1752 1770 in
1813 1717 1973 1786 spiri.

2077 524 2270 580 totum,
2295 521 2381 572 cui
2407 520 2540 572 nihil
2565 519 2902 588 impossibile
2923 530 3029 586 est,
3053 521 3468 587 committimus,
3492 537 3656 592 quam

2076 617 2137 660 ut
2197 608 2402 680 aliquid
2463 621 2665 668 temere
2717 612 2964 681 definire
3031 613 3263 668 velimus
3324 615 3659 670 auctoritate

2077 709 2284 763 nostra,
2335 704 2479 771 quod
2543 719 2649 758 non
2705 705 2999 773 probemus
3039 744 3055 770 ,
3094 703 3252 758 sicuti
3317 713 3372 758 et
3423 708 3490 760 de
3545 707 3654 772 his,

2076 810 2217 863 quos
2270 809 2392 848 cum
2431 795 2662 849 Domino
2689 796 2707 863 (
2740 797 3034 868 Evangelia
3062 796 3245 865 teste)
3287 798 3660 853 resurrexisse

2077 885 2380 940 credimus.
2408 885 2512 940 Se'd
2549 897 2732 939 utrum
2762 887 3018 942 redierint
3067 888 3118 940 in
3164 889 3438 957 pulverem
3475 899 3656 955 terrae,

2078 990 2289 1031 certum
2345 993 2451 1031 non
2496 978 2780 1044 hebennus,
2823 980 2925 1034 nisi
2986 983 3132 1049 quod
3194 981 3448 1050 legimus,
3517 980 3656 1046 Quia

2077 1067 2244 1121 multa
2267 1084 2490 1135 corpora
2535 1081 2846 1124 sanctorum
2902 1072 2994 1142 qui
3036 1072 3366 1125 dormierant
3402 1085 3654 1126 surrexe-

2077 1169 2225 1223 runt,
2259 1177 2322 1213 ac
2366 1173 2616 1215 uenerunt
2663 1163 2718 1216 in
2763 1174 3004 1217 sanctam
3058 1165 3342 1228 ciuitatem,
3387 1164 3658 1228 scilicet,

2075 1250 2401 1318 Jerusalem,
2461 1263 2509 1307 et
2560 1265 2918 1322 apparuerunt
2973 1256 3155 1310 multis
3186 1257 3204 1326 (
3237 1255 3436 1312 Matth.
3483 1272 3657 1318 um,

2077 1342 2170 1407 5‘2,
2211 1343 2325 1412 53).
2385 1343 2462 1398 De
2507 1345 2708 1413 quibus
2771 1343 3019 1415 profecto
3073 1345 3319 1400 nonnulli
3373 1346 3659 1400 doctorum

2077 1444 2396 1498 senserunt,
2438 1442 2492 1490 et
2523 1435 2693 1490 etiam
2735 1437 2786 1490 in
2844 1437 2958 1492 suis
3010 1436 3356 1507 reliquerunt
3412 1436 3655 1506 scriptis,

2076 1525 2350 1594 quodjam
2388 1525 2441 1578 in
2474 1525 2582 1580 illis
2604 1537 2863 1596 perpetua
2894 1528 2964 1582 sit
2993 1527 3266 1596 completa
3299 1530 3677 1594 resurrectioa

2066 1612 2348 1682 ,Fatentur
2374 1616 2521 1670 enim
2552 1617 2697 1686 quod
2735 1618 2848 1671 veri
2881 1627 3050 1672 testes
3079 1633 3185 1672 non
3213 1627 3417 1680 essent,
3467 1617 3572 1671 nisi
3602 1627 3658 1671 et

2079 1721 2204 1761 vera
2220 1723 2404 1762 eorum
2429 1717 2574 1764 esset
2599 1710 2946 1764 resurrectio.
2975 1708 3133 1766 Unde
3167 1719 3221 1766 et
3245 1710 3440 1765 beatus
3462 1707 3658 1763 Petrus

395 1808 455 1854 tu
488 1800 693 1856 vidiSIi.
739 1799 895 1856 Unde
929 1819 1046 1868 vos,
1077 1819 1109 1858 ο
1143 1805 1288 1870 tiliae,
1323 1806 1531 1875 pulsate
1573 1815 1801 1861 matrem
1844 1781 1972 1876 pre-

2086 1793 2295 1851 dixisse
2319 1799 2536 1866 legitur,
2576 1814 2698 1852 cum
2742 1801 2807 1854 de
2845 1800 3012 1855 David
3051 1801 3365 1870 loqueretur
3417 1800 3472 1854 in
3507 1800 3662 1854 testi-

395 1891 570 1952 cibus,
606 1891 815 1959 pulsate
840 1894 906 1948 ad
931 1895 1132 1949 ostium
1184 1895 1660 1966 invitantisjamici
1703 1915 1718 1952 :
1760 1899 1804 1952 si
1838 1915 1976 1968 quo-

398 1986 554 2036 modo
590 1986 804 2038 tandem
837 1987 1001 2042 vobis
1025 1987 1368 2054 aperiantur,
1408 2004 1528 2057 qua
1557 2003 1806 2044 reserata
1849 1999 1975 2044 sunt

398 2075 584 2129 matri.
642 2073 1036 2132 Verumtamen
1093 2083 1158 2133 de
1225 2081 1310 2133 his
1372 2081 1502 2150 quid
1562 2081 1717 2151 plura
1749 2082 1976 2136 dicam?

395 2166 590 2220 Omnia
645 2168 948 2224 Salvatoris
980 2183 1154 2240 gesta,
1191 2183 1246 2227 et
1269 2175 1439 2227 beata:
1468 2173 1653 2229 Mariae
1685 2175 1970 2244 obsequia,

397 2271 608 2312 necnon
641 2268 796 2317 actus
833 2263 954 2316 vita:
981 2278 1045 2317 ex
1082 2261 1376 2333 Evangelia
1407 2265 1699 2320 didicistis.
1742 2265 1802 2320 Et
1832 2283 1973 2320 nunc

395 2349 528 2417 quid
579 2363 852 2420 superest,
884 2362 942 2406 ιιι
969 2355 1039 2409 ab
1094 2355 1276 2424 aliquo
1325 2359 1606 2410 doctorum
1643 2359 1979 2426 rcquiratis‘!

469 2439 534 2494 ll.
564 2440 636 2495 De
696 2445 1084 2512 Assumptione
1131 2445 1379 2515 ejusdem
1443 2454 1626 2500 tamen
1663 2453 1836 2502 beatae
1879 2448 1974 2502 Dei

397 2533 677 2601 genitricis
750 2549 1076 2605 semperque
1162 2535 1408 2608 Virginis
1467 2536 1670 2600 Mariae,
1741 2539 1978 2610 qualiter

398 2636 676 2695 assumpta
719 2635 819 2690 est,
857 2629 983 2696 quia
1013 2639 1192 2684 vestra
1225 2630 1274 2682 id
1323 2629 1574 2698 deposcit
1605 2632 1805 2696 oratio,
1842 2647 1979 2700 prae-

402 2719 578 2772 sentia
613 2718 817 2775 absens
847 2720 1087 2776 scribere
1121 2721 1276 2776 vobis
1303 2723 1515 2789 curavi,
1551 2737 1671 2792 quae
1728 2723 1975 2776 absentia

395 2823 640 2878 praesens
673 2813 903 2866 devotus
929 2812 1121 2876 obtuli,
1183 2822 1239 2867 ut
1269 2813 1474 2868 habeat
1519 2824 1768 2869 sanctum
1802 2813 1980 2869 Colle-

399 2897 550 2966 gium
583 2912 824 2956 vestrum
851 2901 906 2956 in
935 2903 1022 2956 die
1046 2911 1208 2957 tanta:
1240 2903 1606 2958 solemnitatis
1659 2920 1852 2958 munus
1877 2903 1980 2957 La-

398 2991 498 3044 tini
527 2994 821 3060 sermonis,
860 2996 910 3047 in
962 3009 1070 3064 quo
1097 2995 1270 3050 discat
1297 3005 1484 3078 tenera
1530 2995 1763 3052 infantia
1818 2996 1979 3051 lactis

398 3086 635 3152 experiri
662 3087 1029 3151 dulcedinem,
1061 3089 1198 3142 etde
1219 3088 1432 3154 exiguis
1465 3088 1662 3144 eximia
1687 3091 1969 3160 cogitare:

401 3178 638 3247 qualiter
671 3178 888 3235 favente
919 3181 1048 3245 Deo,
1085 3197 1180 3251 per
1210 3179 1456 3250 singulos
1509 3195 1686 3236 annos
1716 3191 1826 3236 tota
1861 3183 1975 3238 haec

399 3269 518 3324 dies
565 3273 902 3339 expendatur
951 3273 1007 3327 in
1051 3273 1290 3339 laudem,
1337 3283 1393 3328 et
1431 3289 1552 3328 cum
1594 3274 1790 3343 gaudio
1835 3274 1976 3328 cele-

397 3360 592 3416 bretur
625 3380 638 3416 :
675 3378 742 3416 ne
782 3361 921 3418 forte
948 3365 992 3418 si
1037 3368 1244 3420 venerit
1275 3367 1326 3419 in
1364 3379 1560 3420 manus
1588 3377 1800 3420 vestras
1845 3364 1973 3418 illud

400 3459 795 3523 apocryphum,
848 3453 924 3509 De
947 3455 1201 3512 Transitu
1234 3459 1476 3528 ejusdem
1517 3455 1778 3527 Virginis,
1813 3457 1974 3510 dubia

399 3560 503 3616 pro
528 3547 693 3601 cortis
711 3547 994 3616 recipiatis
1013 3589 1028 3613 ,
1056 3551 1199 3618 quod
1230 3551 1381 3604 multi
1404 3549 1716 3616 Latinorum
1759 3551 1978 3619 pietatis

402 3653 609 3704 amore,
643 3643 821 3693 studio
864 3641 1074 3709 legendi
1101 3641 1324 3695 charius
1362 3645 1773 3711 :unplectuntur
1799 3659 1814 3708 ;
1842 3656 1978 3710 prae-

401 3730 590 3784 sertim
639 3745 762 3784 cum
813 3746 882 3787 ex
914 3733 995 3786 his
1030 3734 1162 3786 nihil
1199 3735 1344 3788 aliud
1375 3735 1617 3803 experiri
1671 3736 1842 3802 possit
1876 3749 1974 3803 pro

404 3830 581 3887 certo,
621 3825 721 3879 nisi
757 3827 901 3896 quod
942 3825 1207 3881 hodierna
1258 3827 1346 3880 die
1385 3828 1622 3897 gloriosa
1657 3827 1908 3896 migravit
1948 3841 1977 3879 a

404 3928 657 3984 corpore.
692 3916 1024 3972 Monstralnr
1049 3929 1230 3974 autem
1254 3921 1568 3988 sepulcrum
1601 3922 1718 3986 ejus
1751 3936 1981 3975 cernen-

405 4008 549 4062 tibus
581 4009 736 4062 nobis
780 4025 955 4078 nSque
1016 4017 1080 4063 ad
1121 4027 1364 4080 praesens
1413 4013 1467 4065 in
1505 4013 1663 4065 vallis
1720 4010 1981 4080 Josaphat

409 4103 612 4165 medio,
643 4117 764 4170 qua!
809 4103 969 4156 vallis
993 4115 1074 4157 est
1111 4105 1253 4158 inter
1283 4115 1522 4158 montem
1580 4103 1710 4160 Sion
1741 4115 1794 4158 et
1833 4120 1984 4158 mon-

405 4203 511 4248 tu‘tn
549 4195 759 4248 Oliveti-
801 4195 973 4261 posita
1015 4213 1028 4248 :
1064 4212 1225 4265 quam
1261 4208 1313 4250 et
1379 4207 1460 4259 tu,
1496 4213 1528 4250 ο
1560 4195 1749 4261 Paula,
1809 4199 1983 4250 oculis

403 4286 690 4350 aspexisti,
722 4287 812 4340 ubi
848 4289 899 4339 in
931 4287 1048 4357 ejus
1083 4289 1291 4340 honore
1326 4286 1596 4341 fabricata
1625 4301 1706 4340 est
1738 4287 1980 4342 Ecclesia

405 4379 544 4430 inira
592 4377 790 4446 lapide‘
821 4381 1104 4433 tabulata:
1143 4381 1196 4432 in
1257 4395 1362 4449 qua
1413 4382 1626 4451 sepulta
1676 4380 1845 4435 fuisse
1881 4383 1982 4452 (ut

2083 1890 2347 1952 monium,
2413 1889 2483 1943 Et
2529 1898 2849 1960 sepulcrum,
2909 1893 3103 1964 inquit,
3133 1895 3249 1964 ejus
3286 1892 3428 1959 apud
3456 1909 3546 1948 nos
3583 1903 3659 1946 ut

2085 1979 2226 2046 (Act.
2253 1995 2308 2044 ιι,
2337 1980 2430 2050 25)
2471 1999 2484 2035 :
2512 1986 2669 2050 quasi
2695 1999 2801 2036 non
2825 1984 2897 2037 sit
2921 1999 3100 2037 ausus-
3120 1984 3326 2047 dicere,
3351 1983 3496 2052 quod
3522 1984 3658 2050 ipse,

2085 2081 2176 2124 aut
2211 2085 2410 2136 corpus
2447 2073 2568 2142 ejus
2592 2073 2735 2143 apud
2790 2088 2891 2130 nos
2928 2083 3032 2142 est,
3093 2075 3186 2129 sed
3227 2084 3432 2128 tantum
3482 2076 3664 2142 sepqu

2084 2177 2233 2214 crum
2267 2179 2374 2231 quo
2405 2167 2656 2219 conditus
2686 2165 2864 2219 fuerat
2895 2183 2911 2220 :
2953 2165 3082 2220 hinc
3113 2167 3267 2220 aiunt
3291 2168 3664 2244 resurrexisse

2082 2264 2133 2306 et
2166 2269 2288 2307 eum
2325 2271 2448 2310 cum
2485 2257 2700 2311 caeteris
2732 2257 2945 2313 sanctis
2975 2297 2990 2324 ,
3031 2267 3086 2310 et
3137 2258 3257 2312 ideo
3313 2272 3542 2312 vacuum
3580 2272 3664 2311 re-

2074 2337 2353 2417 mansisse
2393 2350 2750 2416 mausoleum,
2785 2359 2843 2403 nt
2874 2365 3018 2404 nunc
3051 2349 3224 2404 beatae
3259 2347 3443 2403 Mariae
3469 2351 3654 2402 cerni-

2087 2448 2196 2493 tur.
2243 2439 2397 2504 Quod
2460 2456 2594 2496 sane
2653 2443 2878 2506 factum,
2910 2441 3076 2497 etde
3123 2442 3248 2496 aliis
3312 2440 3665 2511 quibuslibet

2086 2531 2220 2586 locis
2273 2531 2677 2600 Scripturarum
2743 2531 3016 2586 afﬁrmare
3051 2539 3370 2598 conantur‘,
3404 2532 3550 2600 quod
3610 2531 3662 2585 hi

2061 2617 2194 2690 ~jam
2223 2637 2341 2675 cum
2375 2622 2592 2676 Christo
2617 2632 2846 2697 regnent
2881 2623 3190 2678 resuscitati
3226 2624 3277 2676 in
3312 2633 3516 2677 aeterna
3567 2637 3663 2676 so-

2087 2713 2311 2768 cietate.
2363 2713 2516 2780 Quod
2547 2714 2694 2785 (quia
2721 2714 2834 2769 Deo
2864 2716 2998 2770 nihil
3044 2726 3126 2770 est
3167 2713 3527 2786 impossibile)
3563 2729 3664 2769 nec

2089 2819 2192 2860 nos
2230 2805 2298 2859 de
2357 2807 2514 2859 beata
2577 2804 2745 2860 Maria
2808 2804 3032 2877 Virgine
3090 2806 3293 2860 factum
3348 2806 3668 2870 abnuimus,

2088 2914 2401 2970 quanquam
2458 2909 2682 2970 prepter
2716 2903 2990 2956 cautelam
3025 2901 3196 2971 (salva
3217 2901 3343 2970 fide)
3367 2900 3458 2969 pio
3491 2899 3666 2970 magis

2089 2989 2364 3044 desiderio
2393 2992 2606 3059 Opinari
2635 2999 2906 3060 oporteat,
2943 2987 3106 3060 quam
3145 2991 3448 3046 inconsulte
3467 2990 3666 3044 delini-

2092 3097 2172 3146 re,
2207 3085 2352 3150 quod
2395 3085 2516 3137 sine
2556 3081 2801 3152 periculo
2835 3085 3098 3140 nescitur.

2163 3175 2254 3228 lll.
2289 3175 2445 3230 Unde
2489 3177 2554 3230 de
2588 3177 2670 3229 his
2699 3190 2768 3230 ex
2799 3179 2996 3246 quibus
3019 3177 3154 3230 certi
3195 3191 3405 3242 sumus,
3462 3175 3665 3231 tantis-

2091 3282 2186 3338 per
2238 3267 2522 3334 loquamur
2582 3268 2648 3322 ad
2719 3269 3159 3324 exhortationem
3193 3281 3430 3324 vestram
3485 3267 3667 3338 quali—

2091 3374 2310 3427 cunque
2359 3373 2636 3424 sermone,
2675 3359 2742 3413 ad
2773 3359 3194 3415 aedificationem
3225 3369 3280 3414 et
3313 3359 3532 3413 laudem
3567 3373 3669 3412 no-

2096 3447 2262 3502 minis
2293 3447 2387 3501 Dei
2416 3464 2434 3502 :
2473 3455 2531 3501 ιιι
2551 3459 2604 3503 et
2627 3448 2818 3518 religio
2863 3460 3224 3503 conservetur
3253 3462 3351 3514 pro
3381 3445 3666 3511 famulatu,

2093 3552 2148 3596 et
2171 3541 2395 3595 devotio
2432 3551 2701 3612 augeatur
2729 3556 2826 3610 pro
2855 3539 3051 3602 affectu
3087 3558 3102 3606 ;
3138 3539 3557 3611 quoniam~haac
3581 3543 3668 3594 est

2099 3631 2284 3705 Virgo,
2341 3648 2462 3703 qua:
2503 3633 2619 3688 sola
2675 3632 2954 3687 interemit
3013 3634 3322 3687 universam
3347 3633 3661 3687 hareticam
3727 3677 3730 3685 ,

2095 3729 2444 3798 pravitatem,
2504 3729 2616 3783 sola
2683 3737 2804 3798 post
2858 3729 3026 3782 Deum
3065 3742 3186 3797 quae
3227 3743 3326 3784 nos
3381 3729 3674 3783 confirmet

2095 3822 2151 3876 in
2180 3804 2334 3876 omni
2375 3823 2626 3886 veritate,
2658 3823 2883 3890 suisque
2940 3821 3282 3876 commendet
3327 3822 3559 3887 meritis,
3617 3830 3674 3876 et

2096 3917 2354 3986 precibus
2397 3915 2714 3978 auxilietur,
2755 3923 2812 3968 ut
2845 3922 2899 3968 et
2933 3913 3034 3982 ipsi
3066 3913 3210 3982 digni
3242 3913 3589 3966 inveniamur
3618 3913 3672 3965 in

2095 4007 2213 4076 ejus
2244 4007 2512 4061 laudibus.
2572 4006 2725 4072 Quod
2759 4006 2802 4060 si
2836 4006 3253 4092 quaeritur’post
3291 3993 3674 4060 ascensionem

2097 4101 2309 4154 Domini
2357 4102 2486 4171 quid
2533 4101 2728 4170 egerit,
2795 4115 2963 4154 unum
3024 4114 3123 4168 pro
3152 4110 3305 4154 certo
3379 4107 3482 4157 est.
3544 4099 3672 4166 quia

2097 4193 2262 4262 Virgo
2291 4204 2478 4248 sancta
2533 4208 2760 4261 corpore
2807 4207 2869 4245 ac
2907 4202 3086 4245 mente
3139 4191 3671 4260 permansit;quam

2096 4300 2228 4340 sane
2263 4285 2488 4354 angelus
2513 4282 2754 4347 Gabriel,
2778 4297 2842 4336 ac
2873 4283 2916 4336 si
2951 4281 3193 4337 caelestis
3241 4279 3669 4350 paranymphus,

2098 4367 2355 4430 intactam
2391 4375 2705 4429 custodivit.
2759 4373 3096 4429 EtJoanne’s
3153 4372 3454 4442 apostolus,
3507 4357 3672 4440 atque

402 4471 544 4524 ιιι-ξίν
576 4469 822 4538 potestis)
850 4472 920 4524 ab
954 4471 1217 4525 onmibus
1242 4471 1440 4526 ibidem
1475 4472 1806 4542 praedicatur
1837 4490 1855 4529 :
1886 4477 1978 4528 sed
2017 4485 2057 4539 ι)
2089 4469 2448 4540 evangelista,
2482 4469 2567 4520 cui
2595 4467 2847 4521 Christus
2879 4482 2995 4520 eam
3031 4467 3096 4520 de
3149 4459 3314 4518 cruce
3373 4464 3669 4528 commisit,

408 4577 551 4614 ltum:
579 4577 803 4615 vacuum
833 4578 954 4618 esse
980 4567 1316 4617 mausoleum
1355 4567 1709 4620 cernentibus
1741 4568 1984 4621 ostendi-

404 4663 516 4709 tur.
571 4654 930 4711 llzecidcirco
985 4658 1243 4722 dixerint,
1280 4658 1405 4727 quia
1457 4659 1609 4714 multi
1668 4672 1981 4715 nostrorum

402 4747 678 4814 dubitant,
713 4758 891 4802 utrum
923 4762 1203 4819 assumpta
1237 4751 1590 4805 fueritsimul
1629 4767 1752 4805 cum
1789 4768 1985 4822 corpo-

405 4856 486 4906 re,
519 4857 592 4894 an
639 4841 835 4895 abierit
891 4841 1081 4895 relicto
1128 4858 1380 4910 corpore.
1435 4843 1723 4916 Quomodo
1776 4855 1982 4908 autem,

401 4935 488 4992 vel
524 4949 632 5005 quo
687 4947 950 5004 tempore,
985 4947 1078 4988 aut
1101 4954 1128 4988 a
1180 4939 1376 5005 quibus
1413 4937 1665 5006 personis
1703 4939 1986 4992 sanctissi-

403 5042 550 5081 mum
575 5042 775 5095 corpus
800 5027 919 5094 ejus
950 5027 1073 5080 inde
1097 5027 1332 5081 ablatum
1361 5029 1545 5092 fuerit,
1573 5028 1656 5083 vel
1685 5028 1774 5084 ubi
1809 5037 1986 5084 trans-

405 5122 666 5191 positam,
718 5134 972 5174 utrumne
1007 5123 1395 5187 resurrexerit,
1465 5124 1753 5190 nescitur;
1797 5139 1986 5193 quam-

405 5214 489 5268 vis
520 5214 769 5268 nonnulli
815 5223 1064 5269 astruere
1097 5213 1400 5268 vclinteam
1437 5215 1549 5285 jam
1586 5216 1985 5276 resuscitatam,

406 5315 460 5360 et
487 5306 644 5360 beata
681 5322 803 5360 cum
836 5307 1056 5361 Christo
1123 5307 1532 5360 immortaiitate
1587 5307 1638 5360 in
1673 5308 1988 5363 cmlestihus

407 5399 619 5452 vestiri.
662 5396 813 5463 Quod
841 5403 986 5454 etde
1038 5401 1200 5453 beato
1235 5397 1447 5452 Joanne
1499 5401 1833 5468 evangelista
1871 5400 1989 5469 ejus

412 5492 690 5555 ministro,
753 5493 840 5545 cui
894 5495 1089 5563 virgini
1125 5508 1154 5546 τι
1207 5492 1428 5547 Christo
1477 5491 1642 5563 Virgo
1699 5497 1988 5548 commissa

410 5597 518 5652 est,
584 5585 799 5654 plurimi
833 5595 1172 5642 asseverant
1212 5626 1224 5651 ,
1259 5587 1387 5657 quia
1458 5589 1510 5639 in
1556 5588 1812 5656 sepulcro
1875 5591 1993 5658 ejus

413 5678 434 5752 (
470 5687 530 5732 ut
585 5676 804 5748 fertur)
840 5679 1052 5734 nonnisi
1115 5695 1309 5734 manna
1369 5679 1642 5734 invenitur
1682 5681 1870 5750 ;quod
1939 5693 1995 5737 et

418 5773 695 5850 scaturire
732 5771 992 5827 cemitur.
1057 5769 1441 5830 Verumtamen
1490 5773 1617 5845 quid
1652 5774 1844 5829 horum
1906 5779 1992 5830 ve-

2089 4563 2243 4629 virgo
2279 4563 2540 4630 virginem
2574 4560 2836 4624 servavit,
2858 4560 3084 4627 suisque
3113 4559 3162 4612 ei
3195 4556 3488 4611 deservivit
3512 4557 3672 4608 obse-

2088 4655 2233 4725 quiis
2272 4671 2285 4708 :
2318 4670 2422 4707 non
2485 4657 2627 4721 quod
2669 4653 2908 4707 eximius
2970 4651 3060 4705 ille
3094 4661 3412 4704 sanctorum
3468 4650 3672 4702 chorus

2090 4747 2460 4815 apostolorum
2491 4745 2800 4799 deseruerit
2833 4761 2974 4808 eam,
3018 4731 3161 4797 inter
3182 4758 3319 4811 quos
3348 4750 3673 4809 postresur-

2090 4841 2388 4895 rectionem
2450 4839 2663 4892 intrans
2712 4847 2766 4890 et
2806 4839 3017 4902 exiens,
3071 4834 3396 4890 familiarius
3441 4832 3676 4887 contulit

2091 4932 2159 4986 de
2189 4931 2395 4986 Christi
2453 4917 2835 4984 lncarnationc
2874 4947 2887 4981 :
2926 4938 3073 4982 tanto
3129 4927 3398 4995 siquidem
3459 4927 3670 4990 verius,

2090 5038 2296 5097 quanto
2328 5023 2398 5080 ab
2438 5024 2599 5078 initio
2659 5023 2872 5092 plenius
2928 5037 3024 5090 per
3088 5019 3353 5089 Spiritum
3413 5028 3664 5071 sanctum

2092 5129 2286 5176 cuncta
2331 5117 2616 5181 didicerat,
2649 5125 2703 5171 et
2741 5124 3090 5185 perspexerat
3141 5112 3311 5169 oculis
3369 5115 3619 5165 universa
3652 5128 3669 5166 :

2094 5215 2220 5269 licet
2270 5223 2326 5266 et
2375 5210 2622 5280 Apostoli
2675 5225 2768 5278 per
2798 5209 3048 5262 eumdem
3083 5206 3347 5275 Spiritum
3415 5218 3670 5257 sanetum

2095 5309 2278 5366 omnia
2317 5308 2698 5377 cognoverint,
2756 5313 2812 5357 et
2849 5303 2900 5356 in
2941 5316 3160 5355 onmem
3192 5298 3369 5352 edocti
3406 5311 3676 5366 pervene-

2097 5402 2205 5456 rint
2239 5400 2548 5455 veritatem.
2593 5395 2768 5460 Quam
2802 5409 2934 5447 sane
2976 5393 3193 5447 beatam
3229 5387 3534 5458 Virginem,
3566 5385 3670 5440 etsi

2096 5507 2285 5547 omnes
2325 5488 2570 5545 venerati
2597 5499 2725 5542 sunt
2752 5485 3032 5554 discipuli,
3064 5485 3223 5554 eique
3257 5481 3675 5535 famulabantur

2099 5585 2296 5640 adeon
2327 5581 2652 5643 dilectionis,
2711 5577 3147 5632 Joannestamen
3185 5573 3417 5643 amplius
3446 5585 3509 5625 ac
3555 5583 3683 5638 spe-

2098 5679 2294 5736 cialius
2332 5674 2582 5744 usquein
2617 5674 2776 5726 tinem
2827 5672 2970 5735 vitae,
3019 5670 3110 5739 qui
3170 5668 3273 5724 sibi
3325 5663 3679 5721 commissam

2103 5771 2316 5841 accepit
2344 5770 2396 5824 in
2430 5765 2784 5837 suam,quasi
2819 5774 3045 5822 matrem
3081 5764 3223 5818 tilius
3249 5781 3264 5831 ;
3295 5759 3383 5818 cui
3409 5755 3683 5826 benignus
