4054 6206
333 294 441 364 ἓὶξ)

1087 298 1463 360 EPIS'I‘OLA
1508 298 1611 359 IX.
1657 298 1758 357 AD
1799 294 2114 358 PA‘ULAM
2159 293 2252 366 ΕΤ
2295 289 2824 353 ΕυεΤῡαιιιυΜ.
2901 268 2910 272 ’-

3497 288 3598 352 13:)

327 414 590 484 magistcr
607 414 676 468 de
707 428 866 468 cruce
897 430 913 470 :
945 412 1163 477 Mulier,
1189 415 1407 482 .inquit,
1443 430 1556 468 ecce
1584 414 1728 482 ﬁlius
1753 424 1913 476 tuus;
1946 422 1989 469 Α
2022 410 2126 462 vita
2172 409 2282 477 jam
2341 425 2470 474 non
2500 416 2618 462 erat
2654 408 2721 463 de
2753 406 2935 473 terris,
2986 409 3038 462 in
3094 407 3294 483 quibus
3341 405 3595 462 Cbristm

273 560 276 562 ν
332 507 398 558 ad
431 507 758 576 discipulum
803 518 985 561 autem
1022 524 1037 563 :
1071 507 1204 561 Ecce
1249 517 1422 560 mater
1455 520 1549 560 tua
1578 505 1764 576 (Joan.
1797 521 1908 572 ιιι,

330 598 423 663 26,
452 598 545 665 27)
577 615 593 656 ;
627 611 684 649 ιιι
731 600 881 664 virgo
913 599 1105 669 virgini
1164 601 1466 653 cohaereret
1496 609 1551 653 et
1609 598 1914 652 deservirut

331 689 731 745 olliciosissime
762 707 893 745 cura
919 692 1247 760 adoptionis.
1292 692 1410 746 Non
1429 693 1575 746 enim
1619 692 1913 760 pudicissi-

333 797 424 833 ma
457 782 742 852 virginitas
774 783 936 837 alicui
969 785 1364 852 discipulorum
1395 785 1598 838 rectius
1623 800 1782 853 quam
1805 786 1914 836 vir-

334 873 446 942 gini
469 874 880 926 commendatur
909 884 964 925 ut
985 884 1130 927 esset
1158 877 1219 925 ad
1244 874 1475 928 invicem
1505 883 1656 942 grata
1681 875 1915 949 societas

334 974 387 1018 et
416 964 640 1020 ﬂoridus
664 977 916 1034 aspectus
944 967 1196 1020 ?ttccuon
1223 976 1275 1020 et
1307 975 1566 1020 venustas
1589 980 1918 1020 conversan-

335 1057 390 1112 di
463 1073 720 1118 vernans.
783 1062 1091 1129 alternatim
1152 1061 1542 1129 pudicitiarum
1621 1060 1912 1129 splendore

333 1150 646 1204 decoratur.
703 1151 819 1206 Una
845 1153 1118 1220 siquidem
1145 1151 1316 1204 virtus
1349 1153 1684 1218 virginitatis
1713 1154 1765 1206 iu
1794 1169 1916 1206 au:-

333 1242 528 1306 bobus,
579 1245 672 1296 sed
712 1245 882 1297 altera
925 1245 1205 1314 proportio
1244 1243 1297 1295 in
1334 1241 1501 1295 Maria
1540 1262 1553 1305 ;
1589 1246 1758 1299 altera
1795 1247 1917 1315 qui-

333 1334 482 1398 dem,
509 1334 635 1400 quia
663 1332 972 1394 fecundior,
997 1333 1090 1387 scd
1121 1333 1255 1400 ipsa.
1281 1331 1395 1398 Ipsa
1418 1348 1570 1398 vero,
1595 1335 1686 1386 sed
1713 1334 1913 1386 altera‘

334 1427 462 1491 quia
494 1423 596 1478 etsi
633 1426 750 1492 ipsa
783 1425 1080 1493 eademque
1115 1423 1478 1491 incorruptio,
1519 1434 1696 1478 tamen
1729 1425 1920 1480 fecun-

335 1515 478 1567 ditas
517 1515 863 1584 integritatis
888 1515 1046 1582 longe
1071 1517 1369 1584 gloriosior
1401 1529 1565 1583 quam
1605 1517 1912 1584 virginitas.

335 1609 546 1661 Idcirco
574 1618 627 1662 et
662 1610 963 1664 fecunditas
1003 1613 1054 1662 iu
1087 1612 1176 1664 illa
1215 1622 1327 1666 tcta
1365 1609 1565 1669 deiiica’
1614 1623 1768 1666 estet
1801 1612 1914 1664 vir-

336 1702 555 1768 ginitas.
586 1703 804 1772 Alioqui
851 1708 1121 1773 nusquam
1161 1708 1456 1760 secundum
1508 1716 1757 1760 naturam
1819 1722 1910 1758 na-

336 1795 524 1848 scendi
556 1795 861 1866 virginitas,
892 1797 978 1850 tibi
1005 1799 1306 1864 fecunditas
1335 1800 1703 1869 praedicatur:
1742 1813 1917 1868 neque

339 1886 666 1953 feettuditas,
741 1890 834 1943 ubi
899 1891 1190 1959 virginitas
1255 1893 1465 1963 integra
1530 1902 1912 1947 conservatur.

337 1979 577 2050 Ideoque
610 1991 777 2035 totum
814 1984 1197 2051 superexcellit
1219 1985 1286 2039 de
1320 1985 1408 2039 illa
1442 2002 1564 2055 qum
1606 1987 1863 2040 dicuntur
1896 2024 1912 2049 ,

336 2072 462 2138 quia
505 2082 631 2124 sunt
657 2073 837 2126 divina
872 2080 1036 2142 atq‘ue
1074 2075 1389 2130 inelfabilia.
1431 2077 1580 2133 Unde
1631 2079 1915 2147 virginitas

336 2175 396 2217 et
459 2163 766 2220 fecunditas
827 2167 994 2232 prolis
1051 2170 1465 2236 supereminens
1520 2171 1733 2225 novitas
1808 2183 1911 2237 est,

336 2272 648 2324 quanquam
680 2258 974 2312 humamtm
1027 2271 1287 2323 cernatur
1318 2277 1382 2316 ex
1419 2279 1582 2317 carne
1615 2267 1757 2334 quod
1787 2282 1914 2320 nas-

336 2347 505 2400 citur.
565 2348 952 2403 Verumtamen
1014 2351 1116 2405 etsi
1183 2353 1610 2421 magnificentior
1684 2356 1910 2409 llllllllltll

341 2439 627 2508 virginitas
679 2441 729 2492 in
774 2440 940 2495 Maria
997 2453 1218 2512 propter
1271 2447 1459 2514 gratiae
1492 2447 1864 2501 eXCellentiam
1897 2488 1913 2510 ,

340 2548 448 2584 una
487 2544 668 2586 tamen
713 2533 1002 2603 integritas
1019 2537 1224 2602 earuis,
1254 2548 1307 2589 et
1340 2553 1441 2589 una
1472 2539 1667 2603 virtus,
1695 2555 1814 2608 quae
1846 2542 1910 2594 ad

342 2623 576 2677 invicem
633 2633 890 2695 tanquam
933 2640 1157 2696 cognata
1195 2629 1454 2684 sociatur.
1510 2629 1644 2683 lIiuc
1702 2648 1917 2699 quoque

337 2713 602 2783 Joannes,
634 2718 893 2788 quidquid
933 2723 1177 2788 estquod
1205 2720 1373 2774 Maria
1409 2724 1596 2788 genuit
1638 2737 1915 2794 ;cvange-

339 2807 581 2873 Iizando,
614 2826 711 2865 suo
743 2814 1090 2866 commendat
1136 2813 1371 2880 elaqttto.
1417 2812 1662 2877 Verbum,
1720 2817 1916 2883 inquit,

339 2903 400 2954 in
430 2903 692 2971 principio
748 2915 882 2969 erat,
916 2915 966 2957 et
1020 2905 1237 2959 Verbum
1280 2917 1396 2961 erat
1430 2910 1574 2978 apud
1639 2911 1827 2976 Deum,
1868 2925 1916 2966 et

344 2994 484 3049 Dens
514 3003 631 3050 erat
668 2997 888 3050 Verbum
910 2997 1104 3067 (Joan.
1135 3017 1172 3063 ι,
1207 3000 1285 3070 1).
1321 3000 1434 3056 lloc
1453 3003 1650 3072 quippe
1680 3003 1918 3060 Verbum

343 3088 487 3156 quod
522 3099 642 3142 erat
671 3090 722 3141 in
750 3089 1039 3157 principio,
1073 3101 1127 3145 et
1152 3093 1292 3161 apud
1325 3092 1489 3146 Deum
1519 3106 1662 3160 erat,
1692 3107 1749 3150 et
1778 3098 1917 3150 Deus

343 3192 486 3242 erat,
528 3182 705 3249 ipsum
733 3183 922 3252 genuit
962 3181 1119 3237 beata
1161 3192 1210 3237 ‹-ι
1249 3184 1484 3252 gloriosa
1519 3187 1682 3257 Virgo
1745 3189 1916 3244 Maria

343 3287 408 3325 ex
442 3288 499 3325 se
524 3290 744 3326 carnem
783 3273 1014 3329 factum.
1055 3275 1266 3330 Idcirco
1300 3278 1586 3346 virginitas
1625 3282 1784 3349 longe
1829 3300 1920 3337 sa-

346 3365 571 3423 cratior,
596 3377 649 3418 et
686 3365 992 3418 fecunditas
1033 3367 1116 3436 (ut
1158 3367 1230 3421 ita
1267 3369 1467 3439 dicam)
1523 3374 1696 3426 multo
1731 3374 1922 3428 inclia-

347 3455 529 3521 bilior,
558 3472 719 3524 quant
781 3472 880 3510 suo
919 3459 1160 3526 potuerit
1226 3462 1312 3514 ille
1356 3462 1633 3529 explicare
1682 3465 1919 3535 eloquio.

347 3545 732 3602 Verumtamen
771 3558 982 3618 quanto
1040 3552 1327 3622 virginitas
1377 3555 1662 3622 cognatior
1695 3558 1922 3626 virgini-

345 3637 465 3700 tati,
522 3648 672 3692 tanto
703 3642 1252 3712 beatusevangelista
1302 3647 1514 3701 caneris
1561 3647 1921 3704 excellentior

342 3737 399 3782 et
440 3729 673 3785 vicinior
706 3731 906 3788 Verbo.
967 3733 1093 3789 Ideo
1145 3737 1410 3804 quidquid
1443 3746 1527 3793 cst
1553 3739 1700 3808 quod
1729 3738 1921 3811 tVirgo

341 3826 554 3890 genuit,
612 3831 786 3878 totum
841 3837 1002 3896 prout
1043 3830 1223 3896 potuit
1283 3831 1446 3884 homo
1499 3847 1600 3899 per
1658 3833 1922 3904 Spiritutn

341 3927 590 3971 sanctum
655 3919 810 3974 nobis
853 3922 1156 3976 reservavit
1216 3924 1560 3979 manifestius
1592 3935 1648 3980 et
1711 3928 1921 3984 docuit.

411 4007 503 4061 IV.
538 4008 806 4065 Caeterum
839 4009 905 4065 ad
926 4011 1240 4081 exemplum
1294 4013 1547 4070 humana:
1584 4018 1726 4084 vitae,
1791 4035 1924 4075 con-

343 4101 583 4155 versatio
618 4101 736 4168 ejus
756 4112 876 4172 post
901 4106 1279 4160 ascensionem
1318 4109 1524 4164 Christi
1584 4113 1921 4182 generaliter

343 4207 467 4245 cum
515 4193 776 4262 apostolis
828 4195 930 4250 fuit
967 4213 1252 4269 quousque
1297 4200 1724 4274 disperguntur:
1779 4208 1920 4263 sicut

343 4280 518 4338 Lucas
551 4283 817 4349 meminit,
852 4287 1076 4346 dicens:
1122 4288 1279 4356 Quod
1327 4295 1566 4363 regressi
1612 4295 1832 4366 quidem
1887 4317 1916 4354 a

342 4381 528 4429 monte
556 4375 774 4443 Oliveti,
804 4375 1207 4450 Jerosolymam
1249 4397 1540 4452 venerunt,
1573 4397 1627 4442 et
1654 4392 1915 4446 ascende-

2021 503 2384 568 pra-Iiabatur,
2416 505 2509 554 sel
2548 501 2612 553 de
2631 501 2807 555 cmlis.
2840 501 3314 556 liincasceudisse
3346 499 3599 565 leguntur

2021 596 2072 646 in
2111 593 2480 658 cazttaculttm,
2533 595 2586 646 in
2617 609 2724 661 quo
2762 595 2962 659 pascha
2992 593 3313 660 dignissime
3359 591 3600 645 celebra-

2020 686 2214 740 batur:
2254 686 2325 739 ibi
2365 687 2567 753 quippe
2596 686 2885 739 manebant
2915 700 3036 738 cum
3072 684 3236 737 Maria
3264 693 3437 737 matre
3469 680 3600 736 Jesu

2023 779 2353 829 unanimiter
2382 778 2612 845 aspirati
2652 779 2702 829 in
2755 779 3043 838 clmritate,
3082 763 3492 844 perseverantes
3547 774 3598 824 in

2017 870 2286 932 oratione,
2323 870 2496 923 donec
2535 869 2894 922 inducrentur
2921 870 3115 919 virtttte
3154 881 3219 918 ex
3255 865 3381 918 altu.
3407 863 3601 928 Cmpe-

2019 964 2299 1015 rantenitn
2322 961 2430 1028 jam
2455 975 2611 1012 orate
2636 960 2725 1028 qui
2750 959 2949 1011 dudum
2977 973 3099 1011 cum
3127 956 3350 1011 Domino
3375 969 3600 1009 conver-

2019 1065 2209 1108 santes
2242 1055 2529 1106 virtutibus
2559 1067 2610 1106 et
2643 1052 2922 1105 miraculis
2949 1053 3331 1119 pascebantur.
3366 1047 3431 1100 Et
3467 1049 3601 1099 bene

2021 1149 2451 1216 perseverabant
2491 1149 2540 1200 in
2577 1148 2823 1198 oratione
2860 1145 2994 1210 nihil
3032 1145 3374 1206 haesitantes,
3429 1142 3604 1194 donec

2018 1239 2327 1307 acciperent
2363 1254 2581 1290 munera
2621 1238 2854 1305 Spiritus
2889 1237 3060 1289 sancti
3103 1251 3224 1303 quae
3283 1234 3600 1304 poscebant.

2019 1329 2166 1395 Quos
2217 1339 2270 1383 et
2324 1345 2441 1392 vos,
2500 1345 2532 1381 ο
2596 1329 2740 1392 ΙὶΙιςιι,
2777 1327 3089 1390 imitamini,
3141 1343 3257 1392 qua:
3304 1327 3357 1378 in
3417 1327 3600 1378 schola

2009 1401 2222 1476 Christi
2253 1438 2575 1492 permanere
2608 1423 2870 1475 vovistis:
2905 1433 3250 1490 perseverate
3310 1421 3359 1472 itt
3395 1419 3602 1472 oratio-

2021 1513 2180 1566 nibus
2243 1511 2575 1566 unanimiter
2631 1513 2895 1573 viventes,
2927 1513 3099 1563 dt:nec
3130 1510 3336 1562 intrare
3387 1507 3602 1572 possitis

2021 1603 2212 1671 gaudia
2251 1613 2466 1656 κιαι-ηδε
2502 1604 2646 1667 vitae,
2673 1619 2779 1672 quo
2797 1603 2970 1674 beata
3001 1603 3164 1665 Virgo
3195 1601 3421 1654 feliciter
3441 1599 3604 1653 hodie
3661 1625 3668 1630 -

2025 1692 2294 1756 introivit,
2325 1694 2726 1750 alternantibus
2747 1695 3070 1763 hymnidtcis
3091 1694 3403 1762 angelorum
3422 1693 3605 1747 choris

1956 1779 1993 1833 Β
2026 1783 2167 1837 intra
2198 1801 2394 1854 pascua
2431 1797 2646 1841 aeternae
2673 1788 2964 1842 viriditatis
2995 1801 3010 1840 :
3072 1788 3164 1840 ubi
3205 1802 3309 1839 una
3368 1787 3604 1841 societas

2041 1877 2241 1930 civium
2277 1891 2722 1947 supernolorum,
2755 1881 2844 1934 ubi
2879 1881 3050 1933 dulcis
3079 1879 3396 1934 solemnitas
3436 1895 3603 1948 auge-

2025 1968 2222 2030 lorum,
2271 1971 2358 2023 tibi
2389 1984 2506 2040 poSI
2540 1972 2754 2026 labores
2791 1982 2845 2025 et
2875 1988 3150 2027 aerumnas
3181 1973 3308 2026 felix
3333 1982 3384 2027 et
3417 1974 3602 2027 suavis

2025 2065 2250 2120 refectio
2280 2068 2611 2122 animarum.
2648 2065 2818 2120 Hodie
2838 2067 3072 2136 gloriosa
3115 2083 3352 2136 namque
3381 2082 3599 2135 semper

2027 2158 2190 2226 Virgo
2218 2159 2385 2212 Maria
2415 2162 2583 2214 coelos
2615 2163 2862 2214 ascendit
2889 2177 2903 2213 :
2965 2174 3116 2229 rcgo,
3166 2161 3436 2230 gaudete:
3475 2163 3601 2228 quia

2026 2251 2108 2324 (ut
2155 2253 2228 2308 ita
2276 2253 2474 2321 fatear)
2523 2252 2862 2306 itteﬂ‘ahiliter
2891 2252 3182 2306 sublimata
3208 2267 3332 2307 cum
3374 2252 3599 2306 Christo

2026 2355 2213 2412 regnat
2237 2345 2298 2402 in
2342 2356 2628 2398 aeternum.
2673 2343 2875 2410 Regina
2910 2345 3098 2397 mundi
3134 2346 3294 2398 hodie
3331 2346 3398 2401 de
3445 2347 3604 2399 terris

2025 2449 2075 2491 et
2118 2439 2183 2492 de
2238 2439 2487 2506 prmseuti
2534 2438 2736 2491 sa'culo
2785 2455 3024 2507 nequam
3073 2440 3345 2507 eripitur:
3400 2441 3598 2495 iterum

2026 2529 2146 2582 dico
2177 2529 2431 2597 gaudete,
2487 2532 2610 2598 quia
2665 2544 2856 2584 secura
2885 2533 2950 2584 de
3009 2547 3105 2584 sua
3160 2530 3602 2587 imtuarcescibili

2026 2623 2196 2690 gloria
2249 2623 2312 2676 ad
2344 2624 2464 2678 coeli
2515 2623 2625 2690 jam
2659 2627 2907 2691 pervenit
2960 2624 3248 2692 palatium.
3295 2623 3600 2689 Evsultate,

2030 2715 2276 2782 inquam,
2305 2723 2360 2770 et
2389 2717 2640 2784 gaudete,
2680 2726 2733 2772 et
2785 2718 2995 2772 lactetur
3033 2719 3214 2773 omnis
3249 2719 3422 2784 orbis,
3475 2721 3601 2786 quia

2028 2806 2187 2860 hodie
2222 2809 2378 2862 nobis
2405 2810 2660 2864 onmibus
2689 2810 2809 2879 ejus
2863 2811 3359 2868 intervenientibus
3396 2815 3607 2867 meritis

2027 2898 2178 2952 salus
2231 2909 2390 2953 aucta
2426 2910 2533 2953 est.
2569 2900 2736 2955 Vobis
2789 2917 3008 2970 quoque
3051 2902 3417 2971 ’diligentibus
3459 2917 3604 2969 eam,

2031 2991 2205 3045 honor
2239 3001 2293 3045 et
2326 2993 2501 3047 virtus
2549 3010 2652 3047 una
2687 3010 2812 3048 cum
2853 2993 3078 3060 reliquis
3109 2994 3280 3047 sacris
3306 2995 3608 3064 virginibus

2032 3085 2264 3154 amplior
2291 3096 2579 3155 praestatur
2599 3097 2654 3141 et
2698 3090 2896 3155 gratia.
2935 3087 3173 3149 idcirco,
3206 3088 3605 3151 dilectissima‘,

1979 3172 1993 3183 ”
2029 3175 2290 3231 laetamini
2325 3188 2379 3232 et
2413 3178 2650 3241 laudate,
2679 3182 2805 3248 quia
2845 3178 2892 3233 si
2926 3179 3097 3232 Deum
3147 3195 3243 3232 ore
3287 3181 3609 3245 praphetice

2029 3269 2080 3323 in
2112 3271 2316 3326 sanctis
2343 3272 2457 3326 suis
2490 3272 2716 3326 laudare
2740 3272 3020 3341 jubemur,
3058 3271 3229 3326 multo
3273 3273 3448 3342 magis
3480 3289 3604 3326 eum

2027 3361 2079 3416 in
2108 3362 2208 3417 hac
2230 3365 2552 3419 celebritate
2583 3366 2757 3419 beata:
2782 3363 2965 3418 Mariae
2991 3364 3233 3434 Virginis
3259 3368 3449 3432 matris
3486 3367 3609 3436 ejus

2024 3465 2240 3522 Oportet
2261 3470 2382 3510 cum
2411 3457 2626 3526 hymnis
2648 3468 2698 3509 ct
2727 3458 2966 3512 canticis
2986 3459 3301 3528 diligentius
3323 3461 3606 3526 extollere,

2025 3553 2080 3598 et
2111 3545 2289 3614 dignis
2325 3545 2437 3601 Dco
2473 3548 2711 3615 jubilare
2748 3551 3057 3617 praeconiis,
3107 3566 3169 3606 ac
3211 3553 3458 3622 mysticis
3507 3555 3606 3606 bo-

2028 3651 2224 3690 norare
2251 3639 2594 3694 muneribus.
2619 3639 2764 3694 Nulli
2799 3643 2944 3695 enim
2973 3643 3224 3706 dubium,
3265 3646 3394 3713 quin
3432 3653 3604 3698 totum

2025 3727 2093 3780 ad
2123 3727 2350 3796 gloriam
2381 3731 2555 3785 laudis
2587 3733 2710 3803 t-jtts
2745 3734 3019 3799 pertineat
3050 3735 3279 3802 quiquid
3307 3736 3471 3804 digne
3508 3754 3603 3804 ge-

2025 3819 2208 3874 nitrici
2236 3836 2348 3876 suae
2385 3823 2689 3888 impensum
2725 3824 2906 3889 fuerit,
2942 3836 3104 3892 atque
3137 3827 3464 3882 solemniter
3519 3841 3605 3881 at-

2028 3913 2314 3968 tributum.
2353 3914 2430 3968 Ex
2459 3930 2566 3983 quo
2598 3919 2766 3970 timeo
2800 3919 2956 3980 satis,
2985 3929 3040 3970 et
3065 3921 3221 3971 valde
3257 3920 3604 3987 pertimesco,

2024 4004 2153 4060 dum
2213 4007 2408 4061 vestris
2464 4012 2622 4077 cupio
2675 4024 2872 4078 parcre
2917 4012 3274 4078 profectibus,
3333 4029 3402 4067 ne
3456 4017 3601 4070 torte

2024 4100 2167 4155 sicut
2220 4103 2523 4171 improbus,
2561 4103 2632 4156 ita
2665 4113 2718 4158 et
2745 4105 3000 4174 indiguus
3040 4107 3291 4166 laudator
3334 4108 3602 4163 inveniar.

2095 4195 2158 4252 ν.
2191 4196 2439 4253 Profecto
2469 4213 2592 4252 cum
2627 4213 2727 4252 nec
2747 4205 3008 4254 sanctitas
3029 4201 3110 4256 vel
3135 4201 3383 4258 facundia
3407 4220 3606 4274 suppe-

2021 4289 2181 4354 ditet,
2231 4301 2288 4344 ut
2336 4293 2552 4348 beatam
2592 4303 2646 4347 et
2693 4293 2988 4363 gloriosam
3043 4293 3316 4366 Virginem
3374 4298 3601 4353 Mariam

2022 4383 2184 4450 digne
2225 4383 2452 4439 laudare
2487 4400 2680 4454 queant
2708 4401 2723 4442 :
2767 4389 3026 4455 quoniam
3073 4390 3150 4457 (ut
3182 4405 3369 4444 verum
3402 4392 3526 4445 fate:
3553 4395 3601 4460 r)

341 4475 470 4521 rnnt
496 4469 548 4521 in
571 4471 937 4538 cenaculum,
966 4473 1057 4526 ubi
1085 4474 1580 4535 manebantPetrus
1603 4491 1658 4535 et
1681 4480 1920 4540 Joannes
1953 4478 1998 4535 Ι)
2026 4475 2289 4544 quidquid
2321 4475 2576 4533 humanis
2608 4478 2712 4532 (Ποῖ
2746 4487 2927 4548 Imm-‘3‘
2954 4481 3158 4545 Verbis:
3215 4482 3395 4537 ιηίυηεί
3445 4495 3528 4538 εει
3571 4502 3600 4538 ³

337 4568 388 4610 el
411 4556 668 4626 Iacobus,
700 4570 754 4616 et
782 4561 1052 4626 Andreas,
1085 4563 1367 4636 Philippus
1395 4578 1449 4622 et
1489 4567 1751 4633 Thomas,
1789 4573 1918 4627 Bar-

339 4651 666 4706 tholomaeus
697 4663 752 4707 et
781 4652 1092 4720 Mattheus,
1128 4656 1370 4714 Iacobus
1399 4661 1604 4732 Aiphsei
1637 4675 1692 4717 et
1727 4664 1913 4719 Simon

339 4741 574 4809 Zelotes,
609 4755 663 4798 et
691 4743 860 4800 Judas
890 4746 1074 4814 .Iacobi
1103 4766 1122 4802 :
1154 4748 1224 4803 lli
1255 4769 1458 4819 autores,
1522 4754 1720 4824 inquit,
1765 4771 1916 4812 erant

337 4846 727 4900 perseverantes
757 4838 1078 4890 unanimiter
1106 4843 1158 4891 in
1193 4843 1434 4896 oratione
1463 4860 1578 4896 cum
1603 4847 1914 4901 mulieribus

336 4935 386 4977 et
412 4924 586 4979 Maria
626 4937 794 4981 matre
822 4928 971 4993 Iesu,
1008 4941 1054 4983 et
1090 4932 1341 5000 fratribus
1363 4935 1477 5002 ejus
1517 4927 1658 5006 (Act.
1702 4955 1741 5004 t,
1802 4941 1914 5011 ii).

339 5014 482 5070 Ecce
508 5017 636 5072 Jesu
673 5024 1002 5075 ascendente
1039 5038 1158 5076 Cum
1191 5026 1386 5092 quibus
1422 5026 1585 5099 Virgo
1641 5042 1795 5085 vacat
1853 5033 1905 5085 in

339 5108 524 5164 schola
560 5109 844 5172 virtutum,
876 5119 930 5164 ct
963 5114 1257 5167 meditatur
1290 5117 1339 5169 itt
1360 5117 1478 5186 lege
1530 5124 1915 5177 mandatorum

339 5199 458 5264 Dei,
487 5209 625 5254 utet
654 5200 766 5270 ipsa
792 5205 864 5256 sit
882 5203 1055 5258 forma
1081 5206 1379 5276 disciplina:
1407 5209 1630 5277 Christi,
1658 5225 1708 5267 et
1731 5230 1922 5269 etern-

339 5292 488 5359 plum
543 5292 896 5363 perfectionis
936 5298 1256 5368 virginibus.
1310 5301 1680 5359 Conversatur
1735 5321 1914 5364 autem

341 5400 464 5438 cum
490 5389 722 5442 testibus
755 5402 956 5444 sanctae.
989 5396 1426 5475 resurrectionis
1459 5407 1512 5450 et
1563 5402 1676 5468 ipsa
1739 5405 1915 5457 testis.

340 5475 709 5533 Conversatur
733 5500 854 5536 cum
883 5486 1230 5540 senatoribus
1261 5489 1384 5542 coeli
1417 5491 1552 5544 intra
1580 5495 1788 5546 curiam
1826 5512 1919 5562 pa.

344 5570 509 5626 radisi
549 5577 652 5628 sub
685 5573 923 5640 Spiritus
951 5582 1124 5635 sancti
1176 5582 1460 5651 disciplina
1499 5595 1553 5638 et
1605 5586 1919 5655 magisterio

342 5665 510 5718 totius
565 5666 761 5722 divina:
813 5670 1132 5738 majestatis.
1198 5671 1475 5727 Invenitur
1531 5679 1703 5743 prima
1763 5681 1916 5734 beata

342 5751 511 5809 Iaria
536 5755 679 5812 inter
709 5759 915 5827 primas
949 5763 1146 5817 summi
1181 5763 1321 5833 regis
1347 5765 1626 5831 cohortes,
1683 5783 1916 5837 quorum

2028 4567 2187 4620 laude
2217 4567 2378 4623 cceli:
2414 4571 2542 4637 quia
2579 4571 2776 4624 divinis
2803 4581 2885 4626 est
2912 4582 2968 4626 et
3005 4575 3265 4644 angelicis
3323 4579 3603 4634 excellen-

2030 4662 2134 4714 titts
2169 4661 2454 4729 pra-dicata
2489 4672 2543 4716 et
2591 4663 2807 4717 laudata
2855 4669 3163 4734 praeconiis.
3225 4668 3267 4720 Δ
3325 4672 3608 4739 prophetis

2025 4755 2242 4822 quidem
2273 4755 2675 4822 praenuntiata:
2719 4771 2746 4810 a
2779 4759 3106 4827 patriarcbis
3138 4759 3328 4830 ﬁguris
3354 4772 3408 4814 et
3431 4765 3600 4832 aenig-

2029 4844 2265 4899 matLbus
2318 4846 2681 4917 prmsignata:
2733 4851 2802 4902 ab
2841 4851 3192 4916 evangelistis
3249 4853 3492 4908 exhibita
3550 4866 3604 4909 et

2030 4945 2364 4992 monstrata:
2395 4940 2459 4992 al:
2491 4941 2683 5010 angelo
2715 4943 3100 4998 \‘cnerabiliter
3130 4953 3292 5016 atque
3321 4945 3606 5002 ofﬁciosis-

2027 5033 2164 5084 sime
2197 5031 2452 5087 salutata.
2493 5032 2764 5089 Ptarterea
2793 5035 2974 5106 qualis
3013 5047 3068 5090 et
3105 5048 3304 5106 quanta
3346 5049 3510 5102 esset,
3539 5041 3607 5090 ab

2027 5127 2216 5179 eodem
2250 5125 2513 5180 divinitus
2550 5129 2879 5192 declaratur,
2905 5145 3034 5184 cum
3059 5130 3292 5187 dicitur:
3325 5133 3452 5192 Ave,
3475 5148 3600 5200 gra-

2030 5217 2101 5266 tia
2126 5215 2300 5280 plura,
2330 5215 2581 5271 Dominus
2601 5228 2769 5272 tecum
2795 5221 3099 5274 :benedicta
3125 5232 3180 5275 tu
3204 5225 3254 5274 in
3275 5222 3604 5278 mulieribus.

2030 5306 2256 5361 Talibus
2294 5311 2786 5377 natnquc,decehat
2819 5313 3090 5382 Virginem
3111 5315 3458 5383 oppignerari
3489 5331 3608 5368 mn-

2029 5402 2268 5466 ncribns,
2306 5413 2360 5455 ιιι
2392 5415 2533 5457 esset
2560 5407 2733 5474 gratia
2761 5407 2942 5474 plena,
2975 5422 3094 5475 quae
3121 5408 3270 5461 dedit
3303 5408 3456 5462 malis
3489 5412 3604 5476 glu-

2031 5498 2188 5562 riam,
2235 5499 2396 5552 terris
2446 5499 2757 5563 υοιιιίιιιιηι,
2804 5517 3099 5570 pacemque
3148 5501 3367 5563 refudit,
3441 5503 3605 5556 (idem

2029 5590 2302 5657 gentibus,
2335 5589 2492 5644 linem
2530 5592 2696 5657 vitiis,
2741 5594 2860 5647 vitae
2888 5593 3160 5658 ordinem,
3189 5595 3430 5650 moribus
3493 5596 3606 5648 dis-

2029 5680 2307 5748 ciplinam.
2341 5681 2407 5736 Et
2431 5681 2568 5737 bene
2586 5683 2808 5753 angelus
2836 5684 2902 5737 ad
2935 5682 3206 5754 Virginem
3230 5683 3450 5739 Mariam
3485 5686 3608 5738 mit-

2034 5774 2196 5828 titur:
2237 5774 2360 5844 quia
2396 5789 2616 5844 semper
2651 5777 2856 5845 angclis
2889 5789 3116 5846 cognata
3143 5779 3443 5847 virginitas.
3479 5775 3608 5832 Pro-
