4054 6206
319 303 460 392 133’

1073 327 1444 388 EPISTOIA
1493 325 1592 388 [Χ.
1637 328 1736 386 AD
1787 327 2093 387 PAULAM
2143 324 2236 384 ΕΤ
2283 325 2816 387 EUSTOCHiUM.

3500 321 3597 388 1:1'4

316 457 451 498 tera
485 439 728 513 virgines
801 443 1090 498 imitantur
1141 444 1286 497 illam
1329 458 1501 512 usque
1549 444 1616 497 ad
1667 454 1913 498 contem-
1943 463 1986 512 Α
2015 441 2216 496 ritatis.
2251 439 2315 493 Ut
2346 440 2553 512 virgula
2597 443 2794 511 inquit,
2846 446 2980 513 fumi
3013 463 3077 501 ea:
3105 447 3432 500 aromatibus
3469 459 3488 499 :
3521 450 3601 494 n'-

313 543 476 604 ptnm
521 543 733 604 partus,
773 545 830 588 et
858 533 1127 590 Gabrielis
1155 552 1308 591 novae
1359 537 1704 592 salutationis
1745 538 1901 591 obSeo

315 628 509 696 quium
531 644 549 681 ι
580 628 836 696 deinceps
863 639 1032 680 totum
1053 627 1296 682 divinum
1325 638 1431 693 est,
1452 630 1594 697 quod
1619 641 1900 696 operatum

316 727 402 772 est
447 719 500 770 itt
549 734 636 780 ea,
693 729 830 772 teste
866 721 1098 787 angelo:
1135 719 1271 784 Quia
1323 720 1556 792 Spiritus
1601 731 1814 774 sanctus
1853 729 1904 772 et

317 816 492 864 virtus
549 812 818 875 Altissimi
863 811 1198 864 obumbrabit
1245 825 1315 866 te.
1363 815 1506 866 Ante
1559 817 1660 866 hoc
1724 815 1899 881 ipsum

317 919 451 958 Sane
483 916 668 956 uterus
697 903 951 971 Virginis,
983 906 1230 971 quamvis
1252 905 1507 969 mundus,
1531 905 1778 974 quamvis
1803 906 1902 957 itu—

319 995 562 1063 pollutus
602 1004 657 1047 et
692 995 906 1047 alienus
946 1010 976 1048 a
1005 997 1327 1064 contagione
1383 995 1491 1066 [ιιι.
1545 995 1899 1068 cogitatione]

319 1087 531 1152 precati
564 1125 579 1147 ,
637 1086 888 1152 quamvis
942 1097 1200 1152 sanctus,
1249 1099 1426 1140 tamen
1471 1088 1651 1143 adhuc
1696 1089 1902 1141 vilitate

321 1177 674 1230 humanitatis
706 1178 948 1230 induitur
991 1194 1006 1231 :
1063 1190 1118 1231 ιιι
1179 1182 1252 1232 ita
1307 1179 1506 1241 dicam,
1559 1195 1623 1234 ac
1679 1180 1724 1233 si
1777 1181 1901 1233 lana

320 1271 745 1332 candidissima,
789 1264 998 1337 Suoque
1036 1272 1220 1322 colore
1265 1270 1513 1325 dealbata
1553 1287 1567 1328 :
1602 1273 1692 1324 'atl
1737 1287 1898 1340 quam

319 1378 454 1415 sane
486 1378 612 1415 cum
640 1365 965 1416 accessisset
992 1361 1232 1432 Spiritus
1288 1377 1528 1427 sanctus,
1559 1364 1713 1432 quasi
1774 1366 1891 1433 ipsa

317 1457 622 1522 eademque
660 1456 781 1507 lana
831 1471 952 1506 cum
1008 1455 1248 1507 inficitur
1307 1457 1574 1524 sanguine
1627 1455 1899 1526 conchylii

316 1547 402 1600 vel
438 1548 683 1605 inurit-is.
743 1547 976 1600 vertitur
1023 1545 1098 1600 in’
1129 1563 1471 1616 purpuram:
1515 1563 1682 1602 .versa
1713 1558 1796 1601 cst
1846 1556 1902 1600 et

319 1641 440 1709 ipsa
475 1641 594 1692 sine
626 1643 768 1692 coitu
805 1641 854 1690 in
889 1650 1116 1692 matrem
1147 1655 1162 1695 :
1213 1647 1269 1692 ιιι
1321 1654 1424 1691 non
1463 1640 1532 1692 sit
1565 1638 1669 1704 iam
1707 1639 1900 1692 amodo

319 1733 459 1801 ψιηά
494 1733 690 1796 fuerat,
727 1732 818 1784 sed
848 1746 1083 1800 purpura
1119 1733 1400 1786 verissima
1432 1732 1498 1784 ad
1526 1733 1898 1785 indumentum

2011 536 2211 588 mirum
2243 535 2365 602 quia
2398 535 2586 589 multis
2630 537 2836 612 repleta
2866 549 2949 593 est
2987 540 3252 595 virtutum
3283 540 3544 595 odoribus
3581 556 3598 592 :

2011 643 2240 680 manans
2275 643 2342 680 ex
2391 643 2452 679 ea
2515 629 2792 697 fragrabat
2851 632 3206 684 suavissimus
3255 635 3390 685 odor
3436 633 3598 684 ctiam

2009 718 2296 787 spiritibus
2331 718 2615 785 angelicis.
2661 720 3006 776 Ascendebat
3033 734 3214 776 autem
3243 724 3335 776 Dei
3363 721 3596 792 genitrix

2009 809 2078 864 de
2109 810 2329 863 deserto
2381 811 2667 878 prmsentis
2699 812 2905 876 saeculi,
2943 812 3090 882 virga
3143 813 3211 866 de
3242 814 3423 866 radice
3445 810 3601 866 .lesse

2009 900 2139 953 olim
2170 901 2358 953 exorta
2381 915 2410 951 τ
2433 903 2528 954 sed
2565 900 2906 956 mirabantur
2933 903 3232 957 electorum
3265 904 3459 956 animai
3487 917 3596 970 prae

2012 993 2232 1064 gaudio,
2265 1009 2515 1062 quamam
2552 1005 2698 1048 esset
2727 1009 2848 1063 qua:
2871 995 3035 1049 etiam
3071 997 3390 1050 meritorum
3421 997 3592 1048 virtu-

2013 1084 2158 1137 tibus
2183 1086 2502 1152 angelorum
2535 1085 2779 1139 vinceret
2804 1087 3150 1156 dignitatem.
3184 1085 3259 1140 De
3281 1103 3382 1156 qua
3407 1103 3594 1141 rursus

2011 1177 2154 1230 idem
2191 1177 2430 1243 Spiritus
2465 1186 2684 1230 sanctus
2713 1181 2762 1231 itt
2790 1180 2992 1233 eisdem
3041 1179 3284 1234 Cautius
3319 1199 3332 1234 :
3368 1180 3598 1243 Quw‘est

2011 1269 2114 1320 ista
2137 1283 2254 1336 qua:
2282 1269 2541 1332 ascendit,
2579 1269 2776 1334 inquit,
2823 1271 2979 1338 quasi
3005 1287 3202 1323 aurora
3248 1287 3594 1340 consurgens,

2009 1356 2228 1424 pulchra
2263 1368 2320 1409 ut
2351 1358 2502 1422 luna,
2546 1357 2712 1410 electa
2745 1367 2799 1410 ut
2829 1359 2926 1420 sol,
2961 1363 3206 1414 terribilis
3227 1375 3278 1414 ut
3303 1376 3596 1415 castrorum

2010 1449 2152 1500 acies
2179 1449 2427 1501 ordinata
2459 1447 2634 1520 (Cant.
2671 1466 2742 1513 vt,
2778 1451 2874 1520 9)?
2911 1453 3228 1506 Admiratur
3253 1463 3431 1506 aulum
3471 1455 3594 1523 Spi-

2012 1540 2151 1592 ritus
2179 1551 2419 1602 sant'tus,
2444 1541 2570 1610 quia
2599 1558 2789 1596 omnes
2819 1543 2884 1595 de
2909 1558 3137 1597 ascensu
3167 1544 3330 1610 hujus
3353 1543 3594 1613 Virginis

2010 1631 2347 1684 admirantes
2386 1633 2535 1689 faett.
2577 1635 2714 1699 quod
2740 1637 2894 1702 quasi
2941 1635 3064 1687 novi
3119 1636 3342 1688 diluculi
3396 1652 3590 1688 aurora

2012 1723 2270 1787 rntilans,
2311 1739 2542 1776 ascensu
2591 1740 2691 1778 suo
2719 1727 3083 1794 resplendeat,
3125 1728 3309 1780 multis
3361 1727 3498 1781 freta
3537 1738 3594 1780 ot

317 1839 368 1877 ει
403 1826 629 1892 gloria")
661 1825 856 1877 sumnﬁ
879 1825 1016 1892 regis
1041 1824 1300 1877 divinitus
1322 1825 1606 1891 ῃριίςείηιε
1625 1823 1896 1877 dedicata:
1931 1816 1975 1872 Β
2009 1815 2201 1867 vallata
2228 1827 2539 1869 SRIICltH'lllll
2574 1819 2903 1886 agminibus.
2934 1818 3087 1872 Unde
3131 1819 3353 1883 dicitur,
3387 1821 3594 1874 terribi-

320 1921 530 1972 utnulli
568 1919 827 1986 deinceps
859 1932 918 1968 ea
959 1917 1033 1968 ttti
1066 1932 1164 1968 usu
1219 1916 1455 1968 femineo
1511 1915 1729 1968 licuerit
1789 1915 1893 1969 nisi

319 2011 454 2064 Deo.
487 1989 813 2077 Quippelut
849 2009 919 2061 ita
958 2007 1172 2076 loquar)
1201 2007 1357 2060 beata
1387 2017 1439 2059 et
1473 2006 1708 2072 gloriosa
1747 2007 1897 2074 virgo

325 2102 488 2155 Maria
547 2117 616 2153 eo
663 2101 844 2163 modo,
904 2100 1149 2168 quamvis
1213 2100 1414 2152 dudum
1458 2098 1900 2167 iucomparabilis

318 2205 463 2249 esset
518 2195 794 2247 universis
829 2208 951 2261 quas
987 2193 1090 2246 sub
1127 2191 1266 2246 ccelo
1303 2201 1430 2244 sunt
1461 2192 1792 2260 virginibus,
1828 2202 1886 2244 ιιι

316 2287 577 2343 decenter
608 2293 789 2355 posset
827 2285 881 2338 in
923 2299 982 2338 se
1017 2286 1293 2354 suscipere
1359 2284 1664 2339 divinitatis
1721 2283 1897 2338 admi-

321 2382 580 2446 stionem,
607 2379 755 2432 salva
789 2388 1016 2447 utraque
1062 2385 1288 2429 natura:
1331 2387 1507 2428 tamen
1556 2391 1678 2430 cum
1723 2375 1894 2446 gratia

319 2472 578 2542 repletur,
612 2488 732 2524 eum
757 2469 966 2537 Spiritu
1008 2479 1196 2522 sancto
1228 2467 1596 2535 perfunditur,
1629 2483 1751 2521 cunt
1782 2469 1895 2526 Vir-

320 2572 437 2617 tute
467 2562 732 2617 Altissimi
782 2559 1164 2626 obumbratur,
1202 2561 1262 2613 tit
1309 2560 1602 2627 pretiosior
1654 2559 1894 2625 meritis,

315 2657 481 2710 celsis
502 2655 790 2710 sublimior
827 2653 1082 2723 fastigiis,
1117 2652 1396 2720 pulchrior
1424 2653 1736 2715 sanctitate,
1779 2652 1896 2722 glo-

317 2746 518 2800 riosior
569 2757 796 2799 suorum
856 2744 1232 2814 praerosativis
1289 2731 1649 2798 meritorum:
1705 2743 1778 2795 ita
1835 2753 1890 2796 ttt

318 2834 484 2889 nullis
518 2837 633 2903 jam
689 2833 877 2886 usibus
902 2833 972 2884 sit
1018 2833 1132 2900 ipsa
1179 2832 1481 2898 eademque
1529 2827 1890 2896 tuancipanda

314 2927 424 2979 nisi
469 2925 692 2978 divinis.
753 2921 924 2988 Unde,
989 2938 1021 2977 ο
1055 2922 1416 2976 sanctissimas
1458 2921 1719 2988 virgines,
1781 2920 1887 2974 etsi

313 3016 519 3072 imitari
553 3025 770 3086 oportet
795 3013 998 3069 tantam
1028 3029 1091 3067 ac
1131 3013 1293 3067 talem
1333 3013 1622 3084 virginem,
1668 3019 1888 3080 tamque

316 3109 631 3180 prmelaram
681 3108 960 3162 venerari:
1017 3107 1242 3160 multum
1292 3114 1469 3160 tamen
1522 3105 1802 3172 convenit,
1833 3113 1888 3158 et

315 3165 453 3256 itltra
477 3202 774 3272 angelicam
813 3200 1211 3269 quodammodo
1239 3197 1583 3267 dignitatem,
1619 3207 1888 3266 quantum
1919 3165 1965 3228 δ

315 3295 402 3349 I’as
431 3306 538 3356 est,
577 3310 699 3347 cum
730 3295 928 3361 gaudio
962 3292 1217 3346 laudibus
1252 3306 1374 3344 eam
1436 3290 1773 3358 dignissimis
1816 3288 1894 3343 ef—

313 3388 497 3442 ferre:
530 3403 650 3456 qua:
687 3387 1020 3450 utdiximus,
1056 3401 1158 3439 non
1199 3392 1401 3436 temere
1432 3399 1525 3452 per
1548 3382 1748 3436 Christi
1771 3395 1894 3452 gra-

316 3482 442 3532 tiam
471 3495 639 3546 supcr
665 3483 866 3533 choros
896 3477 1207 3546 angelorum
1241 3475 1498 3536 exaltata,
1538 3474 1892 3527 devmissime

315 3573 474 3626 hodie
523 3573 882 3637 prtedicatur:
915 3571 1041 3638 quia
1075 3567 1358 3638 precessit
1391 3581 1509 3620 eam
1535 3565 1807 3618 Dutuinns
1833 3573 1892 3619 et

314 3664 564 3716 Salvator
588 3674 774 3715 noster
806 3678 869 3716 es
907 3677 967 3714 ea
999 3678 1121 3715 vera
1156 3662 1258 3714 fide
1283 3659 1502 3728 genitus
1533 3658 1598 3710 ad
1623 3655 1888 3712 ctnlestia:

311 3764 372 3808 ut
411 3764 630 3820 pararet
660 3753 732 3814 ei,
764 3754 905 3806 sicut
939 3752 1052 3818 ipse
1083 3753 1196 3804 suis
1248 3749 1559 3818 repromisit
1587 3746 1889 3816 discipulis,

313 3846 367 3899 in
389 3848 646 3899 aethereis
675 3846 1048 3898 mansionibus
1083 3845 1282 3897 locum.
1321 3842 1456 3894 lliuc
1480 3855 1694 3909 quoque
1721 3837 1889 3892 Davitl

310 3939 578 4008 preplteta
637 3937 768 3990 olitn
818 3937 1245 4006 gratulabundus
1309 3935 1533 3987 Christo
1577 3933 1764 3986 cauit:
1847 3934 1886 3985 Α

305 4046 535 4094 suntnto,
577 4029 773 4096 inquit,
807 4028 931 4081 caelo
955 4028 1180 4096 egressio
1207 4027 1321 4094 ejus
1345 4043 1363 4079 :
1421 4035 1470 4078 et
1498 4041 1744 4077 occursus
1774 4022 1888 4092 ejus

307 4137 471 4186 usque
500 4120 860 4172 adsummum
900 4119 1014 4186 ejus
1051 4118 1238 4188 (Psal.
1309 4133 1463 4178 ltlll,
1499 4118 1576 4185 7).
1628 4115 1886 4170 Ascendit

305 4229 436 4283 ergo
467 4212 714 4265 eamdem
747 4211 971 4278 gloriam
999 4224 1399 4278 resumpturus,
1431 4209 1557 4262 licet
1609 4224 1713 4262 non
1743 4207 1886 4260 auti-

305 4307 459 4369 serit,
491 4319 652 4373 quam
674 4303 822 4372 ptius
846 4304 1106 4364 habuerat
1135 4313 1423 4370 antequam
1452 4302 1685 4354 mundus
1713 4301 1884 4354 ﬁeret.

304 4397 569 4452 Ascendit
599 4407 654 4450 et
682 4396 1009 4466 praeparavit
1039 4394 1166 4450 huic
1197 4394 1558 4448 sanctissima:
1589 4403 1644 4449 et
1679 4393 1884 4464 glorio-

2004 1908 2069 1961 lis
2102 1917 2158 1960 ut
2197 1917 2499 1960 castrorum
2549 1911 2690 1961 acies
2734 1910 3004 1963 ordinata.
3052 1911 3329 1978 Siquidem
3365 1914 3591 1967 tenbilis

2003 2001 2116 2055 suis
2145 2000 2284 2054 fat-ta
2321 2001 2641 2065 virtutibus,
2677 2009 2733 2053 ιιι
2784 2015 3090 2056 castrorum
3122 2005 3265 2056 acies
3297 2005 3590 2058 admodum

2002 2094 2250 2146 ordinata
2292 2110 2306 2146 :
2347 2093 2476 2145 binc
2531 2095 2655 2146 inde
2711 2094 3025 2161 angelorum
3082 2107 3394 2149 sanctorum
3462 2097 3590 2149 lulta

2002 2185 2270 2254 prmsidiis
2301 2205 2312 2237 :
2343 2185 2563 2254 pulchra
2637 2195 2695 2236 ut
2744 2185 2873 2237 luna
2909 2226 2925 2250 ,
2972 2189 3080 2240 imo
3126 2189 3402 2251 pulchrior
3429 2204 3588 2258 quam

2003 2278 2151 2340 luna,
2195 2278 2321 2346 quia
2369 2280 2486 2346 jam
2516 2279 2635 2332 sine
2669 2280 2879 2334 defectu
2912 2279 2998 2334 sui
3049 2291 3317 2345 coruscat,
3353 2285 3590 2336 coelesti-

2003 2371 2101 2424 bus
2127 2370 2394 2423 illustrata
2431 2369 2758 2440 fulgoribus.
2791 2372 2977 2425 Electa
3004 2382 3058 2424 ut
3098 2374 3196 2436 sol,
3238 2373 3449 2443 fulgore
3482 2377 3590 2428 vir-

2002 2468 2200 2523 tutum,
2229 2462 2358 2530 quia
2397 2465 2514 2529 lpse
2548 2462 2708 2532 elegit
2752 2479 2870 2518 eam
2905 2466 2986 2518 sol
3033 2464 3374 2533 justitiam-ut
3403 2483 3591 2522 nasce-

2002 2557 2154 2605 retur
2179 2567 2244 2604 εκ
2280 2567 2365 2606 ea.
2399 2553 2476 2605 Ad
2505 2554 2664 2623 c‘ujus
2707 2556 2950 2622 proiecto
2979 2557 3273 2624 exsequias
3302 2559 3585 2628 (quantum

1999 2643 2083 2696 fas
2105 2653 2186 2697 est
2211 2643 2455 2714 credere)
2505 2645 2913 2702 famulabantur
2963 2649 3164 2718 angeli,
3224 2661 3279 2704 et
3322 2652 3588 2707 universa:

1997 2735 2262 2788 cmlorum
2295 2737 2821 2805 congratulabantnr
2855 2739 3039 2794 curiae.
3075 2739 3182 2797 Nec
3214 2743 3432 2810 mirum,
3458 2747 3583 2812 quia

1998 2825 2176 2880 honor
2242 2837 2522 2883 maternus
2577 2830 2695 2896 eius
2750 2839 2855 2896 est,
2907 2832 3000 2902 qui
3048 2842 3134 2888 est
3172 2845 3334 2890 natus
3371 2851 3438 2889 ex
3471 2853 3582 2892 ea:

1995 2932 2156 2985 quem
2211 2919 2390 2972 onmis
2435 2919 2703 2976 ctelorum
2749 2924 2885 2978 ordo
2945 2936 3246 2980 veneratur
3280 2939 3333 2981 et
3389 2931 3582 2982 adorat

1995 3022 2157 3077 super
2184 3023 2242 3062 se
2287 3008 2558 3064 elevatum
2614 3027 2740 3066 cum
2795 3011 2954 3068 Patre
3012 3015 3062 3068 itt
3114 3018 3241 3070 sede
3283 3016 3584 3086 tnajestatis

1995 3097 2236 3153 Domini.
2277 3099 2534 3170 Legimus
2571 3104 2714 3158 enim
2762 3120 2924 3174 quam
2957 3121 3098 3175 stepe
3119 3106 3186 3161 ad
3219 3108 3408 3164 funera
3435 3123 3490 3164 et
3513 3113 3582 3165 ad

1997 3191 2304 3262 sepulturas
2332 3195 2701 3264 quorumlibet
2718 3204 3033 3252 sanctorum
3054 3201 3279 3270 angelos
3300 3203 3585 3258 advenisse

1996 3294 2049 3340 et
2079 3288 2353 3356 exsequiis
2389 3303 2578 3343 eorum
2609 3271 2873 3357 obsequia
2901 3296 3221 3361 praestitisse
3249 3312 3268 3350 :
3297 3311 3507 3352 necnon
3529 3309 3584 3352 et

1997 3374 2205 3428 animas
2235 3379 2538 3432 electorum
2583 3394 2757 3449 usque
2791 3381 2857 3434 ad
2909 3384 3101 3448 «celos,
3135 3401 3258 3440 cum
3289 3387 3501 3458 hymnis
3527 3401 3582 3442 et

1997 3465 2246 3521 laudibus
2303 3471 2602 3525 detulisse:
2634 3475 2723 3525 ubi
2784 3486 2833 3528 et
2877 3478 3160 3547 Utriusque
3206 3495 3368 3535 suos
3423 3483 3582 3537 chori

1994 3571 2498 3616 commemorantur
2532 3562 2850 3632 frequenter
2881 3568 3072 3628 auditi,
3111 3572 3405 3641 laudesque
3439 3576 3584 3627 ccci-

1994 3648 2146 3703 nisse
2179 3650 2420 3706 :iuterea
2445 3663 2499 3707 et
2527 3660 2669 3723 quod
2687 3658 3064 3723 perSpicacius
3111 3673 3216 3723 est,
3239 3663 3404 3716 multo
3445 3679 3584 3718 nou-

1995 3755 2270 3810 nunquatu
2304 3744 2510 3798 lumine
2550 3747 2770 3801 eosdem
2799 3751 3235 3820 reSplenduisse;
3277 3757 3500 3824 insuper
3523 3767 3577 3810 ιι

1994 3831 2172 3884 adhuc
2222 3833 2470 3890 viventes
2521 3837 2573 3889 in
2607 3853 2792 3904 carne,
2826 3841 3026 3895 ibidem
3080 3844 3202 3897 miri
3247 3847 3432 3899 odoris
3469 3847 3580 3901 fra-

1993 3924 2263 3987 grantiam
2294 3923 2501 3980 diutius
2533 3932 2889 3996 persuasisse.
2940 3930 3095 3999 Quod
3133 3936 3178 3988 si
3215 3939 3280 3990 ad
3321 3953 3576 3994 recrean-

1993 4013 2116 4067 dam
2149 4030 2325 4085 spem.
2380 4017 2757 4076 dilectissime
2811 4021 2954 4088 ﬁlim,
3006 4033 3059 4078 et
3110 4028 3572 4086 corroborandatn

1993 4106 2153 4188 fidem
2207 4111 2480 4163 interdum
2525 4113 2847 4180 astantium,
2892 4116 3148 4173 Salvator
3205 4132 3391 4176 noster
3414 4121 3574 4178 Jesus

1990 4199 2260 4265 Christus,
2297 4203 2369 4257 ob
2401 4206 2593 4258 merita
2625 4221 2852 4261 suorum
2881 4210 3112 4279 amplius
3143 4217 3571 4285 comprobanda,

1993 4293 2120 4345 talia
2154 4305 2210 4347 et
2252 4304 2398 4348 tanta
2443 4296 2700 4367 dignatus
2747 4309 2831 4354 est
2887 4302 3144 4358 exhibere
3170 4320 3265 4374 per
3290 4324 3420 4363 suos
3450 4311 3572 4364 cmli

1993 4386 2270 4442 ministros
2300 4389 2445 4444 circa
2486 4390 2779 4447 defunctos
2818 4407 3068 4463 :gquanto
3120 4398 3294 4468 magis
3339 4401 3568 4456 creden-

303 4490 542 4544 sissitna:
599 4488 803 4556 Virgini
844 4491 1020 4541 locum
1082 4486 1530 4554 immortalitatis,
1567 4495 1773 4540 ut-cutn
1821 4501 1888 4541 eo
1919 4511 1963 4566 ι)
1991 4481 2116 4533 dum
2153 4491 2236 4566 est
2275 4483 2538 4538 hodierna
2575 4485 2660 4540 die
2711 4487 2957 4541 militiam
2981 4489 3260 4546 'cwlorutn
3302 4509 3424 4548 cum
3457 4496 3573 4549 suis

305 4593 539 4647 regnare
570 4590 752 4645 posset
777 4580 829 4630 itt
866 4586 1207 4652 perpetuum.

380 4670 514 4724 ιἰιι.
549 4670 611 4724 Et
649 4671 764 4722 bzcc
810 4680 892 4722 cst
930 4671 1092 4737 hujus
1142 4669 1432 4738 pra-sentis
1465 4669 1568 4723 diei
1595 4668 1880 4728 festititas,

303 4763 356 4814 in
384 4777 491 4830 qua
516 4762 749 4830 gloriosa
777 4769 832 4812 et
860 4760 990 4813 felix
1026 4761 1092 4814 ad
1122 4761 1420 4814 aetherenm
1468 4763 1707 4828 pervenit
1757 4762 1884 4813 th..-

298 4855 529 4908 lamntn.
559 4856 693 4920 Qua!
722 4851 968 4922 profecto
1010 4854 1298 4916 festivitas,
1333 4853 1491 4907 sicuti
1526 4853 1680 4907 beata
1715 4851 1882 4905 Mat-ia

300 4945 748 5012 inconparabilis
787 4953 868 4999 est
896 4944 1198 5013 virginibus
1233 4945 1465 5010 caeteris,
1497 4944 1567 4997 ita
1604 4945 1884 5011 incompa-

301 5038 489 5092 rabilis
537 5049 624 5092 est
683 5039 928 5091 omnium
979 5047 1294 5090 sanctorum
1326 5036 1785 5092 festivitatibus:
1829 5050 1882 5090 ιιι

299 5131 620 5184 admiranda
658 5141 745 5184 est
787 5131 950 5183 etiam
1001 5130 1259 5197 angelicis
1294 5129 1607 5184 virtutibus.
1653 5129 1882 5200 Propter

301 5223 444 5292 quod
475 5239 540 5276 ex
591 5237 823 5291 persona
855 5236 1218 5289 supct-umum
1270 5223 1474 5276 civium
1521 5225 1640 5289 eius
1669 5240 1880 5274 ascen-

299 5315 452 5368 sioue
486 5315 762 5367 admirans
794 5313 1031 5381 Spiritus
1075 5325 1318 5378 sanctus,
1373 5314 1448 5366 ait
1484 5314 1533 5366 itt
1586 5314 1824 5367 Canticis
1864 5332 1878 5367 :

301 5411 430 5469 Qua.
466 5418 541 5459 est
579 5417 679 5460 ista
709 5422 824 5473 qua:
857 5405 1091 5458 ascendit
1141 5422 1232 5473 per
1283 5406 1568 5468 desertum,
1601 5409 1735 5459 sicut
1765 5412 1870 5461 vir-

299 5500 421 5566 gula
464 5501 593 5567 [nati
643 5515 705 5552 ex
742 5500 1068 5552 «ramalibus
1121 5496 1301 5565 (Cant.
1367 5515 1447 5560 ιιι,
1491 5500 1589 5566 6)?
1626 5500 1693 5551 Et
1747 5505 1879 5555 bene

299 5608 450 5658 quast
500 5595 704 5660 virgula
741 5592 895 5652 fumi,
943 5594 1068 5659 quia
1121 5591 1336 5659 gracilis
1374 5602 1428 5645 et
1477 5592 1876 5660 tlclicala,qttia

301 5686 496 5736 divinis
523 5695 811 5738 extenuata
838 5685 1166 5752 disciplinis,
1194 5695 1248 5737 et
1279 5679 1621 5738 ceuct‘e’mata
1651 5688 1797 5740 intus
1823 5689 1876 5738 itt

304 5777 680 5833 holocaustum
713 5780 965 5835 incendio
996 5780 1067 5848 pii
1114 5778 1338 5843 amoris,
1377 5791 1428 5832 et
1451 5779 1723 5834 desidet-io
1747 5782 1869 5835 cha-

1986 4559 2293 4642 agminibus
2350 4576 2542 4632 fcsdve
2588 4580 2804 4634 obviam
2853 4583 3068 4638 venisse
3115 4582 3379 4640 chitrici
3445 4589 3562 4653 Dei,

1983 4679 2213 4734 eamque
2243 4666 2442 4736 ingenti
2478 4667 2681 4724 lumine
2710 4672 3166 4741 circutnlulsisse,
3202 4685 3256 4730 et
3290 4694 3460 4748 usque
3493 4686 3563 4734 ad

1987 4747 2240 4811 thronum
2261 4761 2390 4813 olim
2417 4761 2522 4815 sibi
2550 4763 2711 4815 etiam
2745 4777 2870 4819 ante
2904 4769 3086 4822 tuttudi
3116 4772 3566 4827 constitutionem

1985 4862 2271 4922 paratum,
2334 4871 2455 4905 cunt
2503 4854 2760 4910 laudibus
2811 4869 2865 4911 ct
2918 4863 3146 4916 canticis
3189 4863 3567 4932 spiritualilttts

1985 4945 2330 5011 perduxisse!
2365 4945 2508 5000 Nulli
2546 4949 2794 5013 dubium,
2836 4967 3048 5008 omnem
3105 4955 3248 5009 illam
3287 4958 3568 5012 t'telestetn

1981 5033 2304 5100 Jerusalem,
2361 5049 2488 5092 tunc
2536 5044 2843 5097 exsultasse
2898 5047 3156 5103 ineffabili
3195 5049 3402 5113 laetitia,
3439 5063 3570 5105 tunc

1977 5125 2333 5198 jucundataut
2379 5148 2502 5188 esse
2559 5137 2924 5191 inaestimabili
2984 5142 3274 5207 t-ltaritate,
3327 5157 3566 5211 tuncque

1984 5239 2108 5276 cum
2129 5230 2273 5277 omni
2295 5229 2661 5294 gratulatione
2685 5232 2985 5298 iubilasse:
3014 5241 3265 5302 quoniam
3296 5237 3575 5292 festivitas

1983 5315 2099 5369 hinc
2135 5333 2241 5384 quo
2278 5319 2435 5372 nobis
2484 5322 2644 5376 hodie
2679 5326 2978 5378 revolvitur
3011 5343 3211 5390 annua,
3246 5329 3350 5382 illis
3381 5333 3561 5385 omni.-

1982 5408 2082 5463 btts
2122 5410 2260 5464 facta
2286 5423 2369 5466 est
2400 5414 2684 5471 continua.
3523 5409 3530 5414 I

2053 5501 2140 5555 IX.
2170 5502 2277 5558 Nec
2311 5508 2586 5562 immerito
2616 5527 2628 5565 :
2663 5515 2908 5566 creditur
2961 5515 3102 5566 mini
3138 5521 3281 5584 quod
3312 5518 3569 5575 Salvator

1981 5597 2220 5649 omnium
2261 5601 2393 5667 ipse,
2427 5614 2692 5669 quantum
2725 5609 2884 5659 datur
2931 5607 3181 5674 intelligi,
3208 5629 3300 5678 per
3323 5629 3382 5665 SC
3417 5625 3564 5668 totus

1982 5687 2205 5742 festivus
2257 5697 2521 5758 occurrit,
2579 5707 2631 5749 et
2683 5711 2804 5750 cum
2869 5700 3067 5765 gaudio
3116 5717 3236 5754 eam
3272 5685 3568 5759 ειιςιιιηιιι

1983 5783 2178 5838 throno
2204 5786 2510 5844 collocmit.
2553 5791 2700 5844 Alias
2749 5800 2928 5846 autem
2952 5798 3223 5858 quomodo
3241 5800 3559 5859 '.lllDitViS:C
