4054 6206
469 287 572 355 135

1684 273 1744 332 s.
1792 271 2102 334 EUsnmt
2150 257 2591 340 lIlERONYMI

3628 281 3724 348 1.36

470 401 715 457 creditur
749 398 891 471 quod
929 398 982 453 in
1021 395 1138 466 lege
1180 398 1293 467 ipse
1345 396 1649 467 pra‘cepit,:
1687 393 1906 448 Honora
1955 412 2050 465 pa-
2080 401 2124 455 Α
2155 393 2380 458 Libano,
2423 397 2560 459 veni,
2592 396 2927 450 coronaberis
2968 395 3147 464 (Cant.
3177 413 3247 464 tv,
3287 398 3364 471 8).
3404 397 3519 454 Non
3546 400 3709 453 immc

465 501 598 547 trem
632 501 781 546 tuum
815 503 864 543 et
923 501 1141 541 matrem
1181 499 1326 541 tuam
1375 487 1593 558 (Matth.
1629 503 1722 549 xv,
1755 487 1850 555 4)?
1880 487 2046 539 Porto

466 583 612 652 quod
670 593 875 650 patroni
913 582 1286 642 ltonoravcrit,
1332 581 1446 644 ipse
1492 579 1648 632 testis
1679 587 1784 641 est,
1823 594 1946 630 cum
1983 579 2048 630 ad

463 672 682 728 Judzcos
714 673 783 726 ait
807 689 822 726 :
846 671 954 742 Ego
989 671 1214 741 gloriam
1251 687 1418 723 meum
1452 687 1554 724 non
1595 679 1774 737 quer
1810 679 1926 724 :cst
1961 669 2052 738 qui

471 776 676 835 quierat
702 778 747 818 et
775 765 966 828 iudicet
996 765 1126 818 :sed
1157 782 1248 834 ego
1284 763 1572 834 honoriﬁco
1613 764 1819 817 Patrem
1858 780 2051 823 meum,

469 867 519 912 ct
550 873 632 910 vos
663 855 1021 909 inhonoraslis
1053 870 1130 905 me
1160 853 1474 921 (Joann'm,
1507 854 1598 913 49.
1627 855 1740 922 50).
1773 853 1847 906 lle
1884 863 2054 906 matre

476 960 602 996 vero
633 942 975 1007 Evuttgt-lism
1023 957 1037 995 :
1079 941 1209 995 Cum
1245 942 1435 994 rediret
1483 945 1712 1002 ueniens,
1746 945 1839 1003 ait,
1874 942 2057 996 Naza-

475 1032 983 1096 reth,eratsubtlitus
1007 1032 1114 1083 illis
1143 1029 1294 1097 (Luc.
1317 1032 1495 1096 tt,5|).
1513 1029 1616 1082 Sed
1637 1031 1736 1083 alia
1759 1040 1839 1083 cst
1863 1040 2056 1083 natura

469 1143 576 1196 qua
613 1126 748 1177 Dt-us
787 1125 942 1176 Pater
979 1123 1280 1178 secundum
1328 1138 1385 1177 sc
1439 1123 1759 1186 honoratur,
1800 1123 1906 1176 alia
1949 1138 2054 1188 qua

474 1219 617 1272 illum
656 1217 968 1284 parentibus
996 1216 1267 1308 subditur.
1330 1215 1388 1268 lu
1443 1225 1672 1282 utraque
1714 1223 1891 1268 tamen
1922 1230 2060 1266 unus

475 1309 728 1377 idemque
753 1308 1001 1361 Christus
1055 1303 1201 1360 recte
1228 1305 1508 1364 creditur:
1534 1321 1600 1361 eo
1640 1308 1784 1374 quod
1819 1303 2059 1360 Verbum

475 1416 604 1452 raro
639 1398 840 1452 factum
871 1412 973 1459 est,
1000 1407 1053 1450 ct
1078 1397 1340 1450 habitavit
1372 1399 1422 1450 in
1455 1397 1627 1461 nobis,
1659 1413 1800 1450 unus
1843 1396 2061 1448 Emma-

480 1492 624 1555 nuel,
647 1491 788 1559 quod
807 1491 1202 1554 est,nohiscum
1227 1488 1387 1542 Deus.
1415 1486 1562 1541 Hanc
1586 1490 1786 1557 quippe
1809 1490 2058 1540 unionem

477 1581 782 1637 divinitatis
799 1591 961 1649 atque
993 1579 1343 1632 humanitatis
1364 1579 1701 1634 inconfusam
1727 1590 1888 1649 atque
1917 1566 2062 1632 indi;

479 1676 651 1727 visam
676 1673 809 1726 lldes
828 1673 1092 1726 catholica
1119 1682 1300 1726 servat
1327 1688 1342 1727 :
1375 1688 1532 1741 quem
1563 1688 1693 1726 sane
1721 1672 2064 1740 intelligendo

477 1764 757 1832 cognoscit
793 1764 1078 1826 naturalis,
1125 1774 1289 1832 atque
1352 1767 1652 1818 secundum
1704 1763 2061 1817 substantiam
2095 1745 2136 1798 Β

478 1857 770 1922 conventio
793 1857 1041 1916 unitatis,
1072 1868 1126 1907 ut
1153 1869 1329 1922 neque
1349 1856 1636 1908 conversio
1671 1856 1721 1906 in
1746 1857 2065 1906 alterutram

389 2003 400 2014 ,
481 1955 705 2002 duarum
727 1949 1148 2002 substantiarum
1172 1959 1376 2014 partem
1402 1946 1712 2014 recipiatur,
1736 1961 1834 1999 nec
1851 1947 2066 2000 divisio.

499 2039 592 2093 Sic
621 2052 854 2105 namque
881 2041 1124 2100 credere,
1153 2041 1422 2090 honorare
1473 2050 1555 2090 εει
1592 2049 1816 2090 matrem
1854 2036 2067 2090 Domini

476 2147 598 2200 quis
618 2131 783 2185 Deum
800 2131 954 2185 nobis
973 2130 1157 2198 genuit
1181 2140 1234 2182 et
1254 2129 1526 2182 hominem
1558 2147 1570 2181 :
1596 2145 1772 2196 neque
1793 2129 2066 2182 hominem

475 2223 594 2278 sine
617 2223 748 2288 Deo,
779 2237 952 2291 neque
975 2222 1093 2276 sine
1120 2221 1337 2275 homine
1357 2219 1546 2283 Deum,
1578 2221 1668 2275 sed
1695 2220 1862 2274 Deum
1890 2232 1945 2274 et
1971 2221 2068 2272 lto-

477 2317 682 2371 minem
703 2333 865 2370 unum
886 2326 940 2370 et
963 2331 1148 2369 verum
1169 2313 1358 2368 Jesum
1389 2313 1689 2368 Christum.
1733 2313 1946 2383 Alioqui
1978 2305 2066 2366 Dei

475 2409 708 2480 genitrix
730 2409 834 2461 dici
867 2424 970 2461 non
993 2415 1196 2474 posset,
1223 2408 1367 2476 quod
1386 2407 1538 2459 multi
1562 2406 1941 2460 haereticorum
1977 2422 2071 2460 ne-

477 2515 608 2568 gare
639 2501 820 2552 conati
847 2507 993 2561 sunt,
1026 2499 1126 2551 nisi
1157 2497 1322 2550 Deum
1355 2512 1480 2550 vere
1509 2495 1786 2563 genuisset
1816 2498 2071 2550 incarna-

480 2603 592 2644 tum
625 2606 641 2645 :
671 2601 721 2643 et
748 2598 1033 2659 propterea
1059 2591 1190 2642 duas
1232 2589 1282 2642 in
1309 2589 1530 2643 Christo
1570 2587 1719 2642 recte
1749 2588 2072 2642 conﬁtemur

480 2680 825 2734 nativitates.
877 2678 1048 2734 Unam
1077 2680 1329 2734 videlicet
1363 2681 1429 2733 de
1458 2690 1626 2748 patre,
1664 2681 1781 2736 sine
1807 2681 1984 2742 initio,
2018 2689 2073 2734 et

484 2775 607 2845 sine
633 2782 878 2844 tempore
911 2775 1297 2844 sempiternam
1323 2783 1377 2828 et
1404 2785 1728 2828 coaeternam
1764 2773 1874 2827 Deo
1901 2773 2070 2835 Patri.

480 2865 720 2920 Alteram
763 2868 829 2918 de
873 2872 1044 2918 matre
1097 2877 1220 2916 cum
1265 2871 1536 2932 tempore,
1581 2862 1804 2930 quando
1843 2864 2072 2916 misera-

483 2957 689 3012 tionem
725 2955 958 3018 induens
981 2964 1033 3009 et
1065 2954 1521 3020 tttiscricordiant,
1546 2961 1846 3023 spontanea
1871 2953 2070 3026 (volun-

487 3058 595 3103 tate
628 3049 693 3102 ad
737 3064 834 3102 nos
866 3048 1144 3101 descendit
1177 3047 1335 3100 homo
1367 3053 1524 3100 natus
1559 3045 1700 3099 Deus
1727 3064 1738 3100 :
1766 3061 1829 3100 ac
1856 3060 1949 3114 per
1970 3045 2071 3100 hoc

479 3143 635 3214 justa
678 3142 960 3196 veritatem
993 3151 1046 3194 et
1086 3140 1275 3194 matris
1310 3147 1554 3209 gestatur
1586 3150 1764 3205 utero,
1795 3139 1886 3208 qui
1921 3155 2067 3194 sem-

488 3251 588 3306 per
632 3234 775 3290 Deus
809 3231 1145 3302 agnoscitur.
1199 3232 1335 3286 ltinc
1379 3232 1542 3286 etiam
1587 3229 1904 3286 Theotocon
1946 3245 2068 3286 eam

487 3331 755 3384 veraciter
790 3326 1135 3391 conﬁtemur,
1182 3309 1272 3380 Dei
1331 3324 1541 3380 scilicet
1569 3325 1911 3393 genitricem,
1945 3340 2069 3378 nec-

482 3439 589 3478 non
602 3432 657 3476 et
674 3420 1086 3485 Christotocon;
1111 3433 1212 3473 non
1228 3419 1372 3486 quod
1395 3415 1627 3471 Verbum
1644 3432 1863 3472 carnent
1882 3432 2065 3470 secum

483 3515 762 3577 detulerit,
801 3527 978 3583 neque
1006 3513 1134 3566 olim
1172 3513 1408 3579 praelata:
1436 3509 1589 3563 carni
1617 3509 1928 3578 copulatum
1955 3511 2024 3563 sit
2050 3524 2066 3564 :

479 3613 574 3664 sed
608 3618 735 3662 tunc
763 3607 984 3675 quando
1015 3604 1256 3660 Verbum
1310 3619 1436 3658 caro
1465 3604 1660 3657 factum
1689 3614 1770 3656 est
1804 3619 1868 3656 ex
1903 3618 2070 3656 carne

483 3692 748 3764 Virginis,
772 3693 1077 3747 divinitatis
1127 3704 1289 3762 atque
1343 3693 1700 3747 humanitatis
1753 3692 2058 3747 substantia

481 3791 535 3844 itt
570 3800 727 3843 utero
767 3788 838 3840 ita
877 3784 1160 3842 iuconl‘use
1208 3785 1415 3849 unitut‘,
1471 3794 1530 3838 ut
1562 3800 1668 3838 una
1724 3800 1956 3854 persona
1995 3785 2066 3840 sit

490 3885 628 3936 Deus
658 3890 712 3934 et
742 3879 904 3934 homo
928 3877 1207 3933 Christus.
1257 3877 1335 3932 Ex
1365 3877 1576 3932 duabus
1603 3877 1873 3948 siquidem
1909 3889 2071 3932 natu-

487 3949 563 4026 ris
585 3971 703 4024 sine
729 3971 1054 4025 confusione
1085 3969 1338 4032 alterius,
1373 3969 1585 4025 nonnisi
1627 3985 1768 4024 unus
1801 3971 2072 4026 invenitur

481 4064 642 4118 .lesus
688 4061 951 4116 Dominus
1013 4075 1239 4116 manens
1294 4062 1434 4115 Deus
1494 4062 1544 4114 in
1599 4061 1771 4115 forma
1822 4061 1940 4125 Dei,
1973 4063 2069 4131 qui

480 4155 815 4221 semetipsum
843 4153 1155 4214 exinunivit,
1183 4152 1416 4222 formant
1444 4156 1581 4206 servi
1615 4155 1878 4223 accipiens
1913 4155 2070 4223 (Phi-

480 4248 612 4316 (ipp.
645 4261 704 4311 ιι,
743 4246 802 4318 7)
838 4262 852 4300 :
887 4261 1112 4301 manens
1147 4261 1286 4298 unus
1341 4247 1595 4314 idemque
1627 4249 1692 4319 ⁸ἱιι
1729 4250 1900 4304 forma
1925 4249 2066 4303 serti

482 4353 644 4407 quam
667 4339 908 4406 suscepit
939 4349 956 4391 :
985 4346 1132 4390 totus
1172 4337 1372 4405 quippe
1427 4338 1567 4400 Deus
1597 4339 1649 4392 itt
1692 4355 1862 4396 carne
1888 4339 2065 4410 Virgi-

2155 490 2258 540 rito
2293 487 2462 555 igitur
2487 487 2672 542 venire
2719 489 2784 540 de
2815 487 3026 541 Libano
3055 489 3301 558 iubetur,
3347 491 3470 557 quia
3496 490 3734 551 Lihauus

2153 576 2462 631 candidatio
2490 577 2901 646 interpretatur.
2927 581 3054 633 Erat
3074 581 3218 634 enim
3241 582 3526 634 canditlata
3551 582 3734 635 multis

2154 669 2477 722 meritorum
2530 670 2842 734 virtutibus,
2886 682 2938 723 et
2994 671 3244 726 dcalbata
3291 673 3414 725 nive
3449 672 3736 726 candidior

2156 761 2394 829 Spiritus
2425 772 2596 815 Sanctt
2635 763 2972 825 muneribus,
3026 764 3432 832 simplicitatem
3464 763 3736 818 columba:

2157 848 2210 902 in
2244 843 2498 904 omnibus
2527 861 2925 919 repraesentans
2956 869 2972 906 :
2999 853 3256 919 quoniam
3285 853 3549 924 quidquid
3587 854 3638 907 in
3672 868 3737 907 ea

2159 949 2369 1009 gestum
2397 950 2502 1006 est,
2547 952 2717 996 totum
2749 945 2957 1012 puritas
2981 953 3036 997 ct
3071 945 3392 1015 simplicitas
3419 944 3617 1018 [.llart.
3650 955 3736 1000 ta-

2159 1038 2236 1082 cet
2273 1039 2441 1083 totunt
2476 1032 2685 1099 puritas
2722 1043 2778 1088 et
2823 1031 3192 1104 simplicitas],
3227 1041 3397 1088 totum
3440 1036 3644 1090 veritas
3682 1044 3740 1089 et

2161 1123 2331 1190 gratia
2358 1121 2478 1184 fuit,
2529 1133 2703 1182 totum
2741 1123 3143 1187 misericordia,
3181 1123 3491 1193 etjustitia,
3528 1141 3648 1194 qua:
3675 1125 3741 1179 de

2160 1215 2301 1269 caelo
2331 1218 2608 1284 prospexit
2646 1228 2660 1269 ζ
2695 1226 2746 1268 ct
2781 1216 2901 1268 ideo
2955 1217 3324 1280 immaculata,
3359 1218 3481 1286 quia
3517 1217 3568 1270 in
3597 1217 3742 1270 nullo

2162 1315 2439 1372 Corrupta.
2476 1303 2849 1358 Circumdcdit
2901 1307 3046 1358 enim
3083 1308 3255 1360 virum
3287 1308 3338 1360 in
3379 1319 3557 1368 utero,
3602 1310 3742 1361 sicut

2162 1395 2428 1451 Jeremias
2475 1405 2697 1451 sanctus
2732 1406 2980 1460 testatur,
3035 1411 3087 1452 et
3117 1415 3222 1454 non
3255 1399 3474 1454 aliunde
3510 1401 3739 1470 accepit.

2165 1487 2365 1550 Faciet,
2401 1489 2599 1552 inquit,
2659 1489 2911 1542 Dominus
2971 1507 3159 1543 norum
3222 1507 3378 1558 super
3430 1503 3649 1555 terram,
3695 1503 3742 1546 et

2169 1583 2359 1634 mulier
2403 1581 2751 1634 circumdabit
2844 1583 3014 1633 cirum
3057 1580 3276 1651 (Jerem.
3335 1597 3411 1646 is,
3458 1580 3573 1650 3'2).
3615 1581 3744 1636 Vctc

2168 1689 2364 1729 novum
2397 1685 2450 1727 et
2482 1675 2718 1726 omnium
2754 1674 3076 1726 uovitatum.
3097 1672 3508 1739 supcrctttiueus
3533 1674 3744 1726 novitas

2170 1767 2449 1831 viriutum,
2509 1767 2724 1834 quando
2778 1766 2918 1820 Deus
2979 1766 3160 1834 (quem
3212 1764 3354 1818 ferre
3400 1782 3505 1819 non
3565 1771 3744 1834 potest

2171 1859 2423 1919 mundus,
2459 1872 2634 1924 neque
2674 1858 2860 1910 videre
2889 1857 3090 1924 aliquis
3151 1853 3416 1909 ut'vivere
3443 1857 3634 1924 possit)
3668 1855 3745 1910 sic

2170 1948 2449 2016 ingressus
2480 1959 2561 2001 cst
2594 1948 2888 2016 hospitium
2933 1949 3159 2009 ventris,
3216 1959 3273 2000 ut
3319 1949 3566 2016 corporis
3592 1946 3741 1999 clau-

2170 2053 2340 2096 strum
2379 2045 2610 2096 nesciret
2643 2058 2656 2098 :
2693 2047 2879 2108 sit-que
2927 2051 3192 2109 gestatus,
3227 2051 3282 2092 ιιι
3309 2044 3467 2093 ἶιοιιιε
3507 2037 3647 2092 Deus
3689 2039 3744 2090 in

2171 2150 2235 2189 eo
2265 2143 2430 2196 csSet,
2472 2143 2526 2188 ct
2557 2135 2636 2188 sic
2675 2132 3013 2197 exivitinde,
3041 2141 3100 2186 ut
3134 2142 3280 2186 esset
3300 2131 3464 2199 (sicut
3499 2129 3746 2184 Ezechiel

2172 2227 2393 2297 fatetur)
2436 2237 2589 2296 porta
2657 2229 2882 2280 omnino
2945 2227 3155 2279 clausa.
3224 2224 3376 2279 Unde
3438 2215 3653 2276 canitur
3693 2221 3746 2275 ιιι

2172 2319 2376 2374 eisdetn
2433 2319 2676 2372 Cauticis
2729 2320 2796 2372 de
2854 2333 2914 2373 ea
2952 2335 2966 2374 :
3010 2317 3209 2372 Hortus
3273 2317 3573 2382 conclusus,
3629 2315 3748 2384 fons

2171 2415 2429 2482 signatus,
2455 2414 2762 2466 emissiones
2801 2426 2905 2468 tute
2961 2411 3252 2480 paradisus
3293 2411 3475 2481 (Cant.
3527 2425 3602 2474 Iv,
3635 2408 3746 2474 12).

2176 2505 2312 2559 V’cre
2346 2506 2537 2560 hortus
2574 2505 2918 2569 deliciarum,
2964 2506 3016 2558 in
3067 2519 3177 2575 quo
3220 2505 3430 2558 consita
3470 2510 3599 2557 sunt
3627 2501 3748 2552 uni-

2173 2614 2330 2652 vetsa
2357 2597 2549 2652 ﬂorum
2581 2613 2780 2667 genera
2813 2609 2866 2652 et
2899 2583 3260 2652 odornmetita
3294 2598 3552 2648 virtutum
3594 2610 3608 2650 :
3641 2595 3748 2647 sic-

2173 2703 2280 2758 que
2311 2689 2620 2756 conclusus,
2659 2700 2721 2744 ut
2767 2689 2982 2744 nesciat
3031 2689 3224 2740 violari
3269 2701 3441 2754 neque
3473 2683 3748 2750 corrumpi

2175 2782 2297 2837 uilis
2346 2781 2665 2837 insidiarum
2721 2780 3031 2835 fraudibus.
3079 2779 3224 2834 Fons
3276 2781 3460 2847 itaque
3506 2778 3750 2848 signatus

2173 2873 2350 2943 sigillo
2380 2876 2547 2928 totius
2587 2873 2913 2928 Trinitatis:
2944 2888 3009 2928 ex
3057 2889 3169 2942 quo
3217 2872 3336 2927 lous
3383 2874 3506 2924 vitae
3547 2879 3750 2931 manat,

2175 2969 2228 3022 itt
2295 2971 2454 3034 cujus
2503 2967 2710 3021 lumine
2752 2982 2942 3022 Omnes
2998 2967 3302 3021 videbimus
3349 2965 3550 3016 lumen.
3592 2963 3752 3028 Quia,

2176 3059 2321 3123 iusta
2348 3059 2642 3124 Joannem,
2674 3057 2791 3127 Ipse
2817 3070 2889 3112 est
2925 3058 3014 3129 qui
3043 3059 3307 3110 illuminat
3346 3072 3550 3109 omnem
3578 3055 3752 3134 homi-

2173 3169 2288 3207 nem
2324 3153 2606 3206 uenientem
2637 3154 2690 3204 in
2719 3152 2858 3205 hunc
2891 3154 3148 3204 mundum
3183 3148 3367 3218 (Joan.
3395 3163 3437 3214 l,
3479 3148 3558 3217 9).
3584 3147 3754 3218 Cujttl

2171 3248 2418 3316 proiecto
2446 3239 2666 3300 emissio
2698 3246 2858 3311 uteri,
2894 3260 3256 3313 supernorum
3287 3244 3484 3297 civium
3504 3242 3750 3297 omnium

2169 3348 2250 3392 est
2279 3338 2580 3408 paradisus.
2608 3337 2681 3391 De
2709 3338 2814 3391 isto
2843 3351 3077 3415 namque
3119 3338 3324 3390 ventris
3348 3351 3480 3405 agro
3513 3334 3749 3402 patriar.

2170 3429 2268 3484 cha
2302 3430 2450 3483 Isaac
2479 3431 2638 3500 longe
2663 3431 2916 3490 odorans,
2953 3430 3152 3493 aiebat,
3190 3429 3380 3482 dicens
3412 3446 3426 3482 :
3465 3428 3599 3481 Ecce
3622 3427 3753 3480 odor

2171 3525 2270 3593 filii
2305 3525 2402 3578 ntei
2434 3524 2567 3576 sicut
2598 3523 2729 3577 odor
2756 3525 2870 3590 agri
2898 3524 3062 3590 pleni,
3096 3522 3182 3575 cui
3204 3521 3470 3574 benedixit
3499 3520 3752 3600 Dominus

2174 3613 2325 3686 (Gen.
2367 3631 2536 3676 xxvii,
2568 3613 2660 3682 ει)
2689 3629 2704 3666 :
2734 3616 2981 3684 quamvis
3007 3623 3201 3683 putent
3223 3628 3419 3682 parum
3445 3611 3755 3680 intelligen-

2173 3717 2274 3772 tes,
2309 3707 2454 3776 quod
2515 3708 2725 3776 priores
2772 3706 2946 3761 sancti
3004 3705 3184 3759 minus
3241 3705 3307 3760 de
3347 3703 3757 3760 Christointel-

2175 3799 2408 3854 lexerint
2448 3799 2764 3870 mysterium
2817 3797 3235 3866 incarnationis,
3281 3813 3404 3853 cum
3437 3805 3492 3852 et
3527 3796 3631 3868 ipsi
3663 3813 3754 3851 ett-

2171 3895 2292 3947 dem
2321 3894 2513 3948 salvati
2538 3895 2649 3949 sint
2679 3895 2876 3964 gratia.
3517 3919 3537 3952 r

2244 3984 2309 4039 X.
2337 3983 2490 4040 Unde
2527 3995 2742 4040 constat
2769 3994 2985 4056 tempus
3015 3999 3122 4039 non
3151 3984 3536 4056 prasjudicasse
3569 3998 3754 4038 sacra-

2174 4089 2359 4130 mento
2397 4077 2536 4130 uniti
2563 4078 2800 4132 hominis
2840 4093 2904 4132 ac
2937 4076 3031 4132 Dei
3065 4077 3137 4131 ita
3177 4086 3235 4129 ut
3260 4077 3370 4146 jam
3401 4085 3548 4131 esset
3583 4077 3636 4129 in
3664 4075 3755 4130 illo

2173 4186 2266 4238 per
2299 4170 2560 4224 unitatem
2595 4185 2838 4239 persona:
2871 4169 2939 4222 ab
2974 4169 3128 4223 initio
3163 4170 3368 4233 saeculi,
3395 4169 3483 4238 qui
3513 4171 3748 4222 nomium

2171 4269 2290 4311 erat
2323 4266 2484 4312 natus
2517 4260 2581 4313 de
2607 4257 2776 4312 Maria
2811 4255 3034 4328 Virgine
3074 4261 3256 4328 :quod
3285 4263 3472 4313 mttltis
3499 4259 3749 4329 Scriptu-

2172 4364 2353 4400 rarum
2375 4349 2683 4403 declaratur
2707 4350 2938 4404 indiciis.
2966 4350 3120 4408 Unde
3141 4351 3404 4406 Dominus
3427 4353 3491 4404 ad
3512 4349 3752 4412 Μόδιος,

481 4430 565 4483 nis
589 4431 657 4482 de
687 4444 791 4497 qua
828 4438 989 4483 natus
1039 4438 1143 4490 cst,
1177 4437 1231 4482 et
1282 4438 1428 4483 totus
1464 4432 1644 4485 homo.
1671 4429 1808 4485 lliuc
1837 4448 2057 4501 quoque
2091 4460 2138 4515 η
2165 4443 2456 4512 Antequam
2489 4443 2748 4496 Αωαιιαη,
2793 4445 2967 4514 ﬁam,
3001 4445 3202 4516 ίηειηίι,
3243 4461 3335 4517 ego
3361 4461 3514 4500 ωηι,
3545 4425 3757 4514 Quum;

477 4525 774 4594 Apostolus
815 4541 831 4578 2
867 4523 936 4576 In
963 4540 1065 4592 quo
1101 4524 1327 4587 habitat,
1353 4524 1550 4594 inqttit,
1584 4525 1750 4580 omnis
1786 4528 2061 4594 plenitudo

479 4617 775 4669 dtvinitatis
825 4616 1172 4684 corporaliter
1209 4613 1345 4687 (Col.
1393 4632 1454 4679 tt,
1513 4621 1590 4685 9).
1623 4619 1983 4688 Quapropter,
2029 4637 2063 4672 ο

481 4705 627 4769 lilia),
659 4715 826 4760 estote
877 4709 1156 4776 prudentes
1206 4710 1339 4759 sicut
1381 4717 1665 4775 serpentes,
1721 4720 1767 4760 et
1803 4710 2062 4778 simplices

479 4799 611 4852 sicut
651 4799 904 4851 coluntbw
933 4797 1160 4867 (.llatth.
1183 4814 1236 4860 ι,
1269 4798 1358 4868 lli)
1389 4817 1401 4851 :
1442 4811 1498 4852 ut
1524 4815 1588 4853 cx
1629 4801 1910 4868 prudentia
1945 4819 2066 4872 pcr-

481 4892 636 4946 l'ect:e
679 4893 1070 4958 intengenttm,
1103 4891 1363 4948 annulum
1409 4891 1532 4946 ﬁdei
1573 4906 1787 4958 vestrae,
1824 4907 1879 4948 et
1917 4911 2066 4948 mar-

479 4985 736 5056 gnritnm,
765 4997 861 5053 pro
891 4999 994 5052 qua
1025 4986 1204 5036 omnia
1245 4983 1564 5054 reliquistis,
1591 4986 1858 5056 integram
1898 4991 2068 5042 invto-

491 5077 767 5145 latamque
806 5077 1088 5130 St-rvctis:
1151 5090 1215 5129 ne
1272 5079 1451 5129 dotem
1512 5081 1670 5132 simul
1735 5092 1790 5134 et
1848 5084 2066 5136 atrhatn

483 5168 722 5234 Spiritus
775 5171 948 5222 sancti
999 5171 1164 5239 (quod
1207 5171 1372 5242 absit)
1422 5174 1686 5240 pet-datis.
1740 5173 2067 5245 Diligentius

484 5264 670 5331 itaque
703 5274 1018 5329 prOt-uratc,
1049 5263 1091 5316 si
1119 5267 1390 5332 quomodo
1429 5268 1753 5334 simplicitas
1780 5270 2066 5334 columbae,

482 5370 604 5423 quae
655 5356 756 5408 lttit
798 5357 851 5409 itt
909 5355 1097 5422 Maria,
1153 5357 1320 5412 illaesa
1389 5359 1753 5429 inviolataque
1815 5365 1866 5415 ιιι
1917 5367 2070 5416 vottis

489 5449 852 5503 cttStodtatur.
878 5447 952 5502 De
987 5465 1091 5517 qua
1157 5450 1412 5506 Salomon
1447 5454 1499 5506 itt
1527 5453 1771 5508 Cattticis
1815 5457 1969 5524 quasi
2015 5472 2067 5508 ιιι

481 5542 699 5595 laudem
736 5547 851 5610 ejus
889 5561 902 5596 :
956 5541 1102 5605 Veni,
1144 5544 1335 5614 inquit,
1363 5546 1603 5598 columba
1638 5565 1772 5610 mea,
1805 5552 2071 5602 immacu-

481 5634 593 5687 lata
626 5651 740 5688 mea
783 5652 950 5703 :jant
999 5640 1133 5690 enim
1165 5641 1326 5692 hiems
1365 5643 1597 5703 transiit,
1642 5645 1806 5696 imber
1834 5645 1964 5698 abiit
2017 5656 2065 5698 ct

481 5730 692 5783 recessit
721 5727 896 5798 (Cant.
935 5745 998 5793 ll,
1053 5730 1160 5798 il).
1198 5731 1273 5786 Ac
1313 5734 1504 5788 deinde
1555 5735 1726 5804 inquit
1761 5753 1776 5790 :
1822 5735 1948 5789 Veni
1987 5740 2050 5792 de

2167 4538 2355 4608 otique
2410 4538 2604 4594 verbis
2665 4540 2906 4594 ostendit
2964 4556 3023 4595 se
3073 4543 3162 4610 qui
3195 4542 3537 4610 loquebatur,
3598 4540 3652 4594 in
3690 4557 3756 4595 eo

2166 4648 2382 4701 semper
2403 4631 2566 4686 fuisse
2605 4633 3146 4702 mysterio‘unitatis.
3183 4631 3356 4699 Quam
3389 4644 3747 4688 tttcotnmeu~

2169 4728 2346 4788 daret,
2401 4728 2695 4795 Antequam
2732 4725 3006 4779 Abraham
3064 4727 3235 4795 ﬁeret,
3293 4728 3488 4795 inquit,
3516 4742 3608 4794 ego
3639 4742 3752 4778 sunt

2169 4818 2356 4890 (Joan.
2412 4818 2685 4888 “15.58).
2721 4818 2879 4884 Nam,
2927 4819 3197 4873 Abraham
3246 4832 3528 4887 antequam
3580 4819 3754 4888 ﬁeret.

2173 4913 2524 4966 humanitatis
2551 4925 2634 4966 cst
2669 4913 2925 4974 brevitas.
2954 4911 3067 4982 Ego
3096 4923 3274 4967 autem
3302 4929 3444 4975 sum,
3479 4915 3757 4968 atternitas

2176 5013 2389 5057 natura:
2421 5003 2732 5058 declaratur
2771 5020 2785 5056 :
2816 5005 2866 5057 in
2903 5022 3007 5075 qua
3042 5006 3295 5060 nimirum
3314 5009 3622 5061 aeternitate
3644 5008 3756 5076 jam

2171 5110 2229 5149 se
2255 5097 2420 5149 luisse
2437 5096 2530 5164 qui
2549 5095 2994 5166 loquebatur-,per
3017 5111 3419 5153 sacramentum
3444 5114 3558 5156 sua:
3577 5099 3759 5154 incar-

2176 5187 2410 5242 natiOnis
2468 5189 2728 5243 insinuat.
2776 5189 2929 5254 Quod
2988 5190 3268 5258 apostolus
3332 5190 3502 5246 ludas
3574 5195 3760 5247 volens

2173 5282 2416 5349 apertius
2467 5282 2771 5335 tltlucidare
2828 5297 2842 5332 :
2899 5281 3076 5344 Iesus,
3135 5285 3333 5352 inquit,
3385 5285 3634 5351 populum
3695 5301 3761 5338 es

2173 5368 2406 5439 Aigypto
2433 5371 2640 5423 sulcatis
2680 5383 2696 5420 :
2731 5373 2960 5424 secundo
2991 5388 3097 5436 eos,
3124 5377 3214 5441 qui
3259 5390 3362 5426 non
3390 5376 3752 5439 crediderunt,

2173 5463 2394 5528 perdidit
2432 5459 2628 5541 (Ju'tlaz.
2671 5477 2710 5525 I,
2752 5462 2829 5531 5).
2860 5462 2925 5516 Et
2955 5464 3083 5516 alibi
3119 5465 3315 5518 l’aulUs
3347 5485 3362 5520 :
3409 5463 3591 5532 Neque
3647 5476 3761 5518 ten-

2176 5564 2343 5606 temus
2394 5553 2685 5620 Christum,
2732 5557 2867 5608 sicut
2918 5558 3136 5624 quidam
3191 5575 3369 5612 eorum
3427 5571 3752 5614 tentuvernnt

2177 5644 2225 5714 (Ι
2261 5645 2381 5699 Cor.
2417 5662 2475 5710 ι,
2508 5648 2560 5717 9)
2593 5665 2606 5700 :
2644 5664 2749 5702 non
2779 5649 2926 5717 quod
2969 5664 3080 5715 tam
3112 5661 3253 5704 esset
3282 5649 3446 5706 Jcsus
3479 5664 3570 5704 aut
3601 5652 3756 5706 Cliti-

2177 5751 2293 5793 stos
2342 5751 2503 5794 natus
2531 5756 2592 5794 ex
2635 5739 2801 5795 Maria
2839 5733 2855 5796 ἰ
2889 5743 2980 5796 scd
3019 5743 3141 5808 quia
3205 5745 3255 5797 itt
3309 5745 3396 5798 illo
3427 5745 3587 5800 unico
3614 5741 3752 5796 Ftttu
