4056 6200
345 290 450 358 137

1097 289 1465 351 EPISTOLA
1515 292 1617 350 IX.
1679 291 1775 351 AD
1816 291 2130 352 PAULAM
2177 289 2271 348 ET
2314 287 2842 352 EUSTOCHIUM.

3495 287 3592 354 138

345 406 442 460 Dei
501 404 613 475 jam
677 401 860 457 unit.:s
927 416 1174 470 persona:
1227 405 1752 467 commendabatur,
1806 418 1923 470 qua:
1955 405 1997 462 A
2030 404 2148 457 ista:
2187 405 2380 473 quibus
2419 405 2622 472 priores
2654 406 2826 458 sancti
2875 403 3265 458 vestiebantur:
3303 403 3422 458 istae
3463 419 3598 473 quas

341 499 564 554 occulta
609 505 726 550 erat
773 497 824 548 in
879 497 1155 566 mysterio.
1189 496 1344 561 Quod
1379 506 1434 550 et
1487 497 1613 551 alibi
1643 498 1922 551 evidenter

339 589 544 644 Paulus
571 607 582 642 :
617 587 720 652 Qui
749 587 899 655 elegit
932 603 1046 649 nos,
1083 587 1274 656 inquit,
1302 598 1425 640 ante
1443 587 1630 641 mundi
1665 591 1912 642 constitu-

342 685 539 736 tionem
589 683 642 734 in
679 684 790 749 ipso
829 678 1044 749 (Epltes.
1096 694 1134 740 t,
1171 680 1225 748 5)
1253 697 1270 734 :
1301 681 1422 748 quia
1475 681 1718 750 proferto
1761 680 1921 747 quid-

340 777 470 842 quid
509 774 649 827 Deus
681 772 809 826 fecit
845 775 910 826 ah
945 772 1120 834 initio,
1161 772 1410 826 Christus
1452 772 1576 827 fecit
1618 782 1782 826 tottttn
1828 788 1921 840 per

341 867 608 919 unitatem
672 865 1022 919 sacramenti.
1055 864 1122 916 Et
1171 863 1292 918 ideo
1345 863 1458 930 jam
1515 864 1675 918 Jcsus
1722 864 1922 918 eratin

340 956 506 1016 Ftlio.
547 961 633 1025 qu‘
663 956 922 1026 pupulum
954 957 1239 1021 educebat,
1285 967 1336 1008 et
1369 956 1617 1008 Christus
1650 957 1702 1010 in
1741 970 1806 1010 eo
1831 956 1922 1023 qui

341 1049 659 1102 tcutahatnr
687 1062 706 1104 :
735 1049 991 1117 quoniam
1024 1063 1238 1115 semper
1264 1063 1358 1116 per
1390 1049 1713 1102 sacramenti
1749 1049 1924 1102 unita-

342 1149 450 1190 tem
488 1140 540 1189 itt
577 1139 685 1190 Deo
713 1138 881 1192 fuisse
937 1153 1041 1192 non
1078 1139 1374 1190 dubitatur.
1425 1139 1635 1206 Alioqui
1688 1139 1792 1191 nisi
1849 1140 1921 1192 ita

339 1231 668 1290 credideris.
699 1242 789 1282 aut
815 1229 1066 1285 Christus
1104 1231 1242 1283 Deus
1275 1245 1378 1283 non
1411 1231 1517 1284 erit
1546 1233 1790 1295 omnino,
1832 1243 1923 1284 aut

338 1331 534 1374 ctuttra
581 1322 900 1388 pr0phetam
947 1320 1082 1372 Deus
1115 1333 1306 1372 rerens
1337 1333 1459 1372 esse
1485 1319 1774 1373 videbitur.
1815 1322 1921 1373 Sed

340 1427 410 1464 ne
462 1411 664 1463 talibus
712 1412 1025 1478 quatiamur
1075 1408 1384 1470 calumniis,
1445 1391 1760 1464 scrutandze
1795 1420 1922 1464 sunt

339 1503 664 1570 Scriptura,
695 1503 744 1554 in
781 1503 981 1570 quibus
1018 1500 1198 1554 unitas
1231 1504 1283 1552 in
1318 1500 1539 1554 Christo
1567 1503 1922 1555 commenda-

341 1604 432 1646 tur
467 1608 735 1662 personae,
770 1593 1020 1661 quoniam
1066 1607 1173 1646 non
1227 1592 1539 1660 prtejudicat
1571 1602 1802 1662 tempus,
1853 1609 1921 1647 ne

340 1703 486 1740 unus
519 1701 736 1754 semper
782 1686 1015 1738 dicntur.
1051 1683 1185 1738 llinc
1230 1701 1444 1753 quoque
1499 1687 1686 1739 beatus
1730 1685 1921 1738 Petrus

339 1778 571 1845 loquens
604 1779 668 1830 de
714 1778 1088 1846 patribtts,.ait
1117 1793 1130 1828 :
1161 1776 1263 1828 Per
1299 1778 1527 1842 gratiam
1584 1777 1800 1829 Domini
1831 1793 1922 1829 no-

339 1872 440 1922 stri
473 1870 601 1922 Jesu
635 1867 836 1921 Christi
863 1867 1124 1919 credimus
1151 1867 1370 1927 salvari,
1398 1866 1837 1935 quemadmodum
1874 1875 1922 1919 et

338 1964 425 2015 illi
461 1963 603 2029 (Act.
646 1976 735 2024 xv,
781 1961 892 2028 ll).
921 1959 1160 2024 Namque
1196 1959 1316 2012 illos
1349 1960 1605 2013 Dominus
1642 1959 1793 2013 solus
1825 1958 1923 2012 du-

338 2054 498 2108 cebat
532 2068 549 2108 :
583 2061 636 2106 et
661 2066 764 2104 non
800 2062 916 2104 erat
944 2067 1066 2104 cum
1104 2053 1184 2104 eis
1219 2049 1359 2103 Deus
1390 2049 1595 2103 alienus
1618 2067 1632 2104 :
1658 2049 1799 2104 unde
1823 2064 1921 2104 nec

341 2146 629 2199 nobiscum
661 2144 800 2198 Deus
839 2159 1029 2198 recens
1060 2160 1074 2195 :
1104 2143 1228 2211 quia
1271 2157 1408 2195 unus
1441 2141 1689 2210 idemque
1724 2152 1802 2194 est
1831 2143 1918 2208 qui

335 2246 610 2290 eteorum
639 2233 832 2285 ductor
871 2232 995 2295 fuit,
1031 2241 1084 2284 et
1117 2239 1303 2283 noster
1336 2243 1430 2297 per
1459 2231 1767 2296 passionem
1799 2243 1920 2280 car-

338 2328 426 2379 nis
456 2341 572 2378 sua:
607 2322 931 2392 Redemptor
968 2341 982 2378 :
1017 2337 1162 2376 unus
1207 2321 1477 2389 siquidem
1521 2335 1617 2374 sua
1645 2322 1698 2372 itt
1734 2334 1917 2382 carne,

339 2434 482 2471 IIIIIIS
531 2421 583 2468 in
618 2426 985 2478 sacramento,
1021 2426 1183 2482 atque
1241 2429 1379 2466 unus
1419 2414 1474 2467 in
1524 2413 1718 2481 spiritu
1769 2429 1782 2467 :
1823 2427 1921 2466 nec

340 2511 580 2562 admittit
607 2509 768 2571 ratio,
797 2516 852 2558 ut
887 2507 1026 2560 alius
1068 2505 1237 2559 Filius
1273 2505 1537 2568 hotniuis,
1581 2505 1716 2557 alios
1750 2504 1920 2558 Filius

336 2600 436 2654 Dei
494 2603 844 2666 intelligatur.
910 2599 1011 2664 Qui
1073 2613 1171 2652 nec
1220 2606 1464 2664 tempore
1525 2596 1916 2664 prtescribitur,

338 2710 446 2748 nec
489 2695 745 2764 passione
777 2702 1103 2757 separatur:
1149 2691 1242 2744 sed
1292 2700 1438 2744 totus
1488 2690 1631 2743 Deus
1679 2691 1730 2743 in
1756 2689 1918 2743 Chri-

337 2801 510 2852 stum,
552 2798 606 2840 et
633 2787 881 2839 Christus
915 2786 966 2839 in
1006 2783 1414 2847 Deum'transit,
1449 2793 1504 2836 ttt
1532 2783 1791 2853 quidquid
1829 2782 1918 2834 Dei

341 2883 486 2934 ﬁlius
523 2890 630 2941 est,
679 2879 931 2932 Christus
987 2877 1240 2941 dicatur;
1283 2885 1334 2931 et
1366 2877 1625 2945 quidquid
1676 2877 1724 2928 iu
1757 2889 1921 2928 carne

335 2973 597 3026 Christus
624 2970 866 3038 pertulit,
890 2969 941 3022 id
980 2969 1117 3022 Detts
1143 2969 1426 3037 pertulisse
1456 2978 1600 3022 recte
1625 2967 1917 3022 credatur:

339 3067 540 3130 alioqui
583 3062 625 3115 si
660 3062 725 3114 ad
764 3063 1026 3114 rationem
1073 3060 1332 3128 respicias
1388 3067 1442 3114 et
1487 3061 1554 3112 ad
1596 3074 1786 3114 sensus
1821 3059 1920 3113 ltu-

340 3168 557 3214 manus,
602 3165 941 3218 nequaquam
975 3150 1044 3203 ita
1075 3149 1340 3204 hactenus
1371 3159 1672 3218 potuerunt
1694 3145 1920 3204 inter'se

335 3249 638 3301 convenire
669 3245 842 3299 deitas
869 3251 918 3297 et
946 3244 1178 3297 humana
1212 3245 1457 3298 conditio
1501 3262 1514 3298 :
1546 3253 1923 3298 c0uvencrunt

341 3346 526 3393 sainen
566 3338 617 3388 in
648 3336 890 3399 Christo,
917 3347 970 3389 et
1011 3351 1147 3390 unus
1173 3347 1255 3391 est
1297 3353 1362 3390 ex
1403 3337 1670 3392 ambobus
1705 3335 1922 3389 Emma-

341 3429 491 3484 nuel.
543 3427 697 3483 Unde
759 3427 888 3480 mihi
940 3428 1150 3480 videtur
1197 3427 1339 3495 quod
1389 3427 1728 3480 altitudinem
1785 3427 1919 3481 tanti

343 3522 588 3588 mysterii
620 3520 908 3589 diligenter
950 3519 1248 3588 intelligere
1282 3528 1336 3572 et
1368 3519 1552 3574 videre
1581 3536 1686 3574 non
1721 3531 1919 3587 potue-

341 3623 487 3674 l’ttnl,
513 3613 604 3680 qui
639 3623 736 3663 aut
769 3613 905 3663 duos
941 3611 1081 3664 ﬁlios
1108 3619 1276 3673 certe,
1319 3621 1411 3664 aut
1443 3610 1586 3664 aliud
1615 3610 1918 3678 Christum,

337 3719 504 3773 quam
539 3704 633 3757 Dei
669 3703 860 3756 Filium
887 3703 1284 3757 existimavere.
1317 3703 1659 3771 Quapropter
1689 3718 1789 3759 uec
1817 3719 1917 3758 nos

337 3796 616 3849 hominem
669 3809 916 3848 seorsum
976 3794 1226 3858 colimus,
1279 3794 1423 3864 quod
1468 3793 1620 3848 nefas
1663 3803 1766 3860 est,
1821 3810 1920 3849 nec

337 3889 669 3952 adoramus;
706 3889 800 3940 sed
855 3887 1020 3940 Deum
1056 3887 1225 3956 magis
1271 3889 1634 3950 inraruatum,
1672 3888 1759 3955 qui
1789 3901 1918 3957 pro-

337 3981 516 4047 prium
571 3979 672 4032 sibi
702 3993 900 4048 corpus
951 3978 1251 4032 animatum
1295 3977 1486 4042 univit,
1547 3980 1618 4032 ita
1679 3987 1735 4032 ut
1777 3978 1918 4034 Deus

343 4073 581 4126 Verbum
628 4087 758 4125 caro
789 4075 940 4126 ﬁeret
971 4088 986 4125 :
1023 4082 1078 4126 et
1128 4085 1235 4124 non
1280 4071 1332 4125 iu
1369 4071 1531 4126 alium
1597 4072 1916 4140 quemlibet,

335 4163 434 4216 sed
475 4163 531 4214 in
592 4165 942 4232 semetipsum
1002 4163 1220 4217 caderet
1276 4165 1480 4230 unitas,
1516 4164 1611 4234 qui
1669 4179 1809 4219 unus
1861 4176 1916 4219 et

333 4270 506 4308 verus
537 4252 630 4306 Dei
670 4253 841 4307 Filius
873 4269 1087 4323 semper
1142 4266 1281 4309 erat.
1341 4257 1546 4310 Idcirco
1599 4274 1704 4312 non
1745 4259 1912 4311 alium

331 4363 500 4416 quam
554 4346 829 4408 eumdem,
863 4345 1147 4416 ipsumque
1201 4347 1294 4401 Dei
1350 4347 1568 4412 Filium.
1607 4359 1658 4404 et
1681 4350 1915 4404 colimus

2028 491 2297 558 Rebecca,
2331 492 2440 546 imo
2473 492 2708 562 Spiritus
2737 503 2961 548 sanctus
2992 508 3177 548 secum
3213 493 3352 547 domi
3394 493 3600 555 habuit,

2025 585 2220 652 quibus
2261 583 2434 636 induit.
2463 583 2628 637 Jacub
2678 585 2842 637 ﬁlium
2875 600 3054 638 suum.
3101 584 3249 638 Alias
3279 595 3460 639 autem
3498 587 3598 638 nisi

2025 690 2053 727 a
2093 675 2298 743 Spiritu
2347 687 2534 729 sancto
2581 685 2809 729 servata:
2857 675 3001 728 domi
3042 685 3095 728 et
3131 677 3353 742 prolata:
3391 686 3600 740 essent,

2026 767 2155 832 quid
2186 768 2305 819 miri
2339 767 2524 819 odoris
2555 769 2606 818 in
2640 767 2844 820 eisdem
2878 776 3030 834 pater
3057 767 3208 821 lsaac
3235 767 3500 832 hauriret,
3529 770 3600 822 ita

2028 870 2086 910 ut
2126 858 2350 920 diceret,
2391 874 2511 911 cum
2564 859 2943 926 praesensisset
2998 860 3442 914 veStimentoruin
3490 861 3600 914 l‘ra-

2025 949 2294 1017 grantiam
2327 968 2340 1002 :
2375 947 2506 1002 Ecce
2549 950 2678 1002 odor
2705 950 2804 1018 filii
2842 952 2966 1009 mei,
2987 952 3118 1004 sicut
3145 953 3276 1004 odor
3297 954 3414 1021 agri
3441 951 3602 1018 pleni,

2026 1041 2110 1092 cui
2149 1040 2408 1093 benedixit
2454 1040 2708 1094 Dominus
2751 1040 2902 1110 (Gen.
2941 1058 3113 1107 xxv",
3149 1043 3284 1111 27)?
3323 1043 3428 1098 Sed
3464 1043 3602 1097 forte

2028 1134 2275 1186 dicturus
2317 1142 2402 1186 est
2449 1132 2642 1199 aliquis
2680 1151 2690 1184 :
2731 1132 2868 1196 Ouid
2913 1133 2976 1184 ad
3019 1133 3323 1188 Rebeccatn
3366 1135 3602 1202 Spiritus

2027 1236 2250 1279 sanctus
2294 1224 2553 1292 pertinet,
2589 1239 2712 1276 cum
2757 1225 2942 1277 multis
2978 1227 3028 1278 in
3059 1225 3189 1279 locis
3231 1241 3477 1296 persona:
3507 1241 3602 1296 pro

2031 1315 2140 1370 Deo
2177 1317 2402 1383 ﬁgurate
2447 1315 2827 1380 accipiantur?
2868 1314 3250 1372 Verumtamen
3285 1328 3338 1371 et
3378 1320 3603 1388 spiritus

2027 1411 2080 1462 in
2119 1407 2343 1463 llebrazo
2375 1424 2474 1461 nos
2521 1416 2621 1466 rm
2674 1408 2936 1461 feminino
2984 1423 3184 1477 genere
3232 1411 3452 1473 dicitur,
3495 1426 3602 1465 non

2027 1503 2171 1570 quod
2201 1515 2366 1554 sexus
2394 1500 2446 1552 in
2478 1499 2586 1552 Deo
2615 1508 2949 1554 monstretur
2985 1518 2998 1557 :
3029 1501 3136 1554 imo
3170 1517 3236 1555 ne
3263 1501 3396 1556 forte
3427 1503 3602 1571 suspi-

2027 1603 2201 1656 cetur,
2234 1591 2333 1645 sub
2366 1592 2551 1660 regula
2585 1592 2746 1644 trium
2778 1592 3102 1662 linguarum,
3127 1595 3359 1662 Spiritus
3385 1606 3602 1652 sanctus
3693 1643 3709 1668 λ

2030 1685 2243 1738 diverse
2275 1683 2574 1749 accipitur:
2616 1683 2666 1736 in
2697 1682 2923 1738 Hebraeo
2952 1686 3181 1750 scilicet,
3205 1696 3260 1738 ut
3286 1687 3416 1752 dixi,
3454 1687 3603 1742 femi-

1963 1757 2001 1810 Β
2037 1778 2164 1828 nino
2210 1790 2406 1844 genere
2457 1775 2679 1843 legitur;
2720 1778 2770 1828 in
2814 1774 3004 1830 Graeco
3038 1793 3189 1840 vero,
3223 1794 3290 1832 ne
3345 1794 3511 1834 sexus
3552 1780 3603 1834 in

2026 1878 2090 1917 eo
2122 1865 2395 1928 credatur,
2431 1863 2651 1933 πνεῦμα
2686 1875 2879 1920 neutro
2909 1867 3213 1934 invenitur;
3247 1881 3299 1922 et
3328 1867 3381 1922 in
3417 1869 3606 1925 Latino

2027 1954 2386 2006 masculinum
2417 1969 2538 2008 esse
2569 1954 2903 2009 decernitur.
2943 1955 3042 2021 Qui
3078 1957 3336 2009 nimirum
3370 1957 3605 2027 Spiritus

2027 2053 2245 2095 sanctus
2293 2042 2431 2098 bene
2481 2058 2575 2110 per
2624 2043 2928 2098 Rebeccam
2982 2045 3296 2113 intelligitur
3333 2062 3346 2100 :
3382 2056 3436 2100 et
3487 2047 3606 2102 ideo

2027 2144 2198 2188 totum
2228 2144 2311 2188 est
2347 2134 2400 2188 iit
2441 2137 2698 2206 mysterio
2745 2138 2886 2203 quod
2935 2138 3162 2204 geritur,
3199 2147 3257 2193 ut
3303 2155 3396 2208 per
3443 2142 3604 2195 vesti

2027 2237 2331 2280 mentorum
2366 2227 2716 2298 fragrantiatn
2748 2228 3000 2284 Christus
3026 2231 3378 2286 annuntietur
3404 2253 3416 2286 :
3443 2249 3605 2302 quem

2025 2335 2126 2374 nos
2169 2335 2363 2374 omnes
2410 2321 2745 2389 quicumque
2781 2321 3039 2390 baptizati
3077 2338 3269 2378 sumus
3309 2325 3604 2392 induimur,

2025 2415 2080 2468 in
2121 2427 2227 2484 quo
2277 2413 2555 2467 benedixit
2591 2429 2688 2468 nos
2737 2428 2846 2467 non
2888 2415 3293 2484 qualicumque,
3327 2419 3422 2472 sed
3465 2425 3603 2475 omni

2025 2509 2105 2572 (ut
2136 2507 2211 2559 ait
2240 2503 2553 2573 Apostolus)
2592 2505 2950 2559 benedictione
2998 2508 3269 2575 spirituali
3304 2511 3358 2564 in
3387 2511 3601 2566 cwlesti-

2026 2597 2119 2648 bus
2148 2595 2365 2662 (Ep/trs.
2403 2612 2442 2658 t,
2475 2596 2553 2664 5).
2590 2593 2742 2649 Unde
2789 2606 2838 2650 et
2883 2598 3104 2665 angelus
3144 2598 3326 2654 Mariae
3360 2602 3603 2672 loquens,

2023 2702 2054 2740 a
2087 2686 2463 2741 benedictione
2493 2701 2724 2741 exorsus
2756 2687 2828 2740 ait
2859 2705 2874 2742 :
2911 2687 3197 2745 Benedicta
3238 2702 3293 2746 tu
3328 2695 3381 2746 in
3423 2697 3600 2751 mulie-

2025 2781 2190 2841 ribus,
2224 2789 2270 2832 et
2305 2780 2609 2833 benedictus
2646 2779 2850 2847 {ructus
2884 2784 3079 2838 ventris
3123 2786 3202 2838 tui
3237 2785 3390 2854 (Luc.
3422 2805 3459 2852 I,
3491 2790 3606 2859 28).

2023 2871 2190 2942 Cujus
2243 2873 2492 2943 proiecto
2541 2875 2595 2928 itt
2647 2874 2842 2945 spiritu
2901 2877 3055 2948 longe
3106 2880 3329 2937 odorem
3385 2885 3606 2939 trahens

2027 2977 2181 3033 putt-r
2231 2966 2383 3018 Isaac
2436 2965 2794 3019 bcnetlicchat
2851 2968 3053 3035 ﬁlium,
3107 2971 3158 3024 in
3213 2988 3320 3042 quo
3369 2975 3605 3031 caelestis

2026 3057 2203 3110 omnis
2240 3057 2546 3112 benedictio
2598 3059 2801 3112 mundo
2849 3059 3103 3114 ellloruit.
3145 3061 3210 3116 Et
3249 3065 3385 3118 bene
3427 3067 3496 3120 ab
3535 3082 3603 3123 eo

2027 3150 2220 3219 plenus
2268 3166 2397 3220 ager
2451 3151 2668 3214 dicitur,
2723 3153 2848 3220 quia
2897 3151 3049 3221 plena
3110 3156 3284 3224 gratia
3345 3158 3604 3213 virtutum

2025 3243 2176 3312 virgo
2205 3243 2370 3296 Maria
2401 3245 2783 3313 pronuntiatur
2813 3263 2826 3298 :
2861 3247 2925 3300 de
2958 3246 3114 3316 cujus
3150 3258 3306 3304 utero
3336 3254 3604 3308 credenti-

2024 3333 2125 3388 bus
2155 3337 2362 3389 fructus
2393 3337 2514 3391 vita:
2541 3337 2759 3391 ellulsit.
2802 3336 2868 3391 Et
2901 3355 2993 3392 nos
3023 3339 3218 3410 (inquit
3246 3345 3606 3413 evangelista)

2026 3445 2204 3484 omnes
2249 3431 2312 3483 de
2354 3429 2677 3497 plenitudine
2718 3430 2832 3498 ejus
2881 3433 3175 3500 accepimus
3211 3433 3395 3504 (Joan.
3424 3451 3460 3497 ι,
3494 3436 3602 3504 16),

2024 3526 2254 3594 gratiam
2285 3537 2378 3590 pro
2404 3523 2601 3590 gratia.
2631 3522 2975 3592 Quapropter
3001 3525 3232 3580 obsecro
3258 3543 3374 3593 vos,
3401 3545 3433 3580 ο
3460 3530 3605 3596 tilia,

2027 3615 2186 3667 talem
2237 3627 2300 3666 ac
2341 3621 2543 3666 tantum
2580 3614 2809 3681 gratiam
2844 3630 2909 3670 ne
2942 3616 2996 3669 in
3039 3632 3270 3671 vacuum
3311 3619 3604 3689 recipiatis,

2023 3721 2144 3776 qua:
2175 3716 2256 3758 est
2287 3705 2338 3758 in
2377 3703 2596 3760 Christo
2628 3703 2786 3770 Jesu,
2817 3707 2870 3761 in
2903 3724 3010 3778 quo
3039 3720 3125 3764 est
3157 3709 3297 3765 Deus
3332 3724 3384 3766 et
3417 3715 3603 3781 liomo,

2025 3798 2105 3850 sic
2155 3795 2340 3848 unitus
2385 3797 2438 3848 in
2494 3811 2596 3849 una
2655 3799 2952 3865 eademque
3000 3815 3254 3868 persona,
3291 3813 3348 3856 ιιι
3397 3805 3605 3872 legatur

2023 3901 2185 3956 quam
2215 3902 2360 3956 saepe
2395 3888 2448 3941 in
2483 3887 2782 3956 Scripturis
2811 3890 3008 3944 divinis
3043 3893 3205 3947 homo
3237 3893 3343 3948 Deo
3372 3904 3604 3951 coniter-

2024 3992 2124 4031 nus
2167 3988 2383 4048 pr0ptcr
2423 3980 2673 4035 unionem
2721 3981 3039 4037 substantias
3074 4001 3086 4038 :
3121 3999 3184 4038 ac
3215 3985 3410 4040 deinde
3457 3988 3602 4045 Deus

2027 4068 2230 4122 homini
2272 4069 2519 4123 videatur
2565 4085 2905 4139 compassus,
2939 4087 3062 4127 eum
3108 4089 3210 4130 nec
3259 4076 3483 4133 initialis
3531 4082 3602 4136 sit

2023 4162 2205 4226 homo,
2239 4176 2342 4214 ure
2396 4162 2668 4230 passibilis
2722 4163 2889 4229 Deus,
2927 4173 3107 4221 tamen
3161 4169 3237 4223 sic
3283 4170 3468 4224 uuitus
3515 4180 3598 4226 est

2021 4253 2163 4308 Deus
2214 4269 2312 4308 suo
2359 4255 2596 4322 corpori,
2630 4264 2688 4308 ut
2741 4255 2937 4309 nullam
2995 4259 3233 4325 patiatur
3289 4259 3406 4315 ﬁeri
3455 4261 3599 4317 inter

2025 4345 2189 4400 Deum
2231 4358 2283 4400 et
2321 4347 2594 4403 hominem
2646 4348 2877 4403 lmmana
2927 4351 3184 4420 opinione
3228 4355 3541 4412 distantiam
3580 4377 3595 4412 :

331 4447 389 4488 ct
429 4437 750 4488 adoramus.
782 4434 883 4501 Qui
925 4436 1062 4490 ttilul
1088 4438 1202 4504 ipse
1250 4452 1348 4506 pro
1383 4451 1663 4508 assumpto
1693 4440 1915 4495 homine
1945 4451 2000 4511 ι)
2027 4451 2092 4490 ne
2125 4438 2263 4492 lorte
2290 4438 2455 4506 (quod
2487 4439 2647 4508 absit)
2681 4441 2822 4494 alius
2852 4442 2998 4497 ﬁlius
3029 4442 3146 4508 Dei,
3180 4455 3234 4500 et
3275 4448 3410 4504 alius
3456 4450 3601 4508 ﬁlius

327 4539 418 4584 est
447 4538 666 4591 auctus,
702 4529 944 4598 nihilque
981 4533 1127 4598 quod
1163 4530 1394 4585 Verbum
1424 4547 1552 4587 caro
1582 4533 1779 4586 factum
1808 4544 1912 4601 est,

329 4621 679 4684 imminutus,
714 4621 798 4675 vel
836 4622 1158 4675 immutatus
1193 4633 1316 4677 est:
1350 4635 1403 4678 et
1438 4625 1556 4678 ideo
1575 4639 1712 4678 unus
1741 4626 1912 4678 ident-

328 4731 440 4783 que
471 4728 685 4781 semper
730 4728 854 4767 cum
885 4711 997 4770 Deo
1057 4714 1218 4769 Patre
1260 4716 1426 4770 Filius
1478 4717 1759 4781 aduratur,
1804 4732 1910 4771 non

331 4821 534 4862 novus.
573 4821 680 4857 non
724 4820 915 4860 recens
945 4822 1012 4863 ex
1077 4817 1343 4877 tetttpore,
1376 4825 1480 4862 nou
1510 4809 1721 4863 alienus
1747 4825 1776 4863 a
1816 4825 1911 4862 na-

331 4909 476 4956 luta,
513 4896 596 4948 vel
630 4909 849 4963 genere.

399 4987 494 5041 XI.
515 4988 670 5052 Quod
695 4987 738 5041 si
767 4987 862 5041 tibi
887 5002 1084 5041 novum
1109 4987 1339 5049 videtur,
1369 4989 1512 5052 quod
1540 5004 1636 5058 pro
1659 4997 1711 5042 te
1737 4989 1910 5042 nomi-

324 5091 454 5128 nem
488 5078 786 5144 assumpsit
818 5092 833 5127 ι
873 5079 1086 5130 noveris
1116 5078 1256 5144 quod
1294 5078 1394 5131 hoc
1440 5093 1657 5146 semper
1691 5093 1814 5133 cum
1845 5093 1911 5132 eo

321 5178 378 5220 et
413 5170 465 5218 in
495 5166 614 5232 ejus
645 5167 874 5220 consilio
899 5165 997 5221 fuit
1027 5176 1080 5218 ut
1108 5167 1187 5220 sic
1218 5169 1399 5235 ﬁeret;
1433 5177 1486 5221 et
1518 5184 1662 5222 nunc
1693 5174 1909 5235 quando

321 5259 606 5328 plenitudo
627 5259 883 5328 temporis
899 5259 1123 5319 venit,id
1146 5257 1345 5313 factum
1364 5262 1602 5329 estquod
1621 5262 1674 5313 in
1691 5260 1912 5315 Christo

321 5367 543 5419 semper
574 5349 775 5404 factum
811 5351 931 5404 fuit.
973 5349 1198 5404 Talibus
1239 5351 1437 5420 quippe
1485 5353 1692 5420 priores
1731 5354 1906 5408 sancti

321 5444 590 5498 divinitus
619 5443 988 5496 adiciebantur
1019 5444 1408 5506 odoramentis,
1447 5445 1643 5499 talibus
1675 5446 1907 5514 inspira-

323 5538 524 5587 bantur
553 5533 620 5587 de
656 5535 880 5588 Christo
912 5538 1213 5604 praesagiis,
1246 5535 1386 5602 quod
1419 5537 1731 5590 nasciturus
1761 5546 1906 5592 esset

319 5627 375 5679 in
415 5625 640 5686 mundo,
672 5627 721 5676 iu
755 5642 860 5692 quo
887 5637 1024 5680 esset
1057 5629 1298 5681 omnium
1335 5629 1480 5683 salus
1514 5640 1564 5684 et
1602 5630 1907 5685 benedictio

318 5735 538 5772 rerum
569 5719 920 5772 htereditatts.
953 5719 1072 5771 lstze
1099 5723 1366 5788 siquidem
1390 5731 1515 5778 sunt
1547 5722 1666 5776 ﬁdei
1692 5732 1903 5780 restes:

617 5815 888 5878 PATBOL.
939 5824 1116 5882 XXX.

2023 4530 2259 4584 hominis
2285 4532 2576 4589 credatur;
2611 4535 2912 4601 praesertim
2944 4535 3070 4604 quia
3102 4525 3384 4609 Scriptura
3415 4543 3598 4600 divina

2020 4621 2100 4676 sic
2135 4623 2410 4676 connectit
2441 4634 2496 4675 et
2533 4636 2892 4693 concorporat
2919 4626 3088 4683 Deum
3121 4641 3175 4684 et
3209 4632 3507 4698 hominem,
3539 4647 3598 4690 ut

2021 4729 2120 4766 nec
2166 4715 2219 4766 itt
2272 4723 2515 4783 tempore
2566 4716 2840 4772 hominem
2891 4723 3182 4778 admodum
3227 4728 3350 4794 quis
3387 4746 3417 4782 a
3462 4728 3596 4795 Deo,

2017 4820 2118 4860 nec
2150 4807 2200 4859 in
2233 4808 2489 4874 passione
2517 4811 2684 4876 possit
2711 4812 2780 4865 ab
2809 4812 3028 4870 homine
3056 4816 3226 4872 Deum
3257 4820 3592 4878 discernere.

2019 4897 2172 4952 Unde
2215 4899 2260 4952 si
2306 4897 2374 4951 ad
2413 4907 2624 4967 tempus
2659 4904 2938 4980 respicias,
2969 4908 3216 4965 invenies
3245 4913 3461 4980 quidem
3493 4929 3594 4983 pro

2017 5001 2170 5046 certo
2201 5007 2412 5061 semper
2461 4992 2629 5047 ﬁlium
2674 4996 2910 5052 hominis
2955 5015 3076 5054 cum
3123 5003 3235 5058 ﬁlio
3287 5004 3403 5059 Dei.
3437 5006 3493 5061 Si
3527 5009 3594 5062 ad

2017 5086 2366 5152 passionem.
2424 5085 2670 5142 invenies
2731 5103 2946 5158 semper
3000 5108 3123 5147 cum
3187 5096 3294 5150 ﬁlio
3358 5099 3593 5153 hominis

2016 5177 2266 5229 eumdem
2291 5175 2384 5230 Dei
2410 5176 2577 5231 ﬁlium
2602 5190 2673 5232 tta
2707 5184 2917 5235 unitum
2940 5195 2994 5237 et
3024 5186 3382 5255 individuum,
3413 5204 3590 5258 quan-

2016 5279 2129 5321 tum
2175 5269 2240 5321 ad
2279 5285 2463 5322 vocent
2515 5270 2814 5341 Scriptura:
2863 5276 3120 5344 pertinet,
3166 5286 3223 5330 ιιι
3273 5293 3370 5332 nec
3425 5280 3591 5337 homo

2016 5359 2256 5428 separari
2286 5376 2313 5411 a
2339 5359 2449 5415 Deo
2475 5370 2739 5430 tempore,
2767 5380 2863 5418 nec
2889 5366 2956 5418 ab
2985 5368 3204 5421 homine
3238 5368 3380 5425 Deus
3411 5370 3592 5427 valeat

2013 5465 2290 5518 passmue.

2084 5541 2196 5597 Xll.
2231 5544 2509 5615 Siquidem
2539 5547 2620 5617 (ut
2648 5549 2759 5602 hzrc
2782 5549 3022 5616 apertius
3051 5550 3387 5626 intelligi-tis)
3422 5556 3593 5624 ipsius

2012 5636 2214 5692 Christi
2256 5641 2414 5694 verba
2458 5643 2757 5718 discutite;
2801 5641 2966 5696 Nemo
3012 5647 3268 5714 ascendit,
3303 5648 3498 5719 inquit,
3534 5652 3592 5705 in

2012 5731 2221 5794 caelum,
2256 5735 2359 5786 nisi
2390 5736 2478 5802 qui
2507 5734 2766 5788 descendit
2795 5738 2857 5790 de
2891 5737 3038 5804 calo,
3069 5740 3211 5808 ﬁlius
3243 5744 3469 5798 hominis
3501 5745 3595 5814 qui

3246 5840 3278 5900 5
