4054 6206
908 323 1083 334 εσυ-..μ-
1102 330 1108 334 .

468 379 580 447 139

1462 379 1522 443 S.
1562 378 2003 441 HlERONYMI
2041 379 2360 445 OPERUM
2401 382 2802 444 MANTISSA.

3658 380 3757 445 illi

474 508 555 556 est
586 499 642 553 its
671 498 800 553 calo
830 495 1011 570 (lauti.
1043 512 1127 560 tu,
1160 492 1268 566 l3).
1302 492 1459 563 Quis,
1489 509 1695 565 quaeso,
1728 504 1812 550 est
1846 495 1938 564 qtti
1973 494 2055 549 lo-
2086 502 2129 557 Δ
2159 504 2263 562 est,
2297 496 2433 550 alius
2487 491 2824 564 perpetravit
2859 493 3118 559 humana,
3153 494 3546 564 passionesque
3591 496 3759 550 susti-

476 590 704 662 quitur?
753 589 1008 645 Christus
1049 586 1256 656 utique.
1306 582 1670 655 Ubi,~rogo,
1732 595 1861 640 tunc
1910 596 2061 649 erat,

476 682 696 753 quando
726 680 843 737 haec
876 678 1241 752 loquebatur?
1280 678 1336 732 In
1372 687 1517 731 terra
1551 676 1783 734 scilicet.
1822 676 1887 730 Et
1926 691 2065 747 quo-

476 775 639 831 modo
672 788 733 829 se
767 773 835 828 de
869 772 1009 827 cutio
1043 782 1333 841 antequam
1367 778 1686 824 nasceretur
1715 768 2067 825 descendisse

477 867 745 922 testatur?
776 864 954 919 Etiam
1000 872 1055 917 et
1100 878 1223 917 cum
1261 862 1521 933 loquitur,
1559 863 1613 916 in
1659 861 1803 916 ctelo
1846 876 1906 917 se
1941 874 2067 916 esse

478 959 703 1020 fatetur,
742 956 1106 1026 eumdernque
1154 968 1214 1009 se
1267 953 1437 1008 filium
1472 953 1709 1009 hominis
1741 953 1904 1019 dicit;
1940 968 2063 1008 eum

479 1050 668 1119 utique
695 1047 761 1103 de
792 1044 952 1110 cmlo,
979 1044 1083 1100 nisi
1115 1044 1260 1100 Deus
1286 1044 1620 1099 descendere
1647 1058 1754 1098 non
1786 1044 2062 1113 potuerit:

476 1152 533 1196 et
578 1156 700 1194 rum
750 1140 806 1193 in
861 1140 1023 1193 terris
1076 1137 1343 1206 loquitur,
1380 1135 1598 1191 nonnisi
1635 1151 1776 1190 unus
1812 1135 2065 1204 idemque

477 1231 732 1288 Christus
766 1229 887 1288 fuit.
921 1229 990 1283 Et
1022 1230 1137 1283 haec
1168 1235 1253 1283 est
1282 1228 1421 1281 mira
1452 1234 1508 1281 et
1538 1225 1879 1282 admirabilis
1912 1225 2065 1281 novi-

477 1333 585 1389 tas,
618 1323 731 1378 imo
762 1321 1010 1376 omnium
1053 1319 1361 1375 novitatum
1400 1317 1816 1388 supereminens
1853 1315 2063 1372 novitas

476 1416 724 1471 ttuitatis.
775 1413 951 1481 Quam
999 1412 1106 1468 nisi
1156 1411 1467 1481 diligenter,
1505 1409 1749 1481 prudens
1784 1410 1957 1480 virgo,
1993 1408 2065 1465 ab

474 1509 701 1564 exordio
744 1505 918 1561 sancti
969 1502 1242 1573 Evangelii
1281 1502 1718 1568 animadvertas,
1759 1502 1933 1570 magis
1979 1515 2067 1556 er-

475 1615 603 1656 rare
636 1600 687 1653 in
717 1597 866 1655 omni
901 1595 1186 1667 Scriptura
1230 1594 1505 1650 videberis
1545 1593 1752 1657 divina,
1780 1606 1946 1662 quam
1982 1592 2065 1646 in-

477 1692 719 1763 telligere
757 1690 1066 1745 veritatem.
1104 1686 1332 1743 Constat
1374 1685 1538 1756 igitur
1569 1699 1742 1740 unum
1785 1683 2064 1739 eumdem-

475 1799 583 1853 que
623 1781 903 1842 Christum
954 1779 1254 1835 secundum
1303 1786 1567 1845 utrasque
1618 1775 1825 1831 formas
1870 1788 2064 1845 opera-

2174 588 2292 642 nuit
2323 604 2338 642 :
2375 588 2471 644 sed
2515 602 2657 642 unus
2692 586 2940 653 idemque
2970 584 3232 640 Christus
3270 583 3441 640 Filius
3476 585 3571 640 Dei
3598 597 3757 658 atque

2174 677 2416 733 hominis
2452 678 2617 744 lilius,
2647 677 2738 747 qui
2770 676 2953 732 divina
2986 665 3158 747 gessit
3186 686 3242 734 et
3273 677 3510 733 humana
3538 694 3556 747 ς
3588 680 3757 749 siqui-

2175 770 2298 824 dem
2336 769 2782 839 inseparabiliter
2812 779 2975 837 atque
3003 768 3233 824 indivise
3258 784 3574 824 communes
3604 770 3757 826 Chri-

2174 872 2292 918 stus
2316 861 2515 917 habuit
2535 862 2808 917 actiones.
2838 862 2943 917 Sed
2971 860 3337 931 intelligendte
3363 873 3493 917 sunt
3518 864 3759 931 ipsorum

2173 968 2402 1022 Operam
2439 956 2734 1027 qualitates
2765 974 2779 1010 :
2814 955 3404 1026 contemplandumque
3438 968 3654 1024 semper
3693 954 3760 1009 ad

2173 1062 2296 1119 qum
2328 1050 2660 1119 provehatur
2694 1045 2971 1102 humilitas
3006 1046 3213 1111 carnis,
3242 1054 3297 1100 et
3332 1051 3401 1101 ad
3442 1062 3564 1115 quae
3604 1046 3760 1102 incli-

2175 1152 2335 1196 netur
2367 1140 2595 1194 altitudo
2626 1138 2964 1204 divinitatis;
2994 1140 3068 1193 ita
3096 1147 3158 1193 ut
3186 1151 3281 1207 per
3304 1151 3520 1192 omnem
3553 1147 3758 1193 textum

2172 1231 2348 1287 sancti
2404 1229 2991 1301 Evangelii_videatur
3041 1229 3178 1284 nihil
3233 1244 3365 1284 caro
3411 1234 3529 1284 sine
3585 1229 3761 1285 Verbo

2174 1337 2360 1395 agere,
2394 1338 2573 1394 neque
2599 1323 2836 1379 Verbum
2864 1323 2982 1378 sine
3012 1338 3176 1377 carne
3203 1322 3495 1393 quidquam
3523 1322 3756 1379 edicere.

2173 1412 2331 1470 Unde
2357 1415 2501 1484 quod
2541 1415 2785 1485 concipit
2816 1424 2872 1470 et
2910 1413 3053 1485 parit
3083 1412 3273 1481 Virgo,
3305 1414 3449 1469 sicut
3490 1429 3599 1469 non
3639 1415 3759 1471 siue

2171 1506 2415 1576 potentia
2470 1503 2637 1561 Verbi
2688 1514 2792 1569 est,
2843 1507 2916 1560 ita
2964 1519 3072 1559 non
3127 1504 3249 1560 sine
3291 1505 3523 1561 veritate
3572 1506 3759 1561 carnis

2171 1596 2316 1666 quod
2347 1610 2651 1666 pannorum
2681 1595 2866 1652 fasciis
2890 1595 3038 1666 jacet
3066 1594 3397 1661 involutum,
3438 1605 3493 1651 et
3525 1596 3580 1651 in
3614 1611 3758 1664 pra:-

2171 1688 2323 1758 sepio
2366 1688 2682 1744 reclinatur.
2739 1687 2908 1742 Porro
2949 1688 3091 1756 quod
3130 1686 3285 1742 stella
3330 1689 3469 1743 duce
3513 1702 3543 1743 a
3589 1688 3757 1759 Magis

2172 1779 2430 1834 aduratur
2485 1777 2702 1849 (Matth.
2745 1779 2844 1849 tt),
2900 1779 3046 1833 sicut
3100 1778 3321 1834 deitatis
3372 1788 3458 1833 est
3509 1796 3524 1834 :
3574 1780 3646 1835 ita
3702 1788 3757 1834 et

478 1887 616 1942 tum,
645 1874 1013 1930 humanitatis
1043 1873 1249 1927 scilicet
1280 1886 1345 1925 ac
1373 1868 1702 1933 divinitatis,
1732 1882 1797 1923 ac
1831 1881 1930 1938 per
1960 1869 2064 1923 hoc
2094 1860 2140 1918 Β
2171 1869 2549 1936 humanitatis,
2593 1885 2716 1925 cum
2754 1872 2808 1925 in
2852 1869 3144 1941 Egyptum
3195 1886 3293 1939 per
3330 1870 3513 1941 fugam
3556 1886 3626 1926 ue
3661 1887 3755 1927 ca—

476 1972 616 2023 duas
681 1968 995 2023 exercuisse
1053 1966 1418 2042 operationes.
1483 1962 1720 2032 Operata
1774 1972 1859 2018 est
1918 1960 2062 2016 enim

476 2070 706 2130 utraque
735 2060 909 2114 forma
945 2058 1029 2112 vel
1058 2068 1248 2112 natura
1278 2070 1402 2110 cum
1429 2054 1656 2110 alterius
1685 2053 2065 2109 communione

475 2154 618 2223 quod
669 2154 954 2221 proprium
995 2150 1233 2205 habuit:
1276 2147 1452 2203 Verbo
1493 2146 1764 2217 siquidem
1801 2152 2063 2217 operante

473 2245 619 2315 quod
659 2245 819 2301 Verbi
864 2252 970 2309 est,
1015 2251 1072 2297 et
1116 2255 1284 2295 carne
1330 2247 1666 2309 exsequente
1713 2252 1835 2307 qute
1880 2237 2064 2293 carnis

474 2347 635 2393 erant
665 2352 681 2392 :
715 2336 1155 2391 communicante
1185 2334 1233 2388 ei
1271 2332 1538 2401 siquidem
1574 2329 1755 2385 Verbo
1786 2330 1841 2385 in
1873 2329 2061 2384 eadem

474 2429 816 2500 operatione,
851 2429 978 2483 dum
1010 2436 1062 2482 et
1099 2425 1241 2480 idem
1277 2424 1420 2478 Deus
1462 2432 1625 2491 atque
1657 2422 1822 2477 homo
1856 2421 1911 2475 in
1955 2435 2061 2475 una

475 2521 780 2577 substantia
836 2518 923 2573 vel
977 2531 1234 2588 persona,
1275 2516 1394 2570 sine
1450 2513 1721 2569 divisione
1769 2522 1863 2567 aut
1909 2526 2063 2567 com-

476 2612 742 2665 mixtione
806 2610 1076 2676 creditur,
1136 2618 1191 2662 et
1248 2607 1576 2678 prazcognita
1634 2621 1740 2661 una
1807 2606 2062 2660 identitas

474 2702 825 2772 praedicatur.
860 2699 1247 2755 Verumtamen
1288 2700 1433 2755 Dens
1470 2700 1702 2753 Verbum
1734 2706 1840 2763 est,
1869 2705 1922 2752 et
1956 2714 2061 2753 non

475 2808 625 2857 caro,
673 2807 1001 2863 quanquam
1049 2806 1271 2845 carnem
1319 2790 1720 2845 rationabiliter
1767 2788 2061 2842 animatam

475 2883 835 2952 assumpserit
871 2899 888 2938 :
933 2883 1181 2951 hancque
1224 2882 1328 2936 sibi
1361 2878 1477 2953 [ΑΙ.
1512 2889 1650 2934 tacet
1693 2878 1823 2951 sibi]
1866 2878 2063 2933 unione

476 2978 708 3034 naturali
745 2986 799 3032 et
838 2976 1140 3032 secundum
1182 2975 1546 3030 substantiam
1588 2973 1854 3033 connivit.
1893 2972 2060 3028 Simi—

472 3065 601 3121 liter
646 3074 702 3121 et
749 3080 877 3120 caro
924 3073 1015 3119 est
1048 3065 1309 3131 animata,
1346 3073 1403 3120 et
1453 3056 1562 3119 nan
1608 3062 1847 3119 Verbum
1884 3082 1898 3120 :
1934 3064 2060 3119 licet

474 3161 637 3216 Verbi
688 3159 785 3214 Dei
841 3172 972 3214 caro
1028 3166 1319 3226 conspecta
1374 3158 1446 3213 sit
1493 3170 1557 3212 ae
1599 3157 1741 3211 visa.
1797 3155 1952 3211 Unde
2004 3165 2060 3212 et

470 3254 708 3309 Joannes
743 3270 757 3306 :
794 3250 947 3315 Quod
986 3250 1086 3320 fuit
1131 3250 1195 3303 ab
1242 3250 1416 3314 initio,
1454 3258 1506 3303 et
1550 3250 1688 3319 quod
1736 3248 2054 3316 audivimus,

472 3344 674 3413 inquit,
701 3355 752 3399 et
791 3343 1011 3398 vidimus
1045 3351 1095 3396 et
1131 3341 1513 3411 perspeximus,
1547 3353 1593 3395 et
1627 3355 1815 3394 meum
1859 3351 2057 3394 nostra

475 3447 836 3493 tractaverunt
874 3435 939 3491 de
973 3437 1127 3491 verbo
1155 3438 1276 3490 vitae
1303 3436 1348 3505 (Ι
1378 3432 1541 3489 Joan.
1578 3450 1618 3501 ι,
1651 3433 1729 3505 l);
1759 3448 1883 3489 cum
1924 3448 2055 3507 pro-

475 3531 621 3585 fecto
651 3544 810 3586 nemo
841 3529 1013 3584 Deum
1044 3542 1233 3582 verum
1267 3526 1453 3581 videre
1483 3535 1579 3581 aut
1610 3534 1845 3582 tractare
1884 3526 2056 3593 possit

474 3622 752 3687 manibus,
785 3621 891 3676 nisi
925 3634 1023 3691 per
1052 3628 1455 3675 sacramentum
1490 3619 1595 3675 sibi
1628 3620 1766 3674 uniti
1796 3620 2052 3674 hominis.

471 3714 605 3782 Quae
645 3715 904 3770 nimirum
937 3712 1110 3769 unitio
1138 3720 1247 3768 tam
1280 3712 1417 3767 mira
1457 3722 1564 3779 est,
1591 3723 1648 3767 ut
1687 3712 2052 3770 discernl'ne-

473 3820 659 3881 queat.
705 3807 960 3878 Alioquin
1006 3807 1150 3877 quod
1196 3806 1301 3861 fuit
1329 3806 1399 3862 ab
1437 3806 1594 3862 initio
1628 3805 1886 3873 Verbum,
1920 3821 2054 3876 quo-

474 3902 638 3959 modo
684 3911 836 3958 recte
879 3900 1087 3957 dicitur
1131 3898 1236 3954 hoc
1279 3908 1448 3954 totum
1484 3913 1606 3954 esse
1640 3898 1783 3968 quod
1824 3897 2051 3969 apostoli

471 3995 779 4061 audierant,
804 3993 945 4064 quod
974 3991 1243 4058 viderant,
1268 3992 1413 4062 quod
1442 3990 1692 4046 manibus
1719 4000 2049 4047 tractarunt:

473 4089 576 4142 nisi
605 4088 732 4156 quia
768 4084 1023 4141 Christus
1058 4098 1197 4138 unus
1230 4083 1487 4153 idemque
1520 4083 1687 4139 erat?
1713 4086 1793 4140 Ac
1824 4099 1921 4154 per
1948 4085 2054 4140 hoc

473 4181 617 4247 quod
664 4179 974 4242 audierant,
1023 4176 1168 4245 quod
1212 4175 1485 4241 viderant,
1534 4176 1678 4246 quod
1731 4185 2049 4242 traCtarant,

472 4266 710 4325 Verbum
742 4270 864 4322 vita:
893 4275 1043 4331 erat;
1074 4275 1131 4320 et
1161 4265 1298 4319 nihil
1329 4264 1473 4319 aliud
1499 4280 1564 4320 ex
1597 4265 1809 4320 duabus
1841 4269 2051 4323 naturis

471 4377 634 4430 quam
690 4375 858 4415 unum
913 4358 1070 4429 juxta
1126 4358 1534 4412 subsistentiam
1593 4360 1673 4413 vel
1739 4373 2045 4427 personam.

469 4452 611 4506 lliuc
657 4462 742 4504 est
776 4450 919 4520 quod
955 4463 1097 4503 unus
1131 4448 1383 4516 idemque
1413 4463 1637 4503 manens
1666 4448 1835 4504 Filius
1866 4448 2052 4520 unige-

2168 1959 2370 2029 piatur,
2403 1961 2711 2015 adducitur.
2748 1958 2840 2014 Sic
2865 1960 3052 2027 itaque
3079 1960 3262 2013 omnia
3298 1962 3559 2015 virtutum
3587 1976 3751 2030 opera

2164 2051 2561 2108 consideranda
2590 2059 2738 2116 sunt,
2764 2061 2825 2107 ut
2853 2052 3146 2107 reddamus
3178 2052 3289 2106 Deo
3322 2068 3443 2119 qua-
3472 2052 3567 2106 Dei
3600 2062 3751 2115 sunt,

2164 2154 2221 2199 et
2278 2142 2490 2198 homini
2534 2158 2655 2213 qua:
2694 2153 2822 2200 sunt
2868 2144 3127 2199 hominis.
3185 2142 3454 2209 Quoniam
3491 2146 3631 2200 sicut
3670 2156 3753 2201 est

2167 2252 2307 2291 unus
2344 2236 2436 2306 qui
2490 2235 2761 2291 Lazarum
2814 2236 2983 2292 verbo
3031 2237 3291 2307 potentia
3331 2251 3442 2292 sua:
3478 2246 3656 2302 vocat,
3692 2246 3752 2292 ut

2165 2335 2326 2381 exeat
2359 2330 2503 2380 foras
2533 2340 2563 2379 a
2594 2332 2948 2382 monumento
2981 2342 2997 2382 ε
3028 2326 3109 2382 sic
3152 2326 3297 2381 idem
3336 2325 3453 2395 ipse
3495 2342 3631 2381 unus
3669 2337 3750 2382 est

2165 2416 2257 2486 qui
2298 2414 2447 2471 flevit
2494 2415 2857 2472 humanitatis
2906 2416 3125 2472 affectu.
3179 2418 3271 2473 Sic
3310 2419 3507 2489 quippe
3551 2428 3749 2475 cuncta

2164 2517 2380 2574 oportet
2426 2509 2778 2566 considerare
2816 2525 2833 2562 :
2876 2520 3145 2579 quatenus
3192 2520 3245 2566 et
3288 2511 3444 2581 plena
3494 2513 3749 2571 divinitas

2166 2600 2220 2655 in
2250 2599 2471 2656 Christo
2517 2601 2855 2672 intelligatur
2900 2604 3111 2658 homini
3152 2604 3325 2670 unita,
3360 2613 3415 2659 et
3454 2604 3608 2674 plena
3647 2606 3748 2662 hu-

2167 2687 2401 2743 manitas
2436 2688 2491 2742 in
2523 2687 2692 2744 Deum
2724 2701 3026 2762 assumpta.

2237 2777 2379 2833 Xlll.
2420 2776 2544 2835 llaec
2579 2778 2788 2836 idcirco
2833 2782 3064 2837 dixerim
3106 2786 3372 2857 tantisper
3406 2789 3471 2843 de
3516 2788 3617 2843 ﬁde
3662 2787 3745 2843 ln-

2165 2872 2503 2928 carnationis
2535 2871 2764 2940 Christi,
2794 2876 3130 2933 charissima:
3161 2898 3174 2933 :
3209 2881 3357 2949 quia,
3387 2885 3530 2952 quod
3562 2882 3745 2953 plures

2167 2962 2531 3021 Orientalium
2561 2968 2904 3023 circumeunt
2933 2969 3046 3024 suis
3081 2969 3304 3028 faecibus
3328 2975 3591 3042 obvoluti,
3624 2991 3745 3032 mo-

2166 3058 2283 3113 neri
2314 3060 2599 3124 debuistis,
2636 3073 2704 3115 ne
2738 3074 2837 3115 suo
2870 3063 3194 3118 obnubilare
3226 3079 3322 3120 vos
3356 3066 3521 3122 velint
3549 3069 3742 3123 obscu-

2168 3151 2345 3205 ritatis
2377 3150 2617 3221 eloquio.
2646 3152 2731 3205 vel
2760 3150 2949 3208 Graeco
2982 3154 3199 3211 turbine
3228 3155 3477 3213 Latinam
3509 3160 3742 3217 confun-

2164 3244 2293 3297 dere
2329 3242 2643 3313 puritatem.
2687 3242 2827 3299 Sunt
2856 3247 3002 3302 enim
3042 3256 3097 3302 et
3141 3250 3435 3318 prudentes
3477 3252 3740 3322 virgines,

2164 3348 2293 3391 sunt
2342 3346 2397 3390 et
2444 3336 2628 3395 fatuae.
2680 3336 2746 3391 Et
2792 3339 2934 3407 idco,
2980 3342 3383 3413 dilectissimus,
3425 3346 3739 3415 imitamini,

2164 3443 2327 3497 quam
2361 3430 2560 3483 amatis
2594 3432 2805 3485 beatam
2839 3440 2893 3486 et
2923 3434 3215 3502 gloriosam
3251 3434 3549 3507 Virginem,
3581 3440 3740 3511 cujus

2165 3522 2325 3577 hodie
2358 3523 2409 3576 itt
2438 3523 2598 3576 terris
2633 3521 2767 3577 festa
2800 3524 3017 3579 colitis:
3051 3526 3117 3580 de
3147 3543 3251 3596 qua
3283 3529 3482 3585 dicitur
3510 3546 3525 3587 :
3557 3530 3738 3587 Maria

2163 3624 2337 3668 autem
2360 3615 2702 3668 conservabat
2731 3617 2908 3669 omnia
2934 3617 3089 3671 verba
3118 3618 3229 3673 lucc
3259 3620 3404 3690 (qua:
3431 3623 3495 3677 de
3517 3622 3739 3681 Christo

2163 3705 2504 3771 dicebantur,
2532 3707 2763 3777 scilicet)
2802 3707 3074 3777 conferens
3104 3710 3158 3765 in
3189 3715 3346 3768 corde
3373 3730 3467 3770 suo
3492 3713 3647 3786 (Luc.
3676 3733 3737 3785 tt,

2162 3797 2275 3870 5t).
2313 3796 2572 3855 Conferte
2600 3815 2733 3870 ergo
2763 3811 2819 3856 et
2852 3816 2952 3857 vos
2983 3803 3034 3857 in
3065 3804 3323 3861 cordibus
3363 3809 3581 3875 vestris,
3610 3812 3739 3865 cha-

2158 3891 2413 3957 rissimae,
2448 3906 2568 3963 qua:
2606 3891 2674 3948 de
2704 3892 2824 3964 ipso
2856 3894 3162 3966 eodemque
3208 3897 3436 3955 Domino
3468 3903 3739 3960 catholice

2160 3984 2419 4041 dicuntur
2454 4002 2471 4041 :
2522 3994 2582 4041 ut
2618 3995 2674 4040 et
2721 3985 2880 4042 fidem
2922 3988 3187 4059 integram
3233 4006 3458 4049 servare
3492 3997 3737 4065 possitis,

2158 4086 2215 4131 et
2257 4085 2487 4132 matrem
2533 4076 2652 4148 ejus
2699 4078 2882 4134 debite
2927 4082 3200 4138 venerari.
3246 4083 3514 4151 Quoniam
3556 4087 3738 4144 nullus

2160 4169 2337 4224 honor
2368 4169 2489 4240 ejus
2518 4178 2601 4224 est
2632 4168 2795 4239 alius,
2829 4171 2932 4227 nisi
2975 4187 3097 4228 cum
3142 4175 3234 4230 ille
3263 4177 3387 4246 jure
3415 4177 3734 4248 honoratur,

2157 4261 2248 4329 qui
2288 4262 2441 4316 nasci
2487 4263 2737 4350 dignatus
2774 4274 2859 4319 est
2905 4279 2971 4320 ex
3009 4281 3096 4322 ea.
3127 4268 3394 4323 Caeterum
3430 4285 3563 4339 rogo
3593 4287 3738 4341 qua:-

2158 4367 2373 4421 cunque
2416 4353 2552 4410 estis
2596 4354 2757 4420 dliw,
2808 4371 3167 4429 quaecumque
3217 4371 3453 4425 matres,
3504 4364 3738 4432 cogitate

2157 4449 2439 4514 attentius,
2471 4462 2527 4503 et
2557 4451 2876 4519 perpendite
2921 4453 3257 4524 diligentius,
3293 4457 3493 4525 quibus
3532 4457 3735 4515 afficie-

469 4548 641 4608 mtus,
672 4541 1105 4609 indisseparatus
1135 4538 1189 4592 in
1226 4539 1508 4609 utriusque
1536 4542 1751 4596 naturis
1783 4542 2051 4611 conspici-
2084 4565 2129 4621 υ
2160 4543 2321 4597 batur
2368 4543 2527 4598 beata
2575 4555 2630 4600 et
2679 4545 3005 4603 intemerata
3052 4549 3207 4620 virgo
3246 4549 3413 4605 Maria
3458 4553 3737 4609 doloribus

471 4650 579 4700 tur,
610 4646 668 4691 et
711 4650 834 4705 qua:
874 4643 1007 4689 sunt
1058 4635 1341 4704 utriusque
1379 4634 1698 4689 substantia:
1734 4636 2051 4691 naturaliter

465 4730 798 4798 operabatur
846 4724 975 4801 [Αι.
1021 4722 1359 4798 operatur],
1407 4725 1706 4781 secundum
1736 4727 2050 4797 ‘unicuique

469 4821 550 4874 vel
587 4820 808 4876 insitam
855 4818 1204 4875 essentialem
1246 4818 1588 4887 qualitatem,
1618 4818 1702 4873 vel
1744 4817 2048 4873 naturalem

360 4962 367 4969 .
466 4915 851 4983 proprietatem
886 4926 903 4967 :
934 4925 1055 4979 quin
1084 4910 1139 4965 in
1171 4917 1422 4964 naturam
1456 4909 1683 4965 haberet
1714 4908 2046 4979 singularem

462 5009 517 5053 et
564 4999 996 5069 inconjunctam,
1034 5014 1142 5053 non
1192 5008 1377 5069 ageret
1420 4999 1629 5069 utique.
1673 4997 1827 5055 Nunc
1865 5010 2044 5054 autem

464 5090 785 5147 Emmanuel
835 5093 963 5145 dum
1013 5105 1156 5145 unus
1205 5098 1312 5156 est,
1346 5100 1402 5145 et
1448 5090 1502 5143 in
1538 5106 1602 5146 eo
1638 5093 1752 5160 ipso
1792 5099 2044 5162 utraque,

460 5183 515 5239 id
546 5192 653 5250 est,
689 5182 830 5240 Deus
872 5194 928 5240 et
960 5185 1146 5248 homo,
1181 5196 1303 5253 qua:
1334 5184 1619 5253 utriusque
1656 5192 1861 5239 natura:
1895 5195 2044 5247 sunt,

462 5281 730 5334 veraciter
760 5278 947 5348 gessit,
975 5275 1271 5332 secundum
1304 5275 1451 5331 aliud
1478 5285 1533 5331 et
1563 5277 1706 5331 aliud
1736 5291 1855 5346 qua:
1887 5286 2040 5349 gesta

458 5380 588 5426 sunt
615 5386 891 5445 'operaus.
940 5369 1080 5439 Ergo
1142 5369 1448 5425 secundum
1499 5374 1646 5439 quod
1701 5369 1881 5435 Deus,
1928 5373 2043 5437 ipse

459 5468 600 5518 idem
631 5467 741 5533 egit
771 5480 890 5535 qua:
921 5466 1099 5519 divina
1129 5473 1252 5518 sunt
1286 5478 1300 5517 :
1334 5468 1633 5517 secundum
1669 5467 1816 5533 quod
1849 5465 2035 5527 homo,

460 5561 601 5614 idem
635 5561 748 5629 ipse
772 5575 893 5629 quae
919 5561 1154 5613 humana
1191 5567 1338 5621 sunt,
1366 5559 1603 5626 seipsum
1635 5556 1819 5612 volens
1848 5569 2036 5611 osten-

455 5655 585 5706 dere
612 5656 754 5722 quod
783 5653 924 5707 Deus
953 5653 1090 5703 idem
1119 5651 1233 5718 ipse
1260 5661 1312 5702 et
1342 5649 1507 5703 homo
1531 5638 1721 5702 sit.‘l£t
1751 5648 1869 5702 ideo
1898 5649 2036 5701 idem

457 5745 575 5812 ipse
607 5754 714 5798 tam
745 5757 867 5811 quae
896 5741 1080 5797 divina
1121 5750 1244 5792 sunt
1284 5749 1415 5809 agat,
1450 5754 1611 5809 qttatn
1650 5756 1768 5808 qua:
1800 5741 2035 5794 humana

454 5833 741 5900 similiter;
784 5845 836 5888 et
876 5848 984 5886 non
1030 5833 1166 5884 alius
1202 5830 1424 5898 quidem
1463 5832 1725 5885 ttttracula
1778 5841 2033 5902 eperatus

2156 4643 2279 4702 post
2310 4633 2520 4689 Christi
2555 4638 2623 4689 ad
2660 4637 2830 4691 rmlos
2873 4651 3184 4708 ascensum,
3218 4642 3445 4711 expletis
3482 4646 3736 4703 omnibus

2149 4742 2271 4797 qua:
2304 4726 2373 4781 de
2404 4728 2521 4798 ipso
2561 4739 2719 4783 erant
2755 4732 2822 4784 ah
2856 4733 3065 4802 angelis
3096 4733 3410 4802 praedicata,
3442 4749 3494 4792 et
3530 4754 3560 4792 a
3608 4754 3733 4807 pro-

2150 4820 2330 4890 phetis
2360 4821 2660 4877 nmltifarie
2691 4824 2984 4895 multisque
3015 4827 3187 4881 modis
3217 4829 3563 4898 pt-zesignata,
3594 4834 3734 4888 ἀινί-

2150 4913 2234 4969 nis
2280 4913 2559 4968 declarata
2605 4916 2865 4982 oraculis,
2898 4918 3191 4975 virtutibus
3229 4921 3493 4989 exhibita,
3529 4933 3582 4978 et
3614 4940 3734 4995 qua

2149 5004 2504 5060 humanitatis
2546 5016 2671 5061 sunt
2706 5016 2925 5063 ostensa
2960 5012 3261 5083 praesagiis.
3304 5012 3519 5079 Quaeso,
3553 5034 3596 5070 st
3631 5035 3731 5085 qua

2147 5109 2277 5151 sunt
2314 5097 2365 5151 iu
2399 5097 2553 5153 vobis
2584 5101 2791 5155 viscera
2829 5102 3067 5168 pietatis,
3093 5105 3440 5161 considerate
3470 5124 3575 5176 quo
3604 5125 3730 5163 cru-

2146 5187 2394 5241 ciabatur
2439 5202 2662 5253 amore,
2709 5203 2927 5260 quoque
2985 5192 3261 5248 desiderio
3297 5199 3565 5250 aestuabat
3618 5202 3732 5255 lucc

2148 5277 2322 5349 virgo,
2358 5278 2483 5333 dum
2521 5280 2829 5337 revolveret
2860 5280 3041 5337 animo
3071 5297 3265 5341 cuncta
3292 5301 3415 5355 quae
3453 5288 3728 5357 audierat,

2144 5385 2264 5437 quae
2309 5369 2540 5435 viderat,
2572 5386 2695 5442 quae
2722 5385 3076 5443 cognoverat.
3121 5373 3262 5434 Puto
3288 5382 3431 5450 quod
3464 5383 3728 5454 quidquid

2141 5465 2325 5517 cordis
2370 5471 2476 5526 est,
2510 5464 2774 5532 quidquid
2813 5467 3039 5533 mentis,
3073 5470 3333 5540 quidquid
3373 5472 3591 5530 virtutis
3628 5478 3730 5531 hu-

2143 5571 2337 5619 manm,
2373 5558 2415 5610 si
2454 5567 2624 5611 totum
2662 5559 2941 5626 adhibeas,
2975 5577 3082 5615 non
3114 5563 3347 5619 sulliciat
3390 5578 3448 5622 ut
3486 5573 3730 5640 cegitare

2144 5651 2349 5714 valcas,
2383 5662 2593 5720 quanto
2633 5652 3006 5709 indesinenter
3036 5659 3382 5713 cremabatur
3418 5664 3612 5718 ardore
3652 5667 3724 5733 pii

2143 5743 2346 5795 amoris
2374 5760 2390 5807 ;
2424 5744 2648 5809 quantis
2680 5746 3034 5799 amovebatur
3064 5749 3267 5816 repleta
3299 5753 3502 5819 Spiritu
3536 5772 3725 5808 Sttttt'lo

2139 5835 2445 5890 coslcstiutn
2494 5850 2830 5891 secretorum
2864 5838 3236 5895 incitamentis
3279 5860 3294 5893 :
3332 5844 3458 5906 quia
3498 5848 3600 5900 esi
3639 5847 3727 5899 di-
