4054 6206
390 355 499 426 ιιι

1183 359 1560 422 EPISTOLA
1603 361 1710 422 1x.
1749 360 1848 420 AD
1894 357 2207 418 PAULAM
2250 357 2347 418 ET
2387 315 2908 419 EUsTochit.

3559 356 3662 418 1.2

389 466 602 536 ligebat
633 467 918 523 Christum
962 484 1024 524 ex
1068 479 1180 526 tcto
1215 473 1399 541 corde,
1433 484 1486 528 et
1527 488 1591 528 ex
1635 482 1746 528 tota
1780 473 1984 545 anima,
2012 473 2064 534 Α
2089 483 2252 524 omne
2308 485 2468 538 getm.
2513 468 2585 522 Ite
2623 467 2784 535 hujus
2839 465 3095 519 nimirum
3147 464 3212 517 ad
3253 464 3422 534 ccelos
3461 479 3660 519 ascen-

389 573 451 614 et
482 575 547 615 ex
585 571 695 614 tota
728 563 950 629 virtute,
983 564 1135 618 novis
1179 573 1356 619 tamen
1394 567 1637 636 quotidie
1677 565 1980 621 inflamma-

395 655 562 706 hatur
619 655 906 720 praesentia
962 655 1162 710 absens
1215 657 1607 712 desideriorum
1661 657 1975 722 affectibus;

393 755 555 799 tanto
589 744 864 814 siquidem
899 747 1148 811 validius,
1183 760 1389 818 quanto
1432 750 1634 804 divinis
1673 749 1978 804 illustraba-

397 849 490 890 tur
537 837 687 890 intus
738 837 1184 906 visitationibus;
1234 855 1395 909 quam
1452 850 1618 896 totam
1673 842 1979 911 repleverat

394 928 641 998 Spiritus
693 931 871 985 sancti
923 933 1134 1000 gratia;
1187 945 1348 1002 quam
1403 943 1570 987 totam
1622 932 1978 988 incanduerat

391 1021 614 1074 divinus
652 1037 806 1076 amor
836 1037 852 1078 :
884 1023 957 1076 ita
996 1033 1054 1076 nt
1088 1025 1141 1078 in
1183 1038 1250 1079 ea
1295 1024 1430 1078 nihil
1475 1033 1640 1087 esset,
1670 1025 1976 1079 mundanus

390 1115 540 1182 quod
595 1115 822 1167 violaret
874 1113 1137 1183 aﬂ’ectus,
1183 1115 1280 1172 sed
1331 1118 1496 1177 ardor
1543 1117 1870 1181 continuus,
1923 1124 1977 1170 et

391 1206 634 1260 ebrietas
671 1205 876 1276 perfusi
912 1207 1138 1262 amoris.
1172 1205 1307 1261 Nam
1357 1218 1415 1262 et
1458 1207 1710 1262 Christus
1761 1211 1828 1262 ab
1876 1209 1977 1261 ho-

395 1297 638 1352 minibus
689 1305 774 1352 est
831 1300 1120 1365 amandus,
1153 1315 1220 1354 ex
1274 1308 1388 1354 toto
1432 1301 1618 1364 corde,
1649 1309 1704 1355 et
1750 1294 1815 1355 ex
1867 1308 1974 1353 tota

391 1389 602 1454 anima,
637 1399 808 1460 atque
839 1405 906 1444 ex
954 1400 1060 1444 tota
1092 1391 1297 1445 virtute
1326 1389 1650 1458 qumrendus
1679 1405 1697 1446 :
1741 1389 1977 1443 maxime

395 1492 577 1536 tamen
625 1483 696 1536 ab
735 1497 798 1535 ea
848 1483 1150 1546 ardentius,
1182 1480 1338 1552 cujus
1366 1492 1421 1536 et
1465 1481 1720 1536 Dominus
1751 1491 1889 1544 erat,
1920 1488 1976 1534 et

396 1573 560 1626 titius.
591 1570 870 1626 Fortassis
895 1586 1026 1642 ergo
1057 1585 1166 1640 pra:
1193 1571 1363 1626 nimio
1391 1586 1599 1635 amore,
1628 1571 1682 1624 in
1715 1570 1839 1626 loco
1865 1583 1974 1639 quo

389 1664 642 1733 sepultus
667 1664 888 1730 dicitur,
919 1663 1185 1718 interdum
1214 1661 1487 1716 habitasse
1510 1675 1629 1716 eain
1659 1659 1969 1727 credimus:

391 1753 664 1822 quatenus
707 1756 810 1824 piis
852 1765 1166 1825 pasceretur
1199 1753 1451 1808 internus
1481 1767 1634 1806 amor
1668 1751 1966 1806 obtutibus.

2085 561 2258 626 sione,
2292 562 2459 613 multo
2479 559 2802 614 admirantis
2822 558 3021 612 intuitu
3050 569 3388 612 secretorum
3419 571 3660 612 contem-

2086 652 2261 718 plator
2289 652 2596 705 etelestiutn
2630 652 2679 702 in
2712 649 2955 703 Canticis
2993 665 3007 704 :
3060 648 3201 714 Vidi,
3232 650 3432 720 inquit,
3463 652 3660 719 specio-

2084 760 2199 796 sam
2257 743 2647 802 ascendentem,
2701 742 2856 810 quasi
2891 741 3183 794 columbam
3232 747 3459 812 desuper
3525 748 3661 796 rivos

2080 850 2363 902 aquarum.
2417 834 2485 888 Et
2521 851 2652 886 vere
2707 836 2954 902 speciosa
3013 835 3168 906 quasi
3223 836 3492 902 columba,
3527 841 3657 906 quia

2082 925 2227 980 illius
2251 925 2487 994 speciem
2512 925 2775 980 columbae
2798 941 2862 981 ac
2886 926 3296 996 simplicitatem,
3319 928 3662 988 demonstra-

2084 1015 2199 1080 bat,
2236 1030 2358 1085 qnae
2382 1030 2548 1084 super
2576 1014 2865 1070 Dominum
2897 1019 3064 1078 venit,
3087 1026 3142 1075 et
3169 1021 3354 1074 decuit
3373 1019 3657 1083 Joannem,

2081 1105 2227 1175 quod
2260 1106 2346 1161 hic
2369 1117 2454 1161 est
2481 1108 2572 1175 qui
2631 1107 2889 1178 baptizat.
2923 1109 2986 1166 Et
3033 1111 3188 1177 bene,
3229 1113 3463 1184 desuper
3515 1115 3658 1169 rivos

2081 1212 2372 1266 aquarum,
2398 1197 2522 1266 quia
2555 1214 2719 1266 super
2752 1214 2948 1269 aquam
2993 1199 3302 1258 refecu'onis
3327 1203 3655 1258 educaverat

2077 1303 2196 1343 eam
2225 1289 2487 1344 Dominus
2509 1300 2563 1344 et
2593 1290 2902 1348 uutriverat
2927 1291 3101 1363 (Psal.
3129 1306 3268 1358 xxtt,
3294 1295 3349 1363 2)
3396 1314 3409 1350 :
3443 1311 3506 1351 ex
3548 1313 3654 1366 qua

2079 1380 2235 1434 multi
2271 1381 2488 1434 deducti
2523 1381 2645 1448 rivi,
2684 1397 2900 1438 omnem
2937 1384 3168 1456 irrigant
3201 1388 3656 1443 terram‘delicia-

2079 1487 2222 1541 rum,
2277 1483 2331 1528 et
2393 1473 2685 1527 infundunt
2740 1475 2962 1529 hortum
2996 1478 3310 1546 voluptatis,
3358 1465 3655 1550 exquibus

2076 1565 2322 1633 quotidie
2351 1566 2424 1618 ita
2456 1575 2510 1619 et
2550 1564 2772 1634 perfusa
2802 1566 2957 1621 beata
3005 1565 3099 1622 Dei
3141 1573 3370 1640 genitrix
3411 1572 3652 1624 ascendit

2081 1657 2345 1713 hodierna
2374 1659 2460 1713 die
2493 1659 2738 1726 speciosa
2779 1659 2936 1714 valde
2985 1670 3039 1714 et
3074 1663 3414 1718 admirabilis
3456 1677 3470 1715 :
3501 1664 3654 1732 cujus

2075 1751 2204 1803 odor
2257 1750 2646 1805 inaestimabilis
2684 1763 2798 1806 erat
2853 1753 3032 1820 nimis,
3064 1765 3118 1808 et
3175 1755 3297 1812 ideo
3335 1757 3647 1812 int-flabilis.
3727 1775 3732 1804 :

394 1846 489 1902 Sic
517 1862 754 1918 namque
781 1848 934 1902 locus
964 1845 1174 1900 medius
1199 1856 1286 1898 est
1313 1846 1440 1900 hinc
1469 1843 1594 1898 inde
1621 1843 1974 1906 constitutus,
2008 1833 2050 1892 Β
2082 1841 2157 1894 Ad
2190 1842 2348 1908 cujus
2407 1842 2652 1911 prolecto
2690 1843 3048 1913 fragrantiam
3082 1847 3287 1913 odoris,
3329 1850 3508 1903 omnis
3565 1850 3651 1902 illa

391 1951 452 1993 ut
483 1941 636 1993 adire
675 1949 861 2008 posset
901 1938 1241 1992 ascensionis
1271 1937 1390 2006 ejus
1427 1935 1672 2006 vestigia,
1705 1946 1763 1989 et
1794 1934 1969 1988 locum

391 2032 684 2100 sepulturae
734 2046 798 2085 ac
849 2031 1303 2094 resurrectionis,
1344 2039 1400 2084 et
1443 2028 1624 2083 omnia
1671 2029 1724 2082 in
1775 2027 1972 2097 quibus

392 2136 588 2191 passus
623 2130 728 2184 est,
762 2121 879 2174 loca
917 2120 1154 2174 invisere
1185 2136 1198 2172 :
1235 2133 1344 2172 non
1384 2119 1527 2188 quod
1553 2119 1665 2189 jam
1699 2117 1968 2171 viventem

391 2226 662 2283 quiaereret
706 2228 832 2268 cum
886 2213 1140 2278 mortuis,
1185 2211 1279 2268 sed
1327 2221 1385 2266 ut
1434 2213 1549 2266 suis
1595 2209 1971 2266 consolaretur

390 2305 726 2372 aspectibus.
781 2303 893 2360 Hoc
939 2307 1137 2374 quippe
1184 2304 1346 2360 habet
1390 2303 1676 2373 impatiens
1717 2318 1869 2356 amor
1912 2313 1968 2356 ut

392 2415 512 2468 qua:
557 2398 854 2460 desiderat,
891 2412 1105 2467 semper
1149 2397 1395 2451 invenire
1425 2411 1485 2451 se
1516 2397 1717 2450 credat.
1754 2395 1968 2465 Ignorat

397 2494 664 2561 siquidem
692 2490 981 2559 judicium,
1012 2493 1222 2544 ratione
1253 2489 1526 2544 multoties
1553 2501 1721 2554 caret,
1751 2490 1964 2542 modum

395 2600 444 2635 tn
467 2586 594 2650 scit,
625 2598 727 2638 nec
760 2583 904 2636 aliud
932 2584 1173 2653 cogitare
1199 2591 1379 2652 potest
1407 2597 1570 2649 quam
1595 2581 1739 2650 quod
1767 2581 1962 2652 diligit.

391 2675 558 2731 Amor
603 2691 709 2730 non
747 2675 946 2744 accipit
981 2673 1047 2728 de
1085 2673 1523 2742 impossibilitate
1557 2674 1831 2733 solatium,
1864 2687 1962 2726 ne-

388 2781 494 2835 que
535 2782 602 2820 cx
652 2765 970 2820 difficultate
1020 2765 1340 2819 remedium.
1377 2765 1508 2830 Quae
1553 2764 1762 2818 scilicet
1810 2767 1960 2818 beata

387 2861 541 2928 virgo
573 2857 766 2921 Maria,
802 2855 1197 2927 quamvisjam
1242 2857 1294 2909 in
1345 2857 1540 2926 spiritu
1581 2864 1744 2920 esset,
1782 2863 1959 2908 tamen

390 2951 518 3004 dum
547 2950 603 3003 in
635 2964 800 3004 carne
825 2950 978 3015 vixit,
1003 2947 1312 3003 carnalibus
1343 2949 1660 3003 movebatur
1684 2948 1957 3009 sensibus.

389 3055 438 3096 et
475 3042 598 3096 ideo
636 3057 800 3112 quam
846 3056 990 3112 saepe
1037 3042 1276 3095 locorum
1313 3041 1662 3095 recreabatur
1697 3039 1960 3094 visitatio-

390 3138 551 3189 nihus
585 3152 600 3188 :
636 3147 693 3188 et
736 3149 897 3200 quem
945 3143 1226 3204 genuerat,
1261 3134 1458 3187 mentis
1501 3131 1959 3199 complectebatur

386 3226 751 3294 amplexibus.
820 3225 1060 3294 Denique
1121 3238 1273 3278 amor
1336 3223 1581 3286 Christi,
1634 3221 1956 3277 desiderium

381 3318 660 3387 pariebat!
717 3319 1046 3371 desiderium
1102 3331 1230 3370 vero
1277 3315 1552 3386 gliscens,
1603 3314 1755 3384 quasi
1807 3314 1960 3370 novis

386 3411 744 3476 reparabatur
790 3409 1096 3471 ardoribus,
1138 3408 1406 3461 intantum
1459 3417 1516 3460 ut
1558 3406 1777 3461 credam
1821 3422 1959 3460 non-

387 3514 690 3570 nunquam,
719 3501 864 3568 qnod
905 3501 1086 3553 omnia
1121 3500 1284 3553 etiam
1316 3507 1370 3552 et
1401 3500 1744 3569 semetipsum
1780 3509 1956 3552 trans-

387 3597 642 3648 canderet
666 3608 683 3648 :
708 3595 840 3664 quia
871 3595 1092 3648 omnino
1114 3608 1268 3648 amor
1292 3593 1598 3661 impatiens,
1624 3592 1766 3660 quod
1789 3599 1958 3654 amat,

389 3702 494 3739 non
528 3695 708 3754 potest
740 3700 847 3738 non
883 3687 1084 3740 videre.
1119 3681 1258 3740 Hinc
1290 3694 1394 3752 est,
1425 3685 1786 3752 charissimze,
1817 3685 1957 3754 quod

380 3793 574 3833 omnes
616 3777 793 3832 sancti
850 3779 1032 3834 omnia
1082 3793 1203 3848 qua:
1256 3789 1590 3843 meruerant,
1632 3795 1728 3848 pro
1777 3780 1961 3850 parvis

381 3853 611 3933 duxere,
634 3871 679 3924 si
702 3868 988 3924 Dominum
1008 3885 1169 3940 quem
1193 3883 1641 3938 amaverant,nou
1672 3872 1914 3926 viderent
1940 3889 1953 3927 :

380 3962 543 4017 sicuti
565 3970 620 4016 et
641 3961 972 4016 venerabilis
995 3963 1149 4018 beata
1172 3964 1321 4032 virgo
1345 3961 1532 4030 Maria,
1547 3978 1653 4017 non
1679 3963 1954 4032 indignum

379 4070 413 4123 p
445 4069 480 4108 ο
503 4053 806 4108 innumeris
822 4064 875 4107 et
895 4054 1177 4110 immensis
1198 4055 1474 4110 beneficiis
1495 4059 1754 4112 reddebat
1789 4057 1956 4112 inter-

380 4158 506 4196 uum
523 4145 846 4214 obsequium
862 4145 1192 4213 sanctitatis,
1213 4148 1338 4200 dum
1360 4147 1745 4202 beneﬁciorum
1765 4147 1818 4201 in
1847 4159 1956 4203 ter-

381 4238 460 4289 ris
487 4239 668 4304 posita
727 4250 833 4291 non
881 4245 1101 4306 poterat
1137 4238 1319 4292 videre
1353 4239 1662 4309 largitorem
1693 4257 1709 4295 :
1751 4251 1805 4295 et
1836 4243 1957 4296 ideo

378 4329 960 4395 hodie,dilectissiune,
972 4331 1212 4384 elevatur
1229 4345 1390 4399 super
1405 4331 1602 4386 choros
1614 4334 1952 4403 angelorum,

380 4431 438 4471 ut
459 4421 633 4486 possit
654 4421 892 4488 speciem
921 4420 1230 4488 vultumque
1249 4420 1433 4475 videre
1453 4421 1774 4485 Salvatoris,
1793 4439 1952 4492 quem

2081 1932 2318 1986 caelestis
2343 1930 2650 2010 Jerusalem
2687 1934 2809 1988 laetu
2833 1935 3098 2001 decurrit,
3131 1952 3294 2007 quam
3343 1940 3652 1996 circumda-

2080 2022 2209 2076 bant
2258 2021 2422 2079 liores
2471 2040 2719 2080 rosarum
2774 2034 2828 2080 et
2869 2025 2980 2080 lilia
3020 2029 3370 2095 convallium,
3410 2046 3474 2085 eo
3508 2033 3651 2102 quod

2078 2129 2271 2171 omnes
2330 2116 2529 2171 anima:
2583 2118 2848 2187 martyrio
2901 2120 3212 2187 rubricatze,
3266 2137 3385 2175 eam
3438 2135 3651 2178 mternae

2079 2205 2392 2260 dilectionis
2419 2207 2858 2276 complectuntur
2881 2209 3261 2278 amplexibus;
3288 2222 3343 2266 et
3374 2215 3649 2284 virginita-

2079 2302 2148 2351 tis
2183 2299 2477 2368 splendore
2508 2300 2831 2363 candidatas,
2863 2316 2926 2356 ac
2956 2303 3003 2356 si
3042 2302 3150 2356 lilia
3182 2305 3234 2358 itt
3279 2307 3416 2360 valle
3466 2309 3649 2364 humi-

2078 2391 2246 2444 litatis
2275 2392 2550 2459 enutritaa,
2581 2393 2921 2446 circumdant
2947 2410 3091 2460 eam,
3128 2398 3498 2454 venerationis
3528 2415 3649 2470 gra-

2079 2480 2149 2533 tia
2184 2484 2571 2550 obsequentes.
2605 2485 2775 2538 liecte
2813 2485 2977 2555 igitur
3010 2501 3026 2542 ;
3057 2489 3314 2558 quoniam
3361 2492 3516 2545 beata
3554 2493 3645 2546 Dei

2074 2576 2307 2641 genitrix
2335 2585 2389 2628 et
2424 2587 2652 2645 martyr,
2677 2586 2733 2630 et
2769 2577 2918 2650 virgo
2956 2579 3078 2642 fuit,
3111 2583 3360 2650 quamvis
3408 2585 3459 2638 in
3515 2600 3646 2654 pace

2076 2668 2238 2719 vitant
2285 2665 2507 2721 finierit.
2561 2665 2697 2723 llinc
2734 2683 2953 2738 quoque
2996 2675 3140 2741 quod
3180 2689 3304 2730 vere
3356 2691 3515 2744 passa
3547 2680 3642 2744 sit,

2073 2768 2303 2812 testatur
2336 2758 2555 2814 Sintcou
2597 2761 2886 2830 propheta,
2936 2763 3162 2834 loquens
3218 2768 3284 2822 ad
3344 2785 3464 2824 eam
3504 2788 3518 2825 :
3575 2771 3643 2826 Et

2073 2861 2243 2914 tuam,
2292 2851 2488 2920 inquit,
2549 2853 2711 2920 ipsius
2755 2851 2989 2909 animant
3045 2863 3390 2926 pertransibit
3427 2864 3642 2932 gladius

2071 2943 2222 3002 (Luc.
2257 2959 2316 3010 tt,
2356 2945 2469 3014 55).
2515 2947 2594 3000 Ex
2628 2961 2738 3017 quo
2780 2963 2994 3006 constat
3039 2954 3179 3022 quod
3230 2969 3394 3025 supra
3438 2969 3644 3029 marty-

2071 3053 2181 3090 rem
2225 3036 2409 3092 ftterit.
2437 3038 2542 3092 Alii
2577 3055 2813 3109 namque
2837 3043 3038 3108 sancti,
3065 3044 3169 3100 etsi
3201 3047 3344 3114 passi
3377 3060 3504 3102 sunt
3543 3065 3641 3116 pro
3729 3057 3736 3063 '

2066 3131 2286 3184 Curisto
2316 3130 2368 3184 in
2397 3145 2584 3195 carne,
2619 3141 2796 3186 tamen
2832 3133 2884 3187 itt
2919 3135 3121 3200 anima,
3162 3138 3288 3207 quia
3314 3139 3642 3196 immortalis

2067 3232 2171 3288 est,
2209 3224 2322 3293 pati
2363 3238 2469 3277 non
2521 3234 2836 3291 potuerunt.
2883 3223 3048 3282 Beata
3089 3242 3216 3284 vero
3247 3227 3342 3284 Dei
3378 3233 3636 3301 genitrix.

2067 3319 2190 3384 quia
2222 3318 2275 3369 iu
2313 3331 2377 3371 ea
2413 3325 2570 3385 parte
2592 3331 2751 3386 passa
2790 3325 2898 3384 est,
2935 3333 3054 3389 quae
3089 3321 3442 3392 impassibilis
3470 3326 3638 3382 habe-

2072 3419 2178 3474 tur,
2237 3409 2378 3473 ideo,
2413 3420 2472 3462 ut
2523 3410 2595 3463 ita
2625 3406 2820 3474 fatear,
2855 3410 2985 3481 quia
3032 3412 3390 3483 spiritualiter
3422 3427 3476 3471 et
3504 3433 3636 3474 caro

2065 3501 2183 3571 ejus
2215 3515 2370 3568 passa
2401 3511 2485 3555 est
2516 3501 2696 3571 gladio
2734 3504 3010 3573 passionis
3041 3506 3269 3575 Christi,
3301 3509 3426 3578 plus
3471 3525 3635 3580 quam

2069 3605 2270 3665 martyr
2297 3595 2420 3649 fuit.
2459 3594 2610 3650 Unde
2635 3603 2870 3658 constat,
2890 3598 3016 3666 quia
3048 3597 3172 3667 plus
3200 3601 3460 3657 omnibus
3497 3603 3634 3659 dile-

2069 3693 2164 3756 xit,
2200 3698 2487 3759 propterea
2523 3698 2577 3744 et
2605 3688 2724 3758 plus
2757 3688 2952 3755 doluit,
2994 3689 3264 3745 intantum
3311 3701 3369 3746 ut
3397 3695 3632 3748 animam

2065 3782 2186 3850 ejus
2214 3791 2380 3834 totam
2418 3779 2776 3850 pertransiret
2822 3791 2876 3834 et
2922 3781 3226 3849 possideret
3265 3782 3349 3839 vis
3405 3783 3634 3848 doloris,

2065 3876 2131 3928 ad
2159 3873 2528 3928 testimonium
2555 3870 2770 3926 eximia:
2795 3871 3121 3926 dilectionis.
3146 3871 3280 3938 Quae
3301 3875 3425 3944 quia
3449 3885 3633 3931 mente

2064 3983 2222 4039 passa
2254 3976 2362 4032 est,
2415 3969 2538 4033 plus
2581 3979 2743 4034 quam
2777 3973 2982 4035 martyr
3015 3964 3138 4019 fuit.
3193 3965 3458 4022 Nimirum
3487 3972 3634 4040 quod

2063 4060 2184 4131 ejus
2226 4058 2443 4113 dilectio
2471 4059 2703 4127 amplius
2743 4055 2923 4118 fortis,
2955 4071 3116 4128 quam
3174 4071 3321 4113 mors
3355 4058 3478 4126 fuit,
3508 4064 3634 4131 quia

2063 4163 2290 4204 mortem
2320 4147 2519 4204 Christi
2542 4163 2695 4202 suam
2715 4146 2865 4201 fecit.
2889 4145 3044 4201 Nunc
3067 4161 3248 4204 autem
3300 4152 3636 4208 circumdant

2062 4255 2184 4296 eam
2217 4241 2381 4296 flores
2416 4254 2686 4302 rosarum,
2712 4239 3085 4295 indesinenter
3124 4242 3243 4312 ejus
3299 4245 3634 4300 admirantes

2063 4335 2516 4403 pulchritudinem
2551 4334 2690 4388 inter
2735 4332 2872 4388 filias
2897 4332 3196 4389 Jerusalem
3224 4333 3399 4404 (Cant.
3433 4351 3494 4401 v,
3527 4338 3580 4406 7)
3615 4353 3631 4394 ξ

2062 4427 2118 4481 in
2151 4440 2261 4495 qua
2297 4425 2478 4494 posuit
2509 4440 2600 4480 rex
2629 4425 2888 4480 thronum
2938 4442 3118 4493 suum,
3154 4427 3282 4496 quia
3323 4429 3634 4498 concupivit

376 4522 684 4575 amaverat,
721 4527 880 4579 quem
925 4512 1174 4581 cupierat
1201 4527 1266 4565 ex
1303 4521 1414 4567 toto
1443 4513 1718 4574 desiderio
1749 4517 1952 4570 cordis.
1985 4531 2034 4591 ο
2061 4518 2179 4588 ejus
2198 4519 2434 4586 speciem
2483 4532 2547 4570 ac
2580 4516 2832 4572 decorem
2866 4535 2879 4571 :
2915 4517 3014 4572 fuit
3063 4522 3206 4572 enim
3243 4521 3397 4589 plena
3445 4521 3631 4575 chari-

446 4601 588 4656 ΧΗ.
620 4602 778 4669 Quod
810 4606 856 4658 si
887 4606 1144 4674 gaudium
1199 4606 1259 4659 lit
1301 4605 1353 4659 in
1389 4606 1529 4660 caelo
1581 4607 1651 4660 de
1703 4606 1949 4674 quolibet

375 4708 663 4763 peccatore
705 4689 996 4760 converso,
1054 4699 1224 4750 multo
1289 4699 1458 4767 magis
1507 4697 1803 4766 putandum
1849 4715 1948 4767 pro

373 4797 541 4841 tantae
576 4785 812 4856 Virginis
831 4788 1161 4842 exultatione
1188 4799 1245 4843 et
1262 4791 1461 4857 gloria,
1485 4791 1628 4858 quod
1653 4792 1947 4845 exsultatio

369 4878 466 4930 fiat
497 4879 548 4931 in
582 4879 838 4948 supernis
868 4897 884 4934 :
909 4885 1068 4949 cujus
1097 4881 1351 4934 nimirum
1381 4881 1672 4948 festivitas,
1700 4883 1944 4935 omnium

368 4987 734 5037 supernorum
772 4974 970 5025 civium
1001 4983 1084 5027 est
1110 4973 1399 5042 gratulatio
1435 4989 1451 5030 :
1485 4977 1786 5042 praesertim
1817 4977 1943 5045 quia

365 5066 487 5134 ejus
527 5066 822 5118 celebritas
861 5065 980 5118 laus
1011 5077 1066 5118 et
1114 5065 1268 5120 favor
1304 5079 1386 5120 est
1423 5066 1744 5122 Salvatoris.
1789 5066 1943 5121 Unde

368 5158 668 5220 credimus,
706 5167 764 5210 ut
819 5173 981 5226 supra
1036 5158 1238 5210 dictum
1292 5169 1396 5225 est,
1427 5162 1570 5227 quod
1640 5175 1744 5212 non
1795 5159 1942 5214 hunc

369 5257 580 5300 tantum
638 5247 781 5300 diem
837 5250 1136 5301 solemnem
1203 5248 1411 5300 ducunt
1449 5264 1546 5317 pro
1581 5250 1697 5318 ejus
1735 5253 1941 5303 hooore

367 5355 636 5404 annuum,
673 5354 858 5393 verum
892 5344 1054 5392 etiam
1091 5340 1407 5392 continuum
1448 5353 1502 5394 et
1534 5351 1800 5394 aeternum
1848 5343 1940 5409 ju-

365 5433 667 5484 cunditatts
695 5439 751 5483 et
776 5430 976 5483 laetitia:
998 5446 1062 5484 ac
1095 5431 1460 5486 venerationis
1491 5432 1778 5500 obsequio,
1813 5449 1936 5487 cum

365 5525 515 5576 Otllttl
545 5523 735 5576 colunt
775 5523 1013 5590 tripudio
1041 5524 1242 5575 amoris
1272 5533 1326 5577 et
1361 5523 1564 5593 gaudii.
1599 5523 1709 5578 Nec
1740 5527 1938 5580 imme-

365 5617 468 5667 ritn
496 5617 658 5684 igitur
677 5616 856 5668 omnis
879 5616 965 5667 illa
986 5614 1225 5668 caelestis
1242 5614 1434 5670 civitas
1455 5619 1864 5688 congratulatur
1882 5629 1941 5673 et

361 5717 655 5760 reuertitur
687 5717 914 5761 matrem
953 5722 970 5763 ξ
1007 5708 1168 5778 cujus
1218 5724 1382 5778 super
1417 5724 1477 5763 se
1524 5713 1710 5765 adorat
1764 5714 1934 5766 filiuni

363 5815 544 5869 regem
577 5817 590 5854 :
627 5784 756 5856 ante
789 5817 949 5870 quem
978 5809 1218 5856 tremunt
1239 5811 1553 5870 potestates,
1583 5814 1636 5859 et
1671 5818 1933 5860 curvatur

2055 4620 2168 4665 tate
2197 4619 2250 4663 et
2273 4608 2608 4663 dilectione:
2653 4609 2858 4664 idcirco
2888 4611 3136 4680 sequitur
3183 4622 3304 4680 post
3351 4627 3470 4666 eam
3503 4629 3632 4682 pur-

2055 4711 2371 4766 puratorum
2407 4701 2705 4764 exercitus,
2743 4710 2799 4754 et
2833 4703 3249 4757 candidatorum
3280 4719 3433 4771 grex.

2126 4790 2240 4847 XV.
2271 4791 2441 4856 Quam
2471 4794 2516 4847 si
2575 4793 2887 4858 diligentius
2924 4793 3182 4862 aSpicias,
3231 4796 3366 4847 nihil
3407 4795 3622 4848 virtutis

2051 4893 2156 4952 est,
2213 4884 2348 4939 nihil
2408 4884 2802 4953 speciositatis,
2835 4885 2970 4939 nihil
3014 4887 3267 4940 candoris
3310 4889 3621 4956 gloriatque,

2050 4977 2194 5046 quod
2227 4989 2299 5032 ex
2345 4989 2410 5032 ea
2447 4991 2552 5030 non
2587 4976 2950 5044 resplendeat.
2982 4975 3046 5030 Et
3073 4979 3192 5032 ideo
3227 4977 3362 5033 bene
3388 4979 3620 5032 circum.

2050 5070 2182 5122 dant
2213 5082 2332 5121 eam
2386 5065 2546 5122 flores
2604 5082 2872 5132 rosarum,
2906 5079 2960 5121 et
3005 5067 3113 5121 lilia
3173 5070 3518 5134 convallium,
3564 5081 3623 5124 ut

2055 5162 2281 5216 virtutes
2317 5161 2609 5214 virtutibus
2646 5161 2961 5229 fulciantnr,
2995 5171 3049 5216 et
3079 5161 3390 5215 formositas
3423 5161 3622 5218 decore

2046 5253 2317 5306 castitatis
2362 5261 2647 5321 augeatur.
2682 5251 2818 5306 Nam
2844 5255 3025 5306 omnis
3047 5253 3306 5323 splendor
3329 5261 3386 5306 et
3420 5255 3618 5322 gloria.

2045 5357 2247 5412 quanto
2282 5345 2587 5399 illustratur
2626 5344 2832 5416 fulgore
2869 5362 2969 5400 suo
3022 5347 3327 5412 sublimius,
3358 5356 3506 5404 tanto
3527 5365 3626 5419 ap-

2049 5447 2204 5508 paret
2236 5439 2592 5508 praestantior
2647 5440 2896 5495 claritate
2923 5441 3296 5507 qnorumlibet
3347 5445 3622 5509 subjecto-

2046 5548 2190 5598 rttm,
2214 5541 2269 5586 et
2297 5533 2532 5588 eximior
2567 5533 2912 5599 praedicatur.
2949 5533 3038 5588 Sic
3069 5542 3123 5588 et
3152 5533 3310 5588 beata
3339 5535 3428 5590 Dei
3455 5533 3622 5589 Geui-

2045 5627 2174 5687 trix,
2199 5625 2356 5694 cujus
2381 5625 2642 5693 plsntatio
2671 5641 2733 5678 ac
2757 5628 2802 5679 si
2829 5640 2964 5679 rosae
2985 5626 3038 5678 in
3061 5625 3300 5690 Jericho,
3325 5627 3622 5697 specialius

2046 5716 2279 5779 refulsit,
2325 5727 2378 5768 et
2409 5717 2616 5770 Candor
2651 5717 2976 5784 virginitatis
3005 5717 3340 5786 splendidius
3371 5721 3614 5786 emicuit,

2043 5824 2164 5863 cum
2200 5812 2532 5864 circumdata
2563 5809 2742 5863 cilicio
2807 5810 3108 5876 churitutis,
3166 5813 3508 5868 submittitur
3539 5811 3617 5866 illi
