4056 6200
402 349 502 413 113
1355 336 1411 400 S.
1458 330 1897 398 HlERONYMI
1939 326 2262 395 OPERUNI
2312 320 2723 387 MANTISSA.
2994 366 3003 369 ι
3218 371 3223 377 ,
3398 410 3406 413 Δ
3554 294 3655 361 144

390 465 710 514 sanctorum
758 452 977 508 claritas
1006 468 1019 507 :
1083 459 1138 505 ut
1164 462 1281 519 ejus
1329 447 1563 518 amplius
1615 445 1874 515 splendor
1905 451 1963 498 et
1994 448 2036 506 Α
2068 454 2136 494 eo
2153 451 2384 505 namque
2426 443 2579 488 utero
2606 424 2869 498 Virginis,
2902 420 3118 492 Sponso
3141 410 3434 471 immortali
3463 410 3658 482 virgini

396 548 567 621 gloria
593 543 1008 600 commendetur
1044 557 1059 598 :
1094 554 1213 611 qua:
1245 553 1411 607 super
1431 535 1747 604 angelorum
1780 536 1977 589 choros
2083 540 2166 586 tas
2196 534 2569 587 consecratur.
2595 531 2651 573 ιιι
2676 519 2748 573 είι
2776 525 2951 570 mlum
2988 511 3213 567 οωΙθδιθ
3242 503 3658 561 commemium‘

2160 619 2191 621 μί
2210 617 2271 621 --ᾼ
2327 616 2364 621 .._
2432 618 2439 621 .
2469 616 2480 621 -
2652 612 2664 621 ι
2759 608 2771 621 ο
2838 607 2850 619 ι
2930 620 2933 621 ,
3035 601 3296 621 ,-ι-ι...-.-
3347 595 3658 621 -.ΛΑΜ-,ειη-

396 595 628 702 elevata,
660 637 770 704 jam
812 633 971 688 beata
1018 595 1378 703 praedicatur,
1408 636 1463 682 et
1490 595 1603 697 jam
1637 625 1978 681 beatissima.
2154 617 2294 674 XVI.
2327 616 2388 670 Et
2432 616 2575 680 ideo,
2615 607 2985 667 charissimue.
3026 601 3300 658 celebrate
3347 595 3667 650 solemniter

397 683 628 702 νων-ν
812 683 971 688 -ν--κ
1025 683 1127 703 τη-
1208 683 1220 685 -
1366 683 1378 693 .
1490 683 1509 697 .

356 772 363 779 .
398 726 538 783 Nam
572 725 888 796 angelorum
920 721 1169 792 quamvis
1201 719 1408 773 celsior
1457 726 1649 771 natura
1699 714 1771 769 sit
1799 730 1814 770 :
1873 726 1982 768 non
2090 707 2326 778 Virginis
2352 707 2576 764 festum,
2599 714 2720 770 quae
2747 696 3036 753 ctelestem
3060 691 3212 747 vobis
3241 689 3404 742 vitam
3428 688 3481 741 iu
3508 683 3669 741 terris

404 831 586 875 tamen
620 815 795 887 gratia
832 812 1029 883 major,
1073 813 1198 881 quia
1231 819 1288 864 et
1340 807 1442 877 ipsi
1482 805 1729 876 ‘gratuita
1785 804 1982 875 gratia,
2084 801 2326 856 ostendit
2358 814 2372 852 :
2405 794 2665 866 quoniam
2692 791 2786 859 qui
2819 802 2927 843 non
2972 784 3205 845 nubent,
3242 791 3418 850 neque
3451 778 3662 831 nuben-

406 931 473 970 ne
495 917 841 974 corruerent,
869 917 1001 963 sunt
1027 904 1242 961 salvati.
1267 901 1426 957 Unde
1454 901 1648 963 David,
1684 870 1846 955 Verbo
1877 898 1987 953 Do—
2093 900 2207 959 tur,
2240 898 2404 945 erunt
2428 888 2572 942 sicut
2604 883 2782 952 angeli
2823 881 2879 934 in
2916 877 3078 934 coelo.
3115 873 3226 928 Nec
3256 873 3454 926 mirum
3491 870 3537 924 si
3567 883 3669 922 an-

404 1008 558 1071 mini,
594 1003 796 1073 inquit,
829 1000 947 1055 steti
999 998 1201 1067 ﬁrmati
1231 1003 1377 1057 sunt,
1403 1001 1451 1048 et
1500 993 1690 1061 spiritu
1734 993 1839 1046 oris
1870 989 1984 1057 ejus
2090 983 2225 1055 gclis
2242 987 2591 1050 comparatur
2614 974 2920 1045 virginitas.
2940 983 3062 1040 qua:
3078 966 3397 1037 angelorum
3416 960 3668 1022 Domino,

407 1100 575 1155 omnis
605 1098 771 1151 virtus
801 1107 983 1146 eorum
1015 1087 1189 1160 (Psal.
1224 1101 1397 1151 xuii,
1420 1084 1501 1155 6).
1535 1083 1690 1150 Quod
1722 1082 1768 1139 si
1795 1082 1987 1151 spiritu

408 1189 522 1243 oris
555 1188 675 1257 ejus
707 1183 889 1242 omnis
946 1181 1118 1235 virtus
1160 1193 1349 1233 eorum
1412 1176 1667 1230 subsistit
1702 1193 1717 1228 :
1774 1180 1992 1228 constat

412 1285 627 1335 bt'alaltl
672 1288 729 1334 et
787 1276 1078 1346 gloriosam
1114 1271 1386 1340 virginem
1437 1267 1689 1331 Mariam,
1741 1266 1991 1334 inquam

410 1368 730 1441 supervenit
761 1364 1002 1434 Spiritus
1033 1367 1276 1425 sanctus,
1316 1368 1371 1413 et
1396 1358 1540 1413 Deus
1574 1365 1718 1411 totus
1765 1354 1993 1423 illapsus

418 1472 691 1533 portatum
717 1474 909 1513 novent
954 1453 1238 1508 mensibus
1266 1453 1318 1506 itt
1349 1462 1529 1516 utero,
1568 1460 1626 1504 ut
1657 1447 1991 1505 credendum

413 1565 520 1620 est,
557 1550 823 1621 ampliora
857 1545 1230 1617 promeruisse
1282 1543 1544 1596 virtutum
1599 1539 1906 1610 privilegia,
1939 1545 1996 1592 et

419 1647 728 1713 percepisse
758 1640 986 1709 gratiam
1028 1641 1096 1693 ab
1143 1635 1354 1707 angelis
1388 1632 1555 1688 etiam
1605 1629 1994 1686 collaudatum.

423 1736 577 1789 lintle
607 1743 662 1789 et
692 1734 738 1788 si
775 1729 1045 1785 mirabilis
1093 1736 1179 1782 est
1210 1739 1400 1781 eorum
1431 1725 1631 1786 virtus,
1661 1730 1717 1775 et
1756 1718 1998 1773 ‘tirmitas

428 1823 816 1899 perpetuitatis
862 1839 877 1878 :

421 1916 775 1975 obumbravit
810 1915 985 1970 virtus
1012 1909 1303 1974 Altissimi,
1328 1914 1387 1963 ut
1418 1904 1557 1960 ultra
1584 1918 1799 1959 omnem
1835 1901 2003 1956 virtu-

424 2023 532 2067 tem
558 2010 630 2066 sit
653 2002 977 2078 angelicam,
1013 2001 1158 2072 quod
1189 1999 1395 2055 factum
1427 2006 1513 2052 est
1544 1997 1601 2051 in
1629 2009 1718 2061 ea,
1745 2001 1801 2048 et
1824 1990 2004 2047 admi-

428 2102 597 2157 rabile
619 2098 834 2155 cunctis
880 2095 1097 2151 saeculis
1132 2097 1558 2147 sacramentum.
1621 2088 1697 2142 Ac
1752 2099 1849 2156 per
1904 2084 2006 2138 hoc

427 2195 594 2249 etiam
647 2189 860 2261 angelis
889 2186 1086 2243 exinde
1132 2185 1309 2255 major
1347 2167 1639 2254 praestatur
1664 2177 1860 2249 gratia,
1885 2192 2007 2232 cum

429 2289 804 2342 instaurantur
835 2280 903 2334 ab
926 2292 990 2334 ea
1020 2276 1225 2344 omnia,
1256 2288 1376 2343 quae
1413 2280 1749 2326 venerantur
1788 2276 1847 2322 et
1879 2266 2012 2321 ado—

431 2385 556 2431 rant
599 2387 762 2442 super
816 2384 878 2427 se
928 2367 1210 2425 Christum
1248 2378 1430 2432 regem
1489 2360 1778 2415 Dominum
1819 2368 2010 2413 natum

430 2484 501 2525 ex
527 2469 715 2523 eadem
748 2461 998 2532 Virgine.
1026 2458 1164 2513 Hinc
1192 2465 1249 2512 et
1277 2453 1449 2509 Maria
1478 2452 1694 2508 cunctis
1726 2459 1881 2505 tanto
1912 2463 2014 2503 ve-

437 2557 756 2621 nerabilior,
794 2560 1002 2623 quanto
1051 2546 1392 2620 gratiosior:
1447 2550 1502 2597 et
1557 2550 1763 2611 quanto
1814 2538 2016 2593 virtute

436 2647 703 2707 Altissimi
726 2645 1003 2703 extollitur
1032 2641 1098 2696 ad
1126 2637 1401 2700 sublimia,
1449 2642 1598 2691 tanto
1622 2632 1822 2688 clarior
1851 2630 2018 2684 resul-

441 2752 535 2800 tat
569 2744 623 2798 in
667 2738 867 2813 gloria.
922 2734 1086 2790 Plena
1143 2729 1409 2800 siquidem
1459 2726 1653 2797 gratia,
1692 2725 1850 2795 plena
1885 2720 2016 2779 Deo.

444 2837 606 2908 plena
640 2830 957 2895 virtutibus,
990 2841 1098 2881 non
1178 2830 1360 2894 potest
1399 2834 1503 2874 non
1551 2815 1833 2888 possidere
1865 2813 2021 2883 plene

443 2928 674 3002 gloriam
726 2921 993 2979 claritatis
1043 2926 1284 2980 mterntn,
1313 2927 1480 2984 quam
1512 2909 1834 2981 plenissime
1863 2920 2023 2961 acce-

446 3000 545 3094 pit,
581 3032 640 3074 ut
670 3024 846 3072 mater
882 3013 1032 3068 ﬂeret
1066 3007 1388 3064 Salvatoris.
1424 3001 1599 3068 Quam
1629 3000 1875 3055 viderunt
1910 3010 2023 3051 om-

451 3093 541 3165 nes
571 3109 703 3180 ﬁlia!
725 3105 879 3170 Sion,
908 3112 956 3158 et
987 3098 1349 3156 beatissimam
1373 3093 1820 3163 pradicaverunt,
1849 3104 1912 3142 ac
1941 3104 2027 3142 re-

447 3178 587 3273 giius
610 3197 958 3255 laudauerunt
991 3207 1109 3247 eam
1137 3204 1158 3255 ε
1186 3187 1444 3260 quoniam
1479 3192 1686 3238 tantam
1713 3195 1834 3236 eain
1879 3178 2032 3234 vide-

462 3270 613 3358 runt,
638 3296 897 3361 quantam
925 3283 1107 3340 nullus
1124 3277 1401 3337 narrando
1425 3275 1670 3342 explevit
1690 3270 2035 3337 mortalium;

453 3393 657 3458 quanto
689 3381 857 3450 magis
882 3377 1072 3443 Deum,
1110 3372 1203 3443 qui
1236 3372 1393 3426 talem
1427 3381 1492 3423 ac
1517 3374 1721 3422 tantam
1743 3365 1875 3420 fecit
1895 3374 2038 3426 eam,

458 3454 517 3533 ut
540 3478 658 3548 ipse
675 3474 828 3528 ﬁeret
857 3483 954 3539 per
984 3466 1140 3523 eam!
1186 3461 1344 3518 Unde
1391 3460 1562 3515 David
1595 3473 1614 3513 :
1650 3456 1714 3511 Et
1740 3456 1915 3517 homo,
1958 3454 2037 3507 in.

459 3570 601 3637 quit,
625 3574 784 3620 natus
808 3570 888 3618 est
924 3560 982 3614 in
1009 3574 1093 3624 ea,
1112 3565 1161 3611 et
1191 3556 1303 3624 ipse
1332 3551 1711 3624 fundariteam
1743 3548 2039 3601 Altissimus

460 3658 638 3733 (Psal.
681 3670 901 3721 Lxxxvt,
920 3652 998 3723 5).
1030 3651 1197 3705 Beata
1229 3647 1389 3718 igitur
1417 3644 1541 3699 talis
1570 3657 1635 3699 ac
1671 3650 1822 3697 tanta
1849 3639 2042 3694 nativi-

460 3731 573 3816 tas,
599 3751 753 3805 beata
776 3757 831 3803 et
851 3755 1209 3816 supernon
1232 3738 1433 3793 civium
1463 3735 1792 3798 societas,et
1808 3731 2043 3785 admira-

464 3845 592 3901 bilis
613 3838 899 3898 cbaritatis
924 3850 1108 3892 eorum
1137 3830 1474 3886 unanimitas
1496 3844 1511 3883 ς
1536 3826 1628 3881 ubi
1653 3840 1811 3880 nemo
1831 3822 2046 3891 angelo-

465 3951 613 4002 rum,
649 3945 816 3988 nemo
844 3925 1324 3996 arcltangelurutn,
1343 3936 1449 3976 non
1467 3921 1589 3974 dico
1611 3919 1784 3974 beatae
1820 3913 2047 3983 virginis

467 4027 669 4089 Maria,
698 4034 885 4077 verum
918 4030 1093 4086 neque
1109 4015 1340 4082 alicujus
1361 4021 1678 4066 satietorum
1714 4003 1920 4059 invidet
1935 4002 2048 4073 glo-

471 4113 734 4183 riatn,sed
760 4121 932 4166 totum
954 4110 1006 4161 in
1023 4108 1196 4161 altero
1222 4100 1598 4170 unusquisque
1626 4095 2047 4168 possidet,quod

469 4215 639 4281 gratis
666 4208 954 4275 praestatur
969 4196 1220 4252 omnibus
1247 4207 1263 4249 :
1289 4194 1427 4247 utde
1453 4189 1705 4244 omnibus
1721 4196 1777 4239 et
1795 4187 1847 4239 in
1876 4184 2050 4239 omni-

472 4277 575 4361 bus
597 4298 928 4372 gloriﬁcetur
949 4292 1109 4355 Deus,
1132 4289 1428 4342 honoretur
1444 4291 1499 4335 et
1511 4280 1765 4335 adoretur
1790 4277 1858 4331 ab
1876 4277 2052 4330 omni-

474 4367 707 4450 hus:vuhi
724 4402 832 4444 non
849 4395 1146 4448 sexus,non
1166 4387 1437 4444 aetas,nou
1460 4370 1696 4444 dignitas
1716 4367 2053 4441 generis,sed

2094 1064 2623 1147 lmdere'copulatur
2666 1067 2999 1136 nuptiarum.
3034 1062 3102 1116 Et
3130 1061 3175 1116 si
3216 1056 3476 1129 quaelibet
3500 1055 3671 1122 virgi-

2096 1172 2241 1223 nitas
2269 1175 2486 1220 tantum
2515 1162 2764 1231 erigitur,
2791 1168 2845 1212 ut
2876 1155 3084 1224 angelis
3109 1160 3478 1220 comparetur,
3504 1150 3675 1199 multo

2097 1258 2269 1328 magis
2296 1258 2452 1313 beata
2479 1262 2535 1309 et
2568 1253 2801 1322 gloriosa
2844 1251 2997 1319 virgo
3036 1244 3228 1309 Maria,
3260 1257 3385 1312 qua:
3412 1237 3675 1309 singulari

2096 1351 2516 1407 commendatur
2543 1345 2851 1415 privilegio,
2872 1353 2927 1397 et
2951 1341 3222 1396 immenso
3248 1336 3464 1391 dicatur
3482 1330 3650 1389 merci

2100 1443 2306 1501 ntonio.
2330 1428 2577 1506 'ldcirco,
2629 1435 3027 1498 dilectissimus,
3059 1440 3241 1486 amate
3271 1441 3434 1496 quam
3470 1423 3676 1480 colitis.

2100 1546 2155 1593 et
2175 1536 2335 1592 colite
2363 1547 2529 1605 quam
2559 1531 2760 1586 amatis
2789 1544 2804 1583 :
2837 1528 2961 1597 quia
3001 1536 3131 1580 tunc
3181 1536 3302 1577 eam
3340 1534 3465 1574 vere
3498 1514 3681 1571 colitis

2100 1640 2155 1687 et
2177 1628 2397 1691 amatis,
2428 1626 2477 1681 si
2537 1607 2740 1678 imitari
2792 1619 2972 1674 velitis
3014 1617 3084 1672 de
3131 1624 3244 1670 tato
3288 1611 3455 1667 corde
3516 1623 3679 1677 quam

2101 1722 2358 1778 laudatis.
2417 1717 2547 1774 Haec
2594 1728 2830 1781 namque
2862 1709 2971 1765 vita
3027 1707 3180 1763 vobis
3229 1706 3294 1761 de
3321 1701 3463 1759 coalo
3494 1700 3676 1764 ﬂuxit,

932 1816 1238 1875 mirabilior
1268 1828 1448 1871 tamen
1497 1815 1551 1868 in
1597 1810 1793 1877 Maria,
1836 1824 2002 1881 quam
2030 1800 2080 1864 Β
2107 1828 2269 1885 quam
2299 1812 2559 1881 professae
2584 1808 2718 1864 estis
2753 1821 2770 1861 :
2799 1818 2966 1874 supra
3000 1814 3160 1855 usum
3192 1807 3402 1852 natura:
3432 1796 3547 1850 hac
3574 1793 3684 1847 vita

2107 1917 2212 1972 est,
2252 1919 2416 1975 quam
2448 1899 2649 1957 tenetis
2682 1915 2696 1954 :
2735 1899 2800 1952 de
2836 1895 2989 1951 cretis
3021 1891 3170 1947 venit
3226 1889 3496 1958 Sponsus,
3521 1898 3686 1954 quem

2109 1996 2263 2067 sequi
2312 2009 2437 2050 cum
2470 1992 2642 2048 Matre
2679 1988 2886 2046 debetis
2925 2002 2941 2042 :
3002 1997 3104 2039 nec
3160 1980 3439 2036 immerito
3472 1976 3687 2036 vivendi

2113 2104 2273 2145 usum
2303 2087 2371 2144 de
2406 2087 2548 2142 caelo
2570 2081 2870 2155 quaesistis.
2903 2092 3023 2148 qua!
3059 2075 3214 2131 vobis
3238 2075 3306 2130 de
3335 2070 3475 2126 ctelo
3520 2084 3690 2138 spon-

2112 2198 2231 2237 sum
2274 2180 2511 2250 petistis.
2562 2176 2691 2232 ldeo
2746 2183 2927 2229 vestra
2961 2165 3308 2225 conversatio
3339 2164 3395 2218 in
3427 2160 3580 2217 cmlis
3619 2161 3694 2215 sit

2111 2284 2329 2339 semper
2361 2283 2379 2328 ;
2409 2266 2667 2338 quoniam
2713 2262 2947 2318 Verbum
2982 2258 3076 2313 Dei
3123 2257 3267 2325 quod
3329 2252 3548 2314 amatis,
3578 2262 3693 2303 non

2116 2359 2221 2413 nisi
2255 2359 2307 2412 in
2335 2358 2457 2412 sinu
2480 2354 2661 2409 Patris
2691 2351 2991 2408 invenitur.
3015 2347 3167 2402 Licet
3195 2346 3359 2416 igitur
3382 2341 3583 2410 ubique
3614 2348 3698 2393 to-

2118 2456 2207 2507 tits
2241 2451 2341 2516 sit,
2367 2460 2422 2505 et
2446 2464 2551 2503 non
2576 2447 2737 2517 longe
2763 2445 2831 2499 ab
2861 2454 3186 2511 unoquoque
3215 2446 3485 2499 nostrum,
3513 2444 3698 2489 tamen

2119 2559 2221 2598 non
2255 2544 2357 2597 nisi
2389 2551 2541 2597 casto
2594 2554 2809 2593 sursum
2861 2537 3111 2590 hauritur
3158 2540 3398 2600 pectore.
3426 2526 3598 2597 Prope
3623 2536 3700 2581 est

2120 2637 2281 2701 enim,
2314 2634 2491 2704 inquit
2535 2633 2772 2704 Moyses,
2811 2632 2868 2684 in
2919 2630 3078 2682 corde
3138 2637 3228 2680 tuo
3259 2635 3307 2680 et
3357 2625 3410 2677 in
3443 2638 3532 2675 ore
3585 2631 3702 2686 tuo,

2121 2738 2322 2782 tantum
2351 2743 2469 2781 eum
2503 2735 2640 2780 recto
2699 2726 2746 2779 si
2792 2722 3058 2792 quasieris
3090 2719 3245 2773 corde
3266 2717 3448 2789 (Deut.
3477 2730 3548 2781 tv,
3583 2712 3701 2784 29).

2135 2819 2483 2890 Unguentum
2539 2816 2878 2871 exinanitum
2909 2822 2993 2868 est
3029 2824 3227 2866 nomen
3262 2808 3381 2878 ejus
3413 2824 3426 2859 :
3454 2815 3707 2876 propter-

2122 2925 2212 2975 ea,
2249 2907 2690 2975 adolescentulae,
2751 2905 2963 2974 diligite
3013 2901 3218 2969 animo,
3254 2900 3399 2970 quod
3430 2912 3530 2968 pro
3553 2896 3709 2952 vobis

2125 3002 2358 3058 etl‘usum
2420 3011 2527 3057 est.
2583 2997 2809 3054 Habetis
2865 3008 3125 3065 namque,
3180 3003 3385 3049 sancta:
3442 2990 3709 3060 virgines,

2137 3097 2414 3165 Sponsum
2447 3094 2740 3163 virginem,
2773 3088 3101 3159 virginitatis
3121 3095 3176 3142 et
3198 3086 3470 3142 castitatis
3500 3090 3711 3137 amato-

2140 3203 2278 3253 rem,
2309 3188 2400 3258 qui
2463 3194 2696 3240 matrem
2747 3182 3011 3253 virginem
3063 3180 3189 3235 ideo
3241 3178 3425 3247 elegit,
3478 3186 3536 3227 ut
3595 3176 3711 3243 ipsa

2137 3280 2392 3335 omnibus
2424 3286 2567 3333 esset
2596 3275 2904 3345 exemplum
2937 3273 3229 3337 castitatis,
3263 3271 3315 3325 in
3341 3283 3449 3340 qua
3480 3267 3625 3324 velut
3657 3267 3711 3321 in

2141 3373 2357 3444 speculo
2396 3371 2627 3439 refulget
2663 3372 2839 3425 l’orma
2884 3367 3127 3423 virtutis.
3180 3357 3409 3419 Habetis
3455 3363 3619 3433 igitur
3658 3362 3712 3413 in

2140 3482 2204 3520 ea
2230 3465 2537 3537 magisteria
2594 3462 2880 3535 probitatis
2928 3474 3215 3531 expressa,
3285 3458 3415 3527 quid
3478 3456 3715 3526 primum

2144 3559 2364 3627 eligere,
2397 3556 2528 3627 quid
2553 3568 2835 3625 respuere,
2864 3554 2994 3624 quid
3032 3552 3188 3622 sequi
3226 3550 3497 3605 debeatis.
3534 3545 3717 3601 Prima

2145 3651 2264 3720 ejus
2294 3650 2470 3703 virtus
2503 3656 2585 3702 est
2638 3646 3049 3700 fundamentum
3084 3644 3326 3698 omnium
3360 3639 3622 3694 virtutum
3662 3647 3720 3695 et

2144 3750 2346 3806 custos,
2382 3740 2657 3795 humilitas
2687 3740 2824 3808 ipsa,
2852 3737 2920 3793 de
2949 3751 3055 3805 qua
3108 3734 3409 3804 gloriatur:
3445 3732 3586 3796 Quia
3629 3747 3687 3785 re

2148 3834 2339 3903 spexit,
2368 3831 2562 3901 inquit,
2586 3832 2931 3885 humilitatem
2956 3827 3162 3881 ancillis
3190 3840 3337 3879 sum:
3355 3840 3470 3878 ecce
3486 3823 3626 3878 enim
3656 3837 3723 3877 es

2148 3926 2246 3979 hoc
2293 3923 2497 3977 beatam
2539 3936 2617 3976 me
2668 3922 2840 3975 dicent
2875 3934 3052 3973 omnes
3082 3916 3443 3987 generationes
3479 3912 3633 3981 (Luc.
3679 3928 3723 3977 ι,

2150 4011 2263 4080 48).
2299 4010 2444 4079 Ergo
2472 4010 2705 4079 primum
2733 4007 2979 4063 discendi
3005 4007 3442 4070 incitamentum,
3466 4002 3727 4057 nobilitas

2151 4116 2233 4159 est
2264 4104 2510 4173 magistri
2548 4117 2563 4155 :
2605 4101 2800 4155 deinde
2856 4114 3064 4154 merces
3100 4098 3303 4151 laboris
3350 4099 3561 4165 Optimi,
3610 4098 3725 4146 tru-

2154 4208 2275 4250 ctus
2321 4192 2695 4249 beatitudinis.
2747 4190 2887 4258 Quid
2942 4190 3106 4261 igitur
3140 4187 3374 4242 nobilius
3415 4196 3590 4242 matre
3624 4185 3713 4238 Do

2159 4287 2313 4353 mini,
2335 4286 2467 4357 quid
2492 4285 2833 4355 splendidius
2858 4296 2942 4344 ea,
2969 4295 3130 4351 quam
3161 4281 3419 4349 splendor
3451 4277 3613 4348 elegit
3635 4290 3733 4346 pa-

2161 4388 2326 4433 ternae
2354 4376 2577 4446 gloriae?
2602 4375 2744 4443 Quid
2781 4375 2989 4429 castius
3019 4388 3108 4439 ea,
3142 4386 3262 4443 qua:
3291 4384 3488 4438 corpus
3522 4369 3731 4424 Christi

477 4487 790 4541 meritorum
821 4477 1058 4549 qualitas
1077 4474 1195 4530 sola
1226 4467 1558 4526 discernitur
1586 4482 1604 4523 ;
1636 4465 1726 4521 ubi
1750 4466 2047 4536 plurimum
2084 4482 2129 4538 υ
2158 4470 2279 4525 sine
2335 4472 2657 4540 contagione
2695 4467 2946 4537 corporis
2982 4464 3306 4537 μυεηνίιτ
3345 4474 3402 4518 οι
3433 4472 3617 4517 tamen
3673 4461 3730 4514 ει,

475 4577 628 4634 stella
654 4570 879 4630 uostella
945 4566 1126 4624 didert
1153 4560 1708 4630 claritate,‘quamvis
1746 4573 1941 4613 omnes
1992 4557 2048 4610 in

477 4684 577 4723 suo
615 4665 729 4720 sint
756 4661 951 4719 ordine
980 4655 1307 4714 suscitandi.
1345 4651 1502 4722 Quod
1535 4652 1584 4707 si
1640 4659 1726 4706 est
1753 4649 1859 4704 alia
1892 4647 2056 4703 clari-

480 4778 563 4815 tas
588 4758 737 4820 solis,
762 4767 817 4809 et
838 4753 943 4808 alia
966 4751 1194 4806 claritas
1212 4752 1381 4810 tuum,
1402 4755 1459 4801 et
1486 4744 1593 4799 alia
1618 4743 1842 4799 claritas
1870 4740 2055 4812 stella:

481 4868 600 4905 runt
636 4847 685 4917 (Ι
716 4847 841 4903 (.‘or.
871 4859 966 4908 ιν,
1001 4841 1093 4909 ιι)
1130 4856 1146 4896 :
1181 4855 1290 4894 una
1345 4848 1521 4893 tamen
1555 4834 1777 4890 claritas
1804 4844 1911 4899 est,
1949 4845 2055 4903 qua

483 4947 823 4997 illustrantur
853 4937 1062 4994 omnia.
1094 4933 1303 4988 Idcirco
1334 4931 1489 4986 beata
1518 4928 1615 4983 Dei
1639 4927 1908 4989 Genitrix,
1932 4941 2054 4995 qua:

482 5038 658 5092 adhuc
696 5032 864 5090 tantis
886 5032 941 5085 in
974 5043 1118 5083 terra
1152 5024 1481 5097 praedicatur
1512 5020 1790 5086 laudibus,
1820 5033 1923 5073 non
1955 5020 2056 5072 itu-

489 5133 678 5184 merito
701 5125 947 5181 creditur
973 5119 1237 5174 hodierna
1264 5116 1354 5170 die
1380 5114 1620 5167 etialtata
1648 5121 1703 5166 et
1730 5110 2054 5179 gloriticata,

492 5236 700 5277 necnon
733 5228 789 5274 ct
834 5213 1159 5276 clariﬁcata,
1193 5220 1458 5279 quantum
1498 5204 1650 5283 novit
1681 5204 1770 5257 ille
1803 5204 1895 5273 qui
1932 5216 2055 5255 eam

490 5313 652 5382 elegit
693 5312 747 5367 in
781 5322 879 5363 sua
909 5304 1199 5374 sapientia,
1227 5314 1333 5369 qua
1359 5297 1633 5366 disposuit
1657 5295 1860 5348 omnia.
1898 5293 2056 5359 Quod

490 5424 535 5457 st
563 5406 615 5458 itt
642 5404 803 5457 domo
835 5397 1014 5454 Patris
1047 5393 1361 5449 mansiones
1398 5388 1581 5442 multae
1601 5397 1753 5451 sunt,
1786 5385 2061 5440 credimus

490 5492 916 5564 splendidiorem
975 5486 1133 5543 Matri
1196 5482 1359 5539 hodie
1430 5478 1628 5535 Filium
1695 5479 2062 5549 praestitisse,

491 5604 654 5661 quam
684 5584 786 5641 sibi
807 5585 935 5637 olim
954 5579 1250 5637 aeditlcavit
1270 5578 1515 5642 domum,
1542 5575 1832 5628 subnixam
1856 5571 2064 5627 colurn-

495 5679 579 5729 uis
610 5686 815 5743 septem
854 5687 873 5728 ι
899 5673 951 5725 in
975 5686 1079 5740 qua
1099 5670 1267 5723 domo
1289 5667 1544 5721 nimirum
1567 5674 1827 5732 parantur
1859 5664 2062 5731 nuptiae

496 5765 863 5822 Ecclesiarum
880 5762 1408 5838 Dei,etl‘mderat::ttr
1446 5757 1680 5812 terrenis
1712 5758 1974 5811 ccclesiis.
2000 5755 2057 5811 In

2159 4579 2222 4617 ea
2255 4563 2431 4618 solum
2459 4560 2827 4617 humilitatem
2859 4560 3164 4629 respexisse
3191 4556 3478 4612 Dominum
3501 4554 3735 4610 conﬁte-

2162 4665 2270 4720 tur,
2299 4668 2420 4723 quae
2444 4663 2628 4708 custos
2663 4661 2747 4708 est
2774 4658 3095 4705 exterarum
3141 4647 3430 4722 virtutum.
3479 4641 3736 4700 Colloca-

2163 4756 2313 4802 verat
2341 4746 2487 4801 enim
2517 4745 2571 4799 in
2604 4754 2721 4798 tuto
2753 4742 3009 4798 stationis
3068 4748 3228 4811 portu
3258 4737 3514 4795 sublimia
3568 4736 3741 4790 meri-

2163 4848 2338 4894 torum
2370 4851 2595 4892 suorum
2631 4836 2891 4891 exercitia
2917 4849 2931 4889 :
2963 4843 3018 4888 et
3042 4833 3163 4887 ideo
3197 4831 3457 4886 divinitus
3486 4828 3742 4884 illustra-

2151 4927 2274 4986 ‘tur.
2313 4930 2470 4986 Unde
2503 4927 2768 4984 Dominus
2801 4929 2879 4980 ait
2914 4925 3036 4980 :Ad
3088 4938 3238 4994 quem
3291 4920 3588 4990 respiciam,
3631 4919 3743 4974 nisi

2166 5028 2235 5078 ad
2289 5022 2536 5078 humilem
2583 5032 2630 5075 et
2681 5023 2939 5091 quietum,
2997 5033 3062 5071 ac
3119 5025 3418 5070 trementem
3475 5027 3745 5067 sermones

2168 5133 2309 5171 meos
2340 5116 2478 5187 (Ira.
2516 5128 2662 5178 uri,
2694 5110 2767 5183 '2)
2799 5113 2822 5166 ἲ
2850 5111 2998 5166 Fecit
3031 5113 3175 5163 enim
3210 5108 3355 5178 quod
3392 5106 3745 5176 promiserat,

2169 5222 2221 5264 et
2250 5210 2491 5277 respexit
2514 5207 2870 5260 humilitatem
2900 5202 3115 5258 ancillae
3145 5216 3258 5257 sua:
3284 5216 3299 5256 :
3335 5200 3478 5254 unde
3508 5208 3562 5254 ct
3584 5199 3753 5251 beata

2167 5304 2276 5372 jam
2312 5304 2380 5355 ah
2406 5300 2554 5354 omni
2607 5297 2809 5353 saeculo
2844 5295 3192 5366 praedicatur.
3228 5292 3440 5348 Idcirco
3478 5302 3532 5345 et
3564 5304 3683 5354 vos,
3715 5310 3757 5343 υ

2170 5394 2324 5453 tiliae.
2358 5392 2402 5447 si
2433 5404 2560 5445 vere
2589 5389 2830 5459 virgines
2885 5402 3007 5444 esse
3051 5385 3235 5453 vultis,
3269 5384 3628 5440 humilitatem
3660 5398 3761 5436 se-

2172 5484 2392 5540 ctamini
2421 5501 2441 5548 ;
2480 5490 2536 5538 et
2571 5479 2800 5536 Matrem
2834 5479 3070 5545 Domini,
3100 5493 3223 5548 qua:
3276 5491 3337 5532 se
3366 5474 3618 5530 ancillam
3649 5488 3761 5525 vo-

2175 5586 2285 5640 cat,
2326 5574 2505 5628 cordis
2541 5586 2728 5627 amore
2784 5570 2987 5625 imitari
3036 5578 3351 5637 procurate.
3385 5580 3504 5634 quae
3553 5550 3760 5619 didit-it

2154 5669 2244 5722 'ab
2292 5669 2407 5737 ipso
2459 5654 2678 5735 sponso,
2714 5662 2803 5717 cui
2866 5676 2960 5729 vos
3008 5660 3305 5716 devovistis
3360 5655 3759 5721 humilitatem,

2178 5770 2340 5828 quam
2374 5770 2470 5811 vos
2507 5769 2573 5808 ex
2603 5768 2660 5812 se
2689 5752 2890 5809 docuit.
2943 5750 3099 5807 Unde
3132 5751 3206 5804 ait
3255 5749 3398 5803 idem
3438 5765 3451 5801 :
3487 5744 3685 5798 Discite
3725 5764 3765 5798 α
