4054 6206
363 345 470 408 145

1153 344 1516 406 EPISTOLA
1576 344 1679 407 IX.
1725 341 1819 401 AD
1861 340 2178 403 PAULAM
2227 343 2323 403 ET
2363 343 2895 411 EUSTOCHIUM.

3523 342 3625 406 146

361 472 465 516 me,
499 456 626 526 quia
657 456 796 509 mitis
823 471 936 509 sum
967 464 1017 509 et
1047 453 1259 510 humilis
1286 455 1440 508 corde
1467 454 1685 522 (Matth.
1716 470 1794 515 ιι,
1826 453 1940 524 29).
1973 457 2018 514 Α
2049 454 2223 507 rantia
2259 454 2386 508 olim
2420 456 2648 510 eximios
2685 456 3135 527 archangelorum
3163 464 3218 512 et
3247 453 3496 524 superbia
3535 453 3628 507 de-

361 546 479 600 Non
532 562 666 616 ergo
695 549 850 601 beata
895 546 983 600 Dei
1027 544 1274 602 Geuitrix
1313 562 1341 599 a
1395 545 1529 601 Filio
1570 561 1669 600 suo
1713 544 1942 599 Domino

363 650 550 693 nostro
583 639 776 692 didicit
801 639 970 693 ctelos
1002 637 1298 702 fabricare,
1335 653 1440 692 non
1473 637 1697 706 angelos
1727 652 1942 701 creare;

363 745 474 782 non
506 727 771 784 miracula
801 729 1023 782 deitatis
1053 729 1288 798 insignia
1315 728 1530 796 operari
1572 743 1585 782 :
1617 727 1708 780 sed
1737 735 1942 778 tantum

365 819 671 882 humiliari,
715 831 1020 888 caeteraque
1081 821 1340 871 virtutum
1397 819 1748 875 documenta.
1800 817 1940 870 intra

365 911 691 965 humilitatis
759 894 1062 965 custodiam
1123 925 1438 980 aggregare.
1498 908 1653 963 Unde
1711 924 1832 962 cum
1881 923 1940 962 ea

364 1015 582 1068 semper
623 1001 959 1067 singularum
1010 1004 1270 1055 virtutmn
1303 1001 1558 1070 pudicitia
1591 1016 1774 1054 comes
1806 1001 1943 1053 irre-

366 1100 512 1144 mota
546 1093 743 1145 mansit
784 1092 953 1160 :quia
989 1093 1210 1146 ontnino
1243 1094 1416 1161 pudor
1443 1092 1753 1145 individuus
1781 1092 1945 1160 virgi-

365 1183 519 1237 nitati
552 1198 673 1239 esse
698 1185 877 1244 debet.
904 1188 1020 1239 sine
1042 1201 1148 1253 quo
1169 1195 1311 1238 recte
1331 1185 1558 1238 castilas
1580 1199 1708 1238 vera
1735 1183 1941 1238 servari

366 1293 474 1330 non
501 1289 699 1344 potest.
730 1278 1017 1346 Nunquam
1051 1281 1216 1346 igitur
1247 1279 1405 1331 beata
1437 1280 1594 1346 virgo
1633 1277 1797 1330 Maria
1825 1277 1945 1331 sine

365 1367 596 1436 pudoris
628 1371 709 1422 sui
744 1371 970 1424 custode
1004 1372 1291 1438 processit,
1319 1380 1372 1422 ct
1408 1370 1528 1424 ideo
1563 1371 1606 1424 si
1641 1371 1819 1438 placet
1847 1383 1942 1422 vo-

365 1462 474 1526 bis,
511 1463 872 1522 charissima.
913 1465 1032 1516 talis
1093 1478 1156 1517 ac
1218 1471 1365 1516 tanta
1414 1463 1590 1532 virgo,
1641 1463 1852 1532 placeat
1889 1471 1945 1517 et

364 1568 502 1620 Opus
556 1556 795 1617 virtutis,
857 1555 1014 1623 eujus
1067 1556 1173 1606 vita
1228 1556 1468 1608 omnium
1502 1565 1585 1608 est
1638 1555 1942 1623 disciplina,

364 1645 518 1712 cujus
564 1661 747 1700 mores
777 1647 1026 1700 instituta
1083 1655 1208 1700 sunt
1237 1647 1628 1712 Ecclesiarum,
1661 1661 1779 1716 qum
1809 1661 1946 1715 prte-

363 1738 533 1790 cessit
568 1751 818 1799 cunetus,
873 1738 1240 1802 supereminet
1300 1738 1597 1792 universis.
1647 1737 1939 1806 Propterea

2041 544 2193 613 jecit.
2235 546 2584 616 Quapropter
2631 549 2874 617 gaudete,
2920 549 3174 618 gaudete,
3223 547 3470 617 inquam,
3499 545 3626 615 quia

2047 636 2200 691 vobis
2261 639 2348 692 via
2411 639 2680 708 patefacta
2739 650 2823 696 est
2877 641 3163 696 caelorum.
3191 640 3449 707 Quamvis
3479 639 3624 693 enim

2048 729 2202 784 nobis
2243 731 2431 785 eadem
2472 733 2901 801 promittantur:
2937 733 3091 788 vobis
3130 740 3310 788 tamen
3344 732 3456 802 jam
3487 746 3629 800 prte-

2049 830 2134 876 sto
2168 833 2312 890 sunt,
2343 839 2463 892 quae
2485 840 2606 878 cum
2643 825 2848 895 angelis
2883 826 3341 895 incorruptionem
3372 824 3627 880 servatis.

2047 913 2178 980 Quae
2206 915 2331 970 licet
2362 919 2429 970 de
2462 919 2560 972 hoc
2604 919 2806 974 mundo
2841 919 2984 983 sitis,
3015 927 3219 984 tamen,
3249 915 3462 972 favente
3492 917 3623 981 Deo,

2043 1007 2156 1076 jam
2195 1008 2248 1062 in
2288 1009 2390 1064 hoc
2443 1009 2646 1064 mundo
2683 1025 2787 1066 non
2824 1013 2957 1066 estis
2991 1029 3006 1067 :
3051 1012 3178 1082 quia
3208 1011 3310 1066 etsi
3364 1009 3624 1065 saeculum

2051 1115 2144 1155 vos
2203 1101 2405 1156 habere
2463 1104 2680 1166 meruit,
2737 1114 2920 1159 tenere
2979 1105 3202 1159 omnino
3259 1118 3368 1157 non
3433 1101 3628 1172 potuit.

2048 1192 2210 1246 Beata
2247 1193 2429 1262 itaque
2461 1193 2626 1247 Maria
2659 1195 2817 1250 hodie
2851 1196 2960 1264 jam
2995 1197 3062 1250 ab
3092 1194 3349 1251 omnibus
3380 1193 3633 1264 gentibus

2048 1285 2207 1355 longe
2262 1286 2476 1356 lateque
2527 1287 2898 1356 praedicatur:
2937 1298 2990 1342 et
3050 1289 3200 1343 vobis
3252 1302 3374 1356 qua:
3429 1294 3631 1341 secuta!

2047 1379 2179 1432 estis
2205 1379 2512 1448 exemplum
2560 1387 2724 1434 tautae
2757 1381 3006 1447 virginis,
3036 1380 3314 1435 beatitudo
3348 1378 3627 1433 condunao

2047 1479 2137 1524 tur
2169 1471 2429 1526 caelestis.
2466 1472 2612 1538 Quas
2644 1488 2749 1526 non
2785 1473 3054 1528 illecebrae
3099 1471 3398 1528 sollicitant
3430 1485 3626 1540 corpo-

2049 1564 2151 1627 ris,
2182 1579 2290 1618 non
2349 1563 2582 1617 colluvio
2637 1565 2938 1634 prtecipitat
2965 1565 3280 1634 voluptatis,
3305 1578 3412 1617 non
3465 1573 3630 1616 aestus

2049 1652 2348 1710 inﬂammat
2399 1657 2684 1710 incentiva:
2719 1659 2924 1718 carnis,
2961 1657 3071 1710 imo
3106 1657 3346 1723 angelica
3394 1655 3631 1708 imitatio

2048 1747 2283 1802 delectat
2343 1747 2396 1802 in
2462 1750 2626 1804 terris
2670 1765 2684 1804 :
2744 1765 2972 1818 quorum
3022 1750 3072 1802 in
3121 1749 3301 1802 futuro
3350 1746 3632 1816 aequalitas

363 1844 704 1896 quaecunque
759 1830 913 1899 virgo
963 1830 1066 1884 sibi
1116 1831 1184 1884 ab
1232 1845 1292 1883 ea
1351 1838 1498 1896 optat
1553 1830 1832 1894 praemium
1887 1841 1938 1883 et

2051 1838 2434 1904 repromittitur
2464 1838 2517 1892 in
2548 1838 2721 1893 caelis.
2753 1807 2929 1894 Deatte
2978 1840 3144 1910 igitur
3171 1840 3324 1901 esris,
3369 1807 3511 1899 ﬁliae,
3539 1837 3632 1891 sed

368 1921 625 1989 implorat
655 1923 940 1982 auxilium,
975 1921 1136 1975 debet
1191 1922 1390 1976 imitari
1420 1922 1750 1990 exemplum.
1789 1923 1940 1990 Rogo

365 2026 484 2074 vos,
518 2026 552 2063 ο
597 2012 858 2080 γίτεῖιιυε,
900 2027 1028 2078 rogo
1057 2020 1111 2063 et
1163 2013 1358 2073 viduae,
1394 2011 1684 2064 imitamini
1719 2010 1938 2064 Paulam

371 2104 587 2156 viduam
634 2118 886 2165 matrem,
921 2104 1200 2170 exetnplar
1249 2104 1595 2158 continentia:
1634 2114 1688 2158 et
1724 2105 1942 2160 eaStita-

367 2195 457 2248 tis.
488 2194 775 2248 Imitarniui
809 2194 1189 2258 Eustochium,
1224 2210 1387 2264 quam
1426 2196 1634 2250 habetis
1664 2195 1940 2250 vobiscum

365 2286 655 2353 virginem,
691 2298 742 2354 et
781 2286 1070 2338 formosam
1109 2286 1365 2354 perfectae
1404 2287 1752 2353 integritatis.
1783 2286 1940 2352 Quod

367 2380 414 2432 si
473 2379 650 2430 minus
711 2379 762 2430 iu
799 2379 886 2431 eis.
911 2388 1014 2441 est,
1064 2394 1222 2447 quam
1253 2380 1303 2432 in
1341 2387 1515 2432 matre
1549 2379 1756 2432 Domini
1782 2419 1796 2439 ,
1832 2381 1942 2433 imo

371 2471 498 2538 quia
529 2481 638 2534 est,
682 2470 896 2523 habetis
930 2471 1078 2537 prole
1117 2471 1402 2524 fecundam
1439 2479 1495 2524 et
1527 2471 1792 2542 virginem
1820 2487 1940 2541 per-

370 2573 640 2629 petuam:
698 2565 824 2632 quia
878 2566 1017 2618 sicut
1058 2565 1110 2618 in
1167 2566 1572 2634 comparatione
1636 2566 1746 2630 Dei,
1785 2581 1944 2621 nemo

367 2655 563 2717 bonus.
591 2659 662 2711 ita
702 2667 756 2711 et
783 2658 833 2710 iu
864 2660 1268 2727 comparatione
1301 2660 1491 2714 matris
1546 2660 1756 2714 Domini
1799 2661 1941 2714 nulla

369 2749 646 2804 invenitur
715 2752 979 2820 perfecta,
1041 2754 1292 2822 quamvis
1353 2755 1656 2810 virtutibus
1726 2756 1942 2810 eximiis

367 2845 774 2910 cotnprobetur.
813 2845 958 2900 Unus
986 2856 1069 2900 est
1111 2846 1271 2900 Pater
1308 2858 1518 2913 noster,
1556 2849 1647 2920 qui
1697 2847 1749 2902 in
1787 2850 1944 2904 coelis

367 2943 454 2986 est
486 2951 500 2994 :
535 2951 677 2990 unus
710 2946 760 2990 et
799 2937 1057 3004 magister
1095 2955 1108 2994 :
1137 2955 1238 2992 una
1290 2949 1374 2993 est
1403 2939 1579 2993 forma
1615 2941 1940 3012 virginitatis

370 3028 424 3077 in
464 3025 655 3091 Maria,
687 3030 773 3082 cui
833 3045 928 3084 vos
973 3047 1162 3085 omnes
1208 3042 1265 3086 ut
1294 3033 1587 3104 imaginem
1637 3035 1945 3094 relormetis

371 3117 723 3187 integritatis,
763 3123 952 3175 faciem
987 3125 1304 3193 imprimere
1336 3128 1548 3181 debetis
1596 3129 1646 3180 in
1701 3129 1945 3197 sculptu-

370 3225 484 3263 ram
546 3210 787 3277 Spiritus
842 3214 1037 3268 sancti.
1099 3214 1367 3281 Quoniam
1431 3218 1543 3272 haec
1598 3229 1683 3271 est
1757 3222 1948 3276 hortus

373 3304 687 3368 conclusus,
715 3303 830 3357 fons
858 3304 1128 3373 signatus,
1153 3319 1344 3376 puteus
1373 3326 1637 3376 aquarum
1656 3313 1944 3365 viventium

372 3393 553 3458 (Cant.
584 3412 654 3458 tv,
685 3397 772 3464 12,
807 3398 914 3462 lii‘,
949 3401 1012 3450 ad
1041 3415 1198 3468 quam
1232 3401 1359 3454 nulli
1395 3413 1686 3470 potnt-runt
1737 3407 1842 3459 doli
1875 3408 1951 3460 ir-

374 3503 641 3555 rumpere,
678 3505 778 3542 nec
802 3493 1080 3559 praevaluit
1104 3495 1250 3548 fraus
1275 3495 1502 3560 inimici,
1535 3500 1626 3550 sed
1653 3500 1951 3568 permansit

373 3591 560 3636 sancta
595 3593 779 3636 mente
809 3594 864 3636 et
904 3599 1151 3652 corpore,
1190 3587 1378 3642 multis
1427 3588 1696 3642 donorum
1730 3591 1947 3659 privile-

373 3674 472 3741 giis
513 3675 826 3730 sublimata.
881 3675 1090 3731 Idcirco
1159 3678 1300 3730 hanc
1344 3678 1634 3733 imitamini
1687 3683 1948 3749 moribus,

376 3765 670 3833 sequimini
699 3766 979 3833 castitate,
1013 3768 1174 3837 hujus
1205 3769 1489 3836 implorate
1517 3771 1804 3827 auxilium.

369 3879 380 3888 -
439 3857 605 3915 XVII.
631 3860 784 3925 Quod
812 3859 856 3914 si
891 3876 997 3924 me,
1030 3862 1154 3930 quia
1221 3863 1295 3917 ita
1331 3862 1543 3932 loquor,
1575 3867 1952 3936 praesumptio-

373 3950 457 4005 nis
511 3951 641 4004 velit
696 3966 923 4019 arguere
983 3953 1292 4007 invidorum
1346 3955 1568 4024 aliquis,
1614 3957 1756 4024 quod
1793 3959 1948 4013 vobis

372 4045 685 4110 scripserim
726 4055 960 4112 :arguat
1013 4047 1333 4100 cbaritatern
1383 4057 1545 4117 atque
1580 4049 1947 4118 dilectionem,

373 4137 494 4202 quia
553 4137 875 4202 rogantibus
924 4136 1075 4188 vobis
1115 4153 1184 4191 ne
1220 4138 1322 4192 hoc:
1361 4139 1578 4206 quidem
1636 4140 1950 4209 inexpertus

369 4224 604 4296 iudicavi
658 4227 981 4294 negandum.
1016 4226 1173 4281 Malui
1218 4231 1362 4282 enim
1399 4231 1647 4299 excipere
1692 4235 1947 4286 ruborem

374 4318 618 4386 pudoris,
642 4333 805 4382 quam
833 4332 934 4370 aen
968 4321 1193 4387 exsequi
1220 4319 1518 4387 iussionem
1543 4332 1953 4394 vestratn,qna-

377 4425 493 4461 rum
525 4410 773 4475 precibus
810 4424 1195 4477 nonnunquam
1225 4410 1366 4465 Deus
1398 4421 1583 4466 noster
1619 4414 1844 4468 obedire.
1875 4415 1952 4468 vi-

2047 1939 2100 1981 et
2149 1929 2320 1983 beatae
2383 1931 2580 1993 viduae,
2625 1946 2744 2000 quae
2804 1931 3044 1986 caelibem
3083 1930 3156 1984 .in
3193 1929 3412 1984 Christo
3453 1928 3632 1982 vobis-

2043 2032 2165 2072 cum
2201 2020 2401 2073 ducunt
2428 2020 2592 2074 vltam
2625 2039 2640 2076 ε
2673 2021 2797 2090 quia
2831 2021 3123 2076 secundum
3146 2019 3465 2090 Apostolum
3498 2019 3632 2074 libe-

2049 2116 2177 2160 rata:
2218 2124 2247 2162 a
2284 2111 2397 2178 lege
2429 2111 2550 2174 viri,
2581 2110 2663 2166 sic
2715 2120 3148 2181 permanserunt.
3201 2111 3437 2176 Beatior,
3462 2110 3634 2179 inquit

2044 2200 2096 2269 (I
2119 2201 2237 2255 Cor.
2294 2204 2530 2272 vn,40).
2577 2205 2698 2265 erit,
2734 2205 2781 2256 si
2845 2207 2920 2258 sic
2945 2205 3289 2269 permanserit
3348 2203 3632 2256 secundum

2048 2311 2218 2348 meum
2249 2296 2543 2349 consilium.
2583 2295 2724 2350 Puto
2755 2297 2915 2361 enim,
2950 2297 3022 2350 ait
3052 2295 3262 2365 (Ibid.),
3297 2295 3434 2365 quod
3463 2303 3509 2347 et
3540 2305 3631 2362 ego

2047 2387 2288 2453 spiritum
2342 2387 2436 2440 Det
2488 2383 2698 2439 habeo:
2735 2387 3016 2442 evidenter
3071 2388 3255 2441 volens
3306 2386 3629 2454 exprimere,

2045 2481 2174 2548 quid
2199 2480 2410 2533 intersit
2443 2481 2587 2535 inter
2619 2495 2763 2543 eam,
2802 2494 2922 2549 quae
2955 2479 3133 2534 adhuc
3184 2487 3269 2534 est
3297 2480 3478 2548 juncta
3513 2477 3630 2548 lege

2044 2570 2184 2636 viro,
2214 2580 2265 2626 et
2296 2571 2437 2627 inter
2466 2587 2607 2638 eam,
2643 2587 2766 2644 quae
2803 2573 2917 2638 jam
2968 2571 3144 2626 soluta
3170 2569 3384 2626 vinculo
3419 2569 3630 2626 beatior

2047 2663 2393 2732 prretlicatur.
2421 2664 2572 2732 Quod
2607 2667 2654 2722 si
2691 2677 2922 2736 utraque
2952 2664 3134 2728 beata,
3157 2664 3283 2734 quia
3312 2664 3364 2717 in
3389 2662 3631 2727 Christo,

2045 2754 2256 2810 beatior
2280 2763 2459 2811 tamen
2512 2772 2852 2828 quaecunque
2903 2757 3014 2826 iam
3073 2756 3247 2809 soluta
3279 2753 3629 2815 cstvinculo,

2049 2856 2103 2901 et
2133 2847 2373 2901 caelestia
2407 2858 2668 2904 sectatur.
2717 2848 2842 2904 Ideo
2877 2848 3052 2904 viduae
3081 2862 3298 2914 semper
3331 2846 3632 2917 virginibus

2047 2936 2184 2992 bene
2217 2940 2561 3008 copulantur,
2598 2949 2657 2994 ut
2681 2940 2757 2995 ait
2789 2941 3080 3008 Apostolus
3117 2956 3132 2993 :
3165 2939 3349 2993 Mulier
3377 2939 3630 3006 innupta,

2049 3039 2095 3082 et
2126 3031 2284 3101 virgo,
2311 3032 2503 3102 cogitat
2535 3048 2650 3100 qua:
2675 3041 2798 3086 sunt
2831 3031 3062 3096 Domini,
3089 3041 3144 3084 ut
3187 3031 3254 3084 sit
3291 3040 3476 3084 sancta
3511 3046 3632 3084 cor-

2050 3134 2174 3185 pore
2198 3131 2245 3174 et
2277 3123 2466 3189 spiritu
2494 3121 2663 3192 (Ibid.
2695 3123 2784 3191 54)
2817 3140 2831 3177 :
2864 3121 3263 3194 quodammodo
3290 3121 3434 3175 enim
3469 3119 3635 3189 magi-

2051 3214 2277 3268 sterium
2306 3213 2656 3283 virginitatis,
2685 3216 2966 3268 viduarum
3000 3213 3179 3283 gliscit
3209 3221 3263 3267 et
3295 3211 3633 3266 conlortatur

2051 3305 2334 3372 exetnplis,
2360 3321 2480 3374 quae
2538 3323 2662 3362 cum
2705 3307 2837 3361 viris
2877 3313 3087 3361 castum
3135 3305 3470 3360 servaverint
3499 3318 3630 3358 con-

2054 3395 2295 3455 nubium,
2327 3396 2522 3451 docent
2558 3398 2922 3466 integritatem
2975 3401 3149 3468 magis
3189 3397 3492 3467 virginibus
3527 3397 3633 3449 Deo

2052 3491 2377 3544 servandam
2413 3508 2426 3545 :
2462 3500 2516 3544 et
2572 3491 2714 3559 quod
2778 3490 3170 3560 propemodum
3208 3505 3314 3543 non
3358 3487 3632 3543 inferioris

2050 3581 2269 3634 virtutis
2294 3590 2378 3636 est
2429 3597 2457 3634 a
2513 3583 2765 3652 conjugio
2801 3582 3097 3648 abstinere,
3146 3581 3290 3650 quod
3341 3579 3632 3647 aliquando

2052 3673 2422 3740 delectaverit,
2450 3688 2610 3743 quam
2644 3673 2878 3744 coniugii
2944 3675 3334 3728 delectatnenta
3374 3674 3582 3728 nescire
3615 3690 3630 3727 :

2052 3766 2106 3820 in
2158 3776 2388 3836 utroque
2443 3767 2712 3836 siquidem
2746 3767 2914 3837 gradu
2953 3766 3215 3820 fortitudo
3263 3764 3538 3830 laudatur,
3579 3775 3633 3820 et

2051 3858 2296 3912 caelestis
2339 3859 2463 3912 vitae
2518 3857 2844 3925 praedicatur
2897 3858 3086 3911 virtus.
3114 3857 3318 3910 Idcirco
3345 3857 3631 3926 cognatio.

2055 3961 2176 4002 netu
2204 3949 2315 4018 jam
2347 3965 2469 4004 cum
2501 3950 2723 4004 Christo
2777 3959 3002 4019 uterque
3031 3951 3164 4003 ordo
3198 3951 3447 4006 sortitur.
3480 3951 3632 4007 Unde

2055 4039 2314 4093 Dominus
2348 4056 2363 4094 :
2392 4039 2452 4093 Si
2480 4039 2617 4108 quis,
2650 4039 2844 4107 inquit,
2879 4038 3061 4105 fecerit
3090 4039 3413 4094 voluntatem
3449 4040 3631 4095 Patris

2055 4133 2173 4193 mei,
2211 4133 2303 4199 qui
2335 4133 2389 4185 in
2424 4132 2565 4185 cali:
2600 4141 2699 4196 est,
2725 4133 2832 4200 ipse
2865 4147 3010 4184 meus
3035 4131 3226 4200 frater,
3261 4147 3411 4185 soror
3438 4142 3485 4186 et
3511 4150 3629 4187 ma-

2057 4235 2135 4278 ter
2173 4235 2250 4278 est
2282 4224 2502 4292 (Matth.
2548 4241 2651 4288 xtl,
2680 4223 2810 4292 50):
2849 4225 2936 4277 ubi
2979 4239 3082 4276 non
3131 4239 3314 4286 sexus,
3338 4240 3444 4278 non
3481 4233 3634 4289 aetas,

2064 4333 2167 4370 non
2215 4317 2455 4370 conditio
2514 4317 2862 4376 discernitur.
2917 4316 3031 4379 sed,
3067 4317 3155 4384 qui
3183 4315 3386 4383 fecerit,
3435 4316 3630 4386 inquit,

2054 4409 2377 4464 voluntatem
2413 4407 2596 4462 Patris
2632 4411 2754 4472 mei,
2788 4408 2879 4477 qui
2907 4409 2956 4458 in
2997 4407 3139 4460 caelis
3167 4416 3264 4460 est.

372 4501 576 4554 detur:
615 4503 915 4568 prmsertitn
971 4516 1093 4556 cum
1158 4505 1402 4557 habeatis
1455 4505 1759 4570 vobiscum,
1809 4523 1946 4575 quas
1977 4516 2022 4568 υ
2123 4499 2311 4553 XVIII.
2347 4497 2498 4553 Unde
2524 4499 2648 4567 quia
2699 4499 2865 4552 libera
2901 4496 3125 4550 facultas
3172 4498 3382 4552 cunctis
3411 4507 3635 4566 praesta-

375 4593 571 4646 imitari
608 4593 828 4646 virtutis
877 4605 982 4655 est,
1018 4611 1139 4647 cum
1174 4595 1372 4664 quibus
1427 4595 1638 4650 discere
1672 4599 1899 4666 potestis
1930 4614 1946 4652 :

373 4687 624 4738 allectum
657 4702 686 4738 a
722 4701 807 4740 me
845 4688 1025 4752 potius
1048 4703 1210 4754 quam
1242 4687 1612 4757 magisterium
1647 4690 1710 4741 ad
1735 4689 1948 4744 laudem

375 4776 530 4846 hujus
563 4779 671 4833 diei
728 4780 1056 4846 requisistis.
1107 4780 1260 4835 Unde
1313 4795 1574 4835 excusare
1621 4797 1728 4836 non
1787 4781 1950 4836 debui

371 4882 594 4939 propter
627 4875 1031 4925 observantiam
1063 4873 1360 4941 gravitatis,
1392 4888 1461 4926 ne
1493 4874 1825 4943 impartirem
1861 4877 1950 4930 de-

372 4965 571 5017 votioni
601 4976 821 5027 vestrm,
848 4980 968 5032 qua:
1020 4965 1336 5036 mandastis.
1370 4963 1523 5030 Quod
1555 4966 1598 5018 si
1629 4966 1824 5021 docere
1855 4981 1950 5021 ne-

369 5057 538 5125 quivi,
570 5058 766 5109 saltem
802 5056 866 5107 ad
907 5057 1119 5124 laudem
1176 5066 1336 5110 tanta:
1389 5057 1614 5126 virginis
1674 5043 1951 5112 ethortari

371 5151 594 5202 omnino
623 5149 809 5202 curavi
845 5164 858 5202 :
893 5160 1161 5216 quatenus
1195 5163 1299 5201 non
1336 5148 1578 5201 deessem
1608 5148 1764 5201 vobis
1793 5165 1952 5217 quem

372 5241 597 5307 diligitis
643 5243 695 5292 in
751 5243 835 5294 die
867 5253 1027 5294 tanta:
1063 5240 1393 5302 feativitatis,
1427 5241 1520 5294 sed
1545 5241 1801 5309 juugcrer
1835 5255 1957 5308 pre-

373 5333 547 5396 cibus,
597 5333 860 5402 jungerer
895 5336 1058 5400 votis,
1099 5335 1141 5389 si
1202 5351 1308 5403 quo
1364 5336 1520 5388 modo
1555 5346 1736 5388 mente
1783 5337 1849 5388 ad
1890 5350 1954 5389 ea

377 5425 653 5480 vobiscum
686 5428 886 5480 elevari
919 5444 1132 5481 merear
1160 5429 1357 5482 vestris
1384 5426 1812 5495 suﬂragantibus
1847 5444 1957 5483 me-

378 5513 516 5578 ritis,
549 5514 616 5568 ad
656 5531 774 5581 qtae
833 5517 1074 5583 pervenit
1126 5520 1278 5571 beata
1332 5527 1384 5570 et
1431 5519 1753 5570 intemerata
1807 5517 1956 5582 virgo

375 5603 566 5658 Maria.
614 5606 756 5660 Ecce
792 5607 1049 5660 hodierna
1100 5608 1186 5660 die
1235 5609 1298 5659 ad
1350 5607 1498 5660 illum
1553 5609 1869 5674 praaclarum
1903 5619 1950 5662 et

377 5695 719 5762 splendidum
755 5700 1005 5751 thronum
1031 5701 1371 5767 angelorum,
1401 5699 1514 5767 ipsa
1552 5715 1647 5768 per
1679 5699 1956 5752 humilita-

381 5795 486 5840 tem
517 5797 571 5844 ct
610 5788 975 5857 integritatem
1009 5791 1190 5846 carnis
1219 5789 1485 5856 ascendit,
1513 5789 1656 5846 unde
1688 5791 1953 5856 intempe—

2056 4603 2162 4655 tur,
2187 4600 2383 4652 estote,
2414 4590 2774 4652 charissimae,
2806 4588 2872 4639 ad
2903 4587 2956 4640 id
2986 4587 3128 4655 quod
3165 4602 3257 4640 vos
3281 4587 3484 4642 Christi
3515 4603 3633 4657 gra—

2055 4685 2126 4736 tia
2163 4683 2397 4744 vocavit,
2424 4690 2596 4734 estete
2650 4687 2853 4733 matres
2880 4677 3082 4732 Christi
3123 4691 3185 4731 ac
3212 4693 3444 4746 sponsre,
3465 4687 3638 4732 estote

2053 4789 2272 4829 sorores
2305 4789 2370 4828 ac
2395 4773 2748 4842 propinquae:
2782 4772 2907 4841 quia
2938 4771 3084 4840 quod
3113 4785 3278 4824 carne
3316 4786 3420 4824 non
3457 4770 3636 4839 potui-

2053 4870 2176 4931 stis,
2208 4866 2379 4936 gratia
2437 4875 2606 4919 totum
2661 4863 3023 4917 condonatum
3076 4870 3162 4917 est
3209 4862 3382 4915 vobis.
3418 4861 3484 4914 Et
3517 4861 3637 4914 ideo

2055 4961 2258 5030 diligite
2290 4968 2519 5012 matrem
2553 4957 2787 5021 Domini,
2813 4971 2933 5026 qua:
2969 4956 3122 5010 vobis
3150 4968 3411 5025 sponsum
3451 4953 3637 5024 genuit

2057 5046 2417 5100 immortalem
2445 5061 2460 5101 :
2497 5045 2652 5114 cujus
2680 5053 2734 5099 et
2762 5043 3040 5099 vobiscum
3062 5057 3222 5098 soror
3247 5052 3328 5097 est
3351 5043 3484 5107 ipsa,
3509 5042 3636 5110 quia

2057 5139 2390 5193 voluntatem
2423 5135 2604 5191 Patris
2641 5136 2788 5202 fecit,
2820 5145 2878 5190 ut
2916 5143 3061 5191 esset
3107 5143 3301 5189 mater.
3326 5133 3634 5202 Pr0pinqua

2056 5231 2273 5300 quidem
2326 5229 2481 5283 vobis
2533 5243 2639 5281 non
2682 5242 2871 5290 carne,
2913 5229 3004 5282 sed
3061 5227 3298 5296 spiritu:
3346 5232 3403 5276 ut
3457 5224 3636 5278 unitas

2059 5321 2469 5376 commendetur
2506 5320 2778 5382 Ecclesiae,
2803 5330 2855 5374 et
2881 5320 3116 5372 societas
3154 5317 3395 5382 corporis
3427 5315 3633 5370 Christi

2061 5413 2412 5481 intelligatur.
2445 5410 2520 5464 Ex
2553 5427 2660 5479 quo
2693 5411 2950 5462 Dominus
2982 5427 2995 5462 :
3043 5407 3189 5470 Volo,
3227 5406 3408 5471 Pater,
3436 5406 3632 5475 inquit,

2059 5506 2184 5573 quia
2219 5522 2309 5572 ego
2333 5513 2381 5558 et
2411 5515 2465 5556 tu
2497 5520 2656 5556 unum
2688 5519 2890 5562 sumus,
2922 5510 2976 5553 ut
3009 5513 3055 5552 et
3085 5501 3182 5568 ipsi
3212 5501 3264 5552 in
3297 5501 3442 5552 nobis
3472 5515 3636 5550 unum

2059 5602 2170 5654 sint
2204 5600 2386 5664 (Joan.
2412 5601 2541 5662 xvii,
2568 5598 2681 5665 9.1).
2719 5596 2849 5661 Quae
2873 5593 3111 5662 proiecto
3147 5594 3325 5648 unitas
3357 5609 3450 5660 per
3475 5609 3636 5645 unum

2061 5692 2423 5746 ntediatorem
2465 5691 2554 5744 Dei
2587 5700 2640 5744 et
2695 5689 2971 5742 hominum
3008 5686 3257 5742 edicitur.
3295 5686 3479 5741 Facite
3510 5700 3654 5754 ergo-

2060 5787 2392 5841 vuluutatetn
2436 5783 2612 5838 Patris
2660 5792 2712 5836 et
2747 5795 2862 5846 vos,
2908 5791 2963 5834 ut
2997 5796 3160 5838 unum
3211 5795 3332 5836 esse
3386 5779 3624 5844 possitis.
