4056 6200
452 324 559 392 1U

1421 321 1486 383 S.
1525 319 1975 382 HIERONYMI
2018 320 2337 382 OPERUM
2384 320 2779 383 MANTISSA.

3598 316 3699 383 148

447 434 653 491 Ornste
710 430 991 503 lampades
1049 439 1282 497 vestras,
1314 432 1589 491 occurrite
1623 446 1848 501 sponso,
1900 432 2024 501 quia
2059 432 2103 489 Δ
2133 430 2198 485 ad
2238 430 2525 485 Dominum
2560 434 2845 501 dirigatur,
2873 431 3044 503 utqui
3098 446 3196 502 pro
3226 431 3435 487 honore
3465 429 3702 485 nominis

444 526 556 596 jam
592 524 659 579 ad
692 524 890 579 ostium
939 524 1138 593 pulsat,
1170 533 1224 579 et
1258 535 1510 588 matrem,
1550 525 1596 581 si
1628 541 1751 580 eam
1777 524 2023 595 diligitis,

449 618 920 690 sequiminiJntus
941 627 1122 674 autem
1141 628 1327 689 parate
1356 629 1410 674 et
1435 630 1626 675 ornate
1643 619 1919 689 lampades
1932 631 2018 674 vo-

448 709 746 775 stras,quia
775 709 896 765 filiae
923 711 1068 782 regis
1101 713 1253 768 estis.
1274 711 1466 768 Omnis
1483 713 1627 767 enim
1644 712 1818 781 gloria
1846 721 2024 765 vestra

455 803 525 858 ab
544 802 689 857 intus
706 802 799 866 sil,
816 810 873 857 et
890 802 1039 857 intus
1058 804 1272 869 habete,
1297 806 1437 873 quod
1457 804 1584 859 l'oris
1601 806 1812 861 luceat:
1833 818 1899 858 ne
1921 803 2031 857 ion-

453 906 504 950 te
530 895 669 948 inter
689 894 1174 952 bassolemnitates
1195 897 1510 966 priusquam
1550 912 1784 965 sponsus
1822 896 2025 959 veniat,

451 994 646 1039 vestrae
680 984 955 1054 lampades
983 987 1424 1055 exstinguantur.
1458 986 1591 1042 Nam
1615 988 1904 1042 celebritas
1932 988 2029 1041 btt-

445 1076 540 1145 jus
563 1076 688 1141 diei,
718 1092 823 1131 non
859 1078 961 1131 nisi
988 1080 1238 1135 accensis
1263 1080 1601 1148 lampadibus
1630 1082 1778 1135 intus
1809 1089 1860 1135 et
1897 1080 2028 1134 furis

453 1176 599 1220 recte
626 1165 840 1220 colitur.
869 1167 994 1221 ideo
1029 1168 1314 1222 emendum
1355 1179 1439 1225 est
1473 1171 1649 1225 oleum
1692 1173 1821 1224 dum
1852 1180 2025 1236 vacat,

452 1276 522 1316 Le
549 1275 671 1314 cum
705 1276 938 1330 sponsus
964 1264 1192 1326 venerit,
1221 1266 1361 1333 quod
1389 1265 1547 1329 absit,
1574 1280 1758 1320 vacua:
1787 1266 2030 1320 invenia-

451 1352 607 1409 tnini.
646 1352 932 1423 Propterea
973 1371 1096 1425 quae
1130 1371 1345 1410 sursum
1377 1366 1505 1411 sunt
1537 1361 1732 1426 sapite,
1758 1358 1847 1413 ubi
1874 1357 2026 1412 beata

450 1448 700 1513 pervenit
760 1447 948 1517 Virgo,
988 1459 1042 1503 et
1081 1466 1190 1505 non
1243 1467 1363 1516 «tum
1401 1466 1565 1521 super
1618 1462 1859 1514 terrain;
1903 1450 2026 1520 quia

450 1548 633 1594 vestra
692 1542 1060 1607 conversatio,
1093 1544 1139 1596 si
1191 1544 1322 1597 estis
1355 1545 1465 1613 jam
1522 1545 1663 1613 quod
1701 1543 1942 1610 vovistis,
1975 1544 2028 1598 in

451 1633 609 1689 crelis
668 1633 783 1688 fore
836 1634 1021 1689 debet.
1050 1633 1183 1691 Illuc
1213 1636 1432 1706 dirigite
1464 1647 1723 1703 mentem,
1747 1638 1877 1693 illnc
1901 1639 2020 1692 abs-

451 1726 669 1781 condite
713 1726 878 1781 vitam
932 1740 1206 1794 vestram,
1269 1730 1445 1785 donec
1498 1738 1838 1798 pertranseat
1881 1726 2031 1782 furor
2064 1768 2106 1824 Β

455 1818 691 1883 Domini,
722 1834 829 1887 quo
863 1820 1015 1874 beata
1057 1820 1146 1875 Dei
1177 1822 1409 1891 genitrix
1441 1822 1604 1877 hodie
1636 1820 1881 1889 pervenit
1912 1838 1926 1875 :
1954 1820 2027 1874 ibi

455 1926 692 1981 namque
727 1909 945 1969 habetis
973 1927 1257 1978 sponsum.
1286 1912 1357 1967 ibi
1387 1915 1727 1984 pontificem,
1749 1914 1820 1967 ibi
1851 1914 2030 1967 omnia

452 2019 810 2076 quaecumque
867 2006 1161 2076 quaesistis.
1223 2006 1352 2062 Illuc
1416 2007 1629 2076 dirigite
1684 2016 1941 2068 mentem,
1977 2015 2036 2059 ut

452 2111 578 2151 cum
611 2096 863 2153 Christus
894 2098 1131 2165 Virginis
1184 2097 1325 2151 illius
1368 2098 1682 2167 apparuerit
1713 2097 1766 2150 in
1796 2096 1899 2150 fine
1934 2110 2035 2149 sae-

454 2186 588 2254 culi,
616 2201 741 2241 cum
770 2185 890 2257 ipso
923 2196 978 2242 et
1008 2199 1106 2240 vos
1133 2186 1443 2255 appareatis
1481 2185 1534 2239 in
1585 2186 1777 2256 gloria.
1839 2185 2030 2240 Amen.

574 2344 893 2405 MONITUM
930 2344 996 2401 lN
1043 2342 1431 2402 EPISTOLAM
1472 2342 1912 2411 SEQUENTEM.

528 2457 765 2513 Fulbertl
814 2458 1172 2514 Carnotensis
1219 2473 1529 2512 sermonem
1583 2457 1725 2510 hunc
1770 2471 1914 2515 esse.
1942 2457 2031 2510 vix

455 2527 667 2590 dubito,
709 2537 800 2583 aut
848 2544 915 2582 ne
978 2530 1062 2582 vix
1119 2528 1462 2596 quidem.|lli
1524 2535 1674 2582 certe
1735 2527 2034 2580 ascribitnr

455 2599 509 2652 in
547 2599 778 2665 quodam
812 2600 992 2668 Regia.-
1018 2599 1340 2668 Parisiensis
1364 2598 1595 2653 Biblotb.
1624 2613 1725 2668 ins.
1755 2600 1853 2650 sub
1882 2613 2029 2651 num.

453 2668 598 2722 5752
624 2668 810 2721 statim
846 2666 919 2723 ab
946 2673 1049 2724 isto
1084 2666 1667 2733 Pseudollieronymi,
1687 2682 1844 2735 quem
1874 2668 2033 2721 modo

454 2740 831 2792 recensuimns
857 2756 877 2792 :
903 2748 1017 2793 tum
1072 2742 1122 2793 in
1176 2740 1347 2794 altero
1394 2736 1910 2795 San-Germanensi.
1939 2739 2033 2805 qui

454 2810 605 2863 varia
660 2810 920 2878 opuscula
976 2812 1315 2878 incotnpacta
1369 2810 1655 2865 continet:
1702 2807 1914 2878 tametsi
1980 2808 2031 2858 iu

457 2875 710 2945 utroqne‘
748 2896 855 2931 non
897 2882 965 2933 de
1024 2875 1425 2946 Assuinptione,
1484 2879 1577 2935 sed
1628 2879 1689 2932 de
1740 2875 2033 2930 Natiritate

455 2950 621 3021 beant:
646 2948 834 3006 Maria:
872 2949 1128 3021 Virginis.
1154 2952 1241 3017 qui
1273 2951 1535 3017 pristinus
1564 2946 1680 3015 ejtfs
1713 2957 1795 3021 est
1824 2948 2031 3021 titulus,

457 3020 810 3075 inscribatur.
850 3017 1087 3089 Denique
1133 3030 1187 3075 ct
1218 3021 1271 3072 in
1321 3021 1443 3075 aliis
1472 3020 1623 3073 libris
1658 3019 1757 3071 sub
1792 3017 2029 3089 ejusdem

2128 523 2233 585 sui,
2269 525 2471 578 visco-ra
2509 526 2596 580 illa
2649 542 2771 597 qum
2819 524 3257 582 sanctiﬁcaverat
3300 521 3544 588 intravit,
3584 535 3702 588 quae

2128 618 2291 671 etiam
2328 633 2425 673 nos
2468 619 2567 687 ipsi
2601 620 2891 675 sedulitate
2924 618 3106 674 debita
3154 632 3498 682 veneramur,
3534 614 3705 683 prosit

2130 708 2285 763 nobis
2331 710 2400 764 ad
2452 711 2775 777 remedium,
2814 712 2955 781 quod
2991 726 3088 779 per
3113 725 3235 766 eam
3277 724 3335 765 se
3369 708 3527 763 nobis
3556 707 3700 761 dedit

2131 803 2386 871 pretium.

2203 892 2268 948 11.
2326 893 2523 948 Merito
2572 894 2739 962 igitur
2791 896 2947 949 beata
2993 894 3159 950 Maria
3193 892 3454 964 singulari
3491 906 3521 946 a
3552 891 3704 945 nobis

2131 985 2404 1053 praeconio
2462 985 2751 1048 attollitur,
2803 1001 2924 1051 qua:
2976 985 3250 1055 singulare
3315 983 3700 1038 commercium

2132 1080 2335 1134 mundo
2376 1080 2602 1149 praebuit
2635 1096 2650 1137 :
2685 1080 2879 1135 merito
2928 1079 3070 1134 inter
3114 1078 3347 1133 feminas
3376 1087 3506 1129 tunc
3539 1076 3701 1127 etiam

2132 1171 2440 1238 laetabatur,
2463 1187 2584 1225 cum
2622 1172 2952 1241 singularem
3003 1171 3324 1226 medicinam
3360 1169 3552 1238 pudico
3585 1167 3704 1219 alvo

2130 1264 2398 1332 gestabat.
2434 1262 2656 1317 Sciebat
2685 1262 2905 1331 quidem
2941 1263 3176 1332 poiidera
3209 1262 3430 1325 ventris,
3462 1274 3579 1327 qua:
3607 1273 3700 1324 pu-

2132 1359 2316 1411 dorem
2350 1371 2455 1411 non
2512 1357 2819 1424 perdiderat
2857 1357 3145 1411 castitatis.
3194 1353 3490 1408 Mirabatur
3523 1362 3705 1419 partus

2135 1448 2386 1517 insignia,
2421 1464 2542 1518 qua:
2575 1447 2717 1501 nulla
2771 1460 2999 1501 noverat
3046 1449 3142 1501 viri
3193 1445 3470 1515 contagia.
3496 1443 3541 1498 0
3572 1445 3706 1495 bene

2135 1540 2364 1593 fecunda
2426 1540 2727 1611 virginitas,
2757 1554 2878 1608 qua:
2931 1554 3071 1594 novo
3120 1539 3475 1606 inauditoque
3512 1550 3708 1605 genere

2134 1644 2188 1688 et
2219 1643 2394 1689 mater
2450 1635 2554 1688 dici
2589 1645 2771 1703 posset
2805 1644 2859 1686 et
2895 1635 3067 1703 virgo.
3100 1632 3313 1700 Peperit
3351 1631 3492 1685 enim
3524 1647 3550 1682 a
3601 1642 3707 1696 quo

2134 1728 2405 1798 concepit,
2441 1727 2681 1798 portavit
2717 1742 2744 1781 a
2789 1742 2896 1797 quo
2936 1736 3118 1782 creata
3171 1724 3397 1780 exstitit.
3430 1723 3705 1790 Siquidem

2136 1821 2252 1887 ipse
2275 1828 2359 1874 est
2388 1829 2577 1872 auctor
2600 1818 2786 1872 Maria!
2820 1819 2909 1886 qui
2943 1825 3027 1872 est
3080 1827 3234 1870 ortus
3268 1830 3333 1869 ex
3369 1813 3565 1867 Maria.
3616 1811 3709 1865 Sic

2138 1908 2578 1965 inenarrabiliter
2616 1910 2771 1963 beata
2811 1907 2973 1961 Maria
3010 1919 3183 1960 mater
3210 1915 3262 1960 et
3286 1905 3436 1972 virgo
3464 1912 3566 1970 est,
3592 1917 3709 1970 qua:

2135 2000 2261 2052 dum
2296 1998 2528 2053 fructum
2562 1998 2949 2066 praegnationis
2996 1996 3215 2058 extulit,
3245 1993 3569 2065 integritatis
3602 1992 3709 2045 dis-

2137 2093 2392 2163 pendium
2413 2105 2518 2145 non
2544 2092 2775 2144 incurrit
2800 2108 2814 2146 :
2842 2090 2983 2157 apud
3017 2105 3176 2159 quam
3214 2089 3287 2141 ita
3317 2087 3552 2143 ccelestis
3582 2101 3707 2157 pro-

2138 2184 2374 2238 videntis
2428 2181 2631 2251 negotii
2688 2182 2861 2252 ipsius
2910 2181 3278 2235 conditionem
3333 2178 3619 2247 disposuit,
3654 2185 3713 2229 ut

2138 2274 2309 2345 magis
2339 2273 2702 2328 obedientiam
2735 2273 3018 2328 exhiberet
3050 2273 3103 2327 in
3149 2272 3423 2335 mandato,
3461 2286 3579 2323 cum
3616 2271 3713 2323 lio-

2136 2365 2536 2420 norilicentiam
2576 2378 2726 2417 suam
2776 2373 3133 2431 cognosceret
3173 2378 3237 2417 ex
3286 2361 3497 2431 angelo.
3528 2360 3713 2427 Neque

2134 2458 2279 2514 enim
2310 2458 2469 2513 fidem
2495 2457 2721 2527 derogat
2748 2457 2949 2522 nuntii,
2973 2472 3091 2526 qua:
3122 2457 3436 2525 dignitatem
3463 2454 3713 2522 intelligit

2137 2550 2460 2612 nuntiantis,
2489 2549 2682 2617 angelo
2722 2549 2771 2602 ei
2818 2549 3062 2603 dicente:
3094 2548 3326 2616 Spiritus
3376 2556 3591 2600 sanctus
3624 2562 3711 2597 su-

2134 2641 2396 2710 perveniet
2426 2641 2482 2693 in
2520 2650 2590 2703 te,
2622 2648 2672 2694 et
2703 2641 2868 2693 virtus
2922 2638 3182 2693 Altissimi
3226 2638 3559 2691 obumbiabit
3583 2638 3711 2688 tibi:

2136 2736 2351 2803 ideoque
2395 2742 2443 2785 et
2485 2733 2625 2799 quod
2667 2740 2913 2785 nascetur
2941 2747 3005 2785 ea:
3058 2742 3105 2785 te
3153 2741 3416 2795 sanctum,
3446 2728 3717 2783 vocabitur

2135 2825 2304 2881 Filius
2343 2823 2441 2878 Dei
2480 2821 2631 2894 (Luc.
2684 2840 2721 2889 t,
2770 2823 2884 2891 35).
2938 2821 3179 2879 Credidit
3235 2822 3508 2876 admonita
3568 2820 3711 2888 quod

2136 2917 2366 2988 audivit,
2388 2918 2591 2971 meruit
2621 2914 2967 2971 sanctiﬁcata
3001 2916 3143 2984 quod
3191 2913 3446 2969 credidit.
3471 2912 3715 2979 Denique

2138 3021 2344 3068 tantum
2381 3025 2501 3066 sese
2530 3011 2595 3063 ad
2642 3008 2765 3065 caeli
2819 3007 3096 3076 fastigium
3128 3007 3449 3070 Sublevavit,
3487 3018 3543 3059 nt
3578 3004 3713 3059 Ver-

455 3088 1164 3172 auctorisnnotttine,teste
1216 3089 1456 3172 Qudinn,
1511 3091 1803 3171 invenitur.
1854 3088 2027 3172 [Etiam

2139 3104 2259 3156 bum
2292 3102 2343 3155 in
2379 3101 2649 3172 principio
2683 3100 2820 3169 apud
2856 3101 3044 3161 Deum,
3069 3100 3121 3153 id
3153 3109 3231 3154 est
3277 3099 3365 3152 Dei
3400 3098 3618 3163 Filium,
3649 3099 3715 3147 de

454 3173 637 3212 sermo
666 3159 772 3215 208
797 3163 847 3214 in
886 3161 1194 3229 Appendice
1230 3158 1284 3214 S.
1318 3159 1731 3227 Angustini,qui
1769 3158 1821 3210 in
1859 3156 2032 3210 L0va-

458 3229 725 3283 niensinm
777 3231 1071 3297 plerisque,
1108 3242 1162 3281 ut
1207 3232 1307 3297 ipsi
1356 3232 1668 3289 observant,
1709 3244 1812 3281 ms.
1853 3229 2029 3281 eidem

458 3298 714 3354 Fnlberto
767 3302 1047 3364 tribuitur,
1081 3314 1273 3369 magna
1322 3318 1385 3352 ex
1439 3311 1596 3368 parte
1643 3300 1832 3352 iisdem
1870 3309 2033 3369 atque

458 3370 558 3424 iste
602 3370 835 3431 laciniis.
881 3368 1427 3438 verbismte’totidem
1475 3377 1734 3424 constat:
1773 3382 1831 3422 ut
1878 3368 2033 3421 facile

457 3449 735 3507 appareat,
770 3443 1004 3505 priorem
1057 3441 1199 3494 illam
1232 3440 1473 3508 episcopi
1532 3438 1889 3493 Carnmensis
1932 3440 2031 3491 lto-

458 3509 663 3563 niiliam
699 3510 865 3563 fuisse
899 3510 1065 3578 (quod
1092 3511 1330 3563 solemne
1351 3519 1431 3563 est
1466 3510 1515 3575 id
1543 3525 1712 3578 genus
1744 3509 2034 3562 elucubra-

458 3580 722 3647 tionibus)
755 3596 852 3648 pro
879 3580 1326 3647 interpolatorum
1353 3580 1646 3632 dicentium
1676 3580 1739 3632 ad
1778 3578 2032 3646 populum

458 3649 685 3706 arbitrio
715 3661 769 3703 et
817 3660 975 3708 captu
1026 3650 1351 3712 mutilatam,
1408 3651 1571 3719 inque
1623 3650 1760 3704 alias
1808 3649 2035 3703 subinde

458 3719 664 3780 formas
697 3720 1101 3790 abirejussam.

1027 3833 1362 3889 EPISTOLA
1400 3829 1468 3887 Χ.

700 3928 773 3982 De
799 3928 1172 3996 Assumptione
1211 3925 1275 3981 Β.
1322 3925 1551 3995 Virginis
1591 3926 1799 3981 Moriar.

529 4024 571 4078 l.
622 4022 892 4083 Scientes,
940 4020 1141 4077 fratres
1189 4019 1552 4085 dilectissimi,
1583 4020 1790 4074 auctori
1850 4027 2038 4075 nostro

459 4114 689 4171 multum
726 4126 823 4165 nos
867 4111 1068 4166 debere
1111 4110 1382 4173 conditos,
1406 4109 1525 4176 plus
1577 4109 1904 4178 redemptos,
1948 4124 2039 4162 rc-

460 4205 790 4277 demptionis
818 4213 1019 4257 nostra
1067 4203 1453 4257 commercium
1487 4217 1830 4267 veneremur,
1860 4211 1914 4255 et
1946 4216 2038 4256 sa-

460 4299 831 4355 cratissimum
866 4307 1104 4360 uterum,
1136 4310 1203 4350 ex
1251 4310 1360 4363 quo
1412 4294 1616 4348 homini
1661 4294 1804 4349 Deus
1858 4295 2040 4348 unitus

462 4390 730 4461 apparuit,
758 4400 813 4445 et
836 4390 880 4444 si
911 4388 1202 4457 nequimus
1220 4388 1452 4453 meritis,
1478 4387 1667 4441 saltem
1701 4387 2039 4444 celebremus

2134 3211 2344 3250 summa
2372 3195 2493 3250 cteli
2528 3210 2619 3248 ara
2653 3194 2976 3261 susciperet.
3023 3192 3265 3261 Cumque
3308 3207 3365 3245 se
3407 3206 3503 3259 per
3532 3189 3716 3259 mysti-

2133 3302 2258 3342 cum
2292 3287 2593 3341 divinitatis
2624 3301 2883 3339 arcantun
2906 3286 3059 3340 carni
3090 3297 3291 3339 nostra:
3322 3284 3715 3353 fragilitatique

2135 3379 2541 3443 commisceret,
2572 3377 2729 3432 latuit
2780 3379 2834 3431 in
2874 3378 3094 3431 homine
3126 3376 3403 3436 divinitas.
3430 3385 3485 3427 ut
3518 3374 3720 3429 divini-

2139 3482 2247 3527 tate
2280 3472 2591 3525 bumanitas
2639 3485 2742 3524 non
2796 3470 3117 3538 periretzet
3144 3469 3245 3523 sub
3270 3466 3383 3540 [Αι.
3430 3470 3554 3518 dum
3593 3465 3716 3538 sub]

2137 3566 2446 3621 velamento
2480 3571 2774 3630 assumpta:
2804 3560 2988 3618 carnis
3019 3561 3391 3624 absconditus,
3427 3561 3720 3629 pretiosius

2140 3656 2364 3712 redemit
2397 3657 2658 3726 perditos,
2689 3669 2849 3721 quam
2885 3653 2929 3707 si
2957 3653 3263 3707 delensaret
3300 3655 3368 3706 ab
3404 3652 3722 3705 imminente

2140 3751 2300 3804 bostn
2332 3749 2596 3818 captivos.
2627 3747 2899 3801 immensa
2930 3748 3124 3817 pietas,
3154 3756 3209 3800 et
3234 3762 3396 3815 supra
3425 3761 3587 3815 quam
3621 3745 3718 3797 fari

2140 3844 2310 3912 possit
2352 3842 2694 3911 praedicanda
2752 3841 3035 3910 majestas,
3069 3841 3277 3895 viscera
3336 3840 3525 3908 puellae
3587 3854 3718 3893 aura

2139 3934 2312 3987 sancti
2337 3932 2574 4001 Spiritus
2598 3931 2965 4001 implebantur
2989 3947 3007 3985 :
3041 3932 3264 4000 innupta
3287 3932 3508 4001 virginis
3537 3932 3722 3994 vulva,

2141 4022 2303 4077 Verbi
2327 4024 2536 4078 semine
2572 4033 2877 4088 crescente,
2906 4023 3174 4093 turgcbat.
3228 4022 3608 4091 Replebantur,
3643 4023 3724 4076 in-

2140 4131 2330 4186 quam,
2361 4129 2562 4169 arcana
2593 4116 2862 4169 viscerum
2916 4115 3057 4168 sacri
3111 4115 3352 4182 Spiritus
3389 4114 3725 4169 fecunditate

2144 4209 2368 4276 repleta,
2389 4219 2444 4261 et
2471 4217 2590 4260 erat
2618 4221 2742 4274 spes
2768 4206 2822 4260 in
2849 4215 3029 4272 partu,
3066 4207 3194 4275 quia
3253 4220 3361 4260 non
3409 4218 3528 4261 erat
3567 4209 3722 4262 volu-

2143 4312 2263 4373 ptas
2305 4302 2357 4354 in
2412 4302 2581 4355 coitu.
2610 4296 2870 4368 Stupebat
2930 4297 3316 4367 pretiosissima
3367 4298 3622 4367 genitrix,
3672 4308 3727 4351 et

2144 4395 2287 4465 apud
2324 4408 2385 4448 se
2419 4391 2577 4445 tacita
2612 4406 2794 4445 rerum
2822 4394 3065 4445 novitate
3100 4391 3425 4443 mirabitur.
3454 4387 3729 4444 Urebatur

461 4480 738 4550 obsequiis
765 4496 780 4535 :
808 4481 1045 4535 scientes
1085 4478 1290 4534 erroris
1319 4480 1493 4534 nostri
1532 4479 1807 4544 tenebras,
1840 4480 2034 4550 partim
2069 4496 2114 4551 ο
2147 4497 2280 4542 aestu
2312 4483 2654 4554 cogitationis
2681 4482 2751 4536 ab
2773 4483 2916 4551 igne,
2946 4490 3000 4535 et
3022 4483 3267 4551 perculsa
3305 4479 3415 4553 [ΑΙ.
3443 4480 3724 4551 percussa]

462 4574 579 4644 ejus
619 4573 824 4640 fulgore
853 4572 1126 4640 dispersas
1154 4590 1168 4625 :
1203 4573 1328 4641 quia
1362 4587 1482 4642 qua:
1516 4572 1766 4626 homines
1797 4587 1892 4641 per
1919 4587 2041 4639 pro-

462 4667 818 4736 tnplastorum
851 4665 1257 4734 negligentiam,
1289 4667 1479 4733 prima:
1505 4665 1698 4718 matris
1729 4664 2040 4719 contumaci

463 4769 579 4817 tam
613 4758 942 4830 arrogantia,
963 4773 1123 4827 quam
1144 4760 1267 4828 gula
1296 4757 1406 4830 [ΑΙ.
1441 4755 1646 4829 regula]
1674 4757 2040 4825 perdiderant,

462 4850 628 4919 bujus
660 4865 831 4904 sacra:
866 4849 1102 4920 Virginis
1131 4861 1342 4919 partus,
1371 4866 1479 4903 non
1508 4850 1684 4904 solum
1713 4852 2044 4904 restauravit

463 4947 669 5006 diruta,
695 4943 793 4998 sed
826 4943 965 4998 dona
1007 4942 1239 4997 contulit
1272 4943 1598 5010 sempiterna
1626 4959 1640 4996 :
1674 4952 1729 4996 et
1759 4942 1881 4996 ideo
1910 4958 2044 4996 cun-

462 5039 565 5092 ctis
615 5038 903 5106 praeconiis
954 5050 1279 5090 veneremur
1330 5036 1521 5089 salutis
1569 5039 1887 5100 aucti-irem,
1925 5051 2045 5104 qua:

463 5134 593 5185 dum
633 5142 912 5185 auctorem
967 5144 1123 5183 suum
1178 5130 1427 5197 concepit
1456 5144 1519 5182 ex
1553 5129 1713 5192 casio,
1759 5131 1916 5183 nobis
1955 5145 2045 5184 re-

463 5224 800 5292 demptorem
854 5222 1091 5275 ostendit
1139 5221 1192 5276 in
1235 5220 1479 5287 steculo;
1522 5228 1575 5273 et
1602 5221 1731 5288 quia
1765 5223 1830 5273 ad
1867 5222 2041 5274 vicem

464 5316 606 5382 ejus,
644 5315 835 5370 matris
896 5324 1097 5368 nostra:
1146 5312 1403 5367 Ecclesia:
1448 5313 1616 5366 forma
1672 5314 2042 5375 constituitur,

465 5410 581 5478 ipsa
609 5424 728 5463 cam
759 5408 903 5461 inter
934 5407 1197 5477 procellas
1231 5407 1415 5461 smculi
1445 5406 1757 5473 frequenter
1790 5406 2040 5473 aspiciat,

463 5501 579 5567 ipsa
632 5500 772 5553 inter
832 5499 1082 5553 incursus
1133 5497 1436 5551 tnundialcs
1481 5497 1740 5552 continua
1798 5496 2045 5552 oratione

466 5591 776 5646 confoveat.
803 5589 990 5659 Neque
1023 5591 1169 5645 enim
1205 5589 1428 5644 dubium
1461 5599 1563 5653 est,
1599 5589 1741 5643 illam
1773 5603 1891 5655 qua:
1930 5604 2039 5641 ηιθ-

418 5700 423 5705 τ
464 5683 571 5743 ruit
616 5699 714 5750 pio
755 5683 1053 5738 libenandis
1100 5684 1244 5738 ferre
1292 5683 1526 5751 pretium
1563 5696 1744 5749 posse,
1777 5682 2041 5750 impartiri

464 5776 778 5853 sullragium
813 5777 1095 5845 liberatis;
1136 5787 1322 5832 nostra
1358 5775 1497 5833 inter
1546 5776 1659 5833 bzec
1694 5776 1868 5831 oratio
1900 5774 2043 5846 jugis

2150 4591 2328 4630 rerum
2380 4576 2618 4630 novitate
2663 4573 3081 4643 obstupescebat
3140 4574 3472 4627 mirabiliter.
3532 4573 3727 4626 Sciens

2146 4667 2293 4722 enim
2322 4681 2474 4720 suam
2517 4664 2905 4735 integritatem,
2937 4665 3235 4720 mirabatur
3262 4666 3470 4719 ventris
3501 4666 3693 4719 uberis

2146 4769 2256 4815 tem
2307 4759 2434 4814 felix
2495 4758 2683 4813 Maria.
2723 4758 2768 4813 0
2817 4758 3048 4828 genitrix
3105 4759 3361 4827 gloriosa,
3390 4774 3423 4813 ο
3452 4772 3724 4828 puerpera

2146 4854 2421 4918 sublimis,
2454 4853 2609 4923 cujus
2674 4852 2977 4907 visceribus
3034 4864 3226 4906 auctor
3278 4851 3402 4907 coeli
3455 4860 3726 4920 terra-que

2146 4949 2507 5004 committitur
2537 4966 2554 5006 :
2587 4948 2774 5022 felicia.
2800 4949 2990 5002 oscula
3022 4947 3190 5001 labris
3227 4948 3487 5017 impressa
3518 4946 3727 5000 lacteo-

2148 5043 2313 5106 tibus,
2340 5058 2463 5097 cum
2519 5042 2661 5095 inter
2688 5042 2877 5094 crebra
2920 5039 3119 5095 indicia
3158 5040 3422 5106 reptantis
3457 5036 3727 5097 infantia.

2148 5147 2334 5203 utpote
2363 5150 2523 5189 verus
2553 5151 2615 5187 ex
2665 5143 2717 5190 te
2765 5133 2906 5188 libus
2935 5133 3031 5187 tibi
3066 5142 3239 5187 mater
3272 5131 3561 5192 alluderet,
3595 5145 3724 5184 cum

2150 5243 2311 5282 verus
2346 5243 2407 5280 ex
2443 5225 2602 5281 Patre
2627 5226 2889 5280 Dmniuus
2918 5226 3207 5294 imperaret
3235 5225 3247 5278 !
3276 5222 3409 5276 Nam
3444 5233 3725 5277 auctorem

2152 5329 2299 5372 tntnn
2335 5323 2447 5387 ipsa
2483 5319 2819 5385 concipiens.
2842 5318 3059 5372 edidisti
3093 5318 3145 5372 in
3174 5326 3413 5385 tempore
3442 5317 3726 5384 puberem,

2151 5429 2311 5481 quem
2365 5412 2638 5465 habueras
2688 5422 2816 5465 ante
2869 5421 3114 5480 tempora
3165 5411 3522 5463 conditorem.
3574 5408 3666 5462 Fel
3697 5425 3727 5462 χ

2153 5504 2520 5573 puerperium,
2546 5503 2774 5559 laalabile
2819 5505 3048 5572 angelis,
3102 5502 3466 5572 exspectabile
3495 5503 3723 5566 sanctis,

2153 5598 2520 5650 necessariqu
2583 5597 2828 5665 perditis,
2873 5612 3171 5664 congruum
3233 5593 3574 5664 proﬂigatis:
3635 5595 3727 5661 qui

2153 5697 2272 5754 post
2322 5688 2519 5743 multas
2552 5698 2841 5757 assumpta:
2872 5690 3051 5743 carnis
3093 5686 3341 5755 injurias,
3369 5686 3432 5738 ad
3471 5684 3726 5738 ultimum

2154 5780 2471 5837 verberatus
2505 5780 2747 5852 ﬂagellis,
2787 5790 3003 5851 potatus
3056 5779 3195 5845 felle,
3226 5778 3463 5849 patibulo
3511 5775 3728 5840 adlisus.
