4056 6200
336 289 448 358 149

337 493 600 565 patiendo
633 501 906 547 tormenta
937 494 1280 548 monstravit.
1312 491 1391 547 Τιι
1425 506 1579 564 ergo,
1617 492 1779 547 beata
1815 493 1930 563 glo-

340 586 599 652 riosaque
632 581 823 642 Maria.
858 581 1004 636 inter
1057 581 1160 634 ista
1213 580 1528 648 laudabilis,
1563 595 1683 650 qua:
1713 581 1794 637 sic
1817 597 1925 636 me-

339 675 506 729 ruiin
546 675 751 730 donum
822 674 1192 739 fecunditatis,
1249 688 1370 742 quae
1429 674 1764 744 virginitatis
1824 688 1930 727 non

340 767 576 821 amisisti
635 766 975 834 suffragium.
1021 764 1098 820 Tu
1133 778 1193 819 es
1251 766 1398 820 enim
1453 764 1739 821 benedicta
1793 765 1933 819 inter

345 862 630 943 mulieres.
663 859 742 915 Tu
795 871 1090 932 praerogata
1126 860 1339 916 etinctis
1375 857 1646 930 virginum
1677 859 1932 915 catervis.

343 953 431 1008 Tu
454 953 703 1022 sequeris
722 954 932 1023 Agnum
955 967 1300 1023 quocumque
1323 953 1646 1022 perrexerit.
1669 951 1750 1006 Tu
1773 952 1933 1022 virgi-

343 1062 480 1102 neos
511 1046 711 1102 choros
738 1054 795 1101 et
839 1047 907 1101 ab
943 1047 1231 1100 incentivaa
1277 1046 1458 1100 carnis
1503 1045 1772 1101 illecebris
1801 1044 1934 1100 alie-

337 1154 468 1204 nos,
495 1155 594 1210 per
634 1138 876 1194 albentia
917 1138 1026 1192 lilia
1076 1152 1338 1208 rosasque
1366 1147 1686 1202 vernantes,
1719 1137 1786 1191 ad
1817 1135 1936 1192 fon-

343 1235 454 1282 tem
517 1227 770 1298 perennis
808 1227 936 1282 vita:
997 1227 1216 1283 invitas.
1251 1225 1332 1282 Tu
1387 1228 1441 1282 in
1501 1227 1589 1281 illa
1653 1227 1932 1282 beatorum

343 1317 665 1373 feiicissima
701 1319 944 1390 regione,
978 1319 1175 1388 primis
1202 1319 1414 1375 ordinis
1443 1318 1758 1387 dignitatem
1807 1317 1936 1372 ade-

347 1421 440 1482 pta
488 1427 572 1478 es,
624 1412 821 1481 plantis
879 1412 1106 1468 roscidis
1157 1411 1442 1475 oberrans,
1506 1412 1652 1464 inter
1700 1409 1934 1479 paradisi

346 1505 696 1558 amoenitates
727 1512 783 1558 et
811 1505 1122 1572 gramineos
1154 1504 1348 1558 choros
1379 1511 1562 1558 tenero
1589 1501 1790 1571 poplite
1813 1515 1934 1570 per-

346 1609 506 1664 gens,
543 1593 797 1664 felicique
825 1594 1004 1664 palma
1029 1593 1200 1648 violas
1224 1593 1711 1648 immarcescibiles
1729 1591 1934 1662 carpis.

347 1684 430 1740 Tu
471 1687 892 1742 concinentibus
926 1689 1045 1743 sine
1091 1686 1201 1742 fine
1253 1687 1460 1757 angelis
1509 1687 1820 1758 conjuncta,
1851 1701 1938 1740 ar-

1126 290 1502 354 EPISTOI.A
1535 291 1638 355 XI.
1685 292 1783 354 DE
1825 293 2328 357 HONORANDIS
2371 293 2886 357 PARENTIBUS.

337 409 402 457 ut
435 411 487 457 te
510 413 694 456 veram
723 406 957 456 matrem
977 399 1312 469 ostenderet,
1341 414 1531 457 verum
1555 414 1614 456 se
1633 401 1931 466 hominem,
1963 413 2009 472 Α

3508 283 3610 352 150

2171 402 2484 460 MONITUM
2518 403 2590 459 IN
2615 396 3008 460 EPISTOLAM
3045 393 3486 466 SEQUENTE”.

2109 517 2310 574 incerti
2344 527 2428 573 est
2457 519 2724 582 auctoris,
2767 529 2931 586 quam
2959 528 3060 570 nec
3088 513 3218 586 licet
3247 527 3315 567 ex
3360 511 3612 586 breviore

2035 589 2213 644 isthoc
2246 588 2457 644 dictato
2505 582 2902 650 internoscere,
2937 599 3040 640 nec
3084 584 3326 648 videtur,
3355 582 3400 637 si
3424 582 3610 646 liceat,

2036 659 2282 728 facturus
2334 672 2512 728 opera:
2557 659 2815 727 pretium,
2861 653 2956 728 qui
2997 653 3298 728 studiosius
3346 653 3611 728 inquirat.

2034 727 2238 783 Caetera
2265 721 2384 783 ιδιιῖ
2423 721 2654 782 evidens
2676 737 2779 789 est,
2803 721 2986 794 rut—ait
3031 725 3312 794 Erasmus,
3343 721 3470 794 styli
3497 721 3614 774 dis-

2039 799 2274 878 erimen,
2318 807 2376 852 ut
2419 798 2794 868 cujuscunque
2820 795 2912 861 sit,
2946 792 3259 864 ﬂieronymi
3305 792 3473 848 videri
3505 804 3611 846 non

2038 879 2201 936 passu
2215 905 2230 921 .

2589 999 2921 1056 EPISTOLA
2955 1000 3046 1058 XI.

2429 1119 2504 1174 De
2537 1119 2862 1174 honorandis
2889 1119 3216 1190 parentibus.

2109 1233 2150 1289 Ι.
2183 1231 2479 1289 Parentum
2517 1235 2726 1290 meritis
2755 1235 3056 1305 subjugans
3087 1236 3228 1289 ﬁlios
3253 1234 3610 1307 omnipotens

2041 1323 2205 1390 Deus,
2233 1325 2508 1381 serviendi
2547 1327 2720 1397 legem
2769 1329 2824 1382 in
2859 1327 3054 1384 officiis
3084 1328 3318 1397 posteris
3354 1327 3523 1393 dedit,
3554 1337 3612 1383 nt

2039 1415 2142 1471 hoc
2181 1414 2368 1472 divino
2413 1425 2685 1488 cogantur
2743 1416 2928 1474 facere
2977 1419 3227 1490 imperio,
3259 1419 3406 1490 quod
3429 1418 3614 1475 debuit

2040 1507 2213 1577 pietas
2239 1508 2471 1564 suadere
2508 1525 2524 1565 :
2569 1508 2785 1566 dicente
2815 1510 2912 1566 illo
2945 1510 2996 1565 in
3025 1510 3167 1566 libro
3190 1511 3383 1578 Exodi,
3420 1511 3476 1566 in
3504 1526 3614 1582 quo

2039 1600 2110 1654 ita
2147 1599 2411 1668 scriptum
2453 1608 2540 1656 est
2572 1617 2588 1656 :
2617 1599 2842 1658 Honora
2886 1613 3088 1672 patrem
3131 1612 3278 1658 tuum
3311 1611 3361 1659 et
3391 1613 3614 1658 matrem

2041 1699 2208 1757 tuam,
2239 1692 2373 1745 sicut
2407 1692 2658 1761 prtzcept't
2690 1693 2786 1747 tibi
2824 1691 3103 1758 Dominus,
3139 1703 3196 1748 ut
3223 1694 3350 1749 bene
3378 1693 3448 1748 sit
3472 1695 3566 1748 tibi
3593 1708 3614 1749 :

347 1781 742 1852 changelisque
810 1784 1040 1849 sociata,
1094 1779 1374 1838 indefessa
1433 1781 1720 1838 clamitare
1779 1793 1934 1845 voce,
1969 1788 2010 1844 Β
2039 1793 2088 1839 et
2113 1786 2188 1840 sit
2219 1784 2388 1856 longe:
2417 1786 2539 1842 vitta
2567 1801 2722 1856 super
2759 1795 2975 1854 terram,
2996 1803 3154 1860 quam
3186 1786 3446 1842 Dominus
3475 1783 3615 1842 Deus

349 1870 609 1938 Sanctus,
635 1872 890 1934 Sanctus.
907 1871 1158 1940 Sanctus,
1180 1888 1288 1928 non
1321 1871 1546 1928 desinis.

2041 1888 2163 1932 tuus
2177 1878 2324 1932 dabit
2348 1878 2645 1952 tibi(Deut.
2665 1896 2718 1945 v,
2747 1879 2855 1952 l6).
2876 1880 3092 1949 Audite,
3124 1880 3244 1946 filii,
3275 1879 3614 1937 salutiferam

425 1964 520 2020 ιιι.
549 1963 656 2020 Sed
685 1965 814 2034 quid
861 1964 1040 2019 dicam
1087 1977 1293 2035 pauper
1345 1963 1584 2035 ingenio,
1623 1975 1745 2019 cum
1771 1963 1840 2020 de
1888 1970 1941 2020 te
2035 1971 2340 2042 jussionem
2373 1989 2386 2027 :
2425 1982 2479 2028 et
2521 1985 2792 2044 praecepta
2823 1974 2959 2044 legis
2994 1972 3190 2030 aﬁ'ectu
3214 1974 3386 2032 debiti
3413 1971 3618 2027 amoris

349 2057 615 2128 quidquid
640 2056 853 2120 dixero,
883 2055 1064 2111 minus
1106 2055 1351 2124 profecto
1381 2061 1464 2110 est
1511 2069 1672 2124 quam
1703 2053 1940 2124 dignitas

352 2161 450 2205 tua
483 2149 766 2204 meretur?
795 2148 854 2203 Si
878 2159 1108 2204 matrem
1131 2162 1319 2204 vocem
1343 2147 1606 2217 gentium,
1635 2145 1938 2213 praecellis:

351 2243 400 2296 si
433 2240 667 2296 formam
697 2239 791 2295 Dei
818 2240 1106 2311 appellem,
1137 2240 1295 2308 digna
1315 2239 1530 2294 exsistis
1558 2237 1638 2296 :si
1673 2237 1940 2294 nutricem

350 2335 601 2391 celestis
631 2337 791 2406 panis
818 2335 1075 2398 vocitem,
1104 2332 1264 2390 lactis
1306 2331 1593 2388 dulcedine
1617 2330 1813 2402 reples.
1837 2327 1943 2384 La-

353 2435 444 2482 cta
487 2441 641 2497 ergo,
692 2438 887 2492 mater,
934 2426 1116 2481 cibum
1155 2433 1426 2489 nostrum,
1452 2425 1595 2480 laeta
1626 2424 1807 2479 cibum
1846 2437 1944 2477 an-

357 2518 626 2589 gelorum,
665 2519 801 2573 facta
841 2532 966 2592 eum
1000 2518 1094 2587 qui
1135 2519 1297 2572 talem
1333 2525 1386 2573 te
1419 2516 1570 2581 fecit,
1602 2523 1658 2570 ut
1697 2515 1810 2585 ipse
1852 2514 1946 2568 fie-

360 2620 446 2666 ret
478 2612 529 2664 in
560 2619 655 2669 te:
685 2611 776 2681 qui
809 2593 910 2666 tibi
937 2625 1130 2666 munus
1175 2609 1523 2666 fecunditatis
1554 2606 1732 2662 attulit
1756 2621 1948 2662 conce-

358 2713 507 2773 ptus,
542 2713 597 2758 et
625 2703 790 2760 decus
823 2702 1151 2772 virginitatis
1203 2717 1313 2757 non
1350 2700 1572 2756 abstulit
1625 2708 1816 2754 natus:
1851 2696 1944 2767 qui

357 2795 686 2866 priusquam
739 2806 1083 2867 nasceretur,
1114 2802 1168 2849 te
1214 2803 1441 2849 matrem
1478 2793 1706 2856 creavit,
1747 2805 1810 2846 ex
1841 2804 1946 2860 qua

358 2901 708 2956 nasceretur,
744 2901 802 2944 ut
841 2889 989 2946 illinc
1039 2888 1358 2960 procederet
1413 2896 1670 2955 tanquam
1716 2899 1949 2953 sponsus

362 2984 431 3037 de
464 2981 708 3038 thalamo
741 2997 865 3046 suo,
908 2995 1018 3051 quo
1073 2979 1392 3035 mortalibus
1423 2977 1592 3034 oculis
1632 2983 1820 3047 posset
1865 2975 1948 3030 vi-

361 3071 503 3125 deri.
540 3069 750 3136 Quanta
783 3069 887 3124 fuit
919 3071 1035 3125 hare
1078 3068 1344 3138 dignatio,
1377 3076 1436 3122 ut
1469 3078 1750 3123 crearetur
1775 3081 1840 3121 ex
1873 3074 1946 3130 te,

361 3177 524 3232 quam
563 3161 769 3216 creavit
800 3179 812 3214 :
847 3169 1158 3231 portaretur
1186 3161 1462 3220 manibus,
1487 3173 1624 3228 quas
1653 3155 1944 3211 formavit;

361 3263 586 3324 sugeret
615 3263 704 3307 tua
738 3254 928 3317 ubera,
954 3268 1075 3324 quae
1107 3253 1222 3320 ipse
1249 3249 1539 3322 implevit?
1577 3249 1728 3316 Quas
1764 3249 1952 3318 itaque

363 3345 557 3400 laudes
590 3345 847 3400 charitati
894 3344 986 3399 Dei
1043 3346 1308 3407 dicemus,
1343 3357 1482 3411 quas
1505 3343 1715 3410 gratias
1743 3340 1792 3395 ei
1829 3357 1954 3410 age-

362 3437 534 3492 mus?
564 3439 656 3507 qui
693 3453 794 3492 uos
829 3439 902 3491 ita
934 3437 1141 3502 dilexit,
1172 3444 1232 3490 ut
1264 3444 1481 3505 prapter
1525 3447 1624 3488 nos
1667 3433 1827 3486 homo
1858 3433 1954 3485 fle-

363 3543 472 3592 ret,
508 3540 565 3582 ut
603 3538 833 3584 matrem
865 3528 1100 3583 hominis
1129 3527 1376 3598 eligeret,
1403 3535 1461 3581 ut
1510 3539 1723 3580 uterum
1757 3530 1957 3578 nostrae

361 3623 702 3676 conditionis
762 3621 1015 3686 intraret,
1047 3629 1108 3675 ut
1132 3619 1500 3675 contumelias
1554 3618 1665 3672 nati
1733 3613 1957 3670 infantis

366 3715 602 3780 subiret,
634 3725 797 3784 atque
824 3726 1020 3769 cuncta
1068 3713 1427 3768 humanitatis
1458 3711 1763 3768 necessaria
1791 3709 1959 3766 susti-

366 3817 556 3862 neret.
598 3807 840 3877 Agentes
886 3821 1041 3878 ergo,
1064 3815 1324 3876 quantum
1356 3803 1679 3867 sufﬁcimus,
1708 3801 1956 3858 Creatori

369 3905 567 3952 nostro
622 3896 850 3965 gratias,
896 3893 1340 3965 Assumptionem
1399 3893 1814 3965 gloriosissima
1863 3891 1958 3946 Dei

367 3990 660 4061 genitricis
691 4002 814 4042 cum
849 3987 1045 4060 gaudio
1067 3987 1428 4043 celebremus.
1459 3985 1690 4054 Dignum
1724 3997 1961 4052 namque

367 4091 460 4138 est
482 4097 608 4136 cum
636 4095 850 4136 summa
881 4082 932 4135 ei
955 4079 1315 4152 gratulatione
1369 4075 1646 4140 famulari,
1665 4090 1762 4144 per
1799 4089 1960 4144 quam

2044 2063 2284 2136 implete.
2320 2064 2538 2121 Servite
2563 2066 2827 2135 patribus,
2855 2064 3024 2120 futuri
3062 2076 3288 2136 patres:
3329 2073 3386 2121 et
3415 2072 3617 2118 matres

2046 2165 2263 2215 vestras
2297 2169 2488 2213 tenera
2531 2157 2737 2228 diligite
2765 2159 2987 2228 pietate,
3018 2167 3078 2212 ut
3106 2169 3160 2213 et
3191 2166 3386 2213 vestrae
3429 2155 3618 2226 conju-

2042 2265 2139 2319 ges
2173 2261 2488 2307 mereantur
2532 2257 2768 2305 matrum
2810 2249 3031 2306 neruine
3066 2249 3392 2320 nuncupari.
3449 2247 3619 2302 Nemo

2044 2349 2251 2412 patrem
2285 2341 2494 2412 asperis
2517 2340 2705 2398 verbis
2736 2341 2919 2407 laedat,
2947 2356 3054 2396 non
3087 2340 3186 2396 fiat
3216 2352 3401 2396 amara
3433 2339 3620 2394 dulce-

2045 2435 2133 2490 do.
2169 2433 2285 2490 Hoc
2325 2436 2398 2490 sit
2439 2434 2582 2490 inter
2627 2443 2886 2504 parentes
2929 2441 2986 2489 et
3029 2432 3194 2496 ﬁlios.
3228 2431 3372 2502 quod
3395 2431 3622 2502 jnbcntc

2045 2522 2296 2586 Domino,
2318 2531 2513 2578 natura
2547 2523 2843 2580 continuit.
2869 2521 3133 2578 Aﬂ‘ectum
3166 2530 3325 2577 sonet
3353 2519 3620 2591 quidquid

2047 2613 2244 2683 lingua:
2271 2613 2511 2668 dixerint
2540 2613 2857 2669 liberorum.
2881 2611 3030 2668 Inter
3057 2612 3256 2668 charas
3279 2611 3624 2681 conjunctae-

2047 2719 2153 2775 que
2180 2718 2468 2774 personas,
2501 2705 2724 2775 pietatis
2746 2705 2867 2774 jura
2899 2713 3213 2761 serventur.
3246 2701 3361 2758 Hoc
3390 2702 3624 2757 filiorqu

2048 2811 2142 2849 ora
2167 2796 2483 2866 loquantur,
2513 2796 2659 2866 quod
2693 2806 2944 2865 parentes
2977 2796 3213 2852 delectat
3239 2796 3448 2850 audire.
3481 2793 3625 2847 Prae-

2050 2886 2246 2943 beatur
2292 2889 2539 2958 patribus
2585 2889 2760 2944 amori
2810 2887 2983 2942 mixta
3029 2886 3286 2951 formido,
3333 2885 3428 2955 qui
3467 2884 3625 2956 primi

2053 2979 2206 3042 nobis
2233 2988 2360 3034 sunt
2383 2993 2543 3034 causa
2575 2979 2860 3035 nascendi.
2895 2978 3166 3034 Exhibete
3197 2977 3464 3046 patribus,
3509 2975 3626 3038 filii.

2053 3067 2196 3136 quod
2237 3083 2330 3124 vos
2362 3079 2605 3140 petestas
2637 3069 2849 3138 paterni
2880 3066 3118 3123 nominis
3144 3066 3308 3137 cogit,
3340 3081 3464 3136 quae
3491 3067 3629 3119 adeo

2050 3170 2134 3214 est
2163 3174 2351 3214 eorum
2401 3159 2613 3215 meritis
2645 3161 2930 3226 attributa,
2983 3167 3040 3214 ut
3078 3159 3290 3227 ipsa‘de
3332 3158 3486 3212 vobis
3516 3157 3632 3210 exi-
3736 3180 3742 3186 -

2055 3261 2148 3322 gat
2181 3251 2329 3321 quod
2369 3260 2563 3306 natura
2594 3251 2789 3322 jubere
2819 3267 2923 3306 non
2958 3251 3154 3320 potuit.
3197 3248 3463 3305 Matribus
3491 3262 3632 3317 quo-

2056 3359 2162 3412 que
2211 3345 2448 3398 debitam
2507 3344 2804 3412 impendite
2848 3343 3239 3407 reverentiam,
3303 3357 3424 3410 qua:
3481 3339 3635 3395 vobis

2056 3437 2194 3491 uteri
2240 3436 2426 3492 labore
2455 3437 2779 3502 servientes,
2804 3437 3016 3504 pondus
3057 3437 3226 3491 vestri
3275 3434 3519 3502 corporis
3547 3440 3631 3486 to-

2058 3529 2257 3594 lerant,
2285 3540 2448 3598 atque
2473 3529 2713 3598 ignotam
2741 3538 3021 3598 portantes
3051 3527 3360 3589 infantiam,
3387 3525 3626 3581 famula-

2061 3631 2172 3676 tum
2228 3620 2520 3690 quemdam
2579 3621 2840 3677 exbibent
2897 3621 3214 3676 uascituris.
3263 3618 3358 3676 Illo
3397 3627 3639 3688 tempore

2061 3727 2168 3766 non
2216 3711 2319 3766 sibi
2359 3720 2568 3766 tantum
2624 3720 2798 3766 mater
2834 3712 3031 3775 esurit,
3063 3725 3167 3766 nec
3213 3719 3468 3778 acceptos
3517 3707 3636 3764 sola

2060 3804 2259 3873 digerit
2283 3804 2438 3858 cibos
2473 3818 2491 3860 :
2525 3812 2777 3859 materno
2809 3804 2950 3858 victu
2973 3804 3135 3858 alitur
3161 3811 3230 3858 et-
3251 3802 3340 3857 ille
3357 3802 3449 3871 qui
3481 3800 3637 3864 latet,

2065 3895 2292 3964 ejusque
2319 3897 2562 3951 membra
2593 3895 2819 3951 alterius
2856 3897 3188 3950 comestione
3220 3901 3556 3974 pascuntur:
3585 3903 3641 3947 ut

2063 3989 2226 4044 homo
2280 3988 2520 4053 futurus,
2553 3987 2746 4043 alienis
2811 3987 3085 4043 morsibus
3137 3995 3437 4044 saturetur.
3500 3985 3638 4054 Quin

2065 4081 2182 4154 ipsa
2209 4093 2504 4136 memorem
2535 4079 2895 4142 nutrimenta,
2918 4089 2975 4135 et
3003 4089 3204 4134 tenera:
3245 4077 3487 4134 infantia:
3518 4078 3642 4133 dul-

373 4172 614 4243 insignia
681 4171 1011 4238 virginitatis
1077 4168 1449 4239 pullularunt:
1515 4165 1786 4238 siquidem
1849 4167 1965 4236 ipsa

367 4265 532 4335 virgo
592 4263 807 4320 exstitit
849 4270 978 4318 ante
1024 4259 1541 4333 conjugism,virgo_
1582 4258 1635 4313 in
1688 4256 1962 4328 coniugio,

2065 4187 2158 4228 ces
2210 4170 2460 4240 injurias,
2494 4184 2632 4240 quas
2679 4170 2970 4226 nutritoris
3006 4169 3234 4226 affeetus
3273 4172 3339 4226 de
3374 4170 3490 4227 suis
3519 4186 3643 4242 par-

2067 4265 2206 4320 vulis
2251 4260 2458 4317 sumit?
2489 4260 2632 4331 Quid
2677 4261 2834 4317 cibos
2893 4261 2946 4316 in
2999 4271 3174 4318 matre
3218 4261 3520 4329 confectos,
3551 4265 3643 4334 qui

370 4361 534 4430 virgo
580 4372 890 4428 praegnans,
939 4355 1095 4425 virgo
1143 4354 1385 4424 pariens,
1425 4353 1578 4419 virgo
1634 4350 1864 4415 lactans.
1912 4357 1967 4402 ει
2070 4355 2323 4412 femineis
2367 4365 2654 4410 manantes
2677 4368 2746 4408 ex
2772 4353 3052 4420 membris,
3083 4354 3316 4411 lacteum
3361 4354 3647 4410 solvuntur

369 4452 522 4506 dicta
557 4449 756 4504 merito
789 4460 984 4512 mater,
1009 4461 1114 4500 non
1147 4446 1214 4501 de
1243 4447 1474 4499 marito.
1528 4439 1744 4497 Sanciae
1769 4441 1969 4512 quippe
1999 4457 2045 4516 ι)
2075 4449 2127 4502 in
2170 4463 2418 4510 succum,
2457 4455 2512 4501 et
2539 4447 2726 4502 fauces
2760 4445 3029 4502 invalidas
3059 4446 3267 4518 liquido
3297 4461 3491 4518 sapore
3519 4462 3645 4517 per-

374 4543 540 4599 ﬂatri
575 4541 926 4611 omnipotens
956 4539 1127 4596 Filius
1170 4539 1320 4594 nullo
1349 4537 1508 4591 modo
1540 4543 1704 4589 natus
1739 4531 1966 4601 virgini-
2069 4537 2306 4593 fundunt
2327 4536 2352 4592 2
2372 4536 2614 4607 Cogente
2645 4547 2863 4605 natura,
2885 4547 3110 4592 sumunt
3142 4537 3383 4594 infames
3412 4537 3482 4594 de
3527 4553 3646 4593 ma.

376 4646 551 4692 tatem
603 4635 848 4702 abstulit,
875 4648 1036 4704 quam
1093 4632 1402 4687 nasciturus
1450 4629 1629 4699 elegit.
1681 4625 1967 4681 Exsultent
2073 4639 2156 4682 tre
2203 4631 2347 4697 quod
2396 4627 2609 4692 bibant,
2641 4637 2694 4682 et
2745 4627 2908 4682 dente
2938 4643 3044 4682 non
3079 4629 3357 4693 nato,hoc
3387 4631 3488 4684 sibi
3520 4644 3647 4686 cur-

374 4743 512 4796 ergo
540 4727 807 4798 virgines,
849 4728 1000 4796 virgo
1046 4723 1256 4794 peperit
1281 4721 1560 4777 Christum
1588 4735 1602 4772 :
1631 4717 1770 4772 nihil
1804 4731 1870 4770 ex
1903 4727 1969 4770 eo
2073 4718 2322 4772 rentibus
2356 4716 2522 4772 labris
2545 4718 2794 4786 eliciunt,
2822 4721 2968 4788 quod
3003 4735 3112 4774 non
3144 4722 3216 4776 sit
3242 4737 3471 4779 necesse
3505 4738 3648 4778 mor-

375 4821 525 4890 quod
566 4829 828 4873 verterunt
879 4825 1076 4888 putent
1122 4817 1563 4876 exterminatutn,
1590 4813 1717 4880 quia
1769 4810 1970 4863 mansit
2070 4808 2222 4863 dere.
2258 4807 2517 4863 Serviunt
2551 4821 2796 4864 ma;erna
2851 4811 3084 4880 posteris
3119 4821 3368 4882 pectora,
3403 4812 3650 4868 serviunt

376 4910 536 4980 virgo
563 4919 687 4978 post
716 4920 931 4980 partum
967 4906 1077 4978 [ΑΙ.
1112 4907 1256 4960 abest
1295 4904 1405 4958 hare
1433 4903 1672 4972 pericupe
1709 4917 1869 4970 usque
1899 4899 1969 4954 ad

377 5000 658 5074 agnovit].
689 5001 969 5057 Exsultent
995 5000 1170 5054 vidua:
1201 4997 1399 5054 festum
1431 4995 1656 5064 virginis
1690 4994 1973 5048 celebran-

381 5107 470 5151 tes
503 5112 520 5150 :
556 5097 711 5148 Anna
747 5095 907 5148 vidua
938 5093 1196 5164 virginem
1235 5097 1464 5146 matrem
1508 5089 1748 5158 agnovit.
1774 5085 1970 5141 Exsul-

386 5197 512 5244 tent
538 5187 841 5257 coniugata:
890 5187 1151 5243 solemnia
1191 5186 1361 5240 beatae
1399 5186 1586 5237 matris
1620 5182 1973 5249 frequentan-

385 5294 517 5337 tes:
552 5279 834 5334 Elizabeth
884 5279 1168 5347 conjugata
1207 5292 1237 5331 a
1270 5276 1480 5346 virgine
1526 5284 1699 5328 matre
1741 5274 1972 5328 salutata

381 5384 474 5429 est
531 5371 772 5426 Domini.
810 5370 1108 5427 Exsultent
1142 5379 1196 5424 et
1231 5369 1385 5437 pueri
1443 5364 1830 5422 continentiam
1876 5379 1974 5419 vo-

384 5477 585 5522 ventes
620 5481 810 5536 puero.
830 5464 950 5536 ipse
1001 5463 1369 5534 integritatem
1401 5447 1649 5532 pueritia:
1680 5470 1972 5512 consecra-

389 5563 491 5624 vit,
514 5561 610 5630 qui
651 5573 761 5613 suae
791 5557 953 5612 matri
976 5556 1360 5613 fecunditatem
1378 5552 1577 5619 attulit,
1607 5551 1972 5621 virginitatem

391 5667 503 5708 non
535 5651 787 5707 abstulit.
823 5649 931 5723 Ipsi
977 5650 1149 5721 gloria
1188 5663 1282 5719 per
1310 5647 1524 5703 inliuita
1559 5644 1756 5701 saecula
1806 5657 1973 5697 saecu-

391 5745 594 5800 lorum.
633 5744 825 5799 Amen.

2074 4900 2206 4970 ipsis
2239 4899 2606 4964 incunabulis,
2638 4917 2831 4958 manus
2869 4911 2925 4956 et
2963 4913 3110 4973 terga
3160 4905 3422 4958 membris
3454 4906 3645 4958 devota

2075 4991 2390 5047 lactentium
2456 5003 2641 5062 gratos
2696 5003 2849 5049 artus
2913 4996 3208 5066 accipiunt.
3253 4995 3414 5064 Optat
3472 5004 3648 5049 mater

2075 5083 2358 5154 parvulum
2424 5099 2692 5148 crescere,
2754 5093 2910 5154 aptat
2965 5087 3076 5140 cito
3123 5085 3311 5142 videre
3358 5086 3643 5156 majorem,

2075 5191 2308 5243 eumque
2342 5178 2585 5232 numeris
2630 5176 2889 5245 iuvenum
2946 5179 3180 5234 miscere
3212 5177 3455 5242 festinat,
3503 5192 3649 5232 nun-

2076 5285 2238 5341 quam
2297 5269 2398 5324 sibi
2445 5269 2676 5324 forsitan
2709 5272 3058 5326 serviturum.
3111 5267 3206 5325 His
3250 5275 3330 5323 tot
3375 5268 3648 5338 tantisque

2077 5362 2511 5435 praecedentibus
2543 5361 2724 5428 factis,
2760 5363 3100 5432 parentibus,
3133 5359 3292 5416 matri
3345 5367 3458 5416 tota
3489 5361 3649 5416 debet

2079 5457 2361 5512 alacritate
2415 5455 2630 5511 serviri.
2675 5455 2955 5512 Reddatur
2982 5464 3192 5509 natura:
3235 5452 3496 5518 debitum,
3524 5455 3647 5509 red-

2075 5549 2238 5605 datur
2267 5561 2325 5604 et
2353 5549 2586 5618 posteris
2617 5547 2764 5618 quod
2795 5546 3044 5603 debetur.
3081 5542 3332 5614 Exsolve,
3369 5545 3467 5610 lili,
3504 5546 3648 5615 quod

2075 5644 2268 5711 debes,
2319 5653 2372 5697 et
2405 5643 2580 5698 officia
2613 5644 2792 5699 debita
2833 5639 3202 5712 qualicunque
3239 5637 3436 5694 exhibe
3468 5638 3651 5692 famu-

2078 5735 2212 5803 latu,
2250 5736 2374 5804 quia
2426 5735 2745 5803 parentibus
2796 5747 2956 5790 nemo
2997 5741 3184 5804 potest
3233 5729 3457 5789 reddere
3504 5730 3652 5798 quod
