4054 6206
512 306 612 378 ῘΥῙ

510 421 760 475 debetur.
805 416 1094 479 Humilitas
1131 422 1327 480 talibus
1361 425 1541 483 oblata
1575 433 1843 498 personis,
1867 430 2086 485 vivendi

511 514 987 581 tempusextendit
1013 532 1029 569 :
1057 523 1113 571 et
1142 527 1317 573 morte
1356 502 1546 582 dilata,
1578 522 1806 576 multum
1841 533 2080 577 nostram

510 617 767 677 prorogat
821 606 1010 670 vitam,
1081 606 1368 679 vicemque
1442 611 1767 667 facientibus
1822 615 2077 680 reddens,

512 695 685 752 cilicia
736 704 945 766 nostra,
1001 700 1228 756 Domino
1265 701 1510 769 iubente,
1551 705 1897 760 commendat
1934 722 1948 758 :
1986 704 2080 773 qui

510 787 781 844 intantum
808 805 1005 845 nomen
1051 800 1337 860 parentum
1382 793 1581 863 diligit,
1618 805 1672 849 ut
1709 796 1948 866 seipsum
1975 795 2079 850 Pa-

510 886 650 933 trem
680 881 905 949 jusserit
931 883 1068 938 dici.

579 972 646 1027 11.
680 971 994 1029 Irrevereus
1026 987 1204 1032 autem
1242 979 1407 1045 (ilius,
1438 980 1565 1049 quid
1587 980 1655 1036 de
1695 979 1923 1033 Domino
1965 980 2081 1049 ipse

509 1075 808 1127 mereatur,
843 1064 1153 1124 Salomonis
1184 1069 1329 1124 dicta
1378 1080 1649 1126 testantur
1685 1088 1701 1127 ε
1732 1071 2079 1126 Contumeliis

507 1156 736 1227 afﬁciens
789 1168 1020 1226 patrem,
1070 1170 1119 1213 et
1172 1172 1503 1215 contemnens
1553 1172 1813 1216 senectam
1869 1162 2078 1226 matris,

505 1245 880 1313 confundetur,
914 1257 966 1302 et
1025 1248 1079 1302 in
1129 1250 1429 1317 approbriir
1491 1253 1611 1305 erit.
1647 1250 1692 1303 Ρ
1698 1252 1818 1306 ilius
1849 1251 2080 1305 derelin-

506 1352 669 1405 quens
708 1340 973 1393 custodire
1012 1342 1347 1405 disciplinam
1376 1345 1566 1410 patris,
1608 1344 1948 1397 meditabitur
1971 1360 2080 1397 ser-

507 1445 688 1484 mones
710 1431 956 1486 malitia'.
977 1433 1316 1487 Malediceuti
1336 1445 1538 1503 putrem
1562 1446 1608 1489 et
1624 1448 1845 1489 matrem
1878 1437 2079 1489 exstin-

509 1530 702 1589 guetur
751 1522 948 1589 (uinea,
981 1534 1030 1577 et
1094 1525 1312 1593 pupilla
1353 1524 1622 1578 oculorum
1671 1528 1783 1594 ejus
1836 1527 2076 1580 videbunt

509 1612 1070 1682 teubras(Prov.xx,
1110 1615 1225 1683 20).
1274 1617 1438 1681 Audi,
1496 1617 1590 1683 illi,
1635 1629 1842 1687 patrem
1891 1622 1981 1687 qui
2025 1627 2077 1672 te

507 1704 697 1772 genuit
725 1721 741 1757 :
772 1720 871 1760 nec
899 1708 1300 1775 contempseris
1347 1709 1474 1777 quia
1529 1710 1711 1763 senuit
1754 1718 1928 1763 mater
1959 1718 2074 1764 tua.

1476 318 1537 380 S.
1587 318 2036 382 HIERONYMI
2091 321 2410 389 OPERUM
2444 329 2853 394 MAN'PISSA.

3656 326 3753 389 152

2196 442 2382 496 matris
2412 442 2701 499 obsistere.
2734 442 2811 497 ita
2839 441 2982 497 enim
3015 442 3204 498 matris
3240 438 3520 497 suadentis
3554 438 3753 493 volun-

2191 545 2271 587 tas
2306 535 2544 604 perfecta
2575 547 2676 603 est,
2713 547 2770 590 Ill.
2816 534 2927 590 Deo
2955 535 3121 591 filium
3185 534 3387 590 faceret
3435 541 3750 605 martyrem,

2183 638 2238 683 et
2286 628 2519 684 fratrum
2576 630 2792 685 coronis
2820 631 3289 699 compartieipem.
3320 627 3564 694 Denique
3595 629 3754 681 obse-

2184 722 2372 789 quium
2427 737 2584 777 suum
2639 722 2856 785 melius,
2905 731 3076 775 morte
3128 726 3391 790 probans,
3437 719 3750 774 suasionem

2185 814 2452 867 sermonis
2477 815 2664 867 matris
2685 813 2922 881 implevit
2958 830 2972 866 :
2999 822 3051 866 et
3078 813 3255 867 lucem
3286 812 3442 865 istam
3472 809 3751 865 moriendo

2185 916 2561 969 contemnens,
2592 920 2819 961 consors
2871 914 3168 975 martyrum
3221 902 3394 956 factus
3434 910 3539 963 cst,
3572 909 3632 954 ut
3661 899 3747 952 illa

2185 998 2523 1068 germanitas
2557 1010 2762 1053 aeterno
2823 998 3054 1063 collegio
3083 996 3413 1050 firmaretur.
3445 993 3585 1047 Ecce
3619 991 3747 1062 quid

2186 1091 2437 1159 praestitit
2498 1091 2710 1145 animus
2769 1090 2928 1144 matri
2976 1091 3270 1157 subjectus.
3317 1088 3555 1141 Devotus
3606 1084 3749 1141 illius

2181 1185 2482 1238 obedicndo
2512 1193 2793 1253 promotus
2818 1196 2926 1250 est,
2962 1184 3053 1250 qui
3082 1183 3272 1238 nolens
3311 1188 3609 1235 maternam
3642 1177 3741 1231 ali-

2180 1283 2448 1334 quatenus
2498 1273 2692 1329 laedere
2741 1276 3017 1344 pietatem.
3049 1283 3361 1343 perpetuam
3412 1271 3576 1325 vitam
3629 1285 3749 1338 pas-

2183 1364 2335 1418 sione
2367 1365 2607 1431 suscepit
2644 1383 2660 1419 :
2692 1365 2786 1432 qui
2826 1366 3110 1419 Dominum
3142 1361 3482 1420 conﬁdendo,
3509 1368 3751 1444 merum;

2183 1470 2306 1511 cum
2340 1456 2601 1511 fratribus
2630 1472 2658 1510 a
2692 1455 2920 1511 Domino
2948 1471 3132 1513 coram
3168 1453 3376 1524 angelis
3402 1451 3676 1509 coronari.

2308 1613 2624 1669 MONITUM
2655 1614 2726 1671 IN
2755 1612 3143 1670 EPISTOLAM
3178 1608 3620 1679 SEQUENTEM.

2257 1728 2540 1799 Eruditum
2586 1745 2810 1799 prorsus
2847 1737 2895 1782 et
2946 1727 3088 1782 lectu
3144 1723 3741 1799 dignumiopusculum.

511 1799 703 1855 Pareat
736 1804 876 1871 patri
914 1803 1123 1875 lingua,
1145 1821 1308 1873 quam
1337 1810 1542 1875 genuit,
1578 1818 1631 1861 et
1667 1820 1896 1865 matrem
1928 1826 2062 1865 snan

2189 1798 2281 1850 sed
2313 1800 2476 1875 quod.
2510 1810 2564 1853 ut
2589 1792 2737 1875 'uihil
2789 1799 2930 1851 aliud
2968 1792 3223 1875 accedat;
3242 1812 3349 1850 non
3378 1798 3517 1860 {esse
3552 1792 3745 1875 llicer

508 1908 671 1949 nemo
719 1894 924 1950 crudeli
971 1899 1137 1953 verbo
1192 1901 1478 1968 percutiat.
1518 1900 1607 1955 Sic
1642 1911 1692 1954 te
1755 1904 1952 1967 rapiat,
1985 1902 2080 1967 tili,

502 1985 761 2055 juvenilis
791 1990 964 2042 aetatis
996 1991 1321 2055 auctoritas,
1353 2001 1409 2044 ut
1437 1993 1652 2046 noveris
1689 1993 1835 2048 unde
1884 1994 1961 2049 sis
1990 2009 2085 2047 na-

508 2086 615 2133 tus.
669 2077 943 2133 Memento
994 2080 1295 2150 Scriptura!
1349 2083 1635 2139 sentcntiae
1665 2085 1790 2157 [ms.
1839 2087 2078 2140 Ambros.

504 2168 753 2238 sanctze],
780 2171 891 2236 ubi,
928 2171 1133 2239 Spiritu
1162 2182 1353 2228 sancto
1408 2174 1682 2245 loquente,
1724 2174 1923 2230 dictum
1953 2188 2079 2235 est:

503 2259 640 2325 Quia
677 2264 769 2331 qui
807 2264 1139 2319 maledixerit
1180 2268 1320 2328 patri
1354 2277 1449 2320 aut
1478 2270 1659 2333 matri,
1684 2279 1854 2323 morte
1887 2273 2082 2324 moria-

505 2362 595 2409 tur
622 2351 820 2423 (Exod.
852 2372 964 2417 ut,
999 2357 1113 2426 ΓΙ).
1152 2356 1426 2414 Memento
1461 2374 1590 2430 ergo
1639 2372 1924 2431 parentum
1959 2379 2080 2419 esse

448 2454 453 2461 '
502 2449 645 2511 (μιοά
683 2448 808 2502 talis
844 2463 904 2503 es
941 2467 955 2503 :
989 2464 1223 2519 quorum
1287 2452 1537 2529 manibus
1600 2464 1875 2510 crementa
1922 2471 2077 2510 sum—

502 2541 907 2607 psisti.Fauccs
933 2553 1038 2598 ture
1073 2548 1302 2601 necdum
1340 2548 1574 2603 lacteum
1612 2550 2076 2618 perdideruntsa-

501 2645 709 2698 parem,
755 2648 917 2700 quem
969 2636 1063 2689 tibi
1107 2638 1191 2704 pia
1245 2648 1423 2691 mater
1466 2638 1786 2703 infundens,
1834 2640 2073 2711 linguam

498 2723 659 2777 istam
694 2726 851 2793 pavit-
885 2738 1014 2795 potu
1051 2729 1320 2795 corporis.
1350 2730 1607 2800 impende
1657 2730 1899 2785 debitum
1932 2732 2072 2799 patri

497 2816 767 2883 matrique
815 2819 1097 2873 servitium
1163 2837 1179 2875 :
1233 2822 1326 2890 qui
1367 2838 1642 2892 nunquam
1694 2834 1814 2877 tuos
1859 2824 2074 2893 vagitus

496 2909 805 2975 horrentes,
849 2920 1019 2965 totum
1070 2914 1122 2967 in
1153 2922 1204 2967 te
1242 2913 1555 2970 lambebant
1596 2914 1798 2970 osculis
1850 2929 2069 2981 corpus.

493 2998 574 3053 Sit
615 3000 710 3054 tibi
743 3009 893 3069 grata
919 3002 1065 3058 salus
1087 3004 1352 3073 ipsorum,
1379 3005 1575 3076 quibus
1605 3005 1827 3061 charior
1849 3016 1933 3061 est
1975 3014 2066 3060 tua

494 3093 601 3148 vita
646 3110 808 3163 quam
861 3099 1098 3167 propria.
1130 3098 1319 3155 Redde
1353 3102 1558 3155 amoris
1607 3102 1778 3154 vicem
1823 3101 2134 3184 colendzec

491 3187 734 3247 pietatis.
762 3186 925 3242 Facta
964 3201 1250 3255 parentum
1297 3193 1406 3245 tuis
1439 3192 1724 3248 cunabulis
1756 3194 2058 3257 commoda,

492 3275 686 3332 officiis
715 3281 951 3346 prepriis
971 3281 1211 3336 exsolve.
1250 3282 1511 3338 Parentes
1547 3284 1692 3338 enim
1722 3284 1844 3339 ideo
1868 3284 2064 3338 debent

491 3366 679 3421 haberi
719 3369 1015 3433 dulciores,
1049 3372 1176 3441 quia
1207 3387 1305 3441 per
1334 3372 1468 3426 alios
1502 3375 1747 3442 reparari
1794 3389 1898 3428 non
1936 3390 2062 3443 pos-

488 3467 613 3510 sunt
643 3474 657 3514 :
691 3468 742 3511 et
775 3475 900 3514 cum
935 3476 1000 3514 eo
1043 3462 1130 3516 lex
1179 3473 1390 3517 natura:
1453 3464 1810 3531 subtraxerit,
1837 3480 1937 3519 nec
1969 3482 2059 3534 pa-

488 3560 629 3606 trem
679 3554 776 3607 tibi
822 3555 1052 3608 alternm
1103 3558 1306 3625 poteris
1353 3560 1615 3621 invenire,
1665 3575 1765 3615 nec
1804 3572 2054 3615 matrem.

487 3641 693 3696 Mutato
718 3645 970 3713 coniugio
998 3661 1097 3700 ucc
1135 3648 1360 3701 vitricus
1383 3659 1538 3717 pater
1572 3659 1675 3714 est,
1700 3667 1801 3706 nec
1824 3666 2052 3706 noverca

486 3743 664 3802 potest
689 3751 884 3790 nomen
912 3738 1103 3792 matris
1134 3741 1382 3804 implere.
1408 3740 1600 3795 Nullus
1628 3742 1792 3811 igitur
1821 3743 2052 3797 tiliurnm

484 3838 766 3881 auctorem
798 3827 936 3883 lucis
982 3845 1093 3884 suae
1133 3830 1306 3885 credat
1349 3816 1583 3900 injuriis.
1613 3832 1785 3887 Nemo
1814 3834 2054 3902 parenti-

483 3919 597 3983 bug
626 3927 776 3986 optet
806 3921 1058 3985 adversa,
1094 3924 1185 3991 qui
1233 3922 1435 3977 liberos
1461 3924 1583 3995 [ηις.
1620 3926 1863 3980 Ambros.
1924 3926 2050 3981 livo-

482 4010 594 4082 res]
624 4027 738 4066 sure
771 4013 930 4067 saluti
979 4023 1339 4084 anteponunt.
1374 4016 1721 4072 intolerabile
1765 4018 1915 4072 nefas
1944 4029 2047 4082 est,

480 4118 544 4156 ex
590 4103 685 4156 illo
717 4119 812 4158 ore
851 4114 1164 4172 protervum
1211 4106 1396 4162 audire
1443 4124 1769 4173 sermonem,
1813 4118 1905 4163 aut
1943 4110 2050 4165 illis

477 4194 683 4259 pulsari
716 4196 988 4260 manibus,
1022 4210 1157 4263 quas
1198 4212 1353 4250 amor
1408 4200 1579 4266 diligit
1622 4199 1763 4270 [Duo
1805 4217 1933 4256 mss.
1965 4200 2049 4255 di-

477 4284 624 4354 luit].
650 4285 940 4341 Oculorum
972 4299 1274 4341 vestrorum
1297 4288 1480 4343 timete
1519 4293 2044 4360 sententiam,quam

475 4378 739 4434 Dominus
770 4381 1022 4449 promisit
1059 4382 1304 4451 ingratis.
1338 4382 1575 4438 Meretur
1605 4385 1749 4438 enim
1782 4387 2044 4460 czecitatis

2189 1861 2382 1940 nymii,
2427 1871 2640 1940 exstyli
2687 1869 3053 1933 discrepantia
3092 1861 3204 1935 jam
3271 1876 3503 1920 constet.
3552 1861 3743 1940 Prodit

2186 1933 2349 1992 eliam
2380 1953 2439 1993 se
2483 1933 2695 2001 auctor,
2731 1941 3044 2004 sequiorum
3091 1933 3212 1992 esse
3242 1946 3566 2002 lempomm,
3601 1933 3742 2004 Quod

2184 2022 2247 2060 ex
2290 2005 2495 2062 Isidoro
2538 2003 2864 2075 llispaleusi,
2894 2010 2983 2073 qui
3019 2007 3250 2075 septimo
3281 2007 3502 2059 ineunte
3543 2003 3742 2058 steculo

2183 2075 2386 2155 ﬂoruit.
2419 2079 2673 2155 nonnulla
2721 2088 3046 2155 nuntiaturi
3085 2087 3141 2129 ιιι
3185 2088 3308 2155 sunt
3346 2075 3460 2155 illa.
3502 2088 3620 2141 qut?
3660 2088 3739 2155 ex

2184 2146 2323 2219 libro
2374 2163 2444 2219 vn
2489 2149 2791 2219 Originum.
2824 2162 2944 2219 cap.
2982 2148 3070 2209 12,
3112 2148 3350 2201 totldenv
3390 2144 3503 2198 fere
3557 2144 3740 2219 verbis

2183 2218 2250 2270 ad
2311 2213 2855 2275 ostiarios'retulit:
2890 2217 2997 2278 Ipsi
3041 2218 3178 2270 enim
3236 2223 3467 2269 tenentes
3517 2213 3738 2271 claret",

2181 2289 2355 2341 omnia
2390 2288 2553 2349 intus,
2582 2297 2832 2356 extraque
2861 2288 3198 2343 custodiunt:
3225 2298 3377 2354 atque
3416 2284 3550 2356 inter
3583 2283 3741 2335 bonos

2179 2365 2229 2408 et
2269 2356 2437 2409 malos
2477 2358 2721 2410 habentes
2750 2355 3052 2426 judicium,
3111 2357 3289 2426 ﬁdeles
3337 2355 3615 2426 recipiunt,
3662 2368 3739 2405 re-

2177 2436 2370 2503 spuunt
2398 2428 2633 2496 inﬁdeles
2652 2422 2795 2503 ;_tum
2828 2428 2918 2503 illa
2958 2443 3082 2503 qum
3110 2422 3176 2478 ad
3206 2426 3453 2491 quintum
3485 2422 3736 2503 gradum,

2178 2510 2270 2548 seu
2310 2493 2609 2551 diaconos:
2648 2496 2793 2552 Sicut
2823 2497 2877 2549 in
2900 2497 3169 2551 sacerdote
3206 2496 3551 2553 consecratio.
3583 2493 3658 2546 ita
3683 2493 3739 2543 in

2178 2565 2397 2633 diacono
2446 2567 2726 2621 ministerii
2775 2565 3097 2633 dispensatio
3138 2565 3379 2620 habetur.
3448 2563 3737 2633 Enimvero

2179 2632 2298 2711 haec
2325 2634 2586 2690 Isidorunt
2619 2653 2652 2711 a_
2694 2632 2878 2687 nostro
2925 2634 3222 2711 accepisse,
3263 2634 3404 2711 quod
3445 2632 3601 2685 facile
3633 2646 3737 2711 ξηι-

2176 2705 2299 2769 p0ui
2325 2706 2655 2780 possg‘t._veri
2683 2713 2885 2758 tantam
2906 2707 3139 2775 speciem
3164 2720 3269 2780 non
3295 2705 3473 2780 habet,
3496 2705 3736 2780 proxime

2177 2784 2355 2827 autem
2415 2776 2483 2830 ab
2534 2776 2627 2829 illo
2683 2773 2950 2829 nostrum‘
2989 2787 3148 2830 aetate
3178 2773 3435 2836 abfuisse,
3468 2780 3589 2837 puta
3620 2773 3734 2836 ipso

2175 2845 2405 2921 septimo
2430 2846 2496 2921 ad
2532 2845 2692 2921 linem
2724 2856 3002 2921 vergente.
3036 2843 3117 2899 vel
3154 2846 3373 2921 demum
3409 2850 3601 2921 ortam
3632 2853 3734 2891 ste-

2173 2914 2314 2991 ειιιο,
2348 2913 2503 2969 facile
2527 2916 2766 2991 adducar
2789 2923 2851 2991 ut_
2875 2916 3114 2991 credam.
3143 2915 3216 2968 Ac
3250 2927 3380 2965 sane
3413 2910 3733 2991 iiiucmarus

2172 2980 2515 3052 Rbernensis,
2549 2985 2641 3050 qui
2691 2984 2889 3038 steculo
2931 2985 3294 3052 subsequente
3346 2980 3585 3052 scripsit.
3621 2991 3732 3031 non

2173 3051 2347 3107 solum
2381 3048 2662 3121 epistolam
2705 3054 2844 3109 itane
2888 3048 3217 3115 laudat,'sed
3244 3061 3297 3105 et
3332 3066 3429 3121 pro
3472 3048 3735 3121 Hier-pur

2171 3122 2346 3176 miana
2377 3116 2537 3177 habet
2572 3140 2586 3178 :
2624 3140 2690 3178 ex
2721 3138 2827 3188 quo
2861 3123 3103 3188 colligas,
3138 3116 3347 3188 jamdiu
3397 3130 3554 3172 antea
3586 3116 3731 3172 fan‘tt

2164 3193 2843 3267 scriptorum‘iuvaiuisse.
2879 3192 3084 3267 Laudat
3114 3201 3174 3267 ft
3205 3188 3478 3257 Micrologi
3519 3195 3730 3267 auctor,

2162 3267 2217 3336 et
2242 3256 2552 3336 sultseeutis
2587 3263 2919 3336 temporibus
2968 3261 3081 3336 alii.
3114 3260 3171 3336 iu
3224 3276 3354 3336 mss.
3393 3256 3723 3336 esetupiari:

2165 3328 2288 3405 bus,
2321 3329 2544 3405 Erasmo
2587 3324 2746 3405 teste,
2780 3333 2957 3405 variat
3020 3330 3230 3405 titulus.
3260 3327 3328 3405 lt_t_
3355 3326 3630 3405 nonnullis
3660 3324 3730 3405 ait

2165 3400 2451 3454 Damasum
2484 3402 2740 3467 inscripta
2769 3410 2875 3463 est,
2902 3401 2955 3454 in
2990 3400 3113 3453 aliis
3152 3400 3218 3453 ad
3292 3397 3578 3467 Rusticum
3614 3397 3729 3467 epi-

2168 3463 2869 3535 scopum~Narbonensem,
2900 3470 2953 3523 in
2978 3469 3294 3535 quibusdam
3334 3467 3527 3535 nullius
3564 3463 3728 3516 bal-et

2161 3534 2377 3614 nomen.
2412 3537 2714 3614 Deinde‘iu
2750 3539 2873 3591 aliis
2907 3538 3183 3591 codicibus
3222 3537 3460 3614 habetur
3495 3534 3725 3614 intesta.

2161 3607 2220 3681 i_t_t_
2242 3608 2364 3662 aliis
2389 3609 2598 3663 mutila.
2625 3608 2906 3681 Postremo
2938 3623 3041 3660 non
3068 3619 3151 3660 est
3200 3604 3518 3681 verisimile,
3544 3604 3723 3681 divum

2160 3672 2577 3748 Hieronymum,
2593 3678 2637 3730 si
2668 3678 2738 3748 de
2774 3692 2833 3730 re
2869 3685 3039 3738 tanta,
3083 3684 3289 3748 tantum
3317 3674 3621 3740 scripsisset
3650 3670 3723 3748 _li-

2159 3740 2481 3819 brutn,'tton
2533 3740 2732 3819 alicubi
2790 3742 3328 3819 citaturum‘fuisse,
3378 3758 3502 3797 cum
3557 3740 3726 3819 multo

2156 3814 2433 3871 breviores
2458 3825 2513 3871 et
2549 3816 2767 3870 levioris
2806 3814 3115 3885 argumenti
3150 3822 3259 3867 tam
3298 3814 3618 3882 frequenter
3639 3814 3723 3863 ci-

2158 3891 2252 3939 tet.

2178 3894 2252 3939 Et.
2698 3977 3033 4035 EPISTOLA
3068 3976 3190 4045 ΧΠ,

2236 4106 2335 4146 δευ
2365 4106 2674 4148 ορυεῦυιυιι
2704 4108 2771 4146 DE
2807 4104 3011 4146 SEPTEI
3040 4104 3313 4145 οῐιοιιιιιιῦε
3343 4103 3632 4144 εειῑιεςυε.

2222 4206 2479 4263 Sullicere
2498 4206 2711 4275 quidem
2729 4204 2849 4261 ﬁdei
2876 4214 2975 4259 tute
2993 4204 3228 4259 arbitror
3249 4203 3715 4259 conversationem

2147 4310 2417 4366 sanctam,
2451 4314 2618 4370 quam
2655 4296 2822 4352 babes
2847 4295 2902 4351 in
2945 4296 3165 4352 Christo
3191 4292 3321 4352 Jesu
3356 4296 3420 4349 ad
3463 4300 3714 4350 sacerdo-

2147 4392 2270 4447 talis
2303 4392 2508 4446 ordinis
2556 4389 2898 4461 diguitatem,
2947 4400 3151 4442 arctam
3190 4389 3286 4444 tibi
3324 4398 3379 4443 et
3431 4398 3713 4459 augustam

479 4488 590 4527 sua:
645 4474 833 4529 subire
889 4476 1237 4545 supplicium,
1267 4477 1358 4547 qui
1404 4486 1688 4546 parentum
1752 4482 1929 4533 vnitns
1959 4480 2042 4533 vel
2078 4463 2120 4519 ι)
2152 4486 2466 4542 intellectus
2504 4486 2643 4540 viam
2682 4485 2735 4538 in
2779 4483 3009 4538 nomin
3054 4496 3322 4547 reserare,
3354 4482 3480 4552 quia
3517 4498 3716 4549 ιιι-ενα»-

480 4575 635 4619 torvo
672 4565 788 4621 visu
816 4568 1138 4637 despexerit,
1172 4579 1225 4624 et
1262 4570 1417 4625 elatis
1443 4572 1614 4625 oculis
1647 4571 1842 4628 lzcserit
1874 4574 2046 4641 pieta-

478 4663 610 4709 tem.
642 4655 696 4710 Si
753 4659 1050 4726 quidquam
1105 4661 1321 4730 sapitis,
1359 4662 1478 4723 filii,
1510 4678 1577 4717 eo
1634 4664 1818 4718 animo
1870 4667 2047 4731 videte

477 4748 823 4803 venerabiles
875 4750 1066 4816 facies,
1096 4766 1204 4821 quo
1258 4768 1355 4807 vos
1404 4753 1533 4823 ipsm
1592 4756 1955 4825 conspiciunt,
1991 4766 2044 4809 et

477 4856 665 4895 eorum
694 4841 862 4895 labris
887 4843 1135 4898 dulcibus
1158 4847 1363 4899 osculis
1394 4848 1677 4912 inhaeretc,
1703 4849 1827 4916 quia
1852 4865 2040 4904 eorum

473 4933 658 4985 oscula
699 4934 876 4989 adhuc
908 4935 1124 4990 habetis
1159 4938 1209 4992 in
1246 4940 1522 4993 membris.
1558 4938 1796 4993 Senibus
1824 4944 2035 4995 servire

471 5022 737 5091 perfacile
776 5036 876 5087 est,
914 5041 1051 5093 quos
1076 5016 1241 5081 nemo
1275 5039 1449 5097 potat,
1483 5045 1644 5083 nemo
1677 5033 1843 5085 nutrit
1871 5047 2040 5086 succo

472 5115 722 5182 corporis
755 5116 860 5169 sui.
898 5116 1174 5172 Fovcatur
1219 5120 1396 5187 itaque
1447 5130 1725 5190 parentum
1763 5134 2037 5203 senectus,

471 5210 525 5255 et
554 5204 714 5261 factis
758 5222 946 5261 eormn
996 5210 1314 5266 vicissitudo
1359 5214 1637 5268 red-tatur.
1667 5212 1842 5267 liabet
1892 5216 2037 5267 enim

469 5302 759 5362 quamdam
793 5312 1049 5355 senectus
1073 5302 1383 5356 infantiam.
1422 5303 1653 5358 Videant
1676 5305 1834 5358 liberi
1871 5307 2037 5360 vestri

469 5392 598 5456 quid
632 5391 854 5456 faciant,
882 5396 1034 5450 vobis
1066 5396 1239 5450 vicem
1273 5394 1500 5450 similem
1536 5398 1817 5452 reddituri.
1855 5398 2038 5452 imita-

467 5479 604 5533 mini
634 5480 801 5547 iilium
841 5483 1226 5549 .‘liacbabaeum,
1263 5487 1350 5553 qui
1398 5488 1556 5540 matri
1618 5496 1843 5540 mortem
1909 5501 2037 5541 sua-

467 5568 619 5627 denti
665 5574 907 5641 servivit,
939 5585 994 5629 et
1033 5578 1229 5631 durum
1291 5578 1574 5643 imperium
1627 5588 1909 5642 gratanter
1942 5595 2036 5647 ag-

468 5675 684 5727 gressus
711 5672 812 5724 est.
841 5680 909 5719 ne
927 5665 1227 5720 offenderet
1266 5666 1582 5731 genitricem
1618 5663 1709 5733 (11
1743 5664 1921 5720 Marii.
1968 5665 2030 5735 t).

475 5747 661 5818 Maluit
706 5750 932 5813 fratrum
981 5756 1177 5812 sociari
1226 5755 1526 5822 funeribus,
1564 5770 1721 5837 quam
1772 5757 2030 5823 voluntati

2150 4578 2401 4633 dentibus
2436 4577 2644 4631 meritis
2672 4592 2735 4630 ae
2771 4576 2989 4631 virtutis
3020 4575 3345 4642 insignibus,
3376 4576 3440 4626 ad
3474 4573 3576 4628 hoc
3602 4571 3716 4626 olli-

2148 4671 2289 4723 cium
2334 4668 2539 4723 electus
2601 4683 2630 4721 a
2692 4667 2805 4721 Deo
2869 4683 2949 4721 es.
3010 4665 3160 4719 Licet
3208 4666 3261 4719 ir.
3311 4666 3499 4718 amitis
3539 4663 3720 4733 gratia.

2147 4758 2350 4812 Christi
2410 4757 2529 4810 sine
2583 4756 2842 4824 operibus
2901 4756 3305 4823 comprobetur,
3353 4766 3405 4809 et
3465 4762 3713 4809 cessante

2149 4848 2342 4902 merito
2383 4846 2817 4902 conversationis
2848 4860 2911 4900 ac
2946 4846 3090 4908 vitae,
3121 4846 3233 4899 sola
3272 4844 3363 4897 Dei
3396 4845 3538 4899 dona
3601 4842 3712 4898 fru-

2146 4937 2409 4991 ctificent.
2431 4934 2638 4989 Tamen
2667 4935 2792 5004 quia
2823 4945 2878 4989 ιιι
2911 4951 3021 5004 pra!
3055 4935 3269 4990 caeteris
3304 4934 3512 4989 electus
3539 4950 3568 4986 a
3602 4933 3713 4989 Deo

2144 5027 2215 5079 ob
2243 5027 2345 5082 hoc
2377 5026 2772 5097 comprobaris,
2805 5026 2895 5095 qui
2927 5034 2981 5081 et
3006 5026 3141 5096 legis
3187 5040 3349 5092 opera
3379 5025 3626 5105 impleas,
3657 5032 3712 5077 et

2145 5118 2502 5172 commoraris
2565 5116 2618 5171 in
2659 5117 2829 5187 gratia
2877 5132 3051 5187 usque
3093 5117 3160 5170 ad
3213 5119 3708 5186 supereminentem

2145 5210 2385 5264 scientiae
2416 5209 2759 5272 charitatem,
2790 5209 3068 5264 intellectu
3099 5209 3189 5264 Dei
3225 5218 3397 5262 tecum
3422 5211 3704 5278 loquente,

2145 5301 2463 5354 festinanter
2501 5301 2863 5354 existentibus
2910 5299 3335 5368 cogitationibus
3382 5300 3706 5369 insignibus.

2144 5392 2244 5445 hoc
2275 5392 2357 5445 vis
2414 5406 2575 5446 nosse
2607 5392 2748 5461 quod
2781 5391 2954 5446 lactus
2987 5406 3067 5446 es.
3105 5392 3294 5446 Totius
3323 5392 3417 5446 tibi
3454 5390 3710 5447 Ecclesia:

2143 5490 2300 5551 prout
2334 5481 2582 5550 praecipis
2613 5492 2955 5538 sacramenta
2996 5485 3246 5538 reserabo
3292 5499 3305 5537 :
3333 5482 3589 5537 doctrinae
3617 5496 3708 5536 or-

2139 5574 2319 5629 dinem
2360 5582 2412 5629 et
2438 5574 2622 5629 locum
2653 5574 2983 5643 custodiens,
3015 5584 3069 5629 et
3093 5576 3222 5644 quid
3256 5575 3489 5644 qualiter
3515 5575 3708 5630 obser-

2137 5678 2265 5719 vare
2297 5664 2497 5721 debeas
2529 5665 2728 5721 docens
2771 5683 2785 5721 :
2819 5666 2862 5720 si
2894 5667 3051 5721 modo
3082 5666 3148 5721 ad
3196 5666 3451 5736 iniuriam
3487 5682 3589 5719 non
3618 5680 3704 5719 re-

2136 5770 2299 5821 voces
2363 5755 2559 5812 novelli
2617 5757 2981 5812 exhortatoria
3038 5756 3385 5817 industriam.
3412 5773 3475 5814 ac
3510 5768 3562 5812 te
3590 5770 3701 5815 non
