4054 6206
320 308 429 374 153

1089 311 1459 373 EPISTOLA
1499 311 1640 372 ΧΗ.
1688 311 1787 371 DE
1840 310 1953 371 VII
1988 311 2416 376 0RDINIBUS
2468 316 2846 380 ECCLESH!

3471 320 3577 386 154

318 430 528 496 pudeat
556 427 835 497 pamisper
869 427 1135 483 minorem
1186 442 1310 483 esse
1348 427 1474 481 dum
1533 425 1743 481 discis:
1778 426 1901 493 quia
1936 436 1976 492 Α
2008 438 2061 482 et
2093 442 2201 485 non
2262 432 2564 488 obdormiet
2614 436 2707 505 qui
2754 439 2995 492 custodit
3039 446 3110 493 te.
3144 438 3328 493 Emtlta
3381 457 3569 495 vocem

320 523 593 588 seposito,
644 531 703 574 ut
738 520 912 584 vides,
947 520 1231 589 privilegio
1282 519 1587 590 dignitatis,
1623 519 1792 573 habes
1835 518 1900 573 de

320 613 482 667 nobis
510 613 742 682 amplius
777 612 920 682 quod
942 627 1173 682 (pueras.
1208 613 1278 666 Et
1314 613 1367 666 id
1393 612 1536 682 quod
1559 610 1669 681 jam
1693 610 1898 681 pridem

318 706 379 758 iu
411 707 830 760 consecratione
861 714 1216 761 consecutum
1247 716 1300 759 te
1329 721 1452 758 esse
1496 704 1701 766 credis,
1736 712 1901 757 restat

322 806 385 850 ut
410 795 595 865 capias
629 816 645 853 :
677 813 741 851 ne
766 799 947 852 minor
973 797 1273 853 inveniaris
1302 797 1357 850 in
1391 796 1632 859 Christo,
1660 811 1818 863 quam
1843 794 1895 848 in

322 890 528 942 mundo
562 888 777 941 interim
810 889 1111 942 nominaris
1154 903 1214 941 ac
1243 889 1286 942 si
1342 886 1464 942 falsi
1494 885 1736 940 vocabuli
1770 886 1896 939 inu-

324 982 436 1036 tilis
466 991 653 1051 pastor
685 982 946 1043 essistas,
981 995 1103 1033 cum
1146 979 1261 1033 inec
1296 995 1416 1049 qua:
1460 978 1513 1032 in
1563 978 1788 1031 Domino
1818 976 1899 1030 ia-

322 1084 439 1128 tent
482 1084 827 1129 sacramenta
878 1071 1145 1127 nescires.
1174 1070 1283 1126 Nos
1330 1084 1508 1124 tamen
1562 1080 1807 1124 tenentes
1842 1071 1894 1122 in

317 1165 470 1217 omni
503 1164 874 1232 disputatione
909 1164 1205 1227 rationem,
1255 1178 1317 1216 ac
1366 1173 1542 1216 tccum
1577 1160 1896 1227 simpliciter

320 1257 648 1318 fabulantes.
677 1272 867 1311 verum
904 1264 956 1311 te
983 1255 1298 1324 episcOpum
1339 1255 1644 1308 animarum
1701 1254 1896 1308 debere

318 1359 445 1420 esse
488 1346 921 1398 monstrabimus
951 1362 967 1399 :
1000 1353 1059 1399 ut
1087 1344 1258 1398 lactus
1291 1342 1388 1398 tibi
1419 1344 1534 1412 ipse
1562 1343 1752 1412 iudex,
1790 1341 1894 1396 hoc

320 1437 467 1505 quod
493 1437 777 1506 loquimur
806 1436 1033 1504 implere
1064 1436 1352 1498 festinans,
1384 1445 1431 1490 et
1468 1435 1624 1489 nobis
1660 1450 1893 1490 consen-

319 1529 506 1593 tiens,
562 1527 893 1582 verecundia
962 1538 1017 1583 et
1069 1527 1392 1583 confusione
1439 1526 1678 1596 rejeeta.
1726 1526 1894 1596 eligas

318 1619 567 1687 abiectus
592 1635 712 1675 esse
744 1620 796 1674 in
823 1620 986 1676 domo
1014 1619 1109 1674 Dei
1142 1620 1316 1691 magis
1349 1636 1508 1688 quam
1537 1620 1786 1675 habitare
1837 1620 1891 1673 in

322 1712 686 1767 tabernaculis
721 1722 1091 1782 peccatorum.
1121 1713 1211 1765 Sic
1253 1712 1395 1766 enim
1437 1711 1593 1767 Jesus
1633 1713 1706 1765 ait
1738 1731 1752 1767 :
1792 1710 1891 1767 Re—

317 1820 405 1874 ges
464 1806 698 1874 gentium
738 1806 1088 1863 dominantur
1139 1822 1339 1871 eorum,
1371 1814 1419 1858 el
1452 1806 1544 1874 qui
1581 1814 1888 1873 potestatem

317 1895 534 1961 habent,
582 1895 782 1949 domini
833 1908 1122 1962 vocamur;
1152 1914 1237 1950 vos
1289 1910 1465 1950 autem
1521 1914 1624 1951 non
1658 1898 1733 1951 sic
1758 1915 1775 1950 .'
1802 1897 1893 1950 sed

321 1990 415 2057 qui
446 1989 624 2057 major
648 2002 723 2042 est
751 2000 1001 2051 vestrum,
1026 1989 1119 2058 ﬁat
1152 1990 1287 2042 sicut
1319 1990 1512 2054 minor,
1539 1999 1589 2043 et
1627 1991 1716 2058 qui
1746 1992 1893 2057 prin-

316 2095 436 2145 ceps
465 2090 566 2141 est,
604 2080 701 2148 ﬁat
744 2083 875 2133 sicut
909 2081 1170 2136 minister.
1221 2080 1347 2145 Quis
1397 2082 1532 2134 enim
1588 2081 1763 2142 maior
1791 2093 1887 2144 est,

313 2173 407 2240 qui
438 2170 716 2230 recumbit,
742 2187 809 2222 an
836 2172 927 2238 qui
958 2171 1225 2224 ministra!
1253 2173 1277 2224 .’
1317 2170 1383 2225 In
1414 2174 1649 2243 gentibus
1680 2175 1889 2241 quidem

312 2263 405 2331 qui
428 2263 728 2327 discumbit,
761 2263 935 2330 major
958 2272 1034 2315 est
1072 2278 1091 2316 :
1141 2264 1280 2316 inter
1302 2279 1390 2317 eos
1416 2276 1589 2316 autem
1649 2279 1749 2316 non
1789 2263 1884 2325 sic,

312 2353 408 2404 sed
439 2352 530 2421 qui
563 2350 847 2405 ministrat.
878 2351 986 2421 Ego
1021 2363 1195 2406 autem
1226 2354 1279 2405 in
1311 2354 1478 2406 medio
1510 2362 1733 2407 vestrum
1772 2368 1885 2408 sum

311 2444 447 2495 sicut
480 2446 571 2511 qui
613 2444 902 2496 ministrat.
954 2441 1021 2495 Et
1071 2460 1161 2496 vos
1194 2443 1315 2511 quia
1347 2444 1471 2496 estis
1522 2452 1886 2510 permanentes

312 2550 514 2587 mecum
552 2535 605 2585 in
639 2533 1017 2589 tentationibus
1053 2536 1180 2589 meis
1216 2551 1235 2589 :
1269 2552 1362 2605 ego
1392 2535 1615 2603 dispono
1644 2536 1780 2589 tabis
1816 2535 1890 2589 si-

309 2638 397 2680 cut
425 2628 680 2695 disposuit
717 2630 844 2680 mihi
875 2627 1035 2682 Pater
1082 2645 1225 2683 meus
1257 2644 1492 2699 regnum,
1542 2637 1599 2681 ut
1628 2627 1798 2682 edatis
1837 2636 1885 2682 et

308 2718 503 2772 bibatis
529 2720 583 2771 in
607 2737 785 2774 mensa
814 2736 927 2774 mea
963 2722 1017 2775 in
1048 2737 1202 2790 regno
1238 2736 1368 2783 meo,
1399 2730 1449 2774 et
1477 2720 1704 2773 scdeatis
1729 2734 1887 2787 super

306 2814 459 2867 sedes
517 2814 788 2866 duodecim
832 2814 1138 2883 judicautes
1189 2814 1464 2867 duodecim
1498 2814 1664 2866 tribus
1715 2810 1886 2867 Israel

306 2901 471 2971 \Lue.
515 2918 648 2964 uti,
680 2902 750 2957 25
783 2905 938 2972 seq).
968 2901 1033 2955 Et
1068 2902 1194 2956 alibi
1230 2921 1244 2957 :
1285 2900 1552 2957 Rectorem
1603 2910 1885 2974 posuerunt

306 3004 381 3052 te.
417 2994 527 3047 nuli
591 2994 794 3060 extolli,
848 2995 937 3047 sed
989 3004 1100 3048 esto
1158 3005 1411 3063 tanquam
1455 3010 1587 3048 unus
1640 3010 1705 3049 ea:
1757 2993 1884 3061 ipsis

2006 528 2173 585 tuam,
2207 533 2263 578 et
2309 524 2435 580 dic:
2470 524 2652 580 Omnis
2706 545 2831 581 caro
2879 528 3079 597 fenum,
3105 539 3154 584 et
3191 531 3358 584 omnis
3396 530 3570 600 gloria

2002 615 2239 669 hominis.
2279 624 2337 668 ut
2395 616 2496 685 ﬂos
2529 617 2657 685 feni.
2700 620 2852 674 Aruit
2908 620 3085 689 fenum
3120 632 3165 674 et
3189 623 3287 690 ﬂos
3326 623 3516 675 decidit
3548 638 3568 676 :

2001 705 2213 759 verbum
2261 716 2438 761 autem
2490 709 2701 763 Domini
2740 719 2914 764 manet
2944 713 2997 764 in
3026 720 3282 765 tcternum
3314 711 3447 783 (Isa.
3481 727 3568 772 ιι,

2002 796 2055 862 6,
2088 797 2141 858 7,
2180 796 2256 863 8).
2291 797 2555 855 Sacerdos
2605 802 2749 856 enim
2812 800 3025 857 Domini
3086 804 3183 873 _qui
3243 806 3308 857 de
3345 818 3439 856 ore
3471 818 3569 856 suo

2000 885 2207 951 profert
2230 886 2522 956 justitiam,
2553 899 2612 943 et
2648 890 3059 960 exquirentibns
3094 893 3381 946 annumiat
3430 890 3568 943 veri-

2000 984 2191 1039 tatem,
2219 979 2441 1048 angclus
2495 980 2589 1036 Dei
2643 983 3032 1053 omnipotentis
3087 992 3188 1037 est.
3224 984 3280 1037 lu
3314 983 3561 1035 omnibus
3597 966 3621 1045 Ῐ

1998 1071 2178 1123 causis
2195 1084 2351 1125 serva
2369 1072 2654 1140 justitiam.
2677 1073 3209 1141 Peregrinantem,et
3231 1073 3554 1141 orphamnu,

1997 1171 2052 1217 et
2082 1163 2321 1229 viduam,
2355 1175 2408 1220 et
2434 1180 2748 1234 pauperem,
2780 1172 2864 1221 vel
2911 1168 3192 1236 pupil'um,
3226 1181 3395 1220 vacuo
3441 1182 3535 1233 gre

1999 1253 2107 1308 mio
2144 1268 2250 1307 non
2296 1253 2562 1310 dimittas.
2582 1254 2766 1325 Ibique
2801 1256 3113 1312 thesaurum
3150 1267 3324 1319 tumo,
3368 1258 3457 1309 ubi
3511 1268 3553 1310 et

1996 1359 2090 1397 cor
2124 1354 2274 1400 tuum
2306 1355 2413 1414 est,
2447 1349 2639 1402 conde.
2678 1348 2816 1402 Cum
2845 1351 3096 1405 omnibus
3142 1346 3401 1404 fratribus
3434 1350 3559 1415 luis,

1997 1435 2140 1490 sicut
2169 1438 2433 1506 Scriptum
2452 1449 2557 1500 est,
2586 1454 2777 1507 pacem
2809 1438 2968 1493 habe.
3003 1438 3241 1494 Consilia
3276 1438 3561 1508 impiorum

1997 1529 2120 1596 fuge
2153 1548 2167 1583 :
2206 1546 2273 1585 ne
2337 1531 2462 1584 dum
2514 1530 2728 1599 judicas
2756 1572 2770 1592 ,
2815 1532 3215 1586 condemneris.
3275 1531 3365 1585 Sic
3417 1528 3561 1585 enim

1996 1623 2260 1689 scriptum
2292 1632 2420 1677 est:
2464 1623 2662 1677 Beatus
2696 1624 2775 1678 vir
2811 1625 2901 1694 qui
2942 1639 3044 1676 non
3077 1625 3201 1676 abiit
3252 1624 3303 1675 in
3337 1621 3556 1674 consilio

1996 1714 2296 1776 impiorum,
2326 1722 2375 1769 et
2410 1717 2462 1770 in
2502 1717 2585 1768 ria
2611 1725 2942 1786 peccatorum
2975 1732 3075 1768 non
3119 1715 3280 1775 stetit,
3304 1721 3355 1766 et
3390 1713 3444 1764 in
3469 1728 3563 1765 ca-

1996 1806 2179 1858 thedra
2206 1806 2515 1875 pestilentia:
2543 1824 2644 1862 non
2675 1810 2808 1862 set/it
2852 1823 2870 1861 :
2902 1808 2992 1862 sed
3021 1811 3071 1859 in
3096 1807 3205 1874 lege
3234 1806 3440 1858 Domini
3460 1804 3561 1872 fuit

1991 1897 2234 1951 voluntas
2275 1898 2410 1963 eius,
2445 1909 2492 1953 et
2545 1899 2598 1951 in
2639 1901 2748 1968 lege
2805 1898 2917 1969 ejus
2962 1898 3305 1952 meditabitur
3353 1899 3439 1950 aie
3493 1913 3557 1951 ac

1992 1996 2142 2043 nocte
2183 1988 2356 2055 (Psal.
2392 2007 2433 2057 t,
2474 1990 2524 2054 l,
2550 1991 2629 2060 Ξ).
2676 1988 2958 2045 Potentnm
3002 2007 3286 2060 personas,
3327 1991 3554 2045 divitum

1992 2078 2233 2144 notitias,
2263 2080 2613 2135 salutantimn
2654 2082 2912 2151 obsequia
2963 2083 3034 2135 ita
3076 2082 3282 2148 accipe,
3309 2091 3365 2133 ut
3426 2096 3560 2147 pau-

1992 2185 2173 2237 perem
2217 2186 2323 2225 non
2371 2172 2684 2236 contristes,
2722 2189 2818 2226 nec
2850 2172 2942 2225 ulli
2997 2173 3273 2227 fastidium
3326 2187 3556 2227 excusa-

1992 2256 2155 2310 tionis
2189 2257 2435 2313 inducas.
2476 2256 2592 2312 Non
2619 2261 2836 2315 recedat
2861 2261 2995 2314 liber
3022 2262 3174 2331 legis,
3206 2270 3262 2313 ut
3297 2261 3555 2328 scriptum

1989 2358 2096 2411 est,
2130 2349 2195 2401 de
2228 2364 2391 2403 manu
2427 2350 2652 2414 tua,sed
2684 2352 2940 2406 meditare
2970 2353 3024 2405 in
3057 2369 3121 2407 eo
3149 2354 3233 2405 die
3274 2368 3335 2405 ac
3372 2361 3555 2406 nocte.

1992 2440 2082 2494 Sic
2125 2442 2269 2522 enim
2306 2442 2564 2512 scriptum
2598 2450 2723 2499 est:
2762 2441 2888 2497 Sine
2928 2445 3206 2513 offensione
3258 2455 3420 2498 estote
3451 2443 3556 2498 Ju-

1988 2535 2139 2599 datis,
2172 2544 2222 2587 et
2252 2532 2473 2594 Graecis.
2502 2542 2552 2588 et
2589 2532 2837 2589 Ecclesia
2891 2535 2986 2590 Dei
3014 2552 3033 2591 :
3074 2538 3206 2589 sicut
3234 2546 3283 2588 et
3314 2553 3411 2602 ego
3438 2552 3556 2589 om-

1988 2625 2142 2679 nibus
2171 2641 2262 2691 per
2290 2625 2468 2679 omnia
2493 2628 2699 2693 placeo,
2719 2643 2822 2681 non
2853 2644 3093 2695 quarens
3117 2628 3256 2695 quod
3278 2629 3408 2682 mihi
3431 2627 3557 2682 utile

1985 2726 2082 2777 est.
2116 2717 2208 2773 sed
2246 2718 2387 2788 quod
2426 2717 2632 2787 multis,
2663 2728 2720 2774 ut
2773 2719 2910 2773 salvi
2960 2721 3095 2789 ﬁant
3127 2719 3179 2787 (1
3211 2720 3333 2775 Cor.
3367 2738 3421 2777 ι.
3462 2722 3554 2789 32,

1987 2810 2101 2880 33).
2158 2810 2478 2879 Priusquam
2524 2811 2734 2876 audias,
2768 2826 2835 2864 ne
2897 2812 3112 2881 iudices
3171 2827 3497 2882 quemquam
3538 2832 3555 2869 :

1987 2917 2151 2977 atque
2186 2912 2316 2959 ante
2344 2904 2717 2971 probationem
2755 2905 3120 2960 accusationis
3161 2906 3346 2969 illatae,
3378 2908 3554 2960 nemi-

1988 3018 2110 3059 nem
2146 3017 2174 3055 a
2220 3011 2308 3057 tua
2341 3000 2724 3056 communione
2758 3001 3103 3069 suspendas:
3135 3001 3262 3069 quia
3292 3015 3397 3055 non
3443 3009 3557 3055 sta-

309 3084 499 3148 lEccli.
537 3099 706 3146 um.
736 3086 807 3153 ί).
837 3084 898 3138 Et
928 3085 1093 3141 alibi:
1128 3084 1251 3140 Non
1290 3097 1344 3140 ut
1391 3086 1678 3140 domineris
1718 3084 1878 3150 clero,

1988 3095 2078 3149 titn
2111 3095 2201 3163 qui
2249 3102 2539 3148 accusatur
2592 3108 2716 3148 rens
2772 3102 2877 3159 est,
2918 3093 3010 3148 sed
3073 3094 3165 3160 qui
3208 3093 3552 3147 convincitur

306 3180 401 3231 sed
427 3188 486 3230 ut
539 3178 711 3247 {arma
742 3181 813 3231 sis
854 3180 1089 3232 omnibus
1141 3176 1194 3247 (1
1232 3177 1348 3232 Pet.
1390 3195 1441 3239 ν,
1475 3177 1553 3241 5).
1590 3176 1655 3230 Et
1698 3177 1824 3230 alibi
1864 3195 1879 3232 :

312 3270 591 3339 Templum
628 3269 721 3324 Dei
749 3273 899 3337 estis,
919 3280 969 3324 et
1002 3270 1239 3339 Spiritus
1267 3271 1361 3323 Dei
1392 3270 1596 3323 habitat
1634 3271 1688 3322 in
1719 3270 1879 3323 vobis.

310 3362 371 3417 Si
392 3365 509 3432 quis
535 3372 709 3416 autem
745 3363 995 3427 templum
1016 3363 1113 3417 Dei
1132 3362 1419 3426 violaverit,
1440 3357 1709 3428 'disperdet
1734 3361 1883 3415 illum

311 3456 473 3512 Deus.
508 3456 776 3524 Templum
827 3459 965 3510 enim
1029 3455 1121 3510 Dei
1182 3465 1426 3510 sanctum
1458 3463 1554 3519 est,
1588 3456 1726 3525 quod
1756 3454 1881 3509 estis

312 3564 398 3601 eos
430 3546 479 3615 (l
513 3546 641 3601 Cor.
685 3562 763 3610 ιιι,
804 3548 870 3600 16
907 3548 1060 3617 seq.).
1106 3546 1368 3611 Quoniam
1420 3564 1485 3601 ex
1536 3548 1668 3609 ipso,
1694 3556 1743 3598 ct
1793 3561 1888 3612 per

310 3641 505 3704 ipsum,
539 3652 584 3693 et
612 3639 665 3691 in
691 3641 801 3707 ipso
851 3640 977 3693 'sunt
1002 3641 1198 3699 omnia,
1223 3639 1325 3708 ipsi
1380 3640 1546 3707 gloria
1593 3641 1646 3691 in
1691 3639 1883 3692 sarcula

311 3730 484 3799 (Rom.
516 3748 592 3793 ιι,
626 3732 715 3799 '56)
747 3750 762 3790 :
805 3749 937 3785 unus
963 3734 1101 3785 enirn
1142 3731 1277 3786 Deus
1298 3741 1472 3786 noster
1495 3742 1544 3785 et
1574 3732 1744 3786 Pater
1775 3732 1883 3785 Do-

308 3829 438 3881 mini
468 3830 638 3881 nostri
684 3824 812 3881 Iesu
868 3826 1092 3890 Christi,
1122 3844 1187 3882 ea:
1214 3844 1316 3898 quo
1349 3828 1547 3893 omnia,
1594 3836 1644 3880 et
1692 3843 1786 3881 nos
1830 3826 1881 3879 in

308 3922 443 3986 ipso,
478 3930 529 3975 et
565 3937 700 3974 unus
752 3919 1008 3974 Dominus
1063 3918 1221 3974 Jesus
1281 3919 1547 3982 Christus,
1595 3935 1688 3989 per
1727 3935 1882 3988 quem

314 4014 511 4076 omnia,
540 4022 590 4065 et
617 4030 712 4066 nos
737 4029 827 4081 per
854 4013 1024 4081 ipsum
1050 4011 1098 4083 (l
1123 4012 1250 4066 Cor.
1288 4027 1408 4077 vttt,
1445 4010 1521 4081 6).
1557 4009 1663 4065 Sed
1695 4026 1801 4064 non
1827 4011 1880 4064 in

313 4105 569 4159 omnibus
600 4115 680 4157 est
708 4104 933 4157 scientia
977 4103 1200 4158 Ctrcitas
1226 4105 1369 4158 enim
1403 4105 1620 4173 contigit
1645 4119 1709 4156 ex
1730 4112 1881 4173 parte

306 4200 360 4250 in
398 4195 572 4250 lsrael
603 4213 622 4259 ;
658 4196 819 4249 donec
849 4196 1119 4266 plenitudo
1168 4198 1397 4265 gentium
1432 4195 1676 4260 intraret,
1703 4205 1751 4248 et
1808 4195 1882 4248 sic

306 4289 475 4343 omnis
501 4286 675 4342 Israel
704 4287 879 4341 saluus
910 4288 1074 4354 fieret.
1099 4284 1370 4341 Conclusit
1411 4300 1540 4355 ergo
1597 4285 1734 4339 Deus
1770 4300 1881 4338 am-

302 4380 393 4433 κὶα
443 4381 540 4434 sub
574 4389 808 4448 peccato,
862 4387 920 4432 ut
973 4379 1207 4432 omnium
1260 4379 1573 4431 misereatur
1599 4376 1770 4445 (Rom.
1800 4391 1877 4437 xl,

300 4472 511 4537 25.26.
546 4472 663 4537 52),
710 4477 848 4525 Ante
874 4473 1056 4525 omnia
1105 4471 1462 4524 humilitatem
1510 4468 1713 4535 dilige:
1749 4471 1875 4540 quia
1904 4450 1956 4510 θ

302 4566 559 4636 superbia
581 4577 898 4633 oposlalare
928 4564 1057 4618 facit
1100 4580 1127 4617 a
1160 4564 1275 4618 Deo
1310 4581 1323 4617 :
1355 4574 1406 4615 et
1458 4562 1670 4615 initium
1712 4561 1878 4614 omnis

300 4658 522 4725 peccati,
571 4660 812 4723 superbia
844 4669 918 4711 est
953 4655 1141 4725 (Eccli.
1169 4672 1226 4720 ι,
1270 4655 1355 4717 Η,
1386 4656 1496 4725 15).
1535 4654 1675 4709 Dens
1733 4654 1875 4707 enim

302 4755 492 4802 noster
523 4749 750 4817 formam
785 4751 919 4803 servi
961 4749 1243 4816 accipiens,
1282 4747 1581 4800 humiliavit
1609 4762 1662 4800 se
1713 4760 1878 4812 usque

299 4846 369 4897 ad
424 4854 665 4907 mortem,
702 4854 921 4895 mortem
965 4852 1140 4894 autem
1199 4839 1370 4892 crucis
1416 4836 1673 4909 (Philipp.
1711 4851 1769 4895 tl.
1798 4836 1873 4905 8).

298 4936 504 4992 Omnes
535 4934 1047 5003 Scripturasmente
1084 4947 1363 5003 percurre,
1397 4940 1563 4984 totum
1597 4930 1871 4984 Cononem

300 5027 653 5097 lege:atqtte
688 5024 890 5078 habens
935 5034 1061 5077 ante
1115 5023 1305 5076 oculos
1353 5022 1601 5089 exempla
1658 5029 1876 5074 Sancto-

302 5134 446 5179 rum,
489 5116 707 5171 imitare
726 5114 870 5185 quod
900 5115 1101 5168 bonum
1128 5124 1237 5177 est,
1259 5111 1518 5168 aemulari:
1551 5110 1692 5177 quod
1746 5126 1875 5165 San-

309 5218 581 5263 ctnmcst.
620 5206 926 5276 Factnsque
966 5205 1061 5259 tibi
1113 5202 1735 5274 Jcrosolymacmlestis,
1767 5202 1876 5255 Dco

300 5310 423 5350 tota
461 5299 705 5353 restitue.
742 5298 965 5349 Domum
1022 5297 1170 5359 inte,
1204 5304 1256 5348 et
1288 5294 1540 5361 templum
1572 5292 1876 5348 Salomonis

299 5390 531 5451 aediﬁca,
571 5388 980 5443 tabernaculum
1023 5387 1249 5450 fabrica,
1280 5395 1333 5440 et
1367 5384 1682 5454 diligentius
1713 5400 1874 5438 exor-

303 5494 434 5535 nare
482 5479 702 5534 festina.
738 5480 887 5534 intra
934 5480 1134 5533 Sancta
1176 5486 1512 5542 sanctorum,
1549 5476 1866 5531 indeliciens

300 5572 484 5626 lumen
542 5574 798 5635 sccende,
858 5572 1247 5642 perfectionem
1306 5573 1357 5624 in
1412 5569 1668 5624 omnibus
1730 5578 1870 5624 tene.

301 5662 451 5719 Pone
484 5663 784 5718 custodiam
817 5664 896 5718 ori
955 5672 1071 5728 tuo,
1103 5673 1158 5717 et
1211 5662 1407 5716 ostium
1444 5661 1872 5716 circumstan'ite

303 5755 461 5814 labiis
501 5756 627 5813 tuis.
658 5755 773 5812 Non
804 5754 901 5812 des
938 5756 991 5812 in
1023 5754 1381 5813 tentationem
1412 5752 1652 5810 animum
1691 5761 1863 5821 tuam,

1986 3186 2334 3241 criminosus.
2364 3182 2474 3239 Nec
2501 3184 2877 3254 prmstanilnm
2910 3183 3049 3237 odiis
3083 3183 3422 3253 singulorum
3446 3194 3553 3248 est,

1985 3287 2041 3330 ut
2066 3277 2374 3330 inocentum
2410 3277 2639 3330 fratrum
2672 3275 2980 3330 dominetur
3028 3276 3224 3345 injuria
3259 3294 3271 3328 :
3306 3274 3553 3346 quinimo

1988 3369 2152 3423 timor
2184 3367 2396 3423 Domini
2429 3379 2553 3423 ante
2583 3367 2774 3421 oculos
2806 3381 3022 3437 semper
3049 3367 3429 3422 esthabendus
3454 3381 3470 3423 :
3498 3372 3554 3419 et

1994 3471 2164 3515 totum
2191 3461 2334 3531 quod
2353 3461 2551 3528 agitur,
2585 3460 2697 3516 Deo
2724 3461 2942 3516 Christo
2964 3450 3109 3515 scias
3140 3476 3261 3515 esse
3288 3470 3552 3530 praestan-

1986 3553 2137 3615 dum,
2200 3566 2306 3605 non
2366 3552 2621 3621 tempori.
2675 3551 2808 3605 Nam
2868 3552 3112 3621 prasterit
3163 3552 3331 3622 ﬁgura
3394 3550 3555 3619 hujus

1985 3643 2191 3710 mundi,
2228 3654 2281 3698 et
2306 3643 2417 3699 Deo
2443 3644 2616 3715 magis
2636 3644 2860 3699 obedire
2889 3644 3143 3698 convenit
3178 3659 3337 3712 quam
3378 3642 3555 3696 homi-

1987 3736 2176 3798 nibus,
2209 3735 2300 3804 qui
2337 3736 2439 3789 scit
2491 3737 2789 3804 przcterita,
2826 3745 2881 3789 et
2936 3736 3001 3787 de
3038 3734 3235 3789 tuturis
3297 3734 3552 3789 aestimat.

1987 3824 2108 3882 Uno
2167 3826 2315 3882 enim
2379 3840 2630 3881 sermone
2689 3836 2801 3882 tota
2855 3826 2936 3879 lex
2994 3823 3555 3893 adimpletur:0mue

1983 3918 2123 3990 quod
2171 3917 2268 3973 tibi
2314 3918 2433 3986 ﬁeri
2469 3918 2722 3985 nolueris,
2758 3916 2855 3972 alii
2888 3933 2950 3969 ne
2982 3916 3164 3985 feceris
3197 3914 3417 3983 (Matth.
3456 3931 3550 3978 vit.

1986 4009 2094 4080 l2).
2141 4010 2291 4063 Domi
2330 4010 2375 4064 si
2413 4009 2526 4063 lieri
2559 4017 2739 4078 potest
2795 4006 3094 4079 pOSIposila
3153 4020 3398 4074 persona:
3450 4012 3554 4058 tua:

1984 4118 2115 4157 cura
2170 4100 2439 4170 oliiciique
2490 4102 2818 4166 reverentia,
2851 4115 3072 4155 servum
3128 4099 3300 4153 servis
3333 4113 3454 4153 esse
3502 4107 3553 4150 te

1984 4195 2260 4261 convenit,
2313 4204 2479 4264 atque
2530 4193 2608 4248 ita
2656 4190 2818 4247 lsrael
2847 4192 2900 4246 in
2931 4190 3187 4245 omnibus
3229 4189 3551 4261 perdocere,

1986 4300 2045 4345 ut
2073 4291 2384 4359 quicunque
2421 4297 2474 4342 te
2503 4276 2751 4352 audiunt:
2793 4286 3209 4341 conversatione
3238 4294 3326 4336 tua
3356 4283 3553 4351 magis,

1985 4397 2145 4452 quam
2176 4396 2431 4436 scrtnone
2456 4378 2764 4447 proﬁciant.
2795 4377 2885 4434 Sic
2912 4379 3056 4433 enim
3111 4377 3373 4445 scriptum
3417 4383 3502 4426 est
3532 4391 3547 4426 :

1986 4471 2053 4527 In
2084 4474 2347 4541 sapientia
2384 4472 2653 4525 ambulate
2681 4470 2752 4523 ad
2785 4487 2872 4524 eos
2917 4470 3007 4538 qui
3059 4467 3192 4537 [oris
3243 4475 3367 4520 sunt
3412 4463 3551 4537 (Col.

1984 4581 2057 4626 tv,
2092 4564 2173 4632 5).
2207 4564 2321 4618 Non
2354 4572 2406 4618 te
2435 4564 2660 4617 extollat
2717 4562 2975 4618 Salutatio
3008 4561 3390 4630 plurimorum.
3440 4557 3557 4611 Mu-

1981 4672 2110 4710 nera
2137 4656 2363 4711 divitum
2385 4665 2439 4711 et
2465 4656 2723 4722 obsequia
2761 4668 2815 4709 te
2846 4670 2952 4707 non
2980 4654 3195 4707 vincant
3225 4668 3239 4706 :
3280 4653 3405 4723 quia
3432 4666 3550 4703 mu-

1983 4765 2132 4810 nera,
2175 4758 2231 4802 ut
2293 4749 2556 4818 scriptum
2618 4757 2723 4814 est,
2769 4755 3033 4801 exsiccant
3090 4744 3266 4799 oculos
3305 4743 3551 4813 judicans

1983 4838 2154 4908 (Eccl.
2183 4855 2275 4902 xx,
2304 4837 2415 4909 51).
2456 4836 2568 4892 Nec
2608 4839 2728 4906 plus
2757 4838 2827 4890 sit
2853 4835 2994 4904 apud
3028 4843 3080 4888 te
3120 4846 3366 4887 matrona
3401 4830 3554 4885 nobi-

1983 4932 2050 4985 lis
2081 4941 2136 4985 et
2164 4930 2341 4993 dives,
2361 4946 2523 4997 quam
2567 4928 2811 4996 professa
2846 4942 3051 4996 panper
3082 4938 3243 4994 atque
3275 4923 3548 4983 mendica,

1981 5032 2075 5077 aut
2105 5023 2268 5078 vidua
2332 5022 2566 5075 maritali
2621 5022 2827 5075 auxilio
2878 5019 3162 5079 destitttta,
3199 5014 3422 5087 aequalis
3469 5012 3548 5076 ei,

1977 5130 2098 5185 qua:
2165 5115 2325 5168 habet
2375 5114 2550 5168 virum
2584 5120 2858 5179 potentem
2915 5110 2971 5164 in
3023 5108 3241 5172 saeculo,
3278 5105 3545 5159 videatur.

1981 5198 2231 5260 Alienum
2265 5216 2316 5261 te
2349 5222 2376 5259 a
2405 5206 2654 5274 personis
2679 5207 2918 5261 omnium
2952 5203 3283 5258 reddendum
3323 5199 3501 5267 iudica
3530 5214 3546 5262 ;

1979 5314 2043 5351 ac
2073 5309 2295 5368 propter
2354 5297 2676 5365 iniustitiam
2732 5297 2787 5350 in
2835 5296 3040 5365 judicio
3093 5305 3385 5369 pauperem
3435 5303 3543 5344 non

1979 5389 2260 5453 defendas,
2296 5404 2395 5443 nec
2427 5400 2648 5458 propter
2676 5388 2908 5456 gratiam
2934 5387 3083 5439 diviti
3119 5385 3432 5438 indecenter
3456 5397 3546 5437 as-

1980 5480 2165 5535 sistas.
2192 5480 2300 5535 Ant
2331 5480 2377 5535 si
2441 5480 2545 5535 hoc
2587 5495 2690 5534 non
2739 5488 2898 5550 potes
2946 5476 3145 5539 facere,
3176 5476 3544 5546 cognitionem

1979 5587 2173 5640 respue
2196 5588 2512 5626 causarum.
2551 5571 2674 5625 Sola
2704 5579 2823 5625 esto
2854 5569 2948 5623 tibi
2972 5569 3200 5622 lectione
3222 5577 3277 5622 et
3298 5568 3546 5621 oratione

1977 5675 2289 5739 contentus.
2318 5663 2601 5719 Neminem
2638 5664 2806 5726 enim,
2837 5671 2915 5716 ut.
2943 5662 3203 5729 scriptum
3236 5670 3341 5726 est,
3365 5659 3543 5730 diligit

1978 5755 2158 5821 Deus,
2223 5756 2325 5811 nisi
2390 5771 2512 5810 eum
2566 5755 2657 5825 qui
2714 5769 2838 5809 cum
2876 5752 3141 5824 sapientia
3198 5751 3431 5817 habitat,-
3468 5766 3534 5807 ac
