4054 6206
422 170 555 272 ιδεί

1374 214 1432 273 8.
1473 212 1923 276 HIERONYMI
1965 216 2291 276 OPERUM
2332 216 2737 280 MANTISSA.

3574 213 3669 276 156

425 318 631 374 nullum
681 318 829 374 laedit
887 321 1060 380 (Evcl.
1103 338 1176 389 tv,
1224 323 1336 394 15).
1383 325 1486 380 ista
1547 326 1593 380 si
1648 323 1862 394 feceris,
1890 328 2003 382 Deo
2031 330 2077 389 Α
2109 329 2369 384 Ecclesiae
2417 345 2528 386 suae
2559 330 2894 401 praeposuit,
2941 338 2998 386 et
3042 330 3134 398 qui
3186 338 3238 385 te
3285 328 3570 385 honoravit
3617 332 3672 384 in

426 409 577 464 utilis
618 408 672 463 in
699 411 955 465 omnibus
1006 415 1416 480 comprobatus,
1458 415 1757 486 perfectum
1807 432 1997 471 sacer-

427 500 636 552 dotimn
666 498 777 571 [ΑΙ.
809 511 942 554 tacet
1004 503 1396 575 sacerdotium]
1454 507 1504 559 in
1566 515 1617 562 te
1674 510 1996 563 rctentabis.

428 591 648 659 Espelle
697 593 766 647 de
830 594 1030 663 templo
1089 595 1291 650 Christi
1364 613 1494 651 oves
1527 608 1581 652 et
1614 601 1776 653 boves
1816 611 1868 653 et
1903 616 2001 655 co-

429 684 640 739 lumbas
669 685 988 747 vendentcs,
1016 697 1069 741 et
1102 692 1589 744 nummulariorum
1622 704 1807 747 everte
1851 710 2001 746 men-

430 789 557 835 sas;
594 775 719 841 quia
754 776 951 830 domus
991 777 1172 833 Patris
1223 782 1417 846 nostri,
1448 784 1640 838 domus
1681 784 2004 853 negotialis.

432 866 513 916 nis
546 880 667 918 esse
702 880 805 918 non
855 870 1035 933 debet,
1070 871 1162 923 sed
1194 872 1484 926 orationis.
1515 872 1576 925 Et
1620 876 1760 940 quod
1796 875 2003 939 judicio

433 951 525 1027 Dei
559 954 869 1020 projicitur,
911 956 1207 1012 desnieruri
1250 970 1467 1029 propter
1495 962 1858 1016 damnatiOnis
1885 980 2005 1017 sett-

434 1045 656 1095 tentiam
717 1061 822 1098 non
886 1061 1121 1116 oportet,
1182 1067 1247 1103 ne
1302 1053 1515 1119 reprobi
1560 1054 1900 1107 inveniamur
1948 1055 2005 1109 in

431 1136 672 1188 Christo.
710 1134 913 1204 Sicque
949 1139 1040 1192 fiet
1070 1152 1125 1191 ut
1174 1142 1226 1193 in
1263 1145 1493 1196 veritate
1517 1136 1849 1206 consiStens,
1883 1162 2007 1214 scp-

436 1226 671 1282 tifurmis
735 1230 991 1284 Eetlesia:
1048 1246 1452 1287 sacramentum
1501 1251 1660 1291 nosse
1720 1240 2001 1303 merearis,

436 1320 657 1385 quodin
717 1325 1112 1389 omnipotentia
1171 1326 1259 1377 Dei
1328 1343 1446 1379 cum
1509 1345 1601 1381 sua
1660 1329 2008 1383 veneratione

436 1414 711 1478 consistit,
747 1417 797 1468 id
834 1428 936 1476 est,
965 1419 1016 1469 in
1060 1417 1237 1480 Patre,
1264 1429 1318 1471 et
1357 1421 1408 1472 in
1445 1418 1603 1486 Filio,
1632 1431 1685 1474 et
1716 1420 1768 1475 in
1802 1420 2007 1489 Spiritu

437 1514 650 1567 sancto,
687 1506 739 1558 in
771 1509 1135 1577 archangelis,
1175 1512 1226 1564 in
1274 1512 1502 1580 angelis,
1539 1513 1591 1565 in
1641 1512 1924 1582 sapientia,
1955 1515 2007 1567 itt

438 1592 773 1649 hominibus.
835 1595 965 1661 Qure
1008 1601 1187 1651 Omnia
1236 1601 1279 1654 si
1316 1602 1599 1668 diligenter
1630 1604 1885 1671 aspicias,
1930 1614 2011 1657 to-

439 1684 544 1735 tius
578 1686 630 1737 in
661 1687 744 1737 his
773 1687 1227 1757 dispositionibus
1285 1689 1540 1746 Ecclesia:
1567 1694 1851 1748 catholicae
1888 1692 2009 1747 fun-

438 1774 690 1829 damenta
723 1792 1043 1843 cognosces.
1073 1779 1136 1833 Et
1164 1799 1261 1848 per
1288 1786 1386 1839 hos
1418 1785 1637 1851 gradus,
1663 1785 1707 1838 si
1752 1786 2007 1839 universa

437 1864 820 1920 observaveris
852 1886 971 1936 quae
1024 1876 1227 1941 scripta
1288 1885 1439 1939 sunt,
1475 1875 1616 1929 Dens
1669 1878 1770 1929 erit
1805 1875 1857 1929 in
1898 1892 2010 1931 mc-

441 1960 607 2009 moria
643 1970 754 2025 tua,
790 1972 844 2013 ct
879 1974 935 2013 tu
968 1964 1019 2015 in
1051 1968 1268 2017 domum
1309 1977 1454 2018 tuam
1494 1969 1803 2023 reverteris.

513 2045 550 2098 l.
604 2047 678 2101 De
722 2051 890 2115 primo
942 2054 1111 2119 gradu
1162 2052 1443 2117 Ecclesia',
1500 2056 1590 2123 qui
1627 2053 2011 2108 Fossariomm

439 2142 567 2191 ordo
604 2150 700 2193 est.
736 2141 947 2195 Primus
974 2144 1135 2211 igitUr
1161 2143 1212 2197 in
1249 2146 1461 2200 clericis
1492 2146 1845 2200 fossariurum
1878 2147 2012 2199 ordo

441 2241 567 2286 est:
602 2233 691 2300 qui
740 2233 792 2287 in
843 2234 1252 2289 similitudinem
1294 2235 1475 2291 Tobiae
1528 2239 1734 2303 sancti,
1786 2239 2013 2306 sepelire

445 2333 689 2377 mortuos
723 2326 1102 2389 admonentur,
1156 2336 1212 2379 ut
1241 2328 1561 2383 exitibeutes
1593 2329 1883 2383 visibilium
1932 2344 2015 2384 re.-

448 2432 566 2468 rum
628 2432 837 2480 curam,
877 2421 940 2471 ad
1006 2420 1308 2475 invisibiles
1353 2422 1653 2475 festinent:
1686 2432 1741 2476 et
1776 2436 2015 2476 resurre-

443 2510 678 2561 ctionem
732 2512 910 2563 carnis
959 2513 1244 2567 credentes
1286 2514 1335 2565 in
1371 2514 1617 2578 DOlllith,
1655 2524 1823 2568 totum
1873 2515 2016 2583 quod

446 2601 673 2662 faciunt,
710 2601 816 2654 Deo
846 2618 902 2655 se
940 2613 1217 2671 praestare,
1248 2621 1356 2659 non
1407 2608 1632 2660 mortuis
1665 2617 2016 2674 cognoscant.

450 2690 607 2746 Tales
639 2708 770 2762 ergo
810 2694 1067 2748 fossarios
1099 2712 1219 2751 esse
1255 2695 1504 2750 Ecclesia:
1548 2700 1821 2764 convenit,
1846 2700 2018 2765 qualis

394 2808 399 2821 ι
451 2781 652 2837 Tobias
704 2786 961 2854 propheta
1016 2786 1113 2838 fuit
1147 2806 1156 2838 :
1191 2788 1306 2857 ejus
1340 2787 1484 2851 fidei,
1523 2788 1640 2857 ejus
1686 2791 2016 2854 sanctitatis,

452 2874 568 2941 ejus
594 2877 832 2929 scicntia:
864 2889 1024 2945 atque
1053 2878 1289 2932 virtutis.
1318 2877 1432 2932 Non
1464 2895 1589 2948 ergo
1613 2893 1768 2948 putes
1793 2895 2015 2948 parvum

2103 416 2337 482 cunctis,
2392 419 2483 486 qui
2533 419 2775 473 omnium
2830 419 2926 474 tibi
2980 418 3281 474 divinorum
3332 426 3672 474 sacramenta

2103 507 2417 561 concessit?
2446 507 2712 575 Numquid
2769 518 3011 563 meretur
3040 507 3305 562 Dominus
3355 506 3498 562 Deus
3532 517 3675 569 tuus,

2106 607 2165 651 ut
2194 614 2314 651 cum
2368 599 2479 652 haec
2512 600 2821 664 praestiterit
2850 611 3067 669 propter
3103 598 3398 652 bonitatem
3430 608 3483 651 et
3516 599 3675 653 mise-

2107 690 2394 744 ricordiam
2431 704 2604 752 suam,
2639 706 2938 745 conservos
2970 701 3091 746 tuos
3124 691 3416 758 deprimas,
3451 689 3673 755 deroges

2104 778 2345 842 Christo,
2374 795 2435 832 ac
2469 780 2669 833 nullum
2704 781 2800 833 nisi
2832 791 2881 834 le
2913 781 3083 835 solum
3114 789 3267 846 putes
3292 781 3356 832 ad
3391 778 3673 832 Dominum

2106 871 2379 937 pertinere
2411 888 2425 923 :
2458 871 2551 924 tibi
2592 880 2797 925 tantum
2830 873 3110 926 existimes
3140 870 3497 923 reverentiam
3529 866 3674 921 defe-

2108 963 2350 1026 rendam,
2399 976 2460 1017 ac
2508 962 2742 1017 famulos
2794 963 2988 1016 Christi
3040 962 3093 1016 in
3126 960 3538 1016 conversatione
3580 960 3676 1013 tibi

2108 1054 2362 1120 creditos,
2400 1070 2508 1108 non
2558 1056 2610 1107 in
2655 1055 2953 1108 millilein
2987 1064 3042 1107 ut
3075 1053 3276 1107 liberos
3323 1051 3546 1112 habeas,
3580 1052 3672 1105 sed

2108 1155 2166 1197 ut
2196 1161 2381 1199 servos
2413 1146 2465 1199 in
2495 1146 2867 1201 dominatione
2900 1145 3215 1215 possideas?
3243 1143 3365 1198 Haec
3392 1145 3534 1197 enim
3566 1159 3675 1210 prae

2109 1236 2320 1288 caeteris
2370 1236 2506 1290 Deus
2538 1237 2776 1301 damnat,
2824 1247 2874 1289 et
2925 1237 3056 1290 nihil
3089 1237 3305 1306 gravius
3352 1238 3476 1297 fert,
3511 1250 3673 1304 quam

2112 1337 2189 1391 ut,
2216 1342 2335 1379 cum
2364 1330 2504 1381 scias
2537 1328 2845 1383 hominibus
2882 1328 3257 1389 deferendum,
3286 1329 3394 1382 Deo
3427 1328 3539 1396 ipse
3566 1342 3673 1379 non

2112 1418 2325 1472 deferas
2355 1435 2369 1473 :
2403 1436 2522 1471 (‘lttll
2555 1434 2769 1473 servum
2818 1420 3082 1489 principis
3114 1430 3275 1491 atque
3323 1420 3443 1486 ejus
3475 1416 3681 1470 militia:

2114 1509 2423 1574 deputatum
2463 1509 2706 1577 persequi
2755 1520 2808 1561 et
2862 1509 3126 1562 lacessere
3178 1521 3282 1561 non
3323 1508 3548 1569 audeas,
3592 1521 3681 1557 eos

2113 1601 2207 1668 qui
2241 1602 2348 1653 veri
2388 1600 2479 1655 Dei
2518 1602 2658 1654 servi
2706 1610 2850 1668 sunt,
2884 1612 2936 1654 et
2974 1616 3101 1656 vero
3133 1599 3332 1656 Christi
3368 1599 3684 1653 charactere

2114 1691 2327 1754 censiti,
2357 1705 2421 1743 ac.
2445 1706 2541 1760 per
2569 1690 2819 1761 baptismi
2849 1694 3078 1761 gratiam
3114 1693 3291 1756 liberi,
3323 1702 3376 1746 ct
3402 1706 3500 1761 per
3522 1689 3683 1744 cleri-

2115 1790 2267 1837 catus
2295 1781 2530 1837 oﬂicium
2568 1783 2877 1848 militantes,
2921 1784 3210 1853 abjectioni
3255 1795 3408 1854 putes
3439 1793 3493 1838 et
3527 1785 3681 1856 igno-

2119 1873 2294 1927 tuinite
2355 1876 2731 1943 deputandos:
2768 1884 2825 1927 ttt
2873 1876 2995 1945 plus
3044 1875 3312 1929 interdum
3359 1876 3501 1945 apud
3554 1892 3686 1931 cun-

2118 1964 2398 2017 scientiatn
2430 1975 2604 2027 tuam,
2640 1964 2683 2018 si
2716 1964 2964 2033 injuriam
3012 1980 3117 2018 non
3153 1964 3316 2017 faciat
3347 1975 3529 2019 nostra
3564 1980 3683 2018 cor-

2118 2056 2323 2123 reptio,
2382 2056 2551 2110 servis
2604 2070 2764 2124 quam
2816 2055 3028 2109 clericis
3076 2070 3267 2125 parcas
3314 2071 3329 2110 :
3371 2065 3424 2110 et
3490 2056 3543 2109 in
3600 2056 3684 2108 his

2118 2149 2353 2215 aliquem
2414 2149 2760 2203 vernaculum
2819 2149 3045 2220 diligas,
3100 2149 3221 2203 illos
3278 2148 3425 2203 velut
3482 2149 3688 2204 alienos

2119 2240 2411 2307 despicias,
2455 2249 2508 2293 et
2542 2239 2695 2292 malis
2728 2241 2927 2294 mundo
2981 2239 3196 2309 placere
3238 2254 3402 2309 quam
3448 2238 3684 2294 Christo.

2123 2328 2228 2383 Pro
2283 2329 2407 2393 fide,
2459 2344 2556 2399 pro
2604 2330 2882 2396 religione,
2920 2344 3017 2399 pro
3066 2330 3345 2399 proposito
3383 2329 3686 2383 sanctitatis

2123 2418 2334 2474 deferre
2388 2420 2658 2473 interdum
2715 2421 2946 2474 clericus
2998 2435 3156 2475 servo
3211 2421 3422 2488 cogitur
3465 2438 3479 2474 :
3519 2429 3573 2473 et
3618 2418 3685 2474 ad

2126 2511 2477 2579 ignominiam
2504 2527 2606 2567 non
2632 2512 2928 2574 ferendam,
2947 2511 3069 2565 vilis
3087 2512 3361 2577 iudicatur
3384 2512 3437 2564 in
3464 2510 3684 2573 mundo,

2123 2603 2217 2671 qui
2243 2618 2486 2656 summus
2517 2602 2569 2655 in
2598 2604 2736 2657 cutio
2763 2612 2866 2657 est.
2892 2602 3059 2657 Recte
3090 2603 3199 2656 bzec
3243 2601 3510 2670 repudias,
3542 2611 3690 2654 recto
3758 2606 3765 2613 ‘

2126 2695 2225 2748 ista
2279 2710 2386 2747 non
2445 2710 2667 2765 servas,
2724 2695 2767 2748 si
2818 2694 3102 2763 episc0pus
3152 2709 3272 2748 esse
3325 2709 3427 2746 non
3462 2694 3574 2757 vis,
3641 2696 3685 2748 si

2124 2788 2388 2842 caelorum
2455 2802 2619 2857 regna
2665 2788 3003 2851 cantemnis,
3056 2786 3098 2839 si
3153 2785 3353 2839 nullunt
3404 2799 3523 2839 cum
3579 2786 3688 2839 Deo

2124 2881 2310 2948 cupias
2365 2880 2562 2936 habere
2618 2880 2968 2935 consortium.
3018 2878 3177 2933 Certe
3239 2880 3283 2932 si
3346 2878 3576 2933 electum
3639 2889 3689 2931 te

451 2983 570 3021 esse
616 2968 848 3022 cilicium
900 2970 1272 3035 fossariorum,
1308 2982 1402 3024 aut
1433 2973 1573 3025 sicut
1614 2972 1794 3025 caueri
1832 2987 2014 3027 sacer-
2046 2999 2094 3064 ο
2126 2988 2154 3025 a
2207 2972 2314 3026 Deo
2342 2972 2654 3042 gratularis,
2685 2974 2729 3026 si
2782 2972 2983 3025 factum
3022 2981 3070 3024 te
3108 2978 3377 3039 pastorem
3414 2971 3610 3040 gregis,
3642 2969 3688 3023 si

454 3061 603 3113 dotes
656 3062 704 3111 in
763 3064 981 3114 lamulis
1028 3060 1121 3116 Dei
1173 3061 1440 3131 despicias
1485 3074 1906 3128 sacramentum,
1955 3079 2019 3118 ac

455 3151 573 3218 plus
608 3152 946 3207 diversorum
999 3156 1172 3207 servis
1219 3153 1433 3208 deferas
1483 3155 1564 3209 vel
1611 3156 1823 3221 amicis,
1857 3171 2016 3224 quam

456 3244 655 3296 Christi
709 3246 760 3297 in
800 3247 1017 3315 templo,
1053 3262 1175 3300 cum
1210 3263 1397 3316 preces
1432 3247 1635 3311 fundis,
1670 3248 1822 3319 cujus
1852 3263 2021 3301 utem-

460 3337 553 3386 bra
585 3338 879 3400 veneraris,
914 3354 1035 3391 cum
1073 3341 1325 3393 OlllltlllllS
1372 3338 1698 3407 participare
1748 3349 1797 3393 te
1825 3354 2021 3392 conve-

459 3431 558 3490 nit,
588 3445 693 3482 non
727 3432 899 3483 solum
929 3433 978 3483 in
1020 3431 1197 3494 altari,
1228 3430 1317 3485 sed
1351 3439 1403 3484 et
1432 3430 1600 3493 domi,
1633 3445 1752 3482 cum
1778 3429 2027 3484 omnibus

462 3533 584 3573 esse
633 3524 950 3584 convivam,
1008 3532 1167 3590 atque
1228 3522 1371 3574 inter
1420 3522 1742 3575 doruesticos
1794 3520 2028 3588 parietes

462 3611 786 3677 simpliciter
820 3614 1076 3666 residere.
1128 3612 1183 3665 Si
1240 3628 1390 3665 amas
1426 3611 1649 3665 Tobiam
1686 3612 2024 3680 prophetam,

462 3710 515 3753 ct
544 3704 586 3755 si
631 3704 747 3770 ejus
788 3704 1019 3756 imitaris
1052 3703 1379 3771 exemplum,
1414 3703 1456 3757 si
1494 3703 1683 3771 imples
1714 3703 1854 3771 quod
1890 3703 2028 3757 scri-

462 3803 609 3864 ptum
641 3804 724 3850 est
754 3814 767 3849 :
806 3795 911 3859 Qui
938 3796 1121 3862 recipit
1149 3796 1450 3864 prop/ictam
1491 3800 1545 3847 in
1579 3798 1786 3848 nomine
1814 3796 2034 3865 praplte-

462 3898 550 3949 ια’,
578 3880 862 3941 mercedem
888 3888 1150 3955 prop/tcta:
1180 3888 1390 3956 accipiet
1417 3886 1629 3955 (Matth.
1658 3903 1709 3951 ι,
1742 3886 1829 3958 41)
1859 3906 1871 3942 :
1901 3901 2034 3944 cave

466 3995 532 4031 tte
566 3980 693 4032 huic
741 3979 917 4035 oﬂicio
965 3994 1060 4048 per
1090 3983 1396 4048 superbiam
1429 3991 1573 4033 tuam
1611 3980 1789 4049 aliqua
1831 3980 2033 4048 irroge-

466 4076 549 4120 tur
585 4068 801 4137 injuria,
842 4083 1003 4137 quam
1035 4068 1223 4133 laicus,
1260 4069 1351 4136 qui
1381 4070 1556 4123 minor
1586 4079 1667 4123 est
1699 4069 1890 4133 Tobia,
1928 4084 2033 4122 non

467 4171 727 4215 meretur.
762 4159 839 4213 Te
869 4162 1011 4215 enim
1059 4160 1131 4216 ita
1168 4162 1232 4214 de
1267 4162 1357 4215 Dei
1407 4162 1665 4217 membris
1694 4169 1907 4232 oportet
1938 4162 2034 4215 ita-

465 4254 595 4307 bere
615 4252 905 4321 judicium,
937 4265 995 4307 ut
1036 4253 1304 4325 intelligas
1334 4252 1587 4309 Ecclesia:
1612 4262 2031 4308 sacramentum.

468 4344 763 4414 Religionis
796 4345 940 4399 enim
981 4354 1033 4399 et
1071 4345 1376 4401 sanctitatis
1423 4355 1527 4411 est,
1563 4346 1703 4413 quod
1749 4344 2032 4413 episc0pus
2064 4342 2109 4398 Ι)

464 4436 692 4503 diceris,
724 4452 832 4491 non
883 4438 1108 4491 Romani
1160 4438 1474 4492 consulatus
1515 4446 1605 4491 aut
1646 4437 1806 4507 juris.
1842 4436 1900 4490 Si
1935 4438 2033 4492 hoc

467 4528 551 4581 vis
571 4544 689 4583 esse
714 4530 854 4598 quod
873 4526 1048 4582 factos
1068 4547 1148 4592 es,
1168 4546 1325 4584 serva
1351 4529 1597 4585 ordinem
1627 4541 1802 4594 tuum,
1829 4530 2035 4583 incum-

465 4635 574 4688 que
624 4622 857 4675 custodi.
896 4619 1055 4674 Defer
1100 4622 1390 4690 pmphetze,
1432 4632 1490 4675 ut
1525 4623 1788 4691 prcpheta
1835 4621 2037 4675 serviat

468 4712 589 4766 tibi.
624 4711 795 4780 Dilige
830 4714 1080 4781 mysteria
1121 4714 1233 4779 Dei,
1270 4722 1324 4764 ut
1356 4713 1553 4766 ameris
1584 4729 1611 4763 a
1645 4711 1882 4766 Christo.
1917 4708 2035 4766 Noli

469 4804 700 4873 aliquem
737 4805 1061 4859 contristare
1092 4803 1297 4869 illicite,
1332 4816 1422 4855 aut
1457 4804 1659 4871 iujusto
1689 4803 1810 4855 odio
1845 4818 2036 4869 prose-

470 4900 655 4968 quaris
688 4913 704 4955 :
736 4898 860 4968 quia
893 4900 1028 4953 sicnt
1066 4909 1120 4951 tu
1151 4897 1352 4953 Christi
1382 4912 1461 4961 es,
1512 4897 1591 4951 sic
1635 4906 1689 4951 et
1730 4897 1804 4951 illi
1836 4896 2035 4951 Christi

469 5001 640 5046 sunt:
674 4999 726 5045 et
761 5006 916 5044 neruo
948 4999 1139 5058 potens
1186 4999 1268 5044 est
1318 4989 1370 5041 in
1420 4989 1520 5041 hoc
1567 4988 1784 5054 saeculo,
1819 4988 1909 5056 qui
1944 4987 2037 5040 ali-

473 5099 634 5152 quem
663 5096 939 5136 servorum
963 5098 1182 5136 suorum
1214 5082 1333 5136 velit
1360 5083 1426 5135 ab
1456 5080 1575 5135 aliis
1598 5080 1926 5134 conculcari.
1956 5077 2038 5133 Tu

476 5177 592 5242 ipse
640 5190 876 5245 quoque,
915 5176 959 5229 si
1013 5174 1242 5229 libenter
1291 5175 1551 5243 accipias,
1599 5173 1739 5241 quod
1794 5171 2040 5226 dicturus

476 5284 619 5329 sum,
667 5277 980 5321 cunctorum
1016 5268 1233 5321 fatnulis
1268 5280 1487 5337 propter
1518 5282 1632 5328 eos,
1680 5264 1882 5334 quibus
1930 5279 2043 5318 ser-

478 5363 652 5427 viunt,
676 5365 934 5417 honorem
960 5361 1175 5417 defers:
1202 5371 1367 5432 atque
1404 5373 1849 5430 unumquemque
1885 5368 2047 5428 prout

479 5467 671 5526 puteus
720 5467 802 5511 est
854 5457 970 5527 ejus
1026 5458 1318 5519 Dominus,
1370 5454 1668 5509 veneraris.
1727 5452 1819 5505 Dic
1870 5450 2042 5515 mihi,

483 5564 701 5613 quaeso,
752 5548 874 5617 quis
929 5549 1096 5617 tnajor
1144 5556 1227 5602 est
1274 5545 1646 5601 Christo?aut
1696 5542 1782 5598 cui
1840 5552 2045 5597 tantum

484 5642 667 5703 debes,
717 5644 804 5709 qui
844 5656 940 5709 pro
976 5653 1026 5696 te
1062 5641 1374 5711 sanguinem
1408 5656 1563 5693 suum
1601 5637 1758 5704 ludit,
1791 5645 1842 5688 et
1872 5634 1960 5704 qui
1998 5645 2049 5688 to

2127 3075 2179 3119 te
2225 3075 2468 3119 creatum
2520 3066 2854 3118 sacerdotem
2889 3064 3104 3117 clericis
3153 3062 3514 3129 recognoscis,
3546 3062 3695 3114 labo-

2123 3170 2273 3210 rare
2300 3156 2482 3220 debes,
2516 3172 2583 3210 ne
2637 3156 2729 3209 tibi
2780 3168 2866 3209 tua
2904 3154 3142 3209 motnbra
3178 3154 3514 3222 displiceant,
3545 3169 3613 3206 ne
3641 3154 3690 3207 id

2125 3246 2271 3315 quod
2302 3246 2499 3299 Christi
2532 3255 2607 3299 est
2642 3246 2979 3314 reprobetur.
3030 3246 3122 3299 Sic
3157 3245 3298 3298 enim
3350 3243 3424 3296 ait
3455 3245 3688 3311 Apesto-

2127 3336 2255 3389 lus:
2307 3336 2581 3406 Numquid
2630 3347 2792 3404 potest
2847 3345 3005 3406 caput
3054 3334 3266 3399 pedibus
3315 3335 3536 3387 dicere:
3570 3332 3692 3389 Non

2128 3428 2365 3482 desidero
2397 3444 2553 3492 opera
2598 3421 2809 3480 vestra?
2841 3425 3010 3479 Unum
3041 3426 3179 3478 enim
3220 3442 3406 3491 corpus
3445 3435 3492 3478 et
3526 3424 3691 3478 multa

2131 3530 2255 3575 sunt
2286 3521 2517 3573 ntentbra
2562 3517 2612 3587 (1
2662 3517 2786 3573 Cor.
2823 3534 2917 3582 xu,
2950 3518 3043 3582 2t,
3076 3517 3187 3586 12).
3237 3517 3292 3569 Si
3328 3525 3380 3569 tu
3413 3526 3572 3585 caput
3609 3531 3691 3579 es,

2132 3612 2325 3681 pedum
2380 3610 2479 3664 tibi
2534 3609 2706 3663 ofﬁcia
2762 3609 3062 3663 necessaria
3114 3606 3585 3675 sunt:pertinere
3626 3607 3692 3659 ad

2133 3706 2392 3759 honorem
2440 3711 2589 3756 tuum
2640 3711 2801 3769 atque
2843 3704 2909 3753 ad
2954 3698 3315 3754 substantiam
3360 3697 3692 3767 corporalem

2132 3799 2313 3866 pedes.
2349 3794 2776 3865 ipse‘COgnoscis
2812 3809 2826 3847 :
2856 3794 2970 3846 sine
3000 3791 3107 3856 his,
3142 3800 3202 3845 ut
3247 3792 3360 3858 ipse
3390 3791 3555 3853 nosti,
3582 3805 3697 3844 am-

2133 3891 2318 3944 bulare
2350 3904 2452 3941 non
2489 3896 2665 3957 potes.
2701 3886 2761 3940 Ili
2798 3896 2849 3939 te
2882 3886 3169 3948 sustinent,
3214 3883 3268 3937 hi
3302 3893 3470 3937 totum
3501 3897 3699 3952 corpus

2132 3990 2478 4051 promovent,
2529 3981 2580 4033 bi
2635 3979 2875 4048 dirigunt
2911 3986 3094 4045 caput,
3130 3975 3183 4028 hi
3215 3974 3449 4044 primum
3500 3982 3551 4028 te
3584 3988 3704 4029 esse

2136 4073 2357 4128 facitmt.
2411 4070 2643 4126 Perditis
2686 4069 2790 4133 bis,
2818 4064 3187 4123 contemneris
3218 4082 3247 4119 a
3282 4065 3496 4120 cunctis
3534 4065 3705 4120 fideli-

2134 4165 2236 4221 bus
2269 4181 2284 4219 :
2315 4179 2379 4219 ac
2413 4163 2506 4219 tibi
2543 4163 2656 4232 ipse
2686 4160 2904 4217 odibilis
2940 4160 3134 4224 factus,
3178 4172 3417 4211 amaram
3449 4158 3614 4212 vitam
3646 4158 3701 4212 iu

2136 4257 2336 4313 sarculo
2363 4254 2684 4310 rctentabis.

2207 4350 2276 4403 11.
2310 4348 2387 4401 De
2430 4346 2659 4401 secundo
2692 4346 2861 4415 gradu
2909 4341 3180 4411 Ecclesiw,
3225 4345 3311 4415 qui
3346 4342 3702 4399 Ostinriorum

2135 4443 2262 4497 ordo
2309 4438 2804 4496 est—Secundus
2850 4436 3196 4492 osﬁariorum
3245 4436 3393 4488 locus
3445 4442 3559 4498 est,
3609 4432 3700 4502 qui

2134 4532 2315 4585 claves
2345 4529 2494 4600 regni
2541 4529 2799 4583 caelorum
2834 4534 3034 4589 tenent,
3066 4540 3183 4595 quae
3215 4524 3541 4594 patriarchis
3568 4523 3701 4577 dan-

2137 4634 2246 4684 tur,
2273 4624 2526 4692 quuniam
2558 4629 2797 4690 praesunt
2826 4618 2991 4688 portis
3024 4616 3344 4682 Jerusalem,
3374 4630 3535 4683 atque
3566 4616 3705 4669 inter

2136 4717 2336 4772 bonum
2367 4723 2422 4768 et
2452 4714 2648 4767 malum
2680 4712 2941 4766 habentes
2968 4709 3255 4781 judicium,
3283 4710 3532 4778 aperiunt
3560 4706 3701 4777 quod

2139 4824 2297 4864 nemo
2329 4806 2549 4870 claudit,
2579 4816 2632 4860 et
2670 4804 2927 4859 claudunt
2976 4803 3115 4871 quod
3165 4815 3323 4855 nemo
3354 4801 3546 4869 aperit.
3586 4797 3705 4853 Jam

2140 4902 2231 4956 hic
2275 4898 2624 4954 considerare
2675 4906 2725 4951 te
2777 4894 3057 4957 cnnvenit,
3092 4907 3211 4962 qua
3256 4892 3402 4946 circa
3452 4890 3707 4945 ostiarios

2141 4993 2235 5046 Dei
2266 4990 2423 5045 debet
2446 5003 2568 5043 esse
2595 4987 2893 5057 diligentia,
2926 4995 3127 5055 quanta
3161 4984 3243 5038 his
3267 4983 3521 5037 membris
3541 4992 3708 5050 atque

2142 5082 2332 5138 ciliciis
2365 5080 2664 5135 reverentia
2696 5092 2789 5148 per
2819 5086 2867 5130 te
2899 5074 3187 5131 deferenda
3220 5074 3311 5129 sit.
3343 5072 3547 5127 Intrare
3575 5083 3710 5125 tem-

2144 5177 2293 5246 plum
2323 5173 2427 5225 nisi
2463 5187 2557 5241 per
2591 5170 2687 5224 hos
2716 5185 2820 5223 non
2852 5179 3025 5237 potes.
3056 5164 3119 5219 lli
3147 5168 3289 5220 enim
3320 5174 3447 5218 sunt
3474 5163 3708 5217 ordinati

2146 5281 2240 5335 per
2274 5267 2416 5317 vices
2449 5277 2598 5326 suas,
2633 5269 2693 5315 ut
2725 5260 2904 5313 omnia
2934 5274 3053 5328 qua:
3084 5259 3230 5313 intus
3275 5267 3420 5319 sunt,
3450 5267 3711 5323 extraque

2146 5357 2478 5421 custodiant,
2514 5364 2676 5423 atque
2712 5350 2936 5423 perfecti
2969 5350 3021 5404 in
3053 5349 3324 5420 omnibus.
3346 5346 3528 5400 fideles
3572 5345 3709 5399 rcci-

2150 5450 2322 5517 piant,
2359 5453 2620 5514 respuant
2654 5441 2916 5497 infideles.

2224 5536 2310 5589 lll.
2345 5534 2417 5588 De
2451 5534 2600 5587 tertio
2640 5534 2804 5604 gradu
2839 5529 3108 5592 Ecclesiw,
3143 5529 3231 5598 qui
3279 5526 3550 5580 Lectorum
3584 5524 3711 5593 ordo

2150 5644 2246 5687 est.
2274 5659 2341 5674 —-
2365 5626 2579 5683 Tertius
2610 5629 2871 5681 lectorum
2903 5623 3037 5679 ordo
3065 5631 3167 5685 est,
3205 5622 3295 5689 qui
3336 5620 3463 5681 Deo,
3496 5616 3709 5670 Christo
