4054 6206
266 275 367 343 15⁸1

998 284 1366 346 EPISTOLA
1417 285 1566 348 Xil.
1619 287 1718 347 DE
1758 287 1864 347 VII
1913 286 2347 355 ORDINIBUS
2389 297 2799 361 ECCLESMI.

3425 296 3527 363 158

255 409 309 452 rt
358 399 642 469 praphetis
674 402 854 470 dator,
888 404 1182 458 secundum
1231 405 1377 473 quod
1424 405 1682 474 scriptum
1713 415 1840 462 est:
1870 405 1914 466 Δ
1946 411 2197 481 legimus,
2233 425 2438 482 septem
2466 418 2646 484 angeli
2683 417 3048 473 Ecclesiarum
3108 418 3297 485 (Apoc.
3329 433 3372 480 ι.
3405 422 3521 489 ω).

261 490 459 546 Exulto
499 507 674 547 vocem
710 504 880 557 tuam,
925 506 975 549 st
1022 497 1108 549 dic
1137 513 1157 552 :
1186 495 1367 551 Omnis
1395 512 1519 552 caro
1561 498 1760 566 fenum,
1788 507 1837 551 ct

255 586 432 638 omnis
481 587 654 653 gloria
701 587 925 642 hominis
973 590 1110 642 sicut
1145 589 1245 657 ﬂos
1283 588 1391 656 feni
1414 605 1433 643 :
1463 590 1605 642 aruit
1637 591 1834 668 fenum.

255 689 306 730 et
341 677 444 746 ﬂos
476 677 692 738 decidit.
719 679 928 733 verbum
958 690 1132 733 autem
1165 681 1378 735 Domini
1403 690 1580 735 manet
1607 683 1662 734 in
1689 690 1840 734 teter-

259 786 390 822 uum
425 769 567 836 (Isa.
617 787 707 830 ιι..
755 772 808 836 6,
859 772 910 831 7,
943 771 1018 840 8).
1067 772 1308 842 Denique
1350 772 1608 827 Dominus
1657 783 1840 827 noster

261 861 452 932 legens
490 863 542 916 iu
597 863 814 932 templo,
861 862 1089 917 formam
1142 866 1360 919 lectoris
1412 864 1724 930 assumpsit.
1777 862 1838 917 lli

261 967 392 1009 sunt
427 970 560 1021 ergo
605 956 857 1021 lectores,
890 957 983 1026 qui
1014 967 1236 1011 cantant
1280 961 1548 1011 canticum
1590 956 1755 1028 Moysi
1789 967 1842 1011 et

263 1049 402 1115 Δαιιί
438 1066 455 1114 ;
492 1051 545 1100 lii
589 1059 712 1102 sunt
754 1050 845 1120 qui
885 1061 1178 1120 sequuntur
1207 1050 1604 1104 immaculatum
1635 1049 1842 1118 Aqnnm

259 1157 591 1208 quorumque
617 1141 755 1199 ierit.
787 1141 877 1210 qui
911 1158 1027 1194 cum
1061 1141 1366 1195 mulieribus
1394 1158 1449 1195 sc
1477 1157 1578 1194 non
1608 1141 1844 1210 coinqui-

260 1244 543 1293 naverunt.
575 1235 801 1304 uirgines
830 1235 970 1287 enim
1014 1244 1137 1287 sunt
1172 1235 1358 1303 (Apoc.
1390 1247 1500 1294 xw,
1525 1233 1603 1297 ι).
1636 1231 1841 1286 Horum

262 1343 529 1381 numerus
573 1339 656 1380 est
703 1327 1010 1396 angelorum
1031 1338 1059 1389 ';
1093 1338 1145 1380 et
1182 1341 1374 1381 nomen
1419 1326 1594 1392 angeli
1641 1339 1844 1378 conve-

263 1421 482 1470 nie'vter
508 1421 776 1472 sacerdoti
811 1419 1122 1483 adaptatur,
1148 1417 1239 1486 qui
1263 1431 1434 1484 usque
1457 1417 1591 1471 adeo
1612 1415 1846 1484 teqnales

262 1510 359 1562 tibi
398 1521 525 1563 sunt
559 1525 656 1579 per
692 1511 806 1564 Ιτωο
848 1509 1019 1563 oiiicia
1055 1508 1380 1574 sanctitatis,
1409 1508 1550 1562 sicut
1581 1509 1844 1575 scriptum

259 1605 401 1674 legis
432 1621 448 1660 :
482 1605 740 1660 Sacerdos
775 1605 864 1672 qui
900 1605 963 1657 de
990 1619 1079 1658 ore
1120 1619 1213 1658 suo
1238 1603 1437 1673 profert
1474 1601 1763 1670 justitiam,
1798 1608 1846 1654 ct

259 1698 658 1764 exquircutibus
691 1699 975 1750 annuntiat
1017 1697 1304 1760 veritatem,
1351 1694 1564 1765 angelus
1609 1695 1849 1763 omnipo-

263 1793 422 1845 tentis
463 1789 557 1843 Dei
587 1798 662 1843 est
691 1789 950 1856 (Malaclt.
985 1805 1043 1855 tt,
1076 1791 1156 1858 7),

335 1881 429 1935 ιν.
469 1879 544 1934 Dc
571 1891 760 1950 quarto
783 1881 955 1951 gradu
987 1878 1240 1934 Ecclesite
1267 1881 1358 1949 qui
1385 1879 1843 1936 Subdiacanorunt

1874 1754 1922 1813 B

1947 503 1999 556 hi
2037 513 2163 558 sunt
2192 517 2397 574 septem
2421 509 2741 564 candelabra
2771 524 2960 572 aurea.
2987 510 3038 564 1ιί
3067 525 3226 564 voces
3252 511 3528 564 tonitrua-

1947 613 2068 652 rum
2104 636 2120 660 ,
2172 599 2227 653 In
2282 600 2336 653 in
2396 599 2814 655 similitudinem
2883 599 2995 656 Noe
3059 613 3527 658 sacramentorum

1942 690 2166 761 iustitia:
2191 706 2485 760 prarcones,
2519 707 2628 746 non
2657 693 2919 748 habentes
2950 695 3004 748 in
3025 709 3085 748 se
3123 695 3391 749 maculam
3435 706 3535 749 aut

1937 798 2136 852 rugam
2171 794 2375 852 :atque
2398 785 2449 837 in
2488 785 2782 839 candorem
2835 786 2970 839 lucis
3009 785 3205 846 effecti,
3264 787 3320 839 in
3377 790 3525 844 omni

1947 871 2113 926 lsrael
2145 873 2311 927 Deum
2339 873 2534 930 tvalent
2572 875 2902 942 prospicere,
2935 877 3051 942 puri
3093 876 3389 937 mentibus.
3415 879 3501 930 ani

1952 963 2141 1018 mabus
2170 964 2412 1030 candidi,
2465 965 2726 1019 virtutum
2777 966 3094 1034 Operationc
3140 969 3501 1032 praeclari,hu
3553 946 3576 1020 Γ

1952 1057 2183 1112 militate
2251 1058 2484 1127 prmditi.
2533 1060 2732 1125 quieti,
2783 1059 3035 1123 humiles.
3097 1060 3516 1128 evangelizanlco’

1951 1165 2160 1219 pacem,
2189 1149 2578 1204 annuntiantes
2605 1151 2768 1213 bona,
2797 1151 3174 1206 dissensiones
3203 1162 3258 1205 et
3305 1152 3451 1208 rixas
3477 1172 3517 1200 t':

1951 1242 2202 1298 scandala
2235 1251 2565 1302 resecantes.
2590 1242 2691 1296 soli
2731 1243 2838 1296 Deo
2868 1244 3265 1310 colloquentes.
3303 1243 3353 1296 in
3394 1255 3516 1297 ten.-

1953 1337 2040 1404 plo
2072 1335 2204 1388 nihil
2253 1335 2318 1387 de
2367 1335 2571 1387 mundo
2629 1332 2844 1398 penitus
2902 1333 3249 1401 cngitantes:
3285 1333 3514 1386 dicente:

1955 1430 2092 1498 patri
2123 1438 2178 1482 et
2209 1427 2390 1487 matri,
2413 1424 2530 1480 Non
2565 1425 2816 1480 novimus
2850 1440 2944 1479 vos
2973 1435 3063 1479 :et
3094 1425 3233 1478 lilios
3261 1439 3389 1478 suos
3423 1439 3530 1476 non

1955 1528 2313 1590 agnoscentes
2345 1517 2523 1583 (Deut.
2562 1515 2865 1584 xxsttt,9).
2894 1516 3138 1585 Denique
3181 1525 3236 1568 et
3280 1514 3432 1579 Levi,
3471 1521 3532 1566 ut

1956 1613 2218 1681 scriptum
2250 1610 2499 1679 legimus,
2525 1607 2882 1664 sacerdotalis
2915 1607 3089 1661 tribus
3150 1616 3254 1671 est,
3286 1615 3339 1659 et
3368 1614 3533 1671 caput

1955 1703 2198 1758 omnium
2228 1702 2572 1757 sacerdotum
2607 1716 2622 1754 :
2645 1699 2764 1754 sine
2783 1699 2887 1753 hoc
2914 1699 3172 1753 sacerdos
3201 1711 3400 1750 nomen
3422 1710 3530 1748 non

1951 1794 2130 1855 habet,
2155 1801 2333 1847 ortum
2385 1807 2490 1846 non
2542 1791 2726 1854 habet,
2753 1787 2990 1844 ofﬁcium
3050 1803 3154 1841 non
3209 1785 3412 1838 habet:
3447 1786 3534 1838 hic

1949 1888 2195 1942 minister
2227 1886 2321 1940 Dei
2346 1885 2568 1948 dicitur,
2602 1884 2730 1954 quia
2757 1880 3020 1950 scriptum
3077 1891 3202 1935 est:
3245 1877 3376 1944 Quis
3420 1893 3534 1930 ma.

265 1975 397 2027 ordo
449 1983 550 2029 cst.
577 2003 646 2014 —
669 1973 908 2040 Quartus
955 1973 1339 2028 ecclesiastica:
1385 1971 1756 2040 dispositionis
1791 1973 1842 2024 in
1937 1980 2032 2047 jor
2053 1987 2153 2040 est.
2179 1977 2267 2045 qui
2287 1976 2578 2035 ministrat.
2599 1991 2668 2028 an
2718 1973 2810 2044 qui
2848 1972 3185 2026 ministratur
3213 1968 3366 2038 (Luc.
3396 1981 3530 2031 sstt,

267 2067 605 2120 subdiacono
631 2077 717 2122 est
743 2067 903 2132 ordo,
933 2067 1023 2136 qui
1055 2067 1111 2120 io
1147 2067 1314 2122 Esdra
1347 2066 1633 2120 Nathiunei
1667 2065 1850 2134 appel-

268 2160 470 2221 lantur,
524 2159 577 2212 in
629 2159 934 2213 humilitate
983 2159 1212 2214 Domino
1255 2158 1579 2214 servientes.
1618 2157 1847 2222 Propter

269 2252 372 2306 hoc
421 2251 473 2305 in
507 2250 800 2322 Evangelio
826 2250 1056 2306 Joannis
1083 2251 1242 2308 Jesus
1274 2251 1340 2306 ad
1373 2249 1673 2306 Nathanael
1721 2250 1796 2303 ait
1829 2264 1846 2307 :

275 2339 410 2393 Ecce
449 2357 567 2393 rere
605 2339 884 2406 Israelita,
934 2341 990 2394 in
1038 2357 1140 2410 quo
1173 2341 1328 2395 dolus
1379 2357 1482 2395 non
1535 2349 1610 2393 est
1659 2339 1843 2407 (Joan.

271 2449 308 2492 ι,
348 2433 461 2496 47).
509 2431 606 2486 Cui
654 2433 982 2514 respondens
1009 2431 1306 2488 Natbanael
1353 2433 1534 2489 disit':
1568 2432 1840 2500 Magister,

274 2524 413 2578 unde
439 2541 521 2578 mc
547 2527 722 2578 nosti?
753 2525 814 2578 Et
844 2524 920 2577 ait
949 2522 1106 2580 Jesus
1137 2541 1154 2584 :
1178 2524 1468 2594 Antequam
1495 2523 1771 2592 Philippus
1803 2537 1849 2578 te

272 2627 524 2681 rocarct;
555 2634 670 2670 cum
706 2633 842 2672 esses
871 2619 965 2672 sub
996 2618 1100 2687 ﬁcu
1134 2619 1253 2672 novi
1287 2627 1336 2671 te
1363 2618 1522 2682 (Ibid.
1554 2616 1669 2683 l8).
1697 2615 1850 2682 Quod

273 2720 565 2776 propterea
601 2711 860 2776 scriptum
896 2719 1002 2771 est,
1033 2723 1090 2763 ut
1137 2719 1192 2764 tu
1237 2708 1353 2778 ejus
1397 2710 1570 2762 locum
1617 2707 1853 2776 disposi-

275 2805 595 2872 tionemque
644 2818 960 2873 cognoscas.
1010 2801 1302 2865 Propterea
1355 2802 1616 2857 Dominus
1667 2810 1853 2856 uoster

273 2893 502 2960 formam
529 2895 664 2947 servi
696 2895 982 2964 accipiens.
1011 2893 1307 2948 humiliavit
1335 2911 1388 2948 se
1421 2893 1678 2962 usquead
1711 2909 1852 2948 mor-

275 2997 406 3047 tem,
435 2995 656 3040 mortem
705 2997 880 3040 autem
925 2987 1093 3040 crucis
1125 2985 1382 3056 (Philipp.
1415 3001 1473 3047 tt,
1519 2984 1596 3056 8).
1629 2984 1855 3053 Propter

1945 2072 2036 2140 27)
2065 2070 2089 2124 ?
2123 2070 2186 2123 Et
2208 2068 2349 2122 sicut
2383 2069 2436 2120 in
2483 2067 2768 2123 sacerdote
2816 2064 3176 2124 consecratio.
3215 2062 3286 2116 ita
3323 2061 3375 2114 in
3430 2059 3535 2111 mi-

1950 2165 2122 2218 nistro
2162 2172 2246 2216 est
2295 2160 2623 2214 sacramenti
2687 2159 3046 2223 dispensatio.
3071 2155 3154 2210 illi
3183 2169 3367 2216 orare,
3404 2151 3533 2205 huic

1949 2258 2179 2326 psallere
2202 2255 2517 2311 mandatur.
2548 2254 2642 2310 ille
2663 2253 2839 2309 oblata
2873 2251 3201 2308 sanctiﬁcat.
3237 2251 3328 2303 hic
3362 2261 3534 2301 sancv

1952 2350 2156 2406 tilimta
2189 2350 2488 2417 dispensat.
2521 2347 2658 2416 ipsis
2714 2345 2878 2401 etiam
2909 2342 3284 2400 sacerdmibus
3315 2348 3536 2409 propter

1951 2443 2429 2514 praesumptionem
2467 2455 2574 2494 non
2607 2439 2732 2493 licet
2764 2439 2832 2492 de
2869 2450 3058 2490 mensa
3095 2431 3306 2487 Domini
3339 2430 3536 2485 tollere

1952 2539 2200 2600 calicem,
2233 2535 2335 2588 nisi
2359 2534 2441 2588 eis
2468 2534 2696 2587 traditus
2731 2529 2899 2584 fuerit
2939 2543 2968 2581 a
3001 2527 3273 2581 diacono:
3310 2532 3366 2578 nt
3397 2536 3539 2592 prae-

1951 2631 2181 2686 cedente
2203 2627 2510 2696 ministerio
2540 2623 2870 2688 sanctitatis,
2901 2619 3222 2674 humiliatus
3264 2615 3538 2686 paulisper

1954 2731 2076 2792 post
2099 2719 2589 2781 consecrationem,
2611 2717 2739 2772 dum
2761 2714 3016 2770 ministro
3041 2709 3398 2766 reverentiam
3441 2721 3538 2760 es-

1956 2813 2126 2876 hibet,
2158 2821 2417 2879 quantam
2445 2809 2752 2864 ministerio
2779 2807 2867 2860 Dei
2899 2804 3094 2859 debeat
3132 2809 3486 2872 recognoscat
3515 2815 3531 2852 τ

1956 2905 2029 2957 ita
2061 2903 2205 2957 enim
2229 2901 2370 2956 Deus
2391 2909 2573 2955 uoster
2596 2900 2944 2968 omnipotens
2968 2897 3222 2951 universa
3241 2891 3534 2963 disposuit.

1956 2997 2127 3064 utqui
2159 2995 2419 3061 majorem
2477 3007 2535 3047 se
2592 3006 2715 3046 esse
2770 2988 3086 3050 crediderit,
3116 2987 3292 3040 minor
3334 2985 3446 3039 sit:
3480 2996 3536 3036 et

277 3078 421 3144 (1ηοά
453 3094 668 3146 semper
716 3094 857 3146 genu
901 3076 1039 3134 “em
1083 3093 1243 3132 Orare
1291 3078 1631 3133 "laudamur.
1665 3076 1849 3132 Omnis
1880 3096 1920 3146 (ζ
1954 3085 2044 3152 qui
2076 3085 2350 3138 videretur
2371 3082 2570 3144 minor,
2595 3079 3091 3153 majoressisteret.
3113 3075 3354 3144 Denique
3373 3087 3532 3141 quam

279 3171 419 3223 enim
444 3172 534 3236 qui
575 3188 630 3224 sc
662 3171 930 3236 humiliat,
959 3168 1314 3234 multabitur;
1341 3180 1390 3224 et
1421 3171 1511 3240 qui
1541 3187 1596 3224 se
1625 3171 1850 3232 exultat,

281 3265 648 3317 miniiliabitur
681 3261 834 3329 (Luc.
870 3280 1022 3330 xvttt,
1058 3265 1168 3334 14).
1200 3267 1426 3334 Propter
1456 3266 1556 3319 hoc
1585 3263 1855 3335 Egyptus

284 3355 719 3424 competentibus
776 3355 947 3425 plagis
995 3358 1297 3425 percutitur
1341 3374 1369 3410 a
1422 3355 1675 3411 Domino.
1731 3355 1855 3412 Haec

283 3450 397 3500 dies
433 3435 783 3514 prolec:ionis
816 3464 880 3502 ex
928 3447 1181 3519 Egypto,
1228 3450 1426 3520 pascha
1474 3448 1684 3504 Domini
1719 3465 1857 3503 nun-

281 3550 540 3606 cupatnr;
594 3550 650 3595 ut
702 3541 828 3610 quia
884 3541 1080 3606 pascha
1135 3553 1372 3598 nostrum
1423 3541 1729 3596 immolatus
1778 3550 1857 3595 est

280 3633 520 3688 Christus
551 3632 600 3702 (1
636 3633 759 3688 Cor.
789 3651 844 3696 v,
874 3633 950 3697 7),
979 3635 1372 3702 plenitudinem
1413 3635 1580 3688 totius
1615 3633 1854 3703 mysterii

281 3737 448 3796 atque
499 3727 848 3789 sacramenti,
899 3727 953 3780 in
1004 3742 1185 3781 rerum
1231 3724 1420 3781 oliiciis
1468 3740 1854 3788 recognoscas,

283 3835 381 3873 nec
413 3833 507 3884 per
552 3821 917 3889 arrogantiam
955 3835 1064 3876 non
1116 3819 1417 3881 ferendam,
1448 3816 1718 3884 despicias
1763 3830 1858 3870 eos

285 3911 378 3978 qui
426 3920 517 3965 aut
567 3911 866 3966 oblationes
901 3913 952 3966 in
1009 3910 1209 3979 templo
1260 3909 1350 3964 Dei
1405 3909 1730 3976 suscipiunt,
1761 3915 1858 3960 aut

282 4014 617 4058 secretorum
663 4003 906 4058 omnium
957 4012 1144 4066 testes,
1192 4002 1482 4072 participes
1521 4002 1684 4057 etiam
1734 4016 1860 4068 pas-

283 4098 498 4151 sionum
535 4106 660 4150 sunt
695 4097 761 4150 "et
810 4105 1030 4150 caetera.
1079 4095 1140 4150 lli
1188 4095 1334 4149 enim
1387 4094 1546 4164 primi
1591 4093 1857 4147 desideria

286 4199 467 4240 nostra
501 4187 826 4252 suscipiunt.
870 4187 924 4242 hi
960 4187 1194 4256 probant
1224 4187 1278 4242 in
1315 4185 1470 4240 nobis
1499 4186 1732 4255 optimas
1765 4199 1862 4238 vo-

287 4284 549 4344 luntates,
582 4281 636 4335 hi
670 4281 959 4349 repudiant
992 4280 1187 4339 malas.
1223 4279 1276 4334 hi
1313 4289 1373 4335 ut
1403 4296 1431 4331 ιι
1465 4278 1574 4334 Deo
1601 4277 1862 4345 suscipia-

292 4388 436 4436 mur,
481 4373 764 4434 assistunt,
795 4386 1024 4439 quorum
1074 4371 1168 4424 tibi
1209 4370 1352 4424 sicut
1389 4368 1674 4424 visibiliter
1706 4368 1864 4438 mini-

289 4461 455 4516 steria
509 4464 704 4515 adesse
767 4460 1094 4528 cognoscis.
1143 4459 1239 4516 :ita
1309 4460 1470 4513 etiam
1521 4457 1863 4512 invisibiliter

288 4568 478 4621 pacem
531 4562 586 4606 et
620 4551 967 4607 concordiam
1021 4551 1210 4605 utilem
1261 4565 1383 4606 esse
1432 4549 1741 4620 perpende,
1793 4564 1865 4604 ne

286 4645 562 4701 coniicere
611 4660 811 4714 corpus
858 4643 1060 4700 Christi
1096 4659 1158 4697 ac
1196 4645 1515 4713 sanguinem
1569 4644 1710 4698 ultra
1758 4657 1864 4696 non

288 4738 486 4806 pOSs‘is,
517 4737 562 4791 si
594 4747 855 4792 venturus
883 4738 952 4790 ad
985 4736 1236 4792 altarium
1271 4735 1389 4803 Dei,
1415 4735 1674 4792 Ecclesiae
1699 4749 1869 4788 mem-

286 4829 386 4881 bra
421 4827 745 4895 neglexeris.

362 4920 432 4974 γ.
477 4919 552 4973 De
581 4921 762 4986 quinto
791 4920 964 4989 gradu
1002 4905 1275 4984 Ecclesiae,
1305 4920 1395 4990 qui
1423 4916 1728 4974 Levitarum
1777 4933 1870 4972 seu

285 5012 648 5068 Diaconorum
671 5012 800 5065 ordo
826 5023 924 5068 est.
947 5041 1016 5052 —-
1042 5011 1275 5078 Quintus
1305 5016 1356 5068 in
1384 5013 1706 5068 diacouibus
1735 5012 1870 5066 ordo

283 5103 620 5158 sacramenti
651 5114 770 5158 est:
803 5120 1032 5172 quarunt
1052 5121 1172 5158 sors
1192 5105 1335 5159 Deus
1361 5115 1468 5168 est,
1501 5106 1590 5171 qui
1619 5105 1871 5159 recedere

283 5198 352 5251 de
389 5198 592 5264 templo
629 5197 838 5253 Domini
877 5199 965 5256 die
1021 5215 1085 5254 ac
1152 5211 1312 5254 nocte
1352 5200 1738 5267 prohibentur,
1779 5200 1872 5268 qui

283 5290 540 5342 columna
576 5299 633 5344 et
663 5289 1075 5346 fundamentum
1108 5292 1356 5346 veritatis
1385 5301 1531 5355 sunt,
1566 5291 1655 5359 qui
1688 5289 1872 5343 Eccle-

283 5382 399 5433 aias
429 5378 523 5433 Dei
554 5383 848 5443 sustinent,
881 5383 970 5449 qui
1022 5383 1192 5438 altare
1235 5382 1435 5438 Christi
1489 5393 1640 5444 sttot,
1681 5383 1732 5435 in
1765 5397 1875 5451 quo

283 5470 665 5524 coniiciuntur
694 5486 1062 5537 sacramenta,
1099 5476 1154 5527 in
1205 5490 1313 5543 quo
1362 5474 1589 5528 oli'ertur
1645 5476 1872 5530 oblatio.

285 5563 432 5628 Quid
458 5579 590 5632 ergo
617 5565 670 5616 in
699 5565 901 5634 templo
933 5567 1048 5632 Dei,
1096 5578 1151 5620 ut
1177 5568 1289 5635 ipse
1311 5569 1474 5631 nosti,
1513 5569 1875 5622 venerabilius

288 5654 451 5706 altari
481 5669 608 5708 esse
633 5655 854 5723 potest?
883 5660 1006 5724 quis
1035 5674 1141 5712 non
1175 5674 1234 5712 se
1255 5660 1322 5712 ad
1357 5674 1602 5713 mensam
1649 5659 1862 5712 Domini

295 5757 622 5802 accessurus
647 5746 890 5808 humiliet
913 5748 936 5801 ?
965 5747 1029 5805 Ει
1061 5750 1110 5806 1ιὶ
1144 5760 1289 5815 sunt,
1315 5768 1453 5817 quos
1480 5755 1530 5804 in
1550 5753 1869 5824 Apocalypsi

1895 4425 1942 4483 D

1965 3179 2067 3232 hoc
2083 3192 2268 3229 verum
2301 3177 2391 3239 sit,
2421 3175 2534 3243 ipse
2560 3174 2852 3243 perpende.
2876 3169 3079 3225 Levita:
3109 3167 3349 3222 inierunt
3375 3165 3534 3217 obla-

1960 3271 2137 3324 tiones
2164 3269 2216 3323 in
2243 3268 2422 3322 altari.
2450 3267 2653 3320 Levita:
2672 3273 3007 3334 compommt
3033 3276 3271 3314 mensam
3302 3256 3532 3312 Domini.

1958 3362 2160 3416 Levitte
2185 3376 2306 3416 cum
2363 3359 2766 3423 sacerdotibus,
2798 3360 2926 3411 dum
2983 3361 3321 3411 sat-ramenta
3367 3348 3535 3404 benc-

1958 3457 2235 3521 dicuntur,
2265 3455 2550 3508 assistunt.
2589 3452 2794 3506 Levita:
2827 3461 2953 3504 ante
3011 3447 3326 3501 sacerdmes
3353 3453 3535 3500 orant.

1961 3558 2017 3603 ut
2063 3550 2107 3601 si
2158 3548 2431 3602 distinctio
2480 3548 2722 3600 locorum
2755 3544 2996 3598 creditur
3023 3542 3076 3594 in
3115 3537 3338 3601 mundo,
3367 3537 3534 3590 etiam

1963 3643 2017 3698 in
2042 3641 2194 3696 altari
2224 3640 2315 3694 Dei
2353 3640 2572 3692 videant
2604 3638 2705 3690 sibi
2746 3635 3010 3704 episcopi,
3044 3633 3088 3686 si
3116 3632 3333 3700 superbi
3387 3639 3536 3686 sunt,

1960 3737 2225 3790 diaconos
2257 3732 2534 3799 anteponi.
2557 3730 2612 3783 Si
2640 3729 2998 3782 humilitatem
3026 3725 3277 3793 diligunt,
3308 3721 3539 3788 majores

1961 3844 2020 3882 se
2053 3843 2175 3882 esse
2207 3827 2259 3879 in
2294 3840 2360 3878 eo
2388 3823 2533 3894 quod
2567 3832 2694 3876 sunt
2715 3820 2967 3885 humiles,
2997 3823 3351 3886 cognoscant.
3381 3810 3540 3866 Tunc.

1964 3920 2160 3974 deinde
2192 3927 2250 3972 ut
2283 3933 2446 3972 aures
2477 3915 2776 3971 habeamus
2831 3911 2895 3965 ad
2933 3910 3245 3972 Dominum,
3277 3907 3540 3959 diaconus

1963 4013 2248 4073 acclamat.
2302 4012 2416 4080 ipse
2460 4008 2740 4078 praedicat,
2780 4005 2896 4074 ipse
2935 4004 3206 4068 hortatur,
3239 4003 3355 4070 ipse
3385 4013 3538 4053 com-

1962 4115 2150 4160 monet
2176 4103 2482 4158 astantibus
2507 4099 2905 4161 sacerdotibus,
2935 4111 3002 4151 ne
3037 4093 3224 4150 leviter
3268 4093 3410 4146 hanc
3440 4106 3540 4144 vo-

1965 4210 2110 4256 cem,
2145 4209 2265 4262 qme
2298 4193 2560 4262 loquitur,
2597 4199 2652 4245 et
2703 4204 2889 4259 pacem
2950 4188 3256 4248 annuntiat,
3299 4193 3394 4238 aut
3439 4197 3540 4237 ne-

1963 4287 2228 4354 gligenter
2317 4284 2596 4352 aspicias,
2653 4292 2750 4336 aut
2819 4280 3285 4336 condemnandam
3360 4285 3540 4344 putes.

1969 4377 2176 4435 Suﬂicit
2226 4377 2354 4432 huic
2383 4376 2560 4432 ordini
2628 4382 2839 4427 tantum
2877 4388 2973 4440 per
3028 4370 3315 4424 Dominum
3368 4368 3542 4422 fuisse

1969 4485 2325 4533 concessum,
2364 4479 2422 4520 ut
2451 4483 2556 4521 non
2582 4466 2730 4521 solus
2750 4463 3006 4519 sacerdos
3033 4463 3086 4514 in
3125 4459 3328 4528 templo
3364 4468 3534 4512 totum

1965 4575 2126 4630 agere
2159 4569 2213 4616 et
2246 4559 2474 4626 implere
2509 4557 2779 4610 videatur.
2811 4552 2940 4622 Eget
2972 4553 3148 4608 oliicio
3179 4548 3393 4604 diaconi
3447 4563 3537 4601 sa-

1966 4657 2182 4717 cerdos,
2219 4651 2366 4707 sicut
2419 4659 2475 4703 et
2528 4646 2794 4701 diaconus
2856 4644 3161 4700 sacerdotis
3197 4659 3212 4696 :
3248 4656 3348 4696 nec
3392 4639 3548 4694 dives

1966 4743 2088 4798 sine
2119 4756 2376 4811 paupere,
2414 4753 2517 4794 nec
2550 4753 2758 4808 pauper
2806 4737 2926 4792 sine
2957 4736 3124 4789 divite
3171 4749 3296 4789 esse
3345 4741 3550 4802 potest.

1969 4833 2102 4890 Post
2125 4832 2592 4888 consecrationem
2609 4830 2754 4884 enim
2781 4829 3024 4882 omnium
3044 4837 3548 4887 sacramentorum,

1970 4936 2094 4997 post
2115 4927 2417 4992 orationes,
2439 4933 2564 4991 post
2583 4923 2930 4977 recitationes
2952 4922 3251 4982 nominum,
3276 4928 3395 4987 post
3431 4932 3548 4971 ono-

1973 5018 2057 5072 nia
2081 5016 2340 5086 mysteria
2359 5013 2869 5084 deitatis,pcrfectio
2889 5027 3077 5067 rursus
3094 5011 3300 5066 Levitis
3315 5011 3366 5063 in
3386 5007 3544 5061 altari

1973 5111 2156 5164 datur.
2185 5110 2480 5174 Diaconos,
2505 5118 2562 5162 ut
2581 5109 2835 5176 superius
2855 5108 2986 5171 dixi,
3011 5108 3236 5162 calicem
3263 5104 3452 5167 tradit,
3468 5113 3546 5155 te~

1974 5203 2075 5256 stis
2105 5200 2394 5270 passionis,
2424 5201 2578 5254 testis
2608 5199 3048 5269 dispensationis,
3084 5198 3235 5252 testis
3271 5194 3550 5248 humilita-

1975 5293 2141 5351 tis.ne
2159 5292 2334 5345 elatus
2356 5291 2408 5344 in
2429 5292 2744 5358 superbiam
2767 5291 2814 5345 is
2830 5293 2920 5359 qui
2942 5287 3297 5352 obtulit,uihil
3323 5302 3551 5354 sperati...

1977 5387 2101 5439 dum
2143 5385 2245 5439 sibi
2277 5401 2305 5437 τι
2339 5385 2566 5439 diacono
2592 5395 2965 5454 recognoscat.
2991 5383 3113 5437 ldeo
3135 5381 3320 5435 Levita
3346 5385 3398 5433 in
3419 5395 3520 5433 con

1977 5479 2285 5532 secratiooe
2319 5478 2595 5546 perlectus
2621 5485 2725 5536 cst.
2765 5492 2870 5532 nec
2887 5475 3156 5543 ultrajam
3193 5475 3337 5529 sicut
3377 5473 3551 5527 laicus

1981 5568 2336 5630 benedicitur,
2355 5568 2479 5636 quia
2503 5567 2798 5637 perlectam
2821 5570 2872 5620 in
2907 5582 2967 5620 se
2989 5566 3422 5634 haberejubetur
3442 5563 3550 5616 ου-

1982 5661 2112 5712 mini
2151 5660 2514 5714 sanctitatem.
2539 5660 2856 5727 Deniquecx
2911 5659 3162 5713 oumilms
3205 5658 3452 5714 tribubus
3496 5657 3550 5711 in

1981 5749 2107 5808 Jcsu
2126 5749 2268 5807 Nave
2290 5750 2431 5807 libro
2450 5749 2585 5820 (los.
2611 5758 2748 5819 χχι),
2769 5750 2966 5808 Levita:
2983 5748 3230 5807 civitates
3247 5749 3551 5822 accipiunt;
