4054 6206
482 294 586 356 159

1439 304 1500 366 s.
1539 303 1979 366 HIERONYMI
2020 306 2340 373 eranum
2379 300 2778 379 MANTISSA.

3614 322 3720 387 160

480 418 540 463 ιιι
567 417 621 463 tu
650 408 935 480 intelligas,
964 413 1168 469 nullum
1194 429 1315 470 esse
1331 414 1608 471 hominum
1632 433 1826 487 genus,
1851 417 2054 472 nullam
2090 428 2131 481 Α
2160 420 2358 478 Christi
2394 440 2456 481 ac
2477 429 2741 495 sanguine
2765 430 2905 482 inter
2943 444 3036 484 eos
3065 437 3120 484 et
3153 430 3437 499 episcopos
3462 434 3726 490 credenda

481 509 698 561 terram,
725 502 926 554 nullum
948 503 1363 564 locum.nullam
1386 518 1620 576 gentem,
1649 526 1770 576 qua:
1798 527 1904 565 non
1928 513 2053 566 huic

479 600 705 659 prepter
733 592 1022 648 Dominum
1058 598 1267 652 servire
1294 600 1569 668 iubeatur.
1608 600 1682 654 De
1713 602 1920 656 Levitis
1949 619 2048 656 au-

480 687 589 733 tem
619 681 858 738 decimas
889 684 1224 742 decimarum
1267 691 1541 757 accipiunt
1588 695 1918 760 sacerdotes,
1954 711 2052 750 nec

478 771 610 823 dare
641 773 792 834 ipsis,
826 776 921 827 sed
954 779 1197 841 accipere
1228 781 1572 835 mandantur.
1601 782 1749 836 Nunc.
1777 795 1952 839 autem
1985 804 2051 842 ex

481 877 587 924 quo
641 864 692 917 in
728 864 984 919 Ecclcstis
1036 871 1170 921 sit'tll
1210 872 1263 923 in
1308 870 1557 927 Romano
1607 876 1834 942 in'perio
1884 881 2049 932 crevit

483 967 600 1003 avra.
619 952 732 1013 ilia,
765 959 916 1019 periit
950 958 1034 1011 lea:
1054 962 1119 1013 de
1142 965 1434 1027 sacerdote,
1470 974 1517 1018 et
1548 967 1677 1019 visio
1707 967 1771 1020 de
1798 973 2052 1039 propheta

486 1043 701 1105 (Jerem.
739 1063 887 1103 xvm.
920 1051 1028 1105 i8).
1060 1051 1267 1118 Singuli
1292 1056 1495 1122 quique
1524 1072 1622 1124 pro
1650 1061 1887 1124 potentia
1927 1063 2052 1129 epi-

486 1139 718 1202 scopaiis
752 1143 1007 1207 nominis,
1037 1161 1198 1213 quam
1231 1148 1329 1199 sibi
1362 1149 1466 1216 ipsi
1491 1149 1684 1204 illicito
1717 1153 1920 1219 absque
1948 1154 2050 1208 Ec-

483 1228 645 1283 clesia
704 1233 1135 1299 vitulicaveruut,
1192 1246 1364 1291 totum
1407 1244 1549 1310 quod
1600 1243 1906 1299 Levitarum
1947 1259 2049 1316 est,

483 1320 538 1373 in
569 1336 699 1375 usus
726 1339 854 1379 suos
888 1328 1135 1395 redigunt
1162 1345 1176 1382 :
1206 1346 1274 1384 ne
1322 1333 1422 1385 boc
1451 1334 1555 1388 sibi
1581 1336 1725 1405 quod
1786 1338 2049 1407 scriptum

485 1419 569 1463 est
598 1410 895 1477 vindicant,
920 1416 1014 1470 sed
1058 1420 1268 1473 cunctis
1304 1420 1556 1476 auferunt
1597 1425 1864 1480 universa.
1899 1426 2050 1480 Men-

487 1499 635 1554 dicat
676 1503 859 1559 infelix
882 1506 1112 1564 clericus
1137 1512 1188 1563 in
1218 1512 1427 1578 plateis,
1453 1524 1505 1568 et
1533 1515 1676 1569 civili
1699 1531 1864 1584 opere
1891 1533 2051 1574 man-

487 1593 718 1659 cipatus.
763 1597 1031 1664 publicam
1062 1617 1092 1655 a
1120 1604 1359 1672 quolibet
1401 1607 1646 1675 deposcit
1693 1609 2003 1665 alimoniam
2034 1629 2051 1666 :

485 1693 540 1737 et
576 1687 789 1751 quidem
837 1705 902 1744 ex
953 1707 1017 1745 eo
1058 1694 1355 1761 despicitur
1383 1714 1414 1753 a
1471 1702 1682 1755 cunctis
1718 1706 2052 1758 sacerdotale

2161 514 2415 570 distantia
2442 528 2519 574 est
2545 528 2634 575 :et
2657 519 3057 576 Eucharistiam
3082 522 3190 592 jam
3219 524 3425 592 pridem
3454 541 3547 596 per
3575 541 3728 595 prcs-

2163 614 2386 682 byteros
2415 612 2783 679 bene-dictam,
2807 616 2849 671 si
2881 631 3008 671 usus
3036 618 3298 686 evegerit,
3350 618 3585 687 episcopi
3636 634 3729 671 ae-

2160 706 2342 774 cipere
2374 707 2591 770 debent,
2627 722 2689 762 ac
2723 723 2781 762 se
2833 707 3075 771 Christo,
3106 724 3169 761 ac
3222 708 3539 777 plenitudini
3605 709 3726 778 ejus

2159 798 2559 850 communicare
2589 814 2938 866 cognoscere.
2972 798 3103 853 Nam
3126 801 3170 853 si
3207 802 3330 869 quis
3362 803 3426 852 ad
3471 800 3724 865 iniuriam

2162 899 2397 950 revocet,
2426 901 2516 942 aut
2541 902 2689 959 putet
2718 906 2776 945 se
2807 893 3053 958 accipere
3088 908 3197 947 non
3263 893 3464 946 debere
3519 893 3731 945 Eucha-

2161 977 2396 1042 ristiam,
2453 996 2614 1049 quam
2680 984 2963 1053 presbyter
3021 984 3335 1039 benedixit:
3381 984 3428 1037 is
3484 984 3727 1053 proiecto

2160 1082 2446 1133 perversos
2473 1080 2574 1133 est,
2608 1077 2833 1128 credens
2871 1071 3152 1127 Dominum
3182 1074 3287 1126 duo
3346 1090 3570 1142 corpora
3626 1075 3719 1128 ba-

2161 1159 2381 1216 buisse:
2414 1178 2577 1218 unum
2606 1165 2798 1230 maius,
2829 1176 2881 1219 et
2928 1182 3090 1218 unum
3135 1165 3333 1220 minus.
3361 1165 3548 1235 Majus,
3582 1165 3725 1235 quod

2159 1251 2447 1321 episcopus
2506 1254 2766 1309 coniicit:
2817 1257 2961 1326 quod
3013 1256 3316 1327 presbyter,
3379 1258 3577 1312 minus.
3628 1255 3728 1310 ilic

2156 1341 2430 1399 Christum
2470 1346 2678 1411 dividit,
2711 1348 2868 1416 eique
2897 1347 3026 1403 facit
3080 1350 3357 1417 iniuriam.
3390 1349 3531 1417 Ergo
3586 1350 3726 1404 inter

2160 1434 2489 1504 baptismum
2530 1448 2581 1491 et
2618 1438 2949 1508 baptismum
2990 1449 3165 1508 potest
3199 1456 3321 1494 esse
3350 1440 3635 1507 distantia,
3663 1451 3723 1495 ut

2159 1509 2398 1580 sanctior
2420 1526 2709 1597 iudicetur,
2732 1546 2891 1598 quem
2916 1533 3209 1601 baptizavit
3233 1534 3533 1603 episcopus,
3563 1550 3724 1604 quam

2160 1618 2207 1672 is
2232 1634 2391 1685 quem
2417 1618 2596 1674 Levita
2625 1638 2639 1675 :
2672 1622 2810 1677 sicut
2837 1624 2889 1677 in
2919 1626 3140 1678 Actibus
3169 1627 3529 1693 apostolorum
3574 1625 3725 1691 legis,

2159 1710 2466 1763 eunuchum
2507 1725 2534 1764 τι
2592 1710 2838 1782 Philippo
2892 1714 3123 1769 diacono
3163 1715 3491 1783 baptizatum
3529 1714 3723 1777 fuisse.

485 1775 744 1843 ofﬁcium,
776 1783 901 1836 dum
927 1788 1299 1843 misericordia
1339 1791 1638 1856 desolatus.
1660 1796 1806 1863 jnste
1835 1806 2058 1864 putatur
2087 1773 2129 1827 Β
2162 1809 2217 1853 ιιι
2246 1802 2505 1870 scriptum
2543 1817 2627 1857 est
2659 1819 2674 1860 :
2711 1803 2843 1858 Ecce
2876 1822 3033 1875 aqua,
3072 1808 3186 1877 quis
3214 1807 3449 1877 prohibet
3479 1824 3554 1860 me
3597 1805 3727 1876 bap-

485 1869 553 1922 ad
589 1872 728 1927 hanc
756 1875 1101 1944 ignominiam
1151 1881 1455 1940 devenisse.
1491 1885 1620 1956 Eget
1649 1888 1699 1943 in
1741 1891 1866 1943 sede
1899 1906 2051 1959 pres-

491 1963 666 2032 byter,
698 1967 750 2020 in
804 1971 959 2025 altari
1008 1973 1192 2037 levita,
1230 1976 1281 2029 in
1318 1981 1613 2032 secretario
1665 1982 2051 2046 subdiaconus.

486 2057 785 2114 iniectione
811 2062 1064 2124 lector,et
1100 2068 1150 2118 in
1174 2070 1375 2136 templo
1397 2072 1673 2135 ostiarius,
1695 2073 1748 2126 in
1774 2076 2053 2141 sepultura

484 2147 747 2207 fossarius
776 2170 791 2208 :
828 2156 1135 2211 moriuntur
1162 2159 1321 2222 fante,
1359 2161 1449 2229 qui
1483 2163 1617 2217 alios
1653 2167 1882 2231 sepelire
1906 2185 2056 2221 man-

486 2240 977 2313 dantur:poscunt
1027 2250 1480 2317 misericordiam,
1510 2256 1598 2324 qui
1633 2257 1879 2311 misereri
1932 2259 2054 2314 aliis

485 2349 615 2390 sunt
649 2343 922 2410 praecepti.
958 2343 1023 2397 Et
1048 2343 1175 2398 dum
1201 2346 1301 2398 ista
1359 2348 1511 2406 ﬁunt.
1541 2351 1794 2404 sacerdos
1825 2352 1917 2419 qui
1949 2352 2053 2406 hoc

484 2443 591 2483 non
624 2430 833 2496 iecerit,
872 2434 1290 2492 condemnatur.
1347 2437 1505 2493 Solus
1552 2440 1776 2495 incubat
1823 2442 2049 2508 divitiis,

482 2524 632 2576 solus
666 2524 972 2578 ministerio
991 2529 1183 2589 utitur,
1214 2527 1360 2582 solus
1381 2531 1632 2584 universa
1662 2531 1765 2586 sibi
1792 2535 2049 2603 vindicat,

483 2612 632 2667 solus
651 2627 831 2684 partes
858 2619 1065 2672 invadit
1084 2620 1314 2686 alienas,
1342 2624 1489 2675 solus
1512 2626 1711 2679 occidit
1742 2630 2045 2685 universos.

481 2705 617 2760 Nam
654 2708 699 2761 si
730 2712 1023 2765 secundum
1056 2713 1267 2769 divinos
1295 2715 1459 2769 libros
1503 2720 1681 2770 omnia
1710 2719 2048 2776 iaceremus:

482 2812 586 2853 nec
619 2801 808 2857 deesse
859 2804 1156 2873 quidquam
1209 2807 1491 2861 visibiliter
1553 2820 1762 2879 poterat
1812 2818 2045 2881 eunetis,

482 2900 538 2946 et
557 2892 671 2946 sola
699 2895 750 2948 in
782 2894 983 2950 Christi
1005 2895 1246 2952 Ecclesia
1271 2903 1535 2955 sanctitas
1563 2902 1881 2960 abundaret.
1915 2908 2049 2964 iiiuc

481 2997 704 3055 propin
720 2988 1062 3043 sacerdotum
1092 2991 1370 3045 avaritiam
1395 2995 1514 3047 odia
1535 3009 1892 3062 consurgunt,
1924 3003 2049 3057 hinc

479 3079 720 3147 episcopi
763 3090 1094 3136 accusantur
1123 3095 1152 3134 a
1184 3083 1418 3145 clericis,
1443 3085 1571 3140 hinc
1620 3089 1924 3159 principum
1981 3094 2046 3146 Ii-
2074 3117 2120 3181 ε

480 3183 587 3236 tes,
615 3172 744 3226 hinc
784 3175 1178 3229 desolationum
1214 3191 1412 3237 causas.
1447 3177 1574 3232 hinc
1604 3180 1755 3248 origo
1777 3184 2044 3241 criminis.

481 3265 694 3320 Etenim
728 3267 771 3318 si
802 3268 1196 3334 unusquisque,
1234 3268 1303 3322 ita
1334 3270 1477 3323 hunc
1524 3275 1783 3325 mundum
1820 3276 2049 3332 Visiiiiii-

482 3369 566 3411 ter
587 3357 862 3426 possidere
885 3359 1192 3427 mandatur,
1227 3371 1289 3415 ut
1317 3376 1412 3415 sua
1445 3371 1652 3417 tantum
1706 3369 2051 3432 possessione

478 3459 766 3506 contentus
798 3450 888 3513 sit,
940 3465 1003 3505 ac
1060 3465 1148 3509 res
1192 3468 1301 3507 non
1370 3453 1587 3508 invadat
1650 3457 1904 3512 alienas:
1942 3474 2049 3514 nou

479 3557 666 3609 agrum
689 3545 911 3613 pauperi
938 3543 1107 3610 tollat,
1142 3545 1503 3605 nouvineam,
1534 3561 1641 3601 non
1678 3548 2050 3618 subiectorum

458 3635 721 3702 “aliquod,
751 3651 857 3689 non
890 3636 1141 3703 famulos,
1173 3651 1280 3691 non
1311 3637 1522 3693 fruetus
1552 3656 1567 3693 :
1601 3652 1806 3709 quanto
1879 3648 2052 3715 magis

477 3726 567 3792 qui
601 3722 855 3778 Ecclesia'
883 3723 978 3778 Dei
1012 3735 1227 3793 pra'est,
1250 3727 1408 3781 debet
1434 3729 1506 3782 ita
1533 3729 1584 3782 in
1634 3732 1891 3790 omnibus
1939 3751 2055 3790 scr-

477 3831 607 3870 vare
630 3816 920 3882 iustitiam,
950 3827 1010 3871 ut
1033 3818 1136 3872 sibi
1166 3819 1265 3872 hoc
1298 3827 1506 3875 tantum
1530 3820 1773 3879 vindicet
1798 3828 1941 3892 quod
1968 3831 2052 3884 sui

472 3908 614 3977 ju‘ris
642 3922 761 3962 esse
815 3910 1091 3977 cognoscit
1126 3911 1139 3963 ἰ
1191 3910 1379 3964 Aliena
1421 3928 1526 3966 non
1551 3915 1851 3985 contingat,
1879 3919 2052 3975 aliena

478 4016 585 4055 non
639 4002 837 4068 rapiat,
892 4000 1151 4063 aqualem
1220 4016 1278 4055 se
1312 4005 1522 4057 caeteris
1555 4005 1714 4060 iaciat
1761 4018 1859 4062 :et
1912 4012 2055 4065 sicut

476 4092 598 4146 sine
628 4092 715 4145 bis
744 4091 797 4144 in
832 4090 1071 4145 Ecclesia
1107 4106 1213 4145 non
1244 4092 1366 4150 fuit.
1402 4094 1473 4147 ita
1520 4104 1575 4150 et
1607 4098 1727 4151 sine
1755 4099 1841 4155 bis
1863 4100 1917 4155 in
1953 4102 2054 4157 Ec-

474 4184 656 4239 clesia:
687 4183 969 4237 ministerii
999 4184 1400 4252 dispensatione
1444 4203 1548 4242 non
1580 4192 1747 4247 vivat.
1780 4191 1962 4260 Certe,
1994 4207 2055 4251 ut

475 4267 595 4342 ipse
629 4272 797 4334 nosti,
834 4272 924 4339 qui
953 4272 1238 4326 visibiliter
1268 4276 1323 4327 in
1349 4275 1455 4330 hoc
1505 4281 1707 4333 rutundo
1732 4282 1822 4348 jus
1847 4284 2055 4341 invadit

476 4362 736 4425 alienum,
768 4368 1060 4414 accusatur
1086 4375 1118 4413 a
1148 4376 1408 4430 paupere,
1453 4365 1740 4423 damnatur
1774 4386 1803 4425 ε
1827 4372 2008 4442 judice
2036 4393 2052 4430 ε

2161 1889 2371 1945 tizari?
2403 1889 2542 1958 (Act.
2565 1909 2680 1956 vui,
2708 1893 2821 1963 56.)
2850 1894 2914 1948 Et
2975 1895 3061 1949 ille
3086 1898 3160 1949 ait
3198 1912 3212 1951 :
3244 1896 3415 1958 Nihil,
3444 1898 3490 1950 si
3532 1896 3726 1949 credis.

2162 1980 2323 2050 (Ibid.
2358 1983 2637 2049 57).Fides
2666 1988 2806 2040 enim
2860 1998 2938 2042 est
2980 2004 3099 2058 quae
3140 1989 3269 2043 iacit
3327 1990 3588 2042 mundum
3623 2005 3640 2049 ;
3673 1996 3726 2041 et

2161 2073 2286 2139 quia
2345 2089 2451 2128 non
2482 2086 2564 2130 est
2590 2076 2790 2142 dantis,
2842 2079 2937 2134 sed
2972 2081 3289 2149 accipientis
3321 2097 3337 2134 :
3371 2081 3449 2134 ita
3503 2081 3729 2135 creden-

2161 2164 2286 2217 dum
2321 2172 2402 2220 est
2434 2167 2485 2220 in
2514 2169 2659 2222 omni
2693 2169 2870 2222 anima
2910 2172 3230 2239 baptismum
3253 2174 3377 2226 esse
3405 2171 3725 2240 perfectum,

2161 2252 2214 2307 iu
2239 2256 2385 2309 omni
2425 2258 2713 2314 sacerdote
2741 2275 2937 2330 corpus
2962 2260 3168 2316 Christi
3225 2277 3346 2317 esse
3405 2261 3727 2333 perfectum.

2159 2346 2259 2411 Qui
2292 2362 2397 2401 non
2459 2351 2823 2405 communicat
2854 2351 3206 2407 Eucbaristiae
3260 2355 3723 2425 presbyterorum,

2162 2452 2266 2488 non
2299 2440 2658 2494 communicat
2709 2440 2977 2504 Christo;
3019 2460 3115 2497 nec
3163 2443 3558 2499 Eucharistiam
3612 2446 3727 2513 ipse

2158 2525 2451 2594 benedicit,
2488 2531 2613 2597 quia
2653 2531 2705 2586 iu
2740 2547 2808 2587 eo
2845 2535 2897 2588 in
2932 2533 3286 2603 qnojudicat,
3310 2536 3724 2598 condemnatur,

2159 2630 2320 2688 atque
2360 2621 2412 2675 in
2442 2621 2849 2678 similitudinem
2878 2622 3031 2680 ludas
3071 2626 3349 2680 traditoris
3372 2629 3594 2681 tradens
3619 2626 3725 2681 Do-

2157 2712 2383 2775 minum,
2421 2714 2567 2768 nullo
2628 2727 2873 2785 cogente,
2915 2717 3031 2787 ipse
3064 2719 3166 2773 sibi
3217 2720 3380 2773 infert
3430 2736 3627 2775 manus
3662 2736 3726 2776 ac

2155 2804 2450 2871 suspendio
2479 2808 2638 2875 perit,
2665 2807 2790 2877 quia
2812 2811 3061 2877 superbia
3084 2822 3271 2880 peccat
3302 2812 3355 2866 in
3389 2811 3578 2869 Deum.
3609 2813 3720 2869 Nec

2155 2913 2256 2966 ego
2294 2900 2414 2954 dico
2462 2902 2821 2969 praesentibus
2886 2903 3162 2971 episcopis
3211 2913 3378 2973 atque
3426 2906 3726 2961 astantibus

2153 2989 2330 3050 altari,
2358 2991 2700 3061 presbyteros
2716 3006 2872 3061 posse
2901 3006 3238 3050 sacramenta
3294 2998 3581 3051 coniicere.
3617 2995 3724 3054 Sed

2153 3079 2199 3132 si
2227 3077 2368 3135 forte
2397 3095 2528 3135 usus
2581 3082 2843 3152 exegerit,
2890 3094 2947 3137 ut
2986 3083 3265 3138 venientes
3314 3084 3380 3137 ad
3436 3086 3723 3139 ecclesiam

2154 3174 2464 3227 sacerdotes
2489 3173 2690 3228 eisdem
2721 3174 2891 3237 boris,
2921 3176 3117 3245 quibus
3146 3186 3238 3230 aut
3284 3172 3495 3231 oblatio'
3538 3188 3725 3247 parata

2154 3278 2261 3319 non
2294 3264 2388 3326 sit,
2430 3274 2523 3318 aut
2547 3280 2652 3319 non
2684 3268 2855 3336 possit
2878 3266 3086 3330 oﬁ‘erri,
3126 3283 3229 3321 non
3268 3269 3465 3323 debere
3512 3271 3723 3338 episco-

2154 3370 2280 3423 putn
2345 3356 2635 3423 repudiare
2682 3358 3085 3413 Eucharistiam
3148 3360 3619 3431 presbyterorum,
3674 3359 3722 3413 si

2152 3457 2390 3515 ponatur
2434 3446 2500 3501 in
2556 3449 2739 3515 altari,
2794 3464 2956 3519 quam
3006 3450 3180 3519 accipi
3234 3458 3444 3518 oportet
3503 3462 3726 3519 propter

2152 3537 2457 3613 Christum,
2494 3541 2748 3608 quoniam
2779 3555 2976 3608 corpus
2997 3541 3196 3597 Christi
3240 3555 3347 3602 est.
3383 3543 3527 3597 sicut
3580 3544 3723 3598 scri-

2156 3639 2306 3698 ptum
2343 3639 2467 3686 est:
2499 3628 2597 3684 Vos
2618 3632 2755 3684 enim
2792 3633 2913 3686 estis
2944 3648 3133 3702 corpus
3175 3630 3373 3686 Christi
3406 3643 3454 3688 et
3492 3634 3725 3687 membra

2162 3738 2229 3777 ea:
2275 3733 2428 3789 parte
2478 3722 2534 3794 (1
2566 3724 2690 3778 Cor.
2728 3740 2823 3788 su,
2864 3725 2979 3792 27).
3013 3725 3260 3779 Charitas
3307 3729 3444 3780 enim
3497 3730 3725 3794 cooperit

2155 3815 2545 3868 multitudinem
2576 3826 2904 3881 peccatorum
2936 3815 2986 3885 (1
3012 3815 3156 3870 Petr.
3184 3817 3349 3882 Iv,8).
3372 3816 3552 3884 Fides,
3584 3833 3726 3884 spes,

2156 3908 2410 3973 charitas,
2443 3908 2545 3960 tria
2567 3907 2697 3970 hac,
2730 3913 2905 3976 major
2951 3908 3030 3960 his
3079 3917 3153 3961 est
3192 3908 3444 3962 charitas.
3477 3908 3727 3963 Charitas

2154 3996 2357 4062 patiens
2381 4005 2480 4060 est,
2512 3997 2733 4066 benigna
2762 4009 2860 4062 est,
2895 4014 2996 4050 non
3018 3998 3321 4059 a’malatur,
3348 4014 3449 4052 non
3479 3998 3723 4066 inﬂatur,

2157 4103 2260 4140 non
2284 4104 2552 4156 perperam
2583 4091 2690 4159 agit
2727 4091 2947 4145 :omnia
3007 4089 3195 4153 credit,
3231 4091 3409 4144 omnia
3454 4094 3723 4147 sustinet:

2158 4179 2390 4233 charitas
2418 4195 2686 4250 nunquam
2714 4180 2909 4234 excidit
2958 4179 3008 4247 (1
3039 4180 3159 4233 Cor.
3199 4194 3317 4244 xm,
3355 4181 3479 4245 4.7,
3517 4180 3571 4243 8,
3612 4184 3724 4251 1'5.)

2158 4272 2225 4327 Et
2256 4275 2384 4343 quia
2436 4275 2699 4343 scriptum
2734 4282 2820 4327 est
2878 4271 3227 4343 :Pmbyteri
3277 4273 3473 4344 duplici
3526 4275 3726 4329 honore

2158 4367 2500 4433 honorentur,
2529 4368 2754 4421 maxime
2792 4366 2881 4435 qui
2929 4366 3174 4421 laborant
3208 4369 3261 4421 in
3308 4369 3460 4422 verba
3514 4368 3727 4423 Domini

473 4455 545 4509 ita
577 4463 631 4509 et
665 4452 719 4508 in
759 4453 999 4507 Ecclesia
1038 4451 1132 4507 Dei
1187 4469 1309 4507 cum
1362 4458 1733 4531 unusquisque
1774 4465 2042 4532 stipendia
2077 4457 2169 4527 D(
2203 4456 2232 4511 Ι
2272 4457 2411 4512 Tim.
2447 4474 2498 4526 ν,
2559 4458 2697 4527 17)ιτ
2735 4457 3029 4528 praedicare
3084 4473 3179 4513 cos
3233 4460 3406 4522 decet,
3460 4462 3592 4514 utile
3638 4471 3726 4516 cst

468 4560 570 4601 sua
602 4546 797 4614 perdit,
831 4544 1027 4599 clamat
1055 4547 1120 4600 ad
1164 4543 1354 4609 Deum,
1391 4550 1680 4606 exauditur
1741 4568 1770 4607 a
1802 4555 2040 4623 Christo,

472 4654 571 4692 nec
600 4637 848 4692 differtur
881 4641 933 4689 in
967 4637 1067 4692 hac
1092 4648 1245 4707 parte.
1279 4639 1501 4695 ultionis
1544 4647 1833 4710 sententia,
1864 4652 2040 4704 sinon

474 4730 779 4784 redduntur
807 4729 1088 4784 universa.
1124 4729 1422 4786 Moderatio
1465 4732 1610 4785 enim
1648 4733 1763 4798 Dei,
1826 4753 2038 4806 preces,

471 4838 535 4873 ac,
569 4822 741 4873 solum
777 4828 1021 4873 nostrum
1057 4821 1288 4873 reditum
1351 4822 1563 4889 qua-rit,
1597 4839 1662 4878 ac
1709 4842 1806 4882 nos
1855 4832 2041 4895 qum-ir

470 4928 566 4967 sua
591 4912 830 4967 bonitate
886 4911 1118 4966 salvare.
1155 4911 1261 4967 Sed
1307 4913 1353 4965 si
1399 4930 1505 4967 non
1570 4921 1961 4983 convertimur,
1994 4923 2041 4976 si

467 5004 587 5059 duri
617 5004 783 5057 corde
806 5016 1016 5062 sumus.
1059 5001 1102 5055 si
1137 5003 1192 5055 in
1245 5003 1482 5070 peccatis
1499 5020 1668 5072 usque
1701 5007 1767 5061 ad
1814 5021 2041 5065 mortem

466 5095 651 5150 illicito
674 5094 1033 5164 perduramus
1069 5110 1084 5150 :
1107 5093 1330 5149 Assidue
1344 5098 1601 5166 peccanti,
1625 5097 1764 5152 sicut
1780 5103 2040 5170 scriptum

466 5199 567 5252 est,
607 5188 747 5241 Deus
775 5204 879 5241 non
898 5188 1194 5241 miseretur.

543 5278 628 5334 VI.
665 5281 741 5335 De
764 5293 909 5334 sexto
934 5280 1105 5347 gradu
1137 5279 1406 5344 Ecclesia.
1438 5282 1528 5346 qui
1551 5284 1880 5336 sacerdotum
1911 5287 2041 5341 ordo

465 5381 565 5426 est.
596 5400 666 5412 —
699 5371 897 5427 Sestus
933 5373 1208 5426 seniorum
1239 5375 1373 5425 ordo
1399 5383 1483 5427 est
1525 5373 1615 5440 qui
1666 5375 2042 5432 sacerdotibus

471 5462 660 5529 datur,
692 5465 781 5532 qui
816 5462 1119 5534 presbyteri
1151 5463 1432 5528 dicuntur,
1463 5464 1557 5532 qui
1582 5477 1815 5532 praesunt
1850 5465 2041 5524 Eccle-

466 5554 564 5608 size
600 5554 714 5619 Dei,
751 5566 803 5607 et
855 5554 1057 5610 Christi
1113 5562 1453 5608 sacramenta
1487 5555 1802 5609 coniiciunt.
1832 5555 1895 5610 Hi
1948 5572 2042 5613 su-

472 5658 580 5700 tem
622 5645 676 5700 in
704 5645 1077 5702 benedictione
1113 5659 1236 5700 cum
1290 5643 1559 5713 eg‘iscopis
1602 5655 1883 5702 consortes
1940 5650 2042 5705 mi-

471 5738 822 5796 nisteriorum
890 5747 1038 5793 sunt.
1085 5734 1236 5793 Nulh
1304 5734 1360 5792 in
1412 5735 1747 5794 conﬁciendo
1813 5753 2040 5810 corpore

2153 4550 2497 4615 benedicere,
2521 4563 2819 4620 congruum
2845 4549 3191 4613 conﬁrmare,
3216 4551 3470 4602 convenit
3495 4551 3726 4605 reddere

2152 4640 2609 4704 communionem,
2644 4653 2867 4695 necesse
2887 4650 2970 4693 est
3006 4639 3226 4694 visitare
3250 4640 3516 4705 inﬁrmos,
3563 4654 3723 4694 orare

2148 4748 2248 4802 pro
2308 4732 2580 4794 invalidis,
2619 4740 2780 4800 atque
2812 4730 2993 4783 omnia
3028 4728 3124 4784 Dei
3186 4740 3527 4785 sacramenta
3573 4746 3727 4786 com-

2150 4825 2318 4895 plere,
2356 4825 2658 4892 praesertim
2683 4838 2803 4877 cum
2833 4824 2884 4876 in
2918 4819 3144 4876 Oriente
3184 4838 3306 4877 eam
3363 4825 3724 4878 consuetudi-

2152 4933 2273 4972 nem
2313 4928 2366 4972 et
2395 4919 2446 4971 in
2480 4915 2711 4986 Illyrico,
2736 4927 2790 4970 et
2830 4914 2882 4969 in
2910 4910 3080 4974 Italia.
3120 4925 3282 4982 atque
3314 4915 3365 4969 in
3401 4913 3581 4968 Africa
3600 4931 3723 4969 em-

2151 5008 2312 5060 nihus
2335 5007 2388 5060 in
2430 5006 2587 5067 locis,
2627 5003 2963 5072 temporibus
3008 5003 3374 5071 apostolorum
3408 5003 3575 5058 fuisse
3606 5018 3726 5057 ma-

2149 5098 2400 5152 nifestum
2441 5098 2532 5152 sit.
2564 5095 2636 5150 Ac
2687 5095 2800 5150 sola
2841 5104 3064 5165 propter
3099 5096 3475 5149 auctoritatem
3508 5111 3723 5151 summo

2148 5191 2413 5247 sacerdoti
2444 5190 2771 5245 clericorum
2803 5189 3099 5252 ordinatio,
3140 5199 3195 5243 et
3217 5190 3484 5258 virginum
3526 5205 3724 5245 conse-

2147 5284 2321 5339 cratio
2356 5295 2631 5337 reservata
2661 5283 2753 5347 sit,
2783 5296 2907 5335 cum
2942 5283 3195 5347 basilicas,
3227 5282 3415 5337 altatis
3448 5290 3503 5336 ct
3534 5284 3716 5338 chris-

2150 5375 2310 5431 matis
2354 5374 2714 5437 dedicatione,
2757 5374 2839 5427 vel
2889 5375 3337 5439 sanctiﬁcatione,
3362 5390 3431 5429 ne
3465 5392 3493 5430 ι
3532 5376 3720 5431 multis

2148 5465 2432 5534 disciplina
2466 5464 2724 5519 Ecclesia:
2750 5464 3021 5518 vindicata
3068 5467 3415 5520 concordiam
3467 5466 3723 5520 sacerdo—

2148 5564 2258 5610 tum
2286 5555 2544 5620 solveret,
2593 5553 2852 5608 scandala
2890 5563 3195 5625 generaret.
3238 5555 3463 5623 Propter
3516 5557 3618 5608 bon
3659 5564 3719 5609 et

2147 5660 2317 5715 nuper
2337 5643 2662 5714 episcopalis
2674 5644 2873 5702 electio
2897 5648 2963 5702 ad
2989 5647 3461 5716 nietrOpolitanum
3486 5647 3718 5701 remisse

2147 5748 2232 5796 est
2260 5752 2276 5795 :
2306 5747 2514 5794 etcum
2545 5736 2674 5794 huic
2704 5751 2916 5794 summa
2944 5738 3105 5795 datur
3129 5750 3391 5809 potestas,
3424 5737 3547 5793 aliis
3592 5734 3717 5792 adi-
