4056 6200
260 316 357 383 liii

996 321 1370 382 EPISTOLA
1415 324 1556 387 XII.
1614 327 1711 387 DE
1757 329 1867 389 Vll
1921 330 2353 392 ORDINIBUS
2400 330 2799 394 ECCLESUE.

3420 333 3524 399 162

257 435 433 490 mitur
456 435 574 488 haec
602 432 854 500 facultas,
888 447 942 488 et
968 435 1237 505 incipiunt
1256 437 1420 492 etiam
1444 441 1643 495 summi
1669 456 1851 498 sacer-
1878 454 1925 507 Α
1960 444 2106 499 hunc
2137 460 2255 499 esse
2283 445 2484 507 locum,
2512 459 2673 514 quem
2696 446 3066 515 episcopatum
3092 458 3252 501 vocat
3271 446 3294 499 Ἰ
3312 448 3372 503 Et
3406 433 3548 507 alibi.

257 525 419 580 dotes
458 526 593 595 pati,
629 540 738 579 non
777 540 839 579 ex
881 525 1028 595 jure.
1058 527 1153 581 sed
1189 542 1254 580 ex
1303 532 1633 586 necessitate
1685 532 1850 587 alium

258 620 631 672 Sacerdotem.
656 616 832 672 Nemo
861 619 988 673 hinc
1020 621 1403 689 episcoporum
1431 622 1635 676 invidia
1669 625 1854 678 diabo-

259 710 385 764 lica:
408 712 729 765 teiitutionis
762 708 979 763 inﬂatus
1011 712 1264 765 irascitur
1298 715 1349 765 in
1380 715 1601 780 templo,
1623 716 1665 767 si
1702 732 1847 785 pres-

260 803 439 872 byteri
468 802 744 857 interdum
784 806 1144 856 exhortantur
1170 806 1406 873 plebem,
1439 808 1483 860 si
1521 808 1571 858 in
1605 810 1854 862 ecclesiis

260 897 592 965 prmdicent,
617 898 664 951 si
689 896 957 964 plebibus.
984 910 1039 949 ut
1066 898 1336 966 scriptnin
1358 908 1463 964 est,
1492 901 1850 956 benedicant:

261 989 468 1043 etenim
524 989 785 1042 abnuenti
822 989 954 1041 milii
995 989 1095 1042 ista
1140 991 1222 1044 sic
1253 991 1451 1054 dicam,
1487 993 1576 1060 qui
1610 1007 1718 1046 non
1744 993 1856 1046 viilt

260 1081 618 1151 presbyteros
654 1078 836 1134 facere
868 1080 1271 1149 quzejubeiitur
1297 1098 1326 1136 a
1373 1080 1506 1144 Deo,
1538 1082 1706 1151 dicat,
1731 1084 1855 1153 quis

262 1172 443 1241 major
505 1183 589 1225 est
640 1171 918 1227 Christo?
954 1182 1049 1225 aut
1114 1173 1242 1240 quid
1305 1175 1525 1244 corpori
1575 1176 1716 1244 ejus,
1765 1185 1857 1229 aut

260 1265 519 1335 sanguini
544 1266 746 1334 poterit
796 1265 1057 1334 anteponi
1088 1265 1110 1319 i
1140 1264 1198 1319 Si
1253 1271 1534 1337 presbyter
1580 1269 1854 1323 Christum

260 1368 573 1419 causecrat,
596 1374 724 1413 cum
755 1358 810 1412 in
832 1359 1027 1411 altario
1054 1356 1147 1412 Dei
1169 1369 1515 1414 sacramenta
1544 1361 1811 1413 benedicit
1837 1374 1853 1414 :

262 1449 594 1505 benedicere
618 1465 820 1519 popuo
854 1466 960 1503 non
1007 1450 1190 1514 debet,
1222 1451 1312 1519 qui
1366 1452 1645 1505 Christum
1691 1451 1855 1504 etiam

262 1544 467 1597 meruit
504 1558 835 1597 consecrare
860 1541 884 1595 ?
906 1539 1159 1613 Virgines
1187 1544 1351 1596 etiam
1406 1545 1520 1603 Dei.
1560 1545 1684 1599 liCi-t
1716 1546 1857 1614 Apo.

258 1636 435 1690 talus
468 1635 617 1688 dicat
649 1650 666 1691 :
695 1633 767 1688 De
795 1635 1081 1704 virginibus
1124 1644 1441 1703 proruptum
1482 1634 1692 1691 Domini
1755 1652 1859 1689 non

257 1724 425 1780 habeo
453 1724 503 1797 (1
538 1724 666 1781 Cor.
700 1741 797 1790 vn,
829 1726 921 1797 25)
954 1743 970 1783 :
1005 1736 1189 1782 tamen
1212 1728 1314 1782 hoc
1344 1731 1465 1782 ratii
1490 1744 1556 1784 ne
1600 1729 1854 1790 faciente,

1958 538 2024 588 ad
2057 533 2402 590 Timotheum
2432 538 2747 606 episcorinin
2786 553 2800 590 :
2834 535 3073 604 Prwcipe
3115 538 3226 590 hrec
3273 552 3319 592 et
3353 542 3477 596 doce
3515 557 3537 596 :

1957 643 2107 680 nemo
2138 628 2545 682 adolescentiam
2583 641 2730 701 tuam
2757 639 3079 693 contemnat,
3105 630 3195 683 sed
3224 630 3396 699 [οηιιιι
3429 646 3539 687 esto

1955 720 2196 788 ﬁdelium
2226 723 2277 774 in
2307 738 2566 783 sermone,
2604 724 2656 776 in
2705 723 3119 789 conversatione,
3154 728 3206 777 in
3253 725 3537 791 cliuritate,

1956 810 2011 863 in
2028 812 2153 877 fide,
2192 817 2244 865 in
2266 813 2509 866 castitate
2537 813 2587 884 (I
2623 813 2757 867 Tini.
2792 801 2880 878 tv,
2906 816 3019 884 12),
3042 830 3093 869 ει
3128 828 3347 872 caetera.
3369 818 3532 875 Intel-

1957 902 2225 972 ligisergo
2252 905 2304 958 in
2331 908 2648 974 presbytero
2693 920 2964 960 summam
3025 910 3316 964 sacerdotii
3370 913 3541 967 collo-

1957 996 2123 1049 cari?
2163 996 2378 1051 Etalibi
2429 1000 2496 1050 ad
2547 1000 2779 1064 majores
2837 1008 3013 1054 natu:
3060 1000 3166 1065 Qui
3228 1017 3314 1057 ros
3367 1007 3541 1071 posuit

1956 1088 2224 1157 episcopos
2254 1104 2430 1159 regere
2463 1087 2764 1143 Ecclesium
2793 1106 2948 1143 suam
2985 1092 3246 1160 Philippis
3279 1096 3417 1156 (Act.
3446 1112 3542 1160 xx,

1957 1177 2073 1240 28).
2111 1179 2272 1233 Certe
2309 1194 2414 1232 una
2449 1179 2778 1235 Mecedoniai
2817 1183 3014 1235 civitas
3060 1174 3154 1235 est
3188 1202 3200 1236 :
3231 1194 3285 1236 et
3318 1200 3440 1238 ciiiii
3466 1187 3540 1243 ibi

1961 1268 2159 1325 Paulus
2200 1271 2476 1341 episeopis
2515 1283 2568 1326 et
2598 1272 2915 1328 diaconibiis
2972 1274 3212 1344 scripsit,
3250 1276 3379 1344 quid
3434 1277 3541 1330 nisi

1959 1377 2052 1417 eos
2075 1363 2166 1431 qui
2199 1374 2439 1431 praesunt
2473 1364 2796 1433 presbyteri,
2829 1366 3118 1435 episcOpos
3148 1364 3347 1420 vocat?
3381 1365 3545 1420 Deni-

1958 1467 2067 1523 que
2092 1461 2146 1506 et
2172 1454 2449 1522 apostolus
2484 1453 2724 1508 Joannes
2751 1455 3038 1524 episcopus
3072 1457 3264 1510 scribit
3294 1472 3309 1511 :
3348 1457 3541 1513 Senior

1958 1544 2135 1597 electa:
2170 1548 2396 1598 domina:
2418 1561 2575 1615 quam
2614 1547 2777 1616 diligo
2810 1546 2865 1600 in
2896 1547 3112 1602 veritate
3142 1545 3226 1616 (ΙΙ
3267 1546 3429 1603 Joau.
3468 1552 3536 1618 ι).

1959 1634 2003 1690 Ν
2025 1653 2096 1690 im
2124 1639 2407 1707 presbyter
2428 1640 2604 1691 aetatis
2633 1648 2717 1691 est
2748 1653 2965 1705 nomen,
2992 1640 3281 1707 episcopus
3309 1642 3543 1709 dignita-

1964 1729 2033 1780 tis
2066 1742 2082 1791 ;
2122 1728 2375 1781 Salomon
2413 1743 2630 1797 quoque
2663 1729 2777 1784 ait:
2816 1727 3125 1799 Presbytero
3158 1731 3379 1783 humilia
3424 1735 3542 1783 ani-

258 1820 307 1874 ci
340 1833 477 1872 usus
515 1820 788 1889 exegerit,
824 1834 924 1889 per
953 1835 1075 1873 eum
1105 1820 1377 1885 benedici,
1401 1822 1444 1875 si
1492 1836 1717 1877 necesse
1745 1833 1849 1888 cst,
1887 1807 1928 1861 Β
1958 1835 2098 1872 niam
2134 1828 2277 1872 tuum
2311 1818 2503 1889 (Eccli.
2540 1836 2615 1885 iv,
2666 1820 2742 1890 7).
2779 1819 2885 1875 Sed
2930 1827 3166 1875 oderunt
3197 1823 3298 1877 hoc
3354 1837 3540 1876 sacer-

263 1911 619 1966 manilestuui
656 1911 891 1981 estzqui
920 1911 1092 1967 Maria
1146 1923 1321 1969 mater
1370 1914 1585 1969 Domini
1623 1914 1852 1984 Christi,

263 2017 427 2057 soror
453 2011 539 2057 est
590 2003 886 2072 virginum,
916 2014 970 2059 et
1002 2004 1348 2061 Eucharistia
1382 2007 1585 2062 Christi
1617 2017 1699 2062 est
1727 2023 1853 2063 cor-

263 2110 391 2165 pus,
432 2106 488 2148 et
516 2094 699 2150 minor
735 2092 904 2149 Maria
952 2111 1113 2165 quam
1162 2096 1426 2152 Dominus
1457 2114 1473 2152 :
1509 2110 1687 2154 tamen
1730 2114 1854 2155 crc-

263 2190 506 2242 deiidum
529 2198 619 2243 est
656 2189 856 2241 summi
908 2190 1208 2245 sacerdotis
1247 2191 1477 2259 judicio,
1522 2203 1574 2244 et
1638 2194 1737 2245 lioc
1770 2193 1855 2247 la-

260 2280 527 2334 ciendmn
562 2265 725 2350 quod.
759 2279 989 2350 jusserit
1048 2282 1197 2335 circa
1258 2281 1427 2337 laicus
1460 2290 1519 2336 et
1571 2284 1850 2338 mulieres.

259 2369 597 2427 lubentibus
649 2373 801 2427 vobis
859 2374 1217 2442 iniustissime
1275 2375 1673 2440 sacci-deibus,
1743 2393 1849 2429 non

261 2472 416 2519 recte
442 2470 735 2534 presbyter
783 2462 877 2519 Dei
916 2465 1308 2520 benedictionis
1357 2466 1535 2534 perdit
1593 2466 1851 2532 oﬂicium,

261 2559 475 2611 amittit
502 2558 702 2626 linguae
720 2570 880 2625 opus,
911 2571 1018 2608 non
1044 2555 1209 2609 habet
1237 2556 1620 2610 conﬁdentiam
1655 2559 1854 2626 prasdi-

260 2650 424 2700 cand‘i
446 2665 461 2700 :
486 2657 776 2700 truncatus
792 2660 873 2700 est
891 2648 1037 2699 omni
1061 2660 1216 2714 parte
1239 2647 1516 2710 virtutum,
1540 2647 1709 2700 solum
1728 2662 1854 2715 prc-

260 2737 469 2807 sbyteri
492 2752 691 2791 nomen
712 2739 892 2800 habet,
915 2737 1305 2806 plenitudinem
1340 2751 1404 2790 ac
1433 2735 1850 2807 perfectionem,

259 2846 383 2901 qua:
409 2832 821 2886 censet-rationi
841 2834 960 2900 ejus
981 2834 1264 2900 competit,
1293 2845 1400 2885 non
1432 2842 1685 2885 retentat.
1719 2830 1853 2897 Quis

262 2922 376 2986 hic,
411 2937 570 2989 rogo.
600 2938 633 2973 n
660 2922 994 2986 sacerdows,
1018 2922 1191 2974 honor
1223 2930 1400 2976 vester
1424 2928 1527 2985 est,
1571 2930 1630 2975 ut
1654 2925 1851 2975 damna

264 3016 527 3087 gregibus
554 3014 810 3069 inieratis
841 3014 866 3066 ?
900 3029 1161 3085 quoniam
1213 3029 1334 3067 cum
1382 3014 1694 3082 pastoribus
1757 3028 1855 3084 per

265 3107 573 3177 potentiam
609 3118 841 3162 vestram
875 3107 1119 3161 aulertur
1176 3104 1287 3160 Deo
1340 3100 1498 3176 digna
1548 3105 1848 3176 diligentia,

263 3207 583 3270 contagium
607 3202 878 3271 quoddam
903 3199 1457 3256 etcalaniitascrescit
1480 3199 1532 3253 in
1556 3202 1847 3271 gregibus:

265 3308 332 3349 ac
368 3294 483 3348 Deo
506 3304 719 3354 nostro,
744 3310 852 3348 non
881 3294 1186 3363 patrimonii
1221 3294 1301 3348 sui
1337 3294 1529 3349 damna
1577 3296 1853 3365 conquiri-

269 3390 364 3452 tis,
393 3390 526 3442 dum
550 3388 653 3441 soli
685 3387 844 3441 vultis
874 3388 926 3441 iu
971 3386 1231 3441 Erclesiis
1262 3393 1527 3458 potentar‘i
1559 3387 1583 3440 Ἰ
1609 3388 1852 3459 Denique

267 3490 325 3534 et
358 3479 683 3536 chrismatis
707 3496 770 3534 ea
807 3482 946 3535 ratio
972 3490 1076 3546 est,
1106 3491 1268 3550 atque
1304 3481 1393 3535 hic
1423 3482 1556 3536 ordo
1583 3481 1853 3549 legitimus
1890 3549 1896 3553 η

264 3576 651 3637 coiisecrandi,
680 3574 1013 3641 baptizatum
1034 3572 1325 3629 Dominum
1340 3582 1393 3628 ct
1415 3575 1466 3631 iii
1491 3574 1852 3630 similitudine

264 3668 539 3722 columbae
570 3669 622 3721 iu
642 3669 825 3738 specie
854 3668 1165 3722 chrismatis
1186 3683 1217 3721 a
1240 3666 1401 3723 Patre
1439 3680 1657 3723 unctqu
1685 3669 1854 3726 fuisse

267 3759 622 3816 manifestum
653 3770 759 3824 est,
809 3777 873 3815 ac
929 3760 1208 3830 plenitudo
1265 3765 1617 3827 sacramenti,
1654 3778 1853 3831 corpus

260 3852 383 3923 ejus
410 3862 468 3906 et
523 3851 750 3921 sanguis
783 3860 1054 3915 ostensus.
1090 3849 1224 3917 Quae
1271 3867 1394 3906 cuin
1448 3851 1646 3908 offerre
1700 3852 1849 3919 licet,

260 3954 429 3997 etiam
469 3944 704 4012 reliqua,
738 3958 858 4012 qua:
903 3945 956 3996 iii
992 3958 1058 3997 eo
1103 3953 1230 3997 snnt
1261 3958 1604 4006 consecrare.
1637 3947 1763 4014 quia
1795 3947 1851 3999 in

261 4036 473 4091 Christo
498 4038 669 4089 omnis
697 4036 967 4104 plenitudo
993 4036 1286 4091 divinitatis
1313 4038 1658 4107 corporaliter
1698 4036 1853 4093 [iubi-

264 4141 342 4184 tat
373 4130 606 4196 (ϐαίνω.
649 4144 707 4194 ιι,
736 4130 814 4200 9).
846 4130 1158 4201 Presbyteri
1194 4147 1346 4201 ergo,
1382 4132 1428 4186 si
1478 4146 1703 4189 necesse
1747 4145 1849 4200 est,

264 4234 500 4293 possunt
558 4224 796 4279 chrisma
843 4224 1133 4291 coniicere,
1183 4225 1308 4294 quia
1355 4224 1409 4278 in
1458 4240 1686 4295 corpore
1735 4227 1854 4297 ejus

264 4316 510 4370 chrisma
540 4325 643 4371 est.
686 4315 960 4386 Siquidem
991 4318 1104 4371 hac
1154 4318 1339 4384 regula
1375 4318 1536 4371 etiam
1575 4335 1717 4376 nunc
1741 4335 1856 4381 ser-

266 4420 431 4461 vatur
460 4427 489 4461 a
525 4406 792 4475 plurimis,
830 4420 993 4477 atque
1031 4412 1081 4460 in
1113 4407 1359 4463 ccilesiis
1391 4410 1573 4463 multis
1621 4411 1701 4467 sic
1751 4415 1852 4467 ista

1957 1912 2110 1965 dotes
2141 1913 2360 1981 superbi
2409 1912 2466 1966 in
2521 1913 2856 1981 presbyteris
2920 1926 3144 1979 nomen,
3197 1927 3288 1981 qni
3347 1916 3540 1967 nolunt

1955 2017 2078 2058 esse
2107 2003 2208 2058 hoc
2239 2004 2383 2072 qUod
2415 2003 2688 2069 Christus,
2719 2005 2809 2071 qui
2838 2004 3230 2072 discipulorum
3264 2010 3427 2072 pedes
3458 2007 3541 2058 la-

1957 2099 2055 2164 vit,
2086 2098 2178 2168 qni
2225 2099 2529 2165 baptizatus
2559 2108 2642 2152 est
2673 2114 2702 2150 a
2736 2097 2962 2162 Joanne,
2996 2100 3120 2152 lii-et
3150 2098 3534 2165 baptizandiiui

1956 2205 2016 2246 se
2045 2191 2285 2245 Joannes
2315 2206 2345 2245 a
2389 2190 2623 2245 Domino
2663 2191 3046 2260 proclamaret.
3087 2191 3378 2259 PrOpterea
3422 2193 3537 2247 haec

1955 2284 2159 2348 scribo,
2196 2295 2254 2336 ιιι
2285 2283 2330 2336 si
2382 2284 2639 2352 praeteriti
2672 2284 2933 2352 temporis
2986 2297 3141 2336 error
3194 2297 3300 2335 non
3355 2293 3536 2348 potest

1949 2378 2062 2449 jam
2094 2378 2353 2443 revocari,
2383 2379 2467 2433 vel
2522 2377 2588 2430 ad
2627 2392 2862 2445 praesens
2891 2375 2943 2430 in
2995 2375 3245 2431 ecclesiis
3285 2385 3538 2430 servetur

1957 2470 2257 2535 humilitas,
2288 2479 2347 2523 tit
2377 2470 2676 2538 presbyteri
2702 2468 2807 2522 hoc
2832 2468 2885 2521 iii
2916 2468 3167 2523 ecclesiis
3196 2468 3311 2521 suis
3332 2467 3535 2521 faciant
3578 2497 3603 2508 ς

1956 2565 2099 2630 quod
2126 2564 2333 2625 Romae,
2361 2546 2475 2615 sit'e
2507 2563 2653 2630 quod
2681 2562 2734 2614 in
2783 2558 3028 2621 Oriente,
3069 2562 3210 2627 quod
3244 2559 3295 2611 iii
3355 2558 3534 2624 italia,
3560 2586 3611 2602 κ

1955 2654 2097 2723 quod
2131 2654 2183 2706 in
2214 2653 2396 2715 Creta,
2425 2654 2567 2723 quod
2592 2655 2642 2705 in
2663 2650 2866 2722 Cypro.
2893 2651 3039 2719 quod
3070 2650 3124 2705 in
3156 2650 3363 2711 Africa,
3390 2659 3534 2718 quod

1954 2746 2009 2797 in
2043 2744 2277 2815 Illyrico,
2311 2746 2454 2813 quod
2519 2744 2571 2795 in
2620 2741 2904 2809 Hispania,
2932 2741 3075 2811 quod
3135 2744 3186 2794 in
3230 2740 3532 2800 Britannia.

1953 2836 2098 2907 quod
2128 2838 2293 2891 etiam
2318 2851 2383 2888 ex
2420 2844 2572 2904 parte
2595 2849 2688 2904 per
2722 2832 2945 2897 Gallias,
2977 2834 3120 2902 quod
3163 2832 3217 2886 in
3277 2833 3537 2887 amnibus

1954 2928 2092 2983 locis
2124 2928 2212 2981 ubi
2239 2927 2517 2981 humilitas
2570 2934 2907 2996 perseverat,
2943 2927 3088 2996 quod
3137 2926 3191 2979 in
3236 2928 3393 2980 ccelis
3448 2926 3535 2986 lit.

1955 3023 2098 3091 quod
2127 3021 2300 3090 majus
2318 3031 2433 3085 .est,
2464 3020 2550 3075 ubi
2587 3024 2744 3074 sedes
2774 3034 2962 3073 eorum
2992 3019 3125 3088 legis
3174 3033 3295 3073 esse
3350 3020 3538 3089 dispo-

1954 3114 2109 3177 sitas,
2134 3120 2194 3166 ut
2222 3122 2440 3165 terrena
2475 3120 2814 3177 contemnas,
2845 3123 2901 3163 ιιι
2926 3111 3061 3164 nihil
3100 3111 3197 3163 tibi
3229 3116 3295 3164 de
3345 3115 3532 3168 mundi

1958 3203 2115 3257 istius
2143 3201 2557 3256 conversatione
2591 3215 2909 3270 prmsumas.
2952 3199 3181 3270 Respice
3227 3200 3529 3259 Jerusalem

1958 3304 2185 3359 matrem
2216 3294 2459 3349 omnium
2508 3305 2824 3347 sanctorum
2873 3302 3122 3346 ornatam
3186 3296 3531 3363 patriarcliis,

1954 3388 2257 3457 prophetis,
2289 3386 2546 3455 apostolis
2588 3398 2639 3439 et
2672 3386 2879 3457 angelis
2931 3387 3020 3440 Dei
3050 3402 3067 3440 :
3098 3385 3274 3457 ipsius
3301 3402 3534 3443 coosue-

1959 3484 2198 3534 tudinem
2212 3494 2457 3549 sequere,
2480 3482 2650 3549 ipsius
2661 3488 3000 3533 sacramenta
3018 3482 3246 3534 custodi.
3274 3479 3418 3535 Nihil
3435 3482 3531 3537 tibi

1956 3575 2028 3628 sit
2048 3588 2339 3628 commune
2369 3589 2492 3628 cum
2513 3574 2854 3643 caeteris,qui
2894 3588 3132 3629 errorem
3164 3591 3320 3630 suum
3343 3576 3531 3630 illicita

1954 3665 2380 3734 praesumptione
2413 3665 2732 3728 defendunt,
2764 3676 2817 3719 et
2872 3668 3284 3721 consuetudinis
3343 3666 3534 3720 dicunt

1954 3771 2077 3813 esse
2103 3758 2245 3826 quod
2273 3758 2382 3809 voti
2409 3765 2515 3811 est.
2540 3756 2675 3810 Nam
2708 3757 2753 3809 si
2778 3758 2975 3827 aliquis
3005 3768 3246 3811 nostrum
3266 3759 3530 3827 praeteriti

1957 3850 2214 3918 temporis
2238 3849 2686 3904 consuetudinem
2715 3850 2887 3918 possit
2909 3863 3226 3919 agnoscere,
3243 3852 3527 3919 probarem

1958 3943 2049 3997 tibi
2074 3942 2179 3996 hoc
2207 3944 2351 4012 quod
2387 3940 2682 4011 loquor.ab
2714 3940 2869 3995 initio
2898 3955 3133 4011 semper.
3153 3958 3277 3996 cum
3296 3943 3529 4012 apostoli

1956 4034 2334 4102 pradicarent,
2387 4034 2443 4086 in
2468 4033 2714 4087 ecclesiis
2749 4031 2918 4086 luisse
2947 4045 3218 4087 servatum
3240 4073 3256 4097 ,
3296 4043 3358 4086 et
3384 4042 3531 4102 post-

1958 4128 2172 4180 modum
2193 4126 2314 4180 odio
2330 4125 2669 4195 singulorum
2718 4124 2903 4178 vitiata
2950 4125 3154 4192 aliqua,
3188 4124 3368 4192 aliqua
3390 4140 3532 4195 prte-

1955 4226 2191 4285 suinpta.
2225 4216 2330 4271 Sed
2360 4218 2885 4286 nemo‘damnandus
2930 4223 3016 4269 est
3038 4254 3051 4277 ,
3086 4231 3245 4269 nemo
3272 4215 3529 4283 judican-

1956 4307 2082 4377 dua,
2118 4311 2227 4363 imo
2264 4325 2458 4365 omnes
2482 4310 2537 4363 in
2581 4309 2993 4363 mansuetudine
3031 4318 3087 4363 et
3113 4310 3381 4362 charitate
3418 4309 3534 4376 κρῆ·

1959 4404 2094 4455 ritus
2116 4400 2308 4472 Uiuri.
2334 4409 2471 4453 tacet
2489 4397 2741 4471 spiritus]
2770 4399 3152 4469 amplectendi,
3180 4408 3240 4453 ut
3272 4401 3400 4454 dum
3433 4415 3532 4455 no-

266 4500 483 4555 factum
513 4512 531 4552 :
568 4510 748 4551 tamen
774 4515 905 4552 mett-
944 4503 1043 4552 hoc
1061 4501 1199 4554 Scito
1228 4516 1352 4555 esse
1380 4502 1688 4567 sententiae,
1716 4503 1847 4557 nulli
1881 4514 1924 4569 ο
1959 4494 2165 4548 hiscum
2211 4493 2470 4547 bonitatis
2522 4490 2727 4547 Christi
2786 4488 3137 4545 fundamenta
3171 4503 3531 4561 cognoscunt,

264 4594 532 4661 episcopo
565 4604 731 4658 super
761 4590 865 4646 hoc
919 4590 1174 4660 injuriani
1218 4607 1342 4646 esse
1389 4591 1716 4659 faciendam,
1751 4609 1850 4649 nec

266 4684 445 4751 legem
470 4702 499 4735 a
529 4698 616 4738 me
656 4682 1028 4752 opperiendam
1058 4696 1181 4738 esse
1215 4683 1287 4747 ei,
1325 4683 1416 4752 qui
1466 4684 1550 4740 lex
1584 4696 1668 4739 est
1696 4700 1848 4754 pres-

268 4776 467 4846 byteri.
507 4775 591 4829 Ab
655 4774 833 4843 initio,
864 4785 923 4829 ut
962 4774 1210 4844 legimus,
1266 4777 1603 4848 negotiorum
1640 4777 1852 4847 judices

266 4883 395 4923 esse
425 4869 669 4923 mandati
691 4881 822 4923 sunt
847 4869 1174 4939 presbyteri,
1204 4868 1466 4923 interesse
1508 4872 1850 4925 sacerdotum

266 4961 525 5018 ωωιιιυ.
555 4959 826 5027 Quoniam
878 4971 931 5014 et
973 4960 1074 5030 ipsi
1128 4960 1454 5032 presbyteri,
1488 4974 1545 5015 nt
1595 4962 1848 5032 legimus,

265 5054 514 5124 episcopi
576 5062 988 5122 nuncupantur,
1017 5053 1319 5107 secundum
1383 5054 1530 5122 quod
1587 5055 1850 5123 scriptum

264 5158 353 5201 est
386 5146 459 5199 ad
490 5142 673 5199 Titum
701 5162 715 5198 :
750 5141 926 5211 Huius
955 5146 1030 5199 rei
1051 5147 1227 5216 gratia
1256 5144 1443 5215 reliqui
1467 5157 1516 5199 te
1555 5144 1726 5201 Cretae
1750 5163 1769 5201 :
1796 5156 1851 5200 ut

265 5258 327 5294 ea
351 5254 473 5308 quae
531 5237 715 5291 desunt
768 5238 1017 5307 corrigas,
1047 5247 1097 5291 et
1148 5240 1441 5293 constituas
1491 5254 1584 5309 per
1619 5240 1852 5296 civitates

266 5333 625 5402 presbyteros,
668 5330 1111 5401 quemadmodum
1145 5347 1239 5400 ego
1291 5331 1383 5384 tibi
1439 5330 1680 5403 disposui
1714 5332 1848 5405 (Tit.

269 5441 309 5493 i,
340 5422 424 5493 5),
452 5432 510 5478 et
544 5434 766 5476 cetera.
794 5421 958 5477 Vides
970 5437 1100 5492 ergo
1125 5421 1500 5494 presbyterum
1540 5426 1851 5494 episcopum

264 5517 403 5581 dici,
430 5526 489 5571 et
514 5516 745 5586 apostoli
780 5515 933 5570 Pauli
964 5531 1088 5572 esse
1121 5519 1444 5571 sententiam
1479 5515 1589 5571 iEt
1624 5517 1752 5572 alibi
1783 5520 1851 5573 ad

266 5604 622 5664 Timotheum
649 5608 717 5663 de
743 5608 1004 5664 Ecclesia»
1034 5607 1226 5663 ordine
1263 5624 1278 5662 :
1305 5603 1523 5677 Oportet
1542 5611 1842 5680 episcopum

266 5698 779 5773 irrepreliensibilcm
847 5716 959 5754 esse
996 5696 1048 5771 (I
1103 5698 1243 5754 Tim.
1276 5716 1360 5765 iit,
1418 5700 1493 5771 2),
1524 5713 1579 5756 et
1635 5716 1848 5760 caetera.

268 5793 438 5851 Vides
469 5807 602 5864 ergo
640 5791 726 5849 hic
762 5791 1067 5865 presbyteri
1092 5807 1196 5847 ιιοιι
1219 5790 1333 5847 ﬁeri
1365 5801 1722 5862 mentionem,
1756 5796 1851 5851 scil

1959 4590 2025 4639 ad
2077 4586 2366 4640 a-dilicium
2406 4586 2497 4639 Dei
2524 4594 2825 4655 Spontanea
2863 4585 3140 4639 voluntate
3173 4587 3530 4650 conveniant,

1961 4691 2019 4733 ut
2047 4681 2101 4733 in
2135 4679 2373 4734 culmine
2397 4680 2583 4749 templi
2623 4680 2903 4732 uobiscum
2940 4691 3165 4731 manere
3192 4690 3527 4733 mereantur.

2036 4769 2145 4825 VII.
2178 4768 2257 4823 De
2286 4772 2510 4841 septimo
2537 4776 2588 4823 et
2612 4767 2878 4840 pra‘cipuo
2903 4768 3072 4837 gradu
3117 4764 3387 4832 Ecclesia,
3444 4769 3534 4841 qui

1959 4863 2088 4917 ordo
2124 4862 2474 4933 Episcopalis,
2506 4877 2596 4916 seu
2624 4862 3003 4930 Episioporuni
3032 4870 3130 4916 est.
3156 4890 3223 4900 —
3259 4862 3539 4924 Septimus

1960 4972 2145 5011 :lll'cm
2178 4957 2231 5010 in
2267 4957 2353 5011 his
2401 4957 2856 5025 dispositionibus
2889 4958 3220 5026 episcopalis
3248 4955 3383 5009 ordo
3425 4966 3531 5016 est,

1958 5059 2013 5103 et
2040 5049 2149 5121 qui
2169 5051 2377 5119 primus
2402 5060 2456 5103 et
2487 5064 2569 5117 per
2582 5047 2828 5104 {ectasin
2865 5060 3081 5105 cunctis
3107 5059 3212 5110 est,
3232 5047 3325 5117 qui
3357 5048 3533 5100 emiti-

1958 5145 2217 5214 potentia:
2257 5140 2377 5207 Dei,
2415 5152 2471 5197 et
2506 5144 2559 5196 in
2604 5141 2824 5197 Christo
2863 5143 3122 5207 donatur,
3157 5155 3222 5195 ex
3256 5154 3363 5208 quo
3404 5154 3532 5207 pro-

1960 5250 2152 5292 cessus
2171 5238 2413 5290 omnium
2445 5236 2741 5304 gloriarum
2770 5244 2823 5289 et
2844 5235 3120 5304 plenitudo
3137 5241 3224 5286 est
3246 5233 3533 5291 virtutum,

1959 5344 2025 5384 ex
2061 5344 2168 5400 quo
2202 5332 2410 5392 omnia,
2436 5329 2489 5383 in
2523 5344 2632 5397 quo
2680 5330 2886 5382 omnia.
2949 5323 3069 5395 Ipse
3099 5326 3249 5381 enim
3313 5326 3535 5377 ordinat

1961 5427 2311 5487 sacerdotes,
2363 5422 2478 5490 ipse
2532 5421 2750 5484 levitas,
2801 5423 2917 5488 ipse
2972 5419 3355 5479 subdiaconus,
3417 5417 3536 5484 ipse

1932 5517 2219 5580 .lectores,
2248 5515 2364 5583 ipse
2409 5517 2688 5575 ostiarius,
2725 5517 2842 5583 ipse
2893 5513 3174 5575 l‘ossarios,
3204 5512 3319 5581 ipse
3366 5525 3537 5565 arun-

1964 5610 2144 5662 dinem
2217 5617 2411 5661 teuons
2474 5609 2695 5660 metitur
2753 5605 3093 5665 Jerusalem,
3148 5606 3262 5673 ipse
3318 5601 3539 5657 fabricat

1963 5700 2056 5755 Dei
2116 5709 2332 5769 praeest,
2376 5702 2489 5770 ipse
2525 5705 2668 5771 quod
2710 5710 3084 5802 unusqmsqpe
3136 5698 3316 5753 facere
3365 5697 3530 5750 debet

1963 5795 2221 5863 ostendit,
2282 5796 2401 5866 ιιισε
2445 5793 2713 5861 dauinat,’
2768 5796 2881 5864 ipse
2938 5789 3153 5863 recipit,
3200 5794 3315 5865 ipse
3370 5789 3533 5860 ligat,
