4054 6206
514 310 616 377 163

1483 314 1523 372 S
1590 313 2035 373 l-IIERONYMI
2082 312 2399 374 OPERUM
2442 310 2850 371 MANTISSA.

3676 307 3779 371 164

513 430 630 496 ipse
663 426 825 497 ligata
866 426 1047 492 solvil,
1096 426 1210 497 ipse
1244 426 1424 481 claves
1481 426 1630 497 regni
1673 427 1934 481 caelorum
1991 428 2082 478 ha-
2114 437 2157 491 Α
2188 426 2413 482 Ostiarii
2440 442 2555 505 Sive
2590 426 2805 480 tossarii
2837 424 2941 485 ori,
2972 423 3113 478 sicui
3141 422 3403 491 scriptum
3437 435 3521 478 est
3554 441 3569 478 :
3610 423 3772 489 Pone,

509 522 623 583 het.
652 519 767 588 ipse
802 518 1058 571 thronum
1100 519 1189 571 ltci
1215 527 1423 572 reserat
1454 530 1508 571 et
1541 516 1774 579 claudit,
1822 534 1983 588 supra
2024 533 2083 572 se

510 610 643 665 nihil
667 610 891 664 habens.
927 610 983 661 Si
1022 608 1247 662 humilis
1277 619 1332 662 et
1366 609 1543 663 bonus
1591 611 1688 674 sit,
1732 611 1776 663 si
1809 610 2082 679 perlectus

508 714 568 757 ut
593 703 861 771 scriptum
898 709 982 757 est
1022 717 1036 754 :
1067 700 1246 755 Estote
1296 702 1511 771 perfecti
1564 702 1700 754 sicut
1731 710 1778 755 et
1811 702 1974 755 Pater
1999 717 2084 754 ve-

507 805 615 849 ster
642 794 900 863 perfectus
928 802 1004 845 est
1033 793 1255 864 (Matth.
1281 808 1332 859 v,
1356 793 1445 861 48)
1484 809 1498 850 ;
1529 793 1573 848 si
1594 795 1851 847 observat
1874 794 2079 859 omnia,

507 890 552 940 si
591 887 900 956 hospitalis,
927 888 971 941 si
994 888 1114 940 sine
1133 886 1385 950 crimine,
1406 885 1451 940 si
1482 887 1687 939 habens
1710 886 2083 940 testimonium

506 981 735 1043 bonum,
766 978 812 1032 si
844 979 1005 1032 unius
1037 977 1286 1031 mulieris
1317 977 1405 1030 vir
1432 986 1541 1041 est,
1578 976 1633 1030 id
1671 985 1777 1041 est,
1810 991 1906 1029 sua
1966 984 2088 1028 tan-

510 1080 621 1122 tum
651 1084 818 1123 carne
850 1078 1162 1134 contentus,
1194 1068 1357 1121 alieni
1389 1068 1641 1137 corporis
1667 1067 1950 1121 illecebras
1978 1081 2082 1119 non

504 1163 789 1233 requirat:
835 1162 977 1215 lilios
1011 1161 1222 1214 habens
1247 1159 1498 1214 subditos
1534 1160 1587 1213 in
1620 1159 1873 1214 castitate
1904 1172 1959 1213 et
1986 1174 2081 1213 so-

506 1256 746 1309 brietate
788 1270 802 1305 :
837 1252 965 1322 quia
998 1267 1232 1321 peccare
1272 1252 1323 1304 in
1363 1252 1623 1320 operibus
1645 1267 1752 1306 non
1784 1252 1964 1318 debet,
1992 1253 2085 1323 qui

508 1347 561 1400 in
601 1345 868 1400 electione
895 1342 1170 1411 perfectus
1199 1352 1284 1397 est
1321 1355 1336 1395 :
1378 1342 1551 1412 hujus
1586 1344 1943 1398 sacerdotalis
1990 1350 2075 1397 vc-

509 1441 631 1504 stis,
693 1449 777 1492 est
810 1438 1048 1506 perlecta
1104 1433 1198 1488 Dei
1252 1435 1452 1505 gloria.
1508 1436 1587 1490 Ad
1646 1437 1789 1491 hunc
1850 1438 2085 1505 pertinet

508 1527 749 1582 chrisma
783 1538 797 1579 :
830 1526 956 1594 quia
1013 1524 1130 1594 ipse
1166 1522 1420 1580 Christus
1477 1522 1918 1580 Christianorum
1974 1534 2081 1592 est,

509 1620 560 1674 id
579 1627 685 1684 est,
713 1626 936 1673 sanctus
963 1625 1298 1683 sanctorum,
1330 1622 1383 1668 et
1415 1616 1707 1686 episcopus
1753 1617 2083 1683 animarum,

508 1710 808 1765 secundum
844 1709 986 1777 quod
1019 1710 1283 1776 scriptum
1310 1715 1397 1762 est
1434 1723 1449 1760 :
1485 1705 1669 1761 Nolite
1701 1717 1919 1778 tangere
1946 1709 2087 1761 chri-

2197 520 2436 579 Domine,
2483 518 2779 571 custodiam
2816 518 2897 569 ori
2920 532 3055 575 meo,
3090 526 3139 569 et
3188 516 3381 569 ostium
3422 517 3776 569 circumstan-

2195 611 2283 662 tiae
2346 610 2503 662 labiis
2546 610 2673 662 meis
2727 607 2928 678 (Psal.
2990 623 3112 671 οη,
3156 607 3234 674 5).
3295 608 3371 661 Ex
3405 609 3583 664 verbis
3625 610 3775 662 enim

2195 704 2396 758 nostris
2456 701 2916 773 justiticabimur,
2955 709 3007 754 et
3043 715 3107 754 ex
3157 702 3341 755 verbis
3389 702 3589 756 nostris
3642 716 3778 756 con-

2193 794 2617 862 demnabimur;
2660 796 2715 848 in
2764 809 2860 849 ore
2896 794 3039 849 enim
3075 794 3311 849 hominis
3342 794 3451 848 vita
3489 807 3546 850 et
3571 810 3718 850 mors
3755 812 3769 849 :

2196 889 2315 943 ideo
2362 888 2413 941 in
2467 886 2718 942 fossnriis
2775 886 3002 954 spiritus
3054 887 3442 956 prophetarum
3494 887 3780 956 prophetis

2194 979 2475 1045 subjectus
2498 988 2578 1030 est
2614 992 2631 1044 ;
2663 977 2717 1029 in
2750 975 3002 1029 ostiariis
3036 975 3318 1041 doctores,
3376 976 3428 1029 in
3478 975 3777 1032 lectoribus

2195 1070 2493 1139 prophetae,
2543 1070 2598 1123 in
2659 1067 3011 1123 subdiaconis
3077 1066 3276 1137 angeli,
3335 1067 3388 1120 in
3450 1064 3779 1121 diaconibus

2197 1162 2539 1229 archangeli,
2584 1161 2637 1215 in
2711 1158 3051 1231 presbyteris
3112 1159 3367 1227 apostoli,
3398 1160 3453 1212 in
3502 1159 3778 1228 episcopis

2196 1253 2359 1309 Deus.
2398 1254 2643 1321 Denique
2678 1253 2942 1319 scriptum
2978 1261 3084 1316 est,
3136 1251 3308 1319 primo
3356 1249 3643 1318 apostolos,
3689 1267 3777 1303 se-

2193 1348 2366 1399 cundo
2400 1344 2697 1413 prophetas,
2748 1347 2904 1397 tertio
2927 1344 3167 1397 doctores
3198 1342 3249 1409 (Ι
3273 1342 3396 1396 Cor.
3432 1358 3527 1409 sit,
3557 1343 3671 1409 28).
3711 1341 3775 1395 Et

2195 1438 2315 1492 ideo
2346 1438 2413 1491 de
2438 1438 2695 1505 episcOpo
2736 1449 2907 1504 usque
2933 1435 3000 1488 ad
3028 1434 3315 1489 diaconum
3351 1434 3572 1503 spiritus
3592 1434 3777 1501 dispo-

2195 1530 2321 1584 sitio
2354 1543 2431 1583 est
2464 1544 2479 1585 :
2514 1527 2582 1582 de
2614 1526 3031 1582 subdiaconibus
3062 1541 3235 1595 usque
3264 1526 3331 1580 ad
3361 1526 3614 1580 ostiarius
3659 1528 3779 1579 ani—

2195 1635 2339 1675 mze:
2377 1620 2429 1674 in
2473 1618 2729 1674 fossariis
2753 1620 3019 1687 corporis.
3063 1615 3263 1685 Sicque
3298 1616 3396 1671 has
3434 1631 3626 1672 omnes
3664 1616 3776 1671 dis-

2196 1713 2505 1783 positiones
2554 1713 2607 1767 in
2645 1712 2890 1768 Ecclesia
2950 1710 3176 1774 Christi,
3208 1711 3363 1779 quasi
3397 1725 3565 1763 unum
3598 1710 3778 1763 homi-

506 1816 616 1856 stos
652 1817 814 1865 meos,
863 1808 913 1853 et
954 1800 1007 1853 in
1062 1799 1331 1869 prophetis
1393 1801 1524 1854 meis
1582 1799 1742 1854 nolite
1803 1800 2084 1869 malignari

2202 1822 2328 1861 nem
2383 1808 2491 1861 Deo
2556 1805 2885 1860 servientem
2940 1817 3059 1857 esse
3125 1817 3418 1873 cognosce,
3468 1802 3774 1857 secundum

510 1894 682 1965 (Paul.
728 1909 839 1957 Civ,
889 1893 1001 1956 15).
1064 1892 1203 1947 lluic
1274 1907 1489 1947 summa
1528 1910 1557 1946 a
1599 1894 1817 1948 cunctis
1871 1893 2090 1949 clericis

509 1998 672 2056 atque
710 1987 778 2040 ab
824 1990 971 2042 omni
1033 1986 1236 2056 popqu
1284 1986 1581 2040 deferenda
1624 1986 1928 2041 reverentia
1955 1997 2082 2041 est:

508 2095 636 2148 quia
684 2095 786 2132 non
821 2079 950 2131 dicit
988 2077 1294 2145 ﬁgmentum
1330 2075 1379 2129 ei
1427 2076 1515 2145 qui
1571 2091 1626 2129 se
1673 2076 1852 2145 finxit,
1890 2074 2089 2145 thuid

509 2189 587 2225 me
626 2174 829 2241 [iussisti
863 2172 937 2222 sic
970 2170 995 2222 ?
1038 2173 1143 2221 Aut
1171 2183 1275 2220 non
1332 2166 1484 2220 habet
1531 2176 1843 2233 potestatem
1887 2168 2084 2237 ﬁgulus

506 2267 631 2328 luti,
679 2279 746 2318 ex
790 2262 972 2315 eadem
1024 2277 1197 2313 massa
1230 2258 1427 2325 facere,
1469 2260 1618 2312 aliud
1645 2261 1853 2328 quidem
1881 2277 1971 2313 vas
2030 2260 2087 2312 in

508 2362 783 2422 honorem,
820 2355 966 2408 aliud
1021 2355 1074 2406 in
1110 2353 1485 2406 contumeliam
1537 2351 1732 2421 (Rom.
1795 2369 1869 2419 ιι,
1918 2351 2025 2421 21)
2066 2351 2089 2403 ‘l

512 2452 651 2503 lluic
715 2464 822 2501 non
884 2447 1124 2517 cogitare
1158 2445 1225 2500 de
1282 2446 1689 2515 crastinoppro
1751 2446 2088 2517 perfectione

514 2539 823 2594 mandatur.
884 2536 983 2592 llic
1018 2542 1085 2591 de
1144 2537 1477 2592 vestimento
1526 2546 1582 2592 et
1619 2539 1766 2592 victu
1817 2538 2088 2592 sollicitus

512 2646 634 2685 esse
669 2630 1010 2700 prohibetur.
1045 2628 1143 2682 llic
1175 2644 1272 2698 per
1293 2631 1475 2683 omnia
1500 2629 1694 2683 similis
1723 2628 1831 2682 Deo
1877 2639 1985 2695 est,
2041 2629 2083 2683 si

514 2738 620 2777 non
667 2720 888 2776 recedat
919 2721 1217 2784 aChristo,
1265 2721 1569 2775 secundum
1610 2722 1758 2791 quod
1812 2723 2083 2791 scriptum

511 2827 593 2869 est
632 2830 648 2869 :
676 2811 753 2866 Tu
775 2830 826 2867 es
857 2813 1105 2867 sacerdos
1138 2814 1191 2867 in
1237 2823 1495 2868 aternum
1522 2816 1807 2868 secundum
1844 2816 2085 2868 ordinem

514 2908 898 2963 Melchisedech
932 2906 1109 2977 (Psal.
1140 2922 1249 2972 cu,
1284 2910 1363 2977 4).
1389 2907 1556 2962 Hicin
1580 2924 1744 2963 carne
1770 2906 2085 2968 ambulans,

511 3016 620 3057 non
656 3005 956 3057 secundum
996 3017 1217 3055 carnem
1249 3003 1467 3056 militat.
1530 3001 1629 3057 llic
1662 3018 1768 3056 non
1805 3002 1921 3056 vult
1967 3015 2087 3055 esse

511 3095 612 3147 nisi
668 3107 791 3148 cum
841 3090 995 3146 Jesu.
1045 3091 1145 3146 Hic
1197 3093 1466 3146 neminem
1509 3094 1733 3145 damnat
1767 3105 1783 3146 :
1815 3091 1907 3145 hic
1971 3092 2085 3159 ipse

509 3276 773 3346 paciﬁcus
802 3286 906 3331 est.
942 3274 1041 3330 Hic
1094 3276 1342 3329 osculum
1376 3276 1426 3329 ei
1480 3274 1575 3327 dat
1620 3288 1649 3327 a
1682 3290 1791 3344 quo
1848 3274 2083 3326 traditus

506 3385 610 3426 est.
642 3368 741 3423 Hic
766 3383 865 3438 pm
903 3368 1118 3423 cunctis
1155 3369 1379 3438 patitur.
1411 3365 1512 3421 llic
1564 3370 1739 3422 salvat
1771 3366 2077 3420 universos.

508 3464 585 3518 De
616 3465 715 3516 hoc
756 3461 932 3516 cilicio
990 3462 1224 3530 amplius
1272 3461 1548 3529 disputare
1636 3460 1771 3514 nihil
1835 3474 2081 3529 possunt,

506 3556 765 3625 quoniam
810 3555 955 3625 quod
986 3555 1043 3608 in
1086 3553 1305 3609 clericis
1344 3563 1727 3610 consecratum
1776 3567 1901 3609 esse
1950 3567 2087 3621 pra-

506 3648 769 3715 didicisti,
800 3648 1114 3717 episcopum
1138 3647 1315 3702 solum
1350 3648 1556 3702 habere
1584 3644 1935 3701 manifesmm
1975 3656 2083 3701 est.

507 3738 564 3792 In
601 3736 711 3792 illis
734 3752 856 3792 esse
880 3748 1065 3808 partes
1090 3748 1145 3790 et
1176 3734 1424 3790 membra
1458 3737 1745 3801 virtutum,
1782 3738 1834 3789 in
1869 3736 2086 3805 episco-

506 3848 575 3900 po
618 3815 1017 3900 plenitudinem
1056 3830 1364 3885 divinitatis
1416 3828 1668 3884 habitare
1695 3828 2081 3899 corporaliter.

505 3929 684 3991 Atque
707 3923 782 3976 ita
813 3931 920 3987 est,
952 3928 1012 3976 ut
1038 3923 1090 3976 in
1125 3919 1400 3991 episcopis
1432 3920 1742 3986 Dominum,
1770 3920 1824 3974 in
1863 3920 2085 3989 presby-

506 4024 643 4066 teris
700 4014 1002 4081 apostolos,
1053 4012 1146 4079 qui
1199 4019 1254 4066 et
1306 4012 1408 4081 ipsi
1462 4020 1611 4078 sunt,
1671 4026 2082 4081 recognoscas:

502 4103 599 4156 sed
646 4104 775 4171 quia
828 4103 1091 4171 scriptum
1125 4113 1208 4156 est
1238 4119 1253 4156 :
1288 4100 1415 4155 Non
1452 4117 1541 4156 vos
1600 4117 1681 4154 me
1708 4101 1962 4170 elegistis,
1994 4103 2084 4154 sed

500 4210 597 4263 ego
644 4192 773 4262 elegi
826 4207 917 4245 vos
971 4190 1158 4262 (Joan.
1190 4207 1280 4259 sv,
1315 4192 1428 4262 16)
1473 4210 1488 4247 :
1524 4208 1777 4248 summus
1823 4195 2085 4250 sacerdos

504 4286 600 4353 qui
659 4286 846 4354 elegit,
884 4286 1089 4339 dicitur
1126 4300 1141 4350 ;
1171 4284 1265 4353 qui
1298 4299 1429 4339 vero
1462 4285 1625 4340 electi
1648 4295 1797 4354 sunt,
1828 4288 2082 4343 sacerdo-

505 4390 609 4433 tes.
644 4376 873 4432 Omnem
910 4380 1058 4431 enim
1093 4391 1251 4432 suam
1310 4386 1635 4448 potestatem
1678 4379 1819 4434 Detts
1848 4381 2085 4449 discipu-

505 4474 572 4525 lis
603 4473 715 4525 suis
739 4474 888 4523 dedit
919 4486 932 4523 :
968 4479 1024 4523 et
1066 4468 1285 4539 Moysen
1330 4471 1501 4523 Deum
1547 4469 1654 4524 dici
1704 4472 1872 4525 voluit
1933 4472 2078 4528 Pha-
2112 4508 2151 4556 Β

503 4562 713 4615 taenis.
762 4561 939 4628 Atque
965 4563 1078 4628 ipse
1110 4561 1280 4615 homo
1313 4562 1475 4616 lesus
1509 4563 1762 4617 Chrisms
1793 4565 1966 4633 major
2022 4566 2075 4619 in

498 4672 566 4709 eo
596 4656 741 4723 quod
772 4655 826 4706 in
860 4669 1024 4708 carne
1058 4655 1336 4723 apparuit,
1366 4652 1490 4711 fuit.
1532 4655 1594 4710 Et
1638 4657 1739 4711 hoc
1767 4666 1854 4711 est
1879 4672 2081 4726 mysus-

498 4749 641 4803 t'ium
677 4747 957 4809 Ecclesiae,
1006 4747 1150 4816 quod
1202 4745 1408 4802 Esdras
1469 4748 1785 4819 descripsit,
1818 4753 1961 4820 quod
2023 4752 2077 4803 in

498 4842 744 4911 quinque
770 4837 1027 4906 gradibus
1052 4834 1406 4904 collocatum,
1443 4852 1635 4892 sensus
1666 4842 1840 4895 nostri
1881 4845 2079 4911 capitis

500 4940 668 4986 tenet.
721 4929 969 4997 Namque
1021 4934 1162 4984 visui
1195 4932 1543 5000 episc0patus
1577 4934 1912 5005 presbyter-ia
1944 4941 2080 4988 dan-

498 5037 607 5091 tur,
641 5027 938 5080 secundum
975 5026 1120 5092 quod
1147 5028 1409 5094 scriptum
1445 5035 1528 5081 est
1556 5045 1572 5082 :
1607 5027 1997 5089 Speculatorem
2030 5040 2078 5083 te

496 5122 648 5187 posui
680 5120 863 5171 domui
885 5115 1060 5171 Israel
1094 5115 1314 5187 (Ezeclt.
1350 5133 1435 5184 ιιι,
1467 5120 1579 5190 17).
1635 5121 1837 5177 Levita:
1875 5128 2074 5179 odora-

501 5216 601 5276 tni,
660 5216 784 5281 quia
840 5211 944 5280 ipsi
996 5213 1381 5267 sacerdotibus
1443 5213 1646 5283 juncti,
1705 5218 1971 5269 columna:
2022 5227 2077 5269 et

495 5305 915 5357 fundamentum
977 5306 1232 5360 veritatis
1288 5320 1435 5369 sunt,
1469 5309 1820 5378 ipsisptritus
1874 5311 2073 5373 forma,

497 5403 650 5463 puris
687 5400 964 5453 tuentibus
1021 5402 1157 5453 odor
1194 5400 1317 5455 vita:
1362 5402 1416 5455 in
1467 5404 1631 5455 \itam
1680 5414 1828 5463 sunt,
1873 5414 1927 5456 et
1981 5417 2076 5471 per

494 5506 688 5545 omnes
721 5509 913 5547 eorum
952 5498 1087 5550 odor
1118 5498 1373 5552 sacriﬁcii
1403 5499 1651 5551 ascendit
1686 5502 1739 5551 itt
1774 5511 2071 5565 conspectu

500 5586 614 5639 Dei.
638 5585 929 5643 Nathinnci
966 5590 1205 5650 auditui,
1241 5601 1300 5642 ut
1345 5592 1566 5643 audiant
1599 5595 1839 5645 universi
1875 5596 2075 5646 divinis

495 5682 679 5735 verbis
709 5698 770 5735 ac
802 5684 1088 5751 praeceptis
1133 5686 1479 5737 Sttcel'tlttlttlll
1541 5696 1592 5739 et
1629 5685 1819 5741 llmCliS
1880 5688 2073 5741 levita-

495 5789 637 5828 tum.
679 5774 830 5829 Sat-ri
894 5788 1147 5831 cantores
1207 5779 1472 5844 sermoni,
1514 5781 1658 5848 quod
1700 5793 1785 5837 est
1847 5781 2066 5852 lingtta'.

2196 1902 2338 1968 quod
2366 1898 2627 1968 scriptum
2657 1908 2739 1951 est
2772 1910 2788 1951 :
2826 1895 2924 1951 Vos
2950 1897 3074 1951 estis
3122 1896 3371 1962 templum
3407 1893 3521 1960 Dei,
3559 1904 3607 1947 et
3649 1892 3774 1963 Spi-

2196 1994 2331 2047 ritus
2383 1991 2477 2045 Dei
2524 1991 2727 2043 hubitat
2790 1991 2843 2043 in
2886 1989 3052 2042 vobis.
3107 1986 3165 2042 Si
3209 1990 3325 2058 quis
3383 1990 3632 2054 templum
3678 1986 3777 2039 Dei

2196 2088 2487 2151 violaverit,
2516 2084 2779 2155 disperdet
2805 2084 2954 2138 illum
2995 2083 3151 2135 Deus.
3176 2081 3442 2149 Templum
3478 2083 3616 2133 enim
3680 2078 3776 2131 Dei

2196 2190 2437 2233 sanctum
2468 2188 2568 2243 est,
2597 2179 2735 2248 quod
2753 2178 2878 2231 estis
2904 2193 2987 2230 vos
3016 2175 3065 2247 (Ι
3098 2175 3225 2229 Cor.
3264 2188 3344 2238 nl,
3376 2173 3485 2241 l6).
3534 2172 3774 2225 Praulica

2197 2281 2374 2323 autem
2402 2269 2626 2323 verbum
2665 2268 2755 2323 Dei
2788 2266 3023 2330 cunctis,
3048 2275 3105 2320 ut
3132 2265 3391 2333 scriptum
3416 2275 3532 2318 est:
3564 2260 3779 2316 Exhor-

2198 2373 2308 2416 tare
2341 2378 2541 2425 omnes,
2572 2361 2818 2414 divitibus
2847 2360 3003 2428 hujus
3030 2358 3213 2412 steculi
3233 2358 3473 2424 prwcipe,
3518 2371 3619 2408 non
3676 2370 3772 2406 su-

2194 2462 2348 2527 perbe
2363 2472 2568 2531 sapere,
2601 2470 2765 2524 neque
2787 2466 3001 2519 sperare
3023 2451 3074 2502 in
3096 2450 3295 2501 incerto
3318 2448 3647 2509 divitiarum,
3678 2453 3772 2498 sed

2194 2552 2376 2606 divites
2426 2567 2538 2604 esse
2586 2550 2642 2601 in
2698 2546 2940 2617 aperibus
2970 2543 3116 2596 bonis
3147 2540 3195 2613 (ι
3229 2539 3367 2594 Tim.
3395 2554 3469 2604 vr,
3506 2539 3593 2603 17,
3658 2538 3768 2606 18).

2193 2641 2359 2697 Nemo
2388 2640 2959 2695 adolescentiamtuam
2979 2644 3277 2689 contemnat
3297 2633 3349 2704 (Ι
3379 2632 3517 2713 Tim.
3549 2648 3619 2697 tv,
3656 2631 3769 2702 12).

2196 2751 2302 2790 non
2334 2736 2553 2789 recedat
2600 2733 2738 2786 liber
2783 2732 2915 2800 legis
2949 2730 3013 2784 de
3046 2744 3207 2781 inanu
3263 2739 3373 2791 tua,
3413 2728 3505 2780 sed
3543 2727 3776 2778 πιρώμι-

2197 2827 2341 2883 beris
2372 2827 2457 2881 die
2487 2840 2549 2880 ac
2581 2836 2742 2879 nocte
2774 2823 2828 2877 in
2889 2839 2975 2878 co.
3016 2823 3157 2877 Ante
3178 2823 3359 2877 omnis
3399 2834 3588 2874 curam
3624 2816 3770 2872 habe

2196 2934 2517 2989 pauperum,
2549 2918 2673 2986 quia
2697 2925 2921 2985 propter
2953 2929 3049 2969 nos
3073 2915 3323 2969 Christus
3354 2927 3559 2982 pauper
3589 2910 3769 2964 lactus

2194 3021 2279 3069 est
2309 3029 2429 3067 cum
2477 3020 2625 3066 esset
2676 3010 2854 3073 dives,
2912 3018 2968 3062 ut
3000 3008 3177 3077 inopia
3239 3008 3385 3061 illius
3441 3007 3767 3059 ditarenmr.

2134 3151 2154 3168 .,
2198 3105 2478 3161 l’rofcssas
2508 3114 2562 3158 et
2592 3119 2687 3159 eas
2737 3118 2861 3174 qua:
2919 3116 3047 3157 vere
3097 3101 3273 3155 viduae
3304 3110 3457 3167 sunt,
3495 3102 3715 3166 require
3749 3117 3763 3151 :

508 3189 675 3242 etiam
727 3185 901 3251 ludar,
952 3188 1133 3240 sciens
1196 3199 1319 3238 eum
1371 3186 1534 3237 talem
1566 3197 1689 3239 csse
1720 3184 1773 3237 in
1805 3182 2081 3251 passione,
2115 3182 2156 3205 "

2188 3196 2470 3266 egentibus
2501 3194 2808 3250 necessaria
2835 3192 3194 3249 subministra
3228 3209 3242 3247 :
3274 3207 3375 3246 nec
3407 3194 3456 3245 in
3490 3207 3769 3263 quoquam

2189 3286 2642 3357 peregrinationis
2678 3301 2880 3341 nomen
2921 3285 3229 3342 horrescas.
3265 3286 3541 3351 Quoniam
3572 3299 3770 3353 quam-

2188 3382 2277 3431 diu
2351 3392 2541 3431 smuus
2609 3378 2664 3432 in
2710 3392 2897 3444 carne,
2955 3379 3367 3447 peregrinamur
3423 3391 3453 3431 a
3514 3377 3765 3430 Domino.

2186 3468 2432 3524 Juniores
2478 3481 2658 3525 autem
2703 3471 2890 3526 viduas
2919 3472 3141 3537 devita;
3182 3487 3300 3525 cum
3355 3472 3493 3525 enim
3521 3470 3768 3523 luxuria-

2188 3573 2255 3617 ια’
2306 3564 2528 3633 fuerint,
2557 3565 2611 3618 in
2634 3564 2845 3620 Christo
2872 3565 3063 3620 nubere
3090 3566 3268 3620 volunt
3294 3565 3343 3635 (I
3378 3566 3511 3620 Tim.
3542 3581 3594 3629 v,
3654 3565 3765 3630 11).

2194 3652 2356 3711 Uxori
2388 3665 2491 3711 tua:
2517 3667 2742 3725 propter
2771 3657 3050 3727 antiquam
3087 3659 3550 3711 consuetudinem
3588 3670 3655 3709 ac
3677 3669 3770 3722 pe-

2187 3749 2419 3803 riculum
2450 3749 2766 3815 sacerdotii,
2803 3765 2913 3803 non
2953 3751 3048 3805 des
3078 3750 3315 3803 animam
3374 3761 3519 3803 tuam
3572 3751 3625 3802 in
3666 3763 3770 3817 po-

2189 3853 2442 3897 testatem
2475 3858 2491 3906 ;
2525 3857 2594 3897 ne
2616 3840 2755 3897 forte
2787 3841 2840 3895 in
2865 3841 3281 3897 similitudinem
3312 3843 3440 3895 Adae
3470 3843 3521 3895 in
3550 3840 3771 3910 paradi.

2187 3953 2249 3992 so
2284 3938 2496 4008 positus
2526 3935 2907 4003 conluudaris,
2938 3945 3101 4007 atque
3149 3947 3428 4005 acceptam
3467 3936 3660 4006 legem,
3718 3936 3767 3988 si

2188 4031 2521 4097 peccaveris,
2584 4031 2829 4098 perdas:
2898 4042 2963 4083 ac
3016 4028 3285 4085 nuditatis
3336 4038 3439 4083 tua
3488 4028 3767 4088 conscius.

2187 4124 2565 4179 confusionem
2621 4124 2819 4177 mentis
2866 4125 3133 4193 excipias,
3162 4132 3216 4178 et
3253 4123 3428 4177 locum
3474 4137 3768 4177 consecrato

2188 4218 2353 4271 tionis
2396 4217 2637 4272 aniittas.
2665 4215 2912 4271 Amanda
2942 4216 3159 4285 quidem
3198 4229 3335 4268 uxor
3362 4223 3465 4280 est,
3503 4216 3598 4269 sed
3621 4213 3766 4266 sicut

2188 4307 2427 4363 Ecclesia
2478 4316 2572 4362 aut
2629 4307 2912 4379 Templum
2949 4306 3041 4361 Dei
3096 4322 3109 4360 :
3168 4306 3433 4359 orandum
3489 4320 3610 4358 cum
3673 4319 3761 4365 ea,

2189 4402 2500 4471 legendum,
2542 4402 2952 4466 abstinendum,
2998 4400 3517 4456 communicandum
3544 4401 3595 4452 in
3622 4400 3760 4453 alta-

2190 4496 2289 4558 rio,
2333 4511 2439 4550 non
2473 4496 2524 4549 in
2553 4509 2762 4563 opere:
2798 4494 3021 4565 spiritu,
3064 4508 3170 4549 non
3218 4509 3384 4547 carne
3445 4496 3757 4547 viventum.

2190 4586 2448 4642 τηειρ-ἱ
2482 4596 2665 4643 autem
2696 4595 2751 4638 et
2785 4597 2838 4641 te
2868 4597 3088 4655 propter
3134 4586 3577 4658 conjunctionem
3630 4585 3764 4654 legis

2182 4679 2362 4739 debet,
2400 4693 2503 4732 non
2533 4676 2847 4731 desiderare
2877 4688 3101 4747 propter
3124 4676 3598 4746 .consuetudinem
3663 4678 3760 4729 de-

2184 4768 2458 4838 linquendi
2500 4786 2513 4822 :
2552 4773 2678 4838 quia
2707 4777 2895 4839 aperte
2926 4769 3019 4823 tibi
3056 4785 3209 4823 usum
3240 4771 3478 4839 conjugii
3529 4769 3764 4822 interdi-

2182 4872 2330 4913 ctum
2359 4876 2486 4913 esse
2522 4860 2837 4929 perpendis,
2897 4874 3022 4913 cum
3060 4871 3111 4915 te
3141 4862 3453 4931 episcopum
3488 4876 3609 4916 esse
3666 4875 3763 4915 co-

2181 4953 2419 5022 gnoscis.
2460 4950 2674 5006 Habere
2698 4968 2757 5006 se
2784 4962 2837 5007 et
2861 4951 2951 5006 illa
2974 4967 3040 5007 ex
3074 4954 3175 5007 hoc
3198 4953 3477 5007 Christum
3502 4954 3759 5021 gaudeat,

2183 5060 2287 5096 non
2329 5050 2580 5097 maritum
2627 5058 2796 5099 :esse
2839 5059 2960 5098 cum
3017 5046 3144 5111 Deo,
3188 5061 3294 5098 non
3349 5046 3594 5099 habitare
3634 5061 3761 5099 cum

2180 5136 2409 5205 conjuge
2446 5136 2764 5206 :possidere
2819 5122 2962 5189 int'ra
3006 5136 3338 5190 domesticos
3370 5140 3605 5204 parietes
3641 5150 3761 5190 Ver-

2186 5230 2430 5282 naculam
2487 5229 2853 5282 sanctitatem.
2893 5228 3139 5283 Exsultet
3180 5231 3232 5283 in
3264 5229 3517 5294 Domino,
3554 5233 3758 5299 gratias

2178 5332 2301 5390 agat
2362 5319 2494 5384 Deo,
2532 5322 2673 5389 quod
2710 5323 2775 5374 de
2830 5324 3180 5390 corruptione
3234 5321 3459 5375 liberata
3500 5334 3603 5386 est,
3656 5321 3755 5376 tibi

2178 5428 2397 5482 quoque
2442 5414 2679 5469 debitrix
2712 5414 2807 5479 sit,
2838 5416 2979 5483 quod
3015 5418 3081 5467 ad
3116 5416 3222 5468 hoc
3258 5413 3491 5469 olnt-ium
3536 5416 3754 5481 volasti,

2177 5523 2281 5573 qua
2310 5510 2686 5561 consentiente
2713 5509 2920 5563 electus
2955 5523 3015 5562 es
3046 5526 3073 5560 a
3126 5508 3373 5570 Domino,
3409 5512 3549 5577 quod
3605 5514 3758 5577 prius

2177 5603 2242 5652 de
2278 5600 2530 5654 omnibus
2559 5614 2682 5653 cum
2721 5601 2852 5667 tuis,
2883 5611 2944 5654 ut
2976 5601 3182 5664 decuit,
3229 5604 3563 5669 transegisti,
3591 5618 3753 5671 quam

2176 5692 2547 5759 episcupatum
2606 5703 2830 5761 rogatus
2890 5682 3191 5762 acciperes,
3255 5705 3304 5748 et
3366 5708 3656 5762 separatus
3717 5713 3748 5747 a

2173 5784 2403 5855 conjuge
2432 5787 2485 5838 in
2511 5785 2754 5840 Ecclesia
2789 5800 3163 5861 permaneres.
3196 5787 3392 5842 Certus
3422 5799 3603 5842 autem
3626 5803 3749 5841 sum
