4054 6206
288 334 395 399 165

1008 330 1377 390 EPISTOLA
1420 331 1564 392 XII.
1614 331 1710 392 DE
1754 332 1859 391 Vil
1903 332 2333 394 0Rl)lNiBUS
2372 330 2782 393 ECCLESIJE.

3455 333 3552 396 166

282 442 541 513 exemplo
572 441 730 496 bona:
763 440 888 496 vita:
920 450 1029 494 tta»
1050 456 1242 496 omnes
1273 444 1387 495 haec
1443 457 1563 496 esse
1589 441 1856 507 facturos,
1890 452 1932 506 Α
1966 444 2200 512 amplius
2235 459 2396 511 quam
2428 442 2628 496 fuerint
2691 455 2816 496 esse
2869 438 3201 493 desiderant.
3264 438 3365 504 Qui
3430 440 3552 494 ideo

287 549 345 590 ut
380 538 437 590 in
469 534 842 590 adolescentia
871 520 1160 587 ciedcntes
1188 532 1318 597 Deo,
1354 535 1478 586 dum
1509 543 1866 587 contemnunt

287 640 539 692 terrena,
569 628 753 681 divina
802 626 1128 696 percipiant,
1163 636 1221 680 et
1248 628 1544 687 emendati.
1581 628 1635 680 in
1694 628 1871 680 omni-

289 721 392 774 bus
430 719 665 773 Domino
726 728 1139 783 consectentur,
1206 728 1264 770 ut
1314 720 1567 772 doctores
1629 718 1868 786 plebium

288 813 447 875 iacti,
491 820 614 880 post
668 810 1105 864 emendationem
1133 810 1218 863 sui
1250 811 1548 878 pra-dicent
1573 811 1869 872 universis,

287 915 345 959 et
373 903 521 957 salus
569 901 815 954 omnium
860 910 1267 966 nuncupentur.
1329 898 1633 954 Set-olims
1683 909 1868 953 autem

294 997 443 1049 viros
487 993 555 1047 ad
592 993 957 1046 ministerium
1016 1009 1121 1046 non
1157 1008 1408 1046 assumas
1458 992 1743 1053 Ecclesiae,
1790 994 1872 1046 sic

287 1088 435 1138 enim
469 1085 607 1154 legis
631 1102 645 1138 :
672 1082 862 1137 Manus
894 1093 1083 1137 temere
1103 1084 1298 1137 nemini
1328 1086 1639 1151 imposueris
1659 1083 1706 1150 (1
1732 1082 1868 1136 Tim.
1927 1093 1935 1101 ‘

292 1191 343 1239 v,
384 1175 502 1241 22).
540 1175 604 1229 Ει
641 1178 834 1227 iterum
870 1189 886 1232 ;
946 1174 1013 1228 Ili
1056 1175 1285 1244 primunt
1337 1177 1766 1242 comprobcntur,
1821 1184 1872 1228 et

290 1273 365 1321 sic
384 1268 682 1321 ministrent
708 1282 819 1320 sine
847 1267 1068 1319 crimine
1095 1267 1371 1319 constituti
1392 1265 1441 1334 (I
1474 1264 1618 1319 Tim.
1654 1282 1733 1330 ill,
1759 1267 1872 1336 10).

293 1361 434 1414 Sunt
484 1360 629 1413 enim
699 1359 851 1410 multi
887 1358 979 1427 qui
1020 1366 1309 1426 sequentes
1352 1367 1471 1410 vota
1523 1360 1872 1428 populorum,

291 1450 639 1519 disciplinam
672 1449 932 1504 ECl'iCSia'.
960 1466 1064 1502 non
1097 1453 1419 1509 observant.
1455 1464 1519 1504 ac
1568 1453 1685 1504 sine
1715 1467 1876 1519 espe-

289 1544 529 1596 rimeuto
556 1542 711 1596 bona:
740 1544 882 1603 vitae,
913 1539 1124 1609 eligunt
1167 1554 1274 1592 ItOn
1342 1554 1670 1593 conversos.
1700 1540 1875 1608 Atque

288 1645 345 1688 ut
381 1634 836 1687 consuetudinem
875 1632 1269 1699 reprehendam
1301 1644 1316 1681 :
1352 1638 1647 1697 peccantes
1680 1629 1877 1682 nobili-

290 1739 457 1780 tatem
493 1725 694 1794 potius,
723 1738 884 1792 quam
911 1737 1092 1777 mores
1131 1723 1369 1791 Optimos
1406 1722 1728 1793 benedicunt
1768 1736 1784 1776 :
1819 1728 1875 1775 et

290 1828 422 1870 ante
478 1816 628 1883 regni
658 1813 898 1869 caelestis
944 1812 1313 1882 gubernacula
1344 1813 1590 1877 tradunt,
1622 1811 1873 1879 quamde
1905 1802 1948 1859 Β

293 1919 518 1962 terrena
549 1907 966 1960 conversatione
990 1906 1167 1958 securi
1198 1907 1311 1958 sint
1345 1920 1358 1955 :
1396 1902 1554 1971 quasi
1601 1918 1731 1956 vero
1766 1902 1874 1955 Deo

294 2001 553 2054 deﬁciant
595 2000 932 2063 sacerdotes,
968 2004 1060 2048 aut
1099 1994 1389 2049 clericatus
1412 1993 1651 2047 officium
1702 1994 1875 2063 possit

295 2093 545 2161 implere,
586 2093 677 2160 qui
706 2090 941 2143 necdum
967 2099 1155 2142 castus
1213 2088 1406 2142 didicit
1444 2101 1564 2140 esse
1592 2085 1875 2140 abstinen-

296 2186 388 2239 do.
423 2182 606 2237 Taceo
640 2182 709 2237 de
738 2182 967 2249 reliquis
999 2182 1120 2235 vitae
1151 2179 1515 2247 documentis,
1546 2181 1686 2247 quod
1716 2179 1874 2249 igno-

303 2293 386 2331 rat
419 2278 613 2340 libros,
646 2278 789 2345 quod
829 2276 1283 2330 consuetudinem
1346 2274 1524 2328 nescit
1559 2291 1574 2328 :
1609 2283 1663 2325 et
1721 2273 1875 2341 prius

297 2373 493 2425 doctor
528 2374 776 2438 gentium
810 2369 1006 2422 dicitur
1038 2367 1123 2422 vel
1173 2366 1442 2432 minister,
1500 2382 1662 2435 quam
1704 2367 1878 2422 discat

296 2465 506 2532 aiiquid
531 2462 840 2532 imperitus,
867 2460 1264 2529 alienojndicio
1286 2460 1641 2528 itnposterum
1663 2461 1875 2523 vivens,

298 2572 409 2609 non
434 2554 552 2620 Dei,
582 2556 675 2608 sed
721 2554 1098 2621 cujuscunque
1144 2551 1277 2605 facit
1306 2555 1356 2604 in
1382 2551 1637 2605 omnibus
1678 2551 1876 2604 volun-

300 2660 498 2704 tatem.
578 2648 710 2700 lium
784 2649 929 2700 enim
1020 2646 1313 2700 instruenti
1384 2660 1443 2699 se
1506 2644 1873 2697 obedientiam

299 2745 489 2804 debet,
544 2742 688 2794 cedit
726 2741 792 2794 ad
824 2751 1058 2808 tempus,
1088 2750 1142 2791 et
1168 2739 1370 2792 invrtus
1399 2737 1650 2805 discipuli
1679 2750 1873 2788 nomen

302 2836 506 2904 accipit
533 2834 588 2887 in
630 2834 919 2903 magistro,
964 2832 1255 2899 minorque
1303 2830 1362 2883 ﬁt
1421 2832 1667 2883 minimo.
1733 2830 1875 2882 Cou-

300 2937 539 2985 currunt
599 2929 664 2979 ad
713 2925 1014 2980 Ecclesiatn
1063 2924 1268 2993 populi,
1324 2936 1353 2976 a
1394 2922 1679 2976 Sacerdote
1734 2936 1879 2975 novo

301 3020 510 3089 aliquid
540 3016 778 3070 audituri
816 3015 960 3083 quod
991 3014 1224 3068 aediﬁcet
1257 3022 1506 3078 cunctos,
1539 3014 1685 3081 quod
1708 3012 1878 3066 salvct

1974 550 2343 606 competentes
2388 539 2663 601 dicuntur,
2693 538 2745 590 id
2782 545 2888 597 est,
2921 545 3203 603 poscentes
3260 535 3352 588 Dei
3428 550 3552 604 gra—

1975 632 2124 690 tiam,
2152 629 2259 683 Deo
2290 630 2399 699 jam
2435 630 2614 692 utiles,
2645 637 2700 680 et
2759 642 2858 696 per
2912 628 3239 681 desiderium
3306 628 3555 679 volunta-

1973 731 2085 776 tum
2125 733 2491 790 compettntes
2521 722 2783 776 cclornin
2818 736 3004 790 regna,
3040 736 3103 774 ac
3134 721 3375 774 volentes
3441 720 3553 788 jnri

1977 828 2078 867 suo
2138 829 2235 883 per
2286 815 2718 868 miseritordiam
2778 813 3133 882 principalem
3181 812 3551 866 hereditatem

1976 903 2141 957 Deum
2176 906 2491 970 vindicare;
2531 908 2598 957 ah
2630 906 2887 959 omnibus
2910 905 3269 968 abstinentes,
3323 918 3553 972 speran-

1974 1004 2056 1050 tes
2084 995 2383 1060 iavacrutn,
2405 997 2543 1049 casti
2566 1010 2724 1065 atque
2753 998 2978 1061 sinceri,
3013 1007 3067 1051 et
3113 996 3397 1064 praesentis
3428 999 3553 1050 vitae

1977 1087 2211 1157 positum
2238 1088 2340 1141 sibi
2363 1090 2654 1141 terminum
2686 1097 3103 1156 recognoscunt,
3124 1088 3441 1141 etordiuem
3465 1089 3553 1139 fu-

1977 1189 2109 1233 tnrze
2134 1180 2566 1233 conversationis
2586 1180 2857 1248 aspiciunt
2885 1197 2897 1235 :
2920 1179 3082 1249 utqui
3106 1188 3392 1246 antequam
3410 1182 3557 1233 acci-

1976 1271 2145 1341 piant,
2197 1270 2443 1326 serviunt
2491 1269 2728 1334 Christo,
2775 1281 2894 1341 post
2924 1282 3199 1339 acceptam
3233 1273 3392 1327 iidem
3434 1252 3553 1337 Dei,

1976 1364 2117 1417 dona
2151 1378 2254 1415 non
2285 1362 2535 1432 perdant,
2566 1371 2662 1416 aut
2699 1365 2913 1417 irritam
2949 1362 3152 1419 faciant
3178 1365 3431 1434 gratiam,
3465 1365 3554 1417 cui

1979 1458 2189 1510 servire
2217 1456 2525 1510 voluerunt.
2551 1454 2771 1511 Tertius
2788 1457 3186 1525 baptizatornm
3209 1456 3341 1511 ordo
3365 1467 3469 1518 est,
3498 1460 3550 1509 in

1976 1550 2308 1619 quiliusjam
2340 1548 2591 1617 Christus
2616 1559 2721 1613 est,
2784 1550 3003 1603 dicente
3053 1549 3313 1617 Apostolo
3340 1548 3555 1604 :Nesci-

1978 1641 2046 1694 tis
2070 1644 2321 1711 quoniam
2373 1643 2687 1710 quicumque
2734 1640 2986 1708 baptisati
3034 1640 3160 1694 estis
3219 1640 3273 1693 in
3322 1639 3555 1705 Christo,

1979 1733 2250 1789 Christum
2282 1735 2530 1788 induistis
2555 1737 2571 1803 (
2599 1731 2719 1789 Gal.
2767 1749 2843 1799 nt,
2873 1732 3107 1803 27)?Et
3144 1733 3267 1786 ideo
3292 1749 3413 1787 cum
3464 1750 3557 1786 ευ·

1977 1826 2214 1895 gitainus
2253 1825 2459 1895 aliquid
2491 1824 2615 1878 boni
2684 1824 2903 1878 liberati
2934 1839 2963 1877 a
3025 1824 3350 1892 gentilitate,
3404 1835 3559 1877 cate-

1977 1920 2234 1973 chumeni
2268 1935 2490 1974 sumus:
2522 1934 2647 1973 cum
2676 1918 2925 1973 volumus
2964 1920 3107 1986 quod
3154 1927 3405 1972 sanctum
3443 1927 3553 1980 est,

1976 2021 2382 2079 competentes:
2413 2026 2535 2066 cum
2572 2026 2867 2080 operantur
2922 2010 3085 2070 bona.
3132 2010 3475 2079 baptizaaiur
3503 2022 3560 2064 et

1977 2104 2372 2158 coinmoriniur
2398 2104 2636 2158 Christo.
2662 2101 2767 2156 Sed
2799 2102 2843 2154 si
2874 2100 3035 2165 forte,
3066 2108 3167 2154 hoc
3198 2104 3554 2170 impugnante

1980 2196 2215 2261 diabolo,
2260 2209 2585 2264 quacunque
2618 2195 2825 2264 peccati
2866 2194 3231 2249 maculatione
3261 2196 3559 2262 vioiauiur,

1980 2292 2297 2359 poenitentia
2330 2292 2626 2360 competit:
2659 2305 2781 2359 qua:
2821 2290 2873 2341 in
2918 2289 3340 2342 similitudinem
3379 2290 3551 2343 divini

1980 2383 2170 2447 fontis,
2218 2386 2332 2453 ipsa
2390 2392 2613 2453 peccata
2670 2384 2982 2445 mortiﬁcet,
3019 2396 3084 2437 ac
3143 2397 3244 2434 nos
3271 2382 3445 2436 salvet
3502 2383 3557 2435 in

1982 2490 2236 2543 corpore.
2289 2474 2407 2541 Qua
2472 2475 2746 2545 completa
2801 2487 3036 2544 quartus
3095 2474 3561 2528 reconciliationis

1980 2567 2134 2620 locus
2172 2574 2276 2629 est,
2304 2574 2361 2619 ut
2387 2576 2551 2634 caput
2582 2564 2829 2632 corporis
2864 2566 3046 2616 nostri
3089 2563 3368 2619 Christum
3435 2580 3559 2619 esse

1980 2660 2288 2724 credamus,
2316 2659 2440 2728 quia
2475 2658 2733 2712 Ecclesia!
2771 2672 2884 2712 suae
2917 2657 3023 2722 vir,
3048 2668 3210 2726 caput
3270 2657 3515 2711 mulieris
3542 2674 3565 2712 :—

1983 2751 2034 2803 id
2063 2761 2169 2813 est,
2196 2752 2440 2803 omnium
2478 2751 2787 2803 animarum
2815 2765 2938 2818 quze
2976 2749 3143 2803 Deum
3210 2760 3318 2804 tota
3375 2762 3562 2807 mente

1988 2842 2330 2910 perquirunt.
2387 2840 2477 2894 Sal
2552 2852 2734 2895 autent
2794 2853 3080 2911 pmpterea
3154 2842 3564 2898 catechumenis

1984 2940 2143 2991 datur
2175 2940 2227 2990 in
2260 2938 2762 3007 mysteriozutuos
2792 2954 2912 2992 esse
2964 2938 3041 2991 sal
3089 2948 3270 3001 terrae,
3338 2940 3389 2991 id
3451 2952 3559 3004 est,

1983 3028 2306 3098 sapientiam
2348 3027 2440 3082 Dei
2500 3029 3162 3083 noscamusdnvisibilia
3213 3032 3350 3084 enim
3413 3032 3553 3100 ejus,

301 3114 611 3175 universos,
642 3112 783 3163 ultra
812 3109 1033 3162 solitum
1058 3121 1268 3161 morem
1305 3103 1449 3160 forte
1485 3105 1621 3158 nihil
1650 3104 1877 3168 dicitur,

1984 3131 2043 3175 ιιι
2072 3122 2142 3175 ait
2180 3120 2492 3190 Apostolus,
2520 3137 2551 3174 a
2583 3130 2826 3174 creatura
2847 3123 3031 3175 mundi
3058 3138 3150 3190 per
3179 3139 3242 3175 ea
3269 3139 3384 3193 qua:
3410 3124 3561 3191 facta

301 3221 460 3260 ceras
477 3202 907 3271 nectit,paginas
925 3200 1137 3270 ignotas
1166 3207 1381 3252 cunctis
1411 3210 1597 3252 versat
1618 3198 1671 3250 in
1695 3204 1882 3267 pecto-

305 3315 386 3363 re,
415 3310 471 3351 et
500 3296 694 3349 delicta
723 3295 904 3346 omnia
938 3305 1363 3361 recognoscens,
1414 3293 1533 3344 sola
1578 3292 1871 3359 impuden-

306 3390 383 3443 tia
424 3389 594 3442 utitur
620 3385 961 3449 excnsantis,
1013 3393 1070 3438 et
1102 3385 1206 3438 hoc
1231 3384 1405 3452 ipsum
1441 3384 1585 3452 quod
1632 3392 1877 3451 rogatur,

304 3485 585 3539 irascitur.
619 3480 792 3548 Quale
838 3489 966 3533 tunc
995 3478 1123 3544 erit,
1179 3492 1386 3547 quaeso,
1416 3477 1694 3546 episcope,
1732 3474 1880 3545 judi-

302 3580 448 3633 cium
513 3586 663 3628 tuum
714 3588 836 3627 cum
890 3572 1256 3640 interrogatus
1321 3568 1460 3623 nihil
1526 3569 1781 3624 dixeris:
1816 3581 1882 3622 ac

306 3670 564 3726 mulieres
612 3669 890 3737 Iaicosque
937 3680 1034 3734 pro
1074 3664 1307 3719 scientia
1359 3663 1656 3733 agnitionis
1706 3664 1832 3716 vita:
1863 3701 1880 3725 ,

303 3766 514 3819 intrare
574 3761 876 3816 Ecclesium
926 3759 1314 3827 recognoveris
1345 3755 1878 3811 iSacramentorum

301 3871 439 3911 vero
472 3855 590 3910 haec
619 3854 757 3907 ratio
781 3859 887 3918 est,
911 3860 1076 3921 atque
1116 3852 1203 3904 hic
1223 3850 1360 3905 ordo
1383 3851 1625 3903 omnium
1650 3833 1884 3903 nascen-

304 3948 463 4012 tium,
491 3945 581 4015 qui
625 3944 678 3997 in
720 3957 887 3996 carne
914 3942 1294 3995 descendimus
1323 3956 1341 3994 ε
1378 3947 1435 3992 ιιι
1466 3938 1558 4007 qui
1596 3937 1882 3992 venientes

305 4040 361 4095 in
393 4038 658 4092 mundum
711 4038 1090 4091 venundantur
1143 4035 1248 4088 sub
1277 4042 1524 4102 peccato,
1558 4030 1728 4086 idolis
1760 4044 1879 4084 ser-

308 4135 516 4186 vientes
553 4129 806 4199 primitus
871 4139 1266 4194 nuncupemur.
1339 4122 1474 4190 Quis
1511 4124 1659 4178 enim
1712 4138 1740 4175 a
1774 4118 1885 4192 quo

302 4234 598 4295 superatur
655 4220 776 4291 ejus
822 4233 1016 4275 servus
1055 4218 1376 4271 addicitur:
1430 4226 1485 4271 et
1550 4217 1671 4284 ejus
1726 4215 1882 4284 operi

310 4319 688 4385 mancipatur,
750 4321 972 4381 praestat
1030 4310 1290 4374 ollicium,
1326 4310 1484 4379 cujus
1540 4308 1881 4363 desiderium

306 4422 482 4482 gestat
507 4410 564 4463 in
613 4420 782 4462 sensu
824 4423 840 4461 :
871 4403 1203 4474 pmvalente
1237 4402 1381 4455 enim
1432 4401 1759 4469 ignorantia,
1795 4415 1882 4453 re-

1984 3224 2107 3270 sunt
2164 3214 2427 3268 intellecta
2480 3215 2895 3282 conspiciuntur,
2971 3217 3291 3285 sentpiterne
3357 3233 3565 3287 quoque

1983 3307 2099 3377 ejus
2153 3308 2320 3361 virtus
2345 3316 2394 3360 et
2449 3307 2843 3369 divinitas;ita
2892 3316 2948 3361 ut
3001 3307 3110 3360 sint
3170 3308 3569 3362 inexcusabiles

1984 3401 2175 3473 σηοω.
2213 3417 2252 3467 ι,
2276 3401 2404 3471 20),
2429 3409 2484 3455 et
2519 3410 2738 3456 czctera.
2774 3399 3083 3469 Baptisinus
3109 3414 3242 3457 vero
3266 3417 3406 3472 aqua
3455 3414 3563 3468 est,

1984 3509 2107 3564 (jure
2148 3506 2389 3563 tempore
2424 3492 2701 3562 passionis
2728 3493 2796 3548 de
2858 3494 3028 3548 latere
3079 3492 3281 3549 Christi
3341 3495 3510 3550 exivit
3545 3514 3560 3552 :

1986 3597 2043 3640 et
2079 3585 2288 3640 nullum
2311 3584 2457 3639 aliud
2482 3585 2817 3640 elementum
2851 3595 2958 3650 est,
2988 3584 3136 3654 quod
3171 3588 3222 3639 in
3265 3586 3371 3641 hoc
3400 3602 3563 3641 mun-

1985 3679 2058 3735 do
2093 3680 2347 3749 purilicet
2379 3677 2657 3741 universa,
2690 3678 2831 3746 quod
2860 3681 3105 3732 omnium
3154 3678 3408 3747 poculum
3465 3679 3561 3745 sit.

1985 3771 2130 3839 quod
2166 3766 2402 3821 vivilicet
2431 3774 2650 3821 cuncta.
2683 3764 2749 3819 Et
2781 3765 2901 3818 ideo
2926 3765 3151 3833 spiritus
3184 3765 3307 3816 vita:
3336 3765 3387 3817 in
3418 3777 3558 3832 aqua

1986 3872 2093 3926 est,
2124 3870 2179 3916 et
2211 3860 2559 3928 congregatio
2595 3873 2887 3928 aquarum,
2911 3855 3087 3910 maria
3148 3868 3346 3909 nomen
3407 3869 3565 3909 accc-

1987 3956 2087 4025 pit.
2120 3953 2339 4009 Christo
2363 3952 2508 4007 enim
2583 3950 2909 4016 renascitur,
2980 3948 3074 4018 qui
3133 3947 3451 4016 baptizatur
3503 3948 3564 4001 in

1987 4048 2179 4103 fonte:
2213 4047 2335 4101 l'ons
2391 4047 2535 4101 enim
2593 4047 2746 4114 origo
2804 4042 3047 4097 omnium
3106 4043 3404 4113 gratiarum
3458 4049 3565 4096 est.

1986 4141 2047 4196 in
2078 4155 2186 4209 quo
2219 4149 2429 4210 septem
2461 4139 2662 4210 gradus
2692 4146 2841 4201 sunt,
2891 4143 3007 4192 tres
3062 4136 3115 4189 in
3174 4136 3461 4199 descensu,
3510 4141 3571 4187 et

1989 4242 2102 4287 tres
2141 4232 2195 4288 in
2222 4247 2450 4288 ascensu
2484 4247 2497 4285 :
2535 4230 2799 4299 septimus
2830 4243 2959 4282 vero
2979 4236 3084 4293 est,
3139 4226 3229 4294 qui
3287 4234 3343 4280 et
3398 4241 3563 4293 quar-

1990 4336 2098 4390 tus,
2122 4326 2175 4380 id
2213 4335 2317 4390 est,
2344 4324 2539 4378 similis
2567 4323 2677 4375 lilio
2710 4320 2970 4383 hominis,
2998 4318 3325 4387 extinguens
3380 4317 3570 4371 forna~

1988 4433 2108 4473 cem
2151 4418 2290 4487 ignis
2326 4417 2591 4482 ardentis,
2627 4413 3054 4471 stabilimentuin
3093 4412 3310 4480 pedum,
3344 4410 3561 4466 funda-

308 4518 432 4579 gnat
460 4504 713 4565 avaritia,
745 4515 866 4572 quae
890 4501 1042 4553 radis
1078 4498 1323 4552 omnium
1363 4498 1625 4551 malorum
1660 4506 1767 4560 est,
1828 4503 1884 4549 et
1912 4486 1966 4547 D
1993 4486 2235 4568 meum,“
2260 4526 2413 4581 aqua,
2442 4527 2456 4564 ε
2499 4511 2553 4563 in
2589 4523 2700 4578 quo
2739 4507 3021 4578 plenitudo
3053 4506 3353 4560 (“ﬁnimus
3412 4506 3573 4561 ham-

310 4599 593 4671 inquisitio
616 4594 1210 4651 idolorum:ethocest
1247 4591 1446 4644 malum
1494 4590 1638 4658 quod
1667 4590 1885 4642 diilicile

308 4701 621 4762 superatur,
641 4688 737 4758 qui
760 4702 866 4741 non
888 4695 982 4739 aut
1020 4682 1250 4739 habendi
1282 4680 1587 4748 voluntate,
1612 4689 1705 4734 aut
1752 4696 1887 4749 pan.

310 4787 538 4853 perlatis
581 4784 777 4836 timore
821 4787 1093 4833 teneatur.
1137 4775 1244 4832 Sed
1276 4775 1402 4844 quia
1432 4774 1687 4845 primitus
1714 4776 1768 4827 in
1794 4789 1887 4829 ex-

309 4880 619 4933 hortatione
650 4874 951 4945 prophetia:
977 4886 1163 4927 sermo
1198 4869 1582 4939 pradicandus
1627 4879 1734 4934 est,
1789 4884 1888 4923 ne-

306 4981 585 5036 cesseest,
610 4982 669 5025 ut
698 4970 752 5024 iu
789 4968 898 5023 illis
929 4981 1071 5020 unus
1097 4965 1237 5018 Deus
1261 4964 1460 5017 avidus
1477 4973 1531 5016 et
1559 4962 1812 5030 loquatur
1836 4969 1922 5016 ct-

312 5070 645 5129 nominetur,
673 5062 973 5119 secundum
994 5059 1140 5131 quod
1166 5056 1431 5125 scriptum
1462 5064 1549 5109 est
1575 5071 1589 5109 :
1628 5054 1887 5109 Dominus

315 5162 452 5216 Deus
474 5172 597 5213 tuus
628 5173 763 5211 unus
795 5167 869 5210 est
902 5154 1082 5224 (Deut.
1109 5167 1184 5214 Vl,
1204 5151 1301 5208 ιιι.
1327 5149 1392 5203 lli
1426 5157 1551 5203 sunt
1582 5162 1716 5220 quos
1740 5159 1887 5201 cate-

311 5259 612 5311 chumenos
635 5253 1001 5311 nominamus,
1022 5258 1076 5301 et
1092 5224 1436 5316 subjacentes
1449 5243 1817 5313 castigationi.
1837 5250 1892 5296 et

312 5350 544 5403 liberum
566 5348 635 5399 ad
650 5344 929 5398 Christum
952 5342 1217 5394 habentes
1242 5338 1531 5390 arbitrium
1557 5355 1570 5390 :
1594 5337 1719 5404 quia
1742 5337 1889 5403 prin-

312 5442 509 5511 cipium
533 5437 845 5493 sanctitatis
863 5445 946 5490 est
969 5432 1255 5487 Dominum
1272 5429 1457 5485 Jesum
1484 5427 1763 5483 Christum
1794 5427 1886 5482 Dei

314 5533 505 5587 Filium
522 5530 793 5593 confiteri,
814 5527 1112 5582 secundum
1132 5524 1274 5594 quod
1292 5522 1396 5578 seri
1405 5529 1555 5591 ptum
1574 5528 1656 5575 est
1682 5537 1699 5575 :
1719 5520 1890 5574 Corde

313 5626 545 5679 creditur
564 5624 634 5674 ad
692 5620 989 5689 justitiam,
1034 5631 1124 5671 ore
1152 5626 1331 5669 autem
1380 5613 1643 5683 confessio
1694 5613 1756 5681 ﬁt
1817 5614 1886 5666 ad

311 5723 532 5772 sat-tem
576 5711 767 5783 (Rom.
803 5727 856 5777 ι,
883 5711 1001 5779 10).
1032 5708 1317 5764 Secundus
1340 5708 1764 5775 competentium
1804 5706 1887 5761 lo-

311 5825 405 5867 cus
430 5807 660 5879 est,qui
695 5807 761 5862 ad
826 5803 917 5861 Dei
982 5804 1213 5876 gratiam
1279 5801 1617 5867 festinantes,
1684 5800 1887 5872 aliquid

1992 4617 2067 4660 tat
2094 4604 2468 4675 corporaliter.
2506 4602 2697 4658 Oleum
2756 4616 2884 4656 vero
2912 4609 2966 4653 et
2997 4600 3236 4654 chrisma
3273 4614 3398 4654 esse
3441 4614 3574 4653 san-

1989 4710 2232 4761 ctorum,
2254 4698 2529 4751 silentium
2566 4694 2737 4764 ipsius
2774 4703 2828 4747 et
2859 4693 3200 4762 pinguedinis
3253 4707 3443 4745 natura
3470 4694 3572 4746 dc-

1988 4799 2277 4845 monstrat.
2308 4788 2522 4856 Corpus
2556 4786 2768 4841 Domini
2800 4787 2959 4855 panis
2995 4799 3159 4840 verus
3221 4795 3277 4840 et
3328 4785 3575 4841 cmlestis

1989 4899 2019 4939 e
2048 4883 2187 4938 cwlo
2226 4892 2329 4935 est.
2374 4880 2604 4951 Sanguis
2658 4879 2798 4950 ejus,
2835 4880 2938 4934 hoc
2968 4889 3050 4934 est
3103 4879 3245 4948 quod
3301 4882 3573 4947 scriptum:

1989 4986 2073 5031 est
2110 4994 2123 5029 :
2153 4973 2264 5044 Ego
2286 4990 2402 5028 sum
2435 4974 2552 5027 vitis
2581 4990 2723 5039 vero,
2757 4989 2843 5026 vos
2862 4985 3037 5027 autem
3069 4984 3337 5026 sarmenta
3365 4970 3567 5041 (Joan.

1988 5084 2081 5129 xv.
2118 5067 2167 5127 Ι.
2192 5068 2289 5132 5).
2327 5067 2394 5120 Et
2450 5068 2575 5135 quia
2635 5067 2799 5119 multa
2834 5068 3097 5126 membra,
3157 5079 3323 5118 unum
3388 5074 3571 5115 autem

1991 5174 2212 5227 corpus,
2253 5160 2419 5213 totius
2451 5157 2637 5212 mundi
2701 5169 2896 5211 natura
2953 5158 3189 5210 contrita
3242 5165 3323 5209 est
3383 5155 3573 5207 invisi-

1990 5253 2066 5306 hil
2092 5253 2190 5307 bus
2223 5251 2508 5319 speciebus
2544 5252 2597 5305 in
2626 5250 2920 5305 coudorem
2985 5249 3126 5302 lucis
3188 5245 3459 5312 eiieetum,
3491 5254 3575 5298 at-

1991 5357 2098 5410 que
2122 5357 2218 5410 per
2242 5342 2574 5410 baptismum
2607 5356 2758 5410 aqua:
2793 5340 2846 5393 in
2875 5337 3103 5391 veritate
3134 5351 3150 5388 :
3178 5348 3300 5388 cum
3354 5348 3575 5400 semper

1992 5438 2292 5490 secundum
2329 5435 2569 5503 speciem
2598 5434 2872 5502 corporis.
2898 5420 3195 5500 et'puritas
3238 5437 3293 5480 et
3359 5428 3572 5480 veritas

1991 5530 2287 5583 voluntatis
2317 5541 2536 5595 apparet
2575 5528 2799 5594 probata
2829 5539 2925 5594 per
2948 5524 3158 5592 ignem,
3218 5532 3276 5574 ut
3309 5521 3392 5574 his
3446 5536 3567 5572 oin-

1992 5619 2163 5673 nibus
2191 5618 2429 5687 impletis
2495 5617 2791 5678 alimentis,
2844 5614 2977 5667 nihil
3032 5612 3175 5667 desit
3234 5611 3573 5672 visibilitati,

1998 5712 2132 5766 nihil
2195 5712 2335 5767 desit
2407 5710 2667 5781 mysterio
2709 5707 2827 5773 Dei,
2892 5722 2955 5761 ae
3016 5705 3345 5760 resurrectio
3390 5704 3575 5758 carnis

1994 5803 2343 5873 apertissime
2362 5801 2754 5871 comprobetur
2786 5815 2942 5856 :eum
2999 5800 3113 5854 haec
3161 5813 3282 5864 qua:
3336 5797 3572 5852 visibilia
