4054 6206
499 397 605 460 167

1464 394 1523 445 δ.
1566 381 2000 443 ΙΠΕΒΟΝΥΜΙ
2045 378 2369 440 OPERUM
2426 375 2832 438 MANTISSA.

3652 364 3750 430 168

500 522 651 577 sunt,
682 506 1019 567 sanetiﬁcata
1059 520 1152 576 per
1183 502 1400 559 verbum
1424 510 1474 553 et
1503 498 1832 560 orationem,
1867 495 2072 553 Christi
2102 501 2146 557 Α
2173 492 2243 546 ad
2265 494 2521 577 agendam
2550 491 2935 577 ρωίιὶιςςιιίαιη,
2970 483 3265 577 ηἰείβμξειιξ
3290 482 3755 577 se

501 618 703 674 corpus
730 600 917 656 eﬂ'erta
941 608 1085 652 sunt.
1110 594 1243 662 Quae
1270 593 1472 657 omnia,
1499 590 1544 645 si
1590 593 1640 644 in
1672 592 1899 644 veritate
1927 603 2077 641 com-

504 692 778 764 plecteris,
808 688 1116 756 intelligens
1182 683 1373 745 Deum,
1441 694 1577 749 opus
1649 678 1776 733 vitm
1827 678 1964 747 agis.
2022 685 2077 728 et

504 780 870 839 connnoraris
904 777 957 829 in
980 773 1225 829 Christo.
1267 774 1341 825 Tu
1367 787 1420 823 es
1449 769 1708 823 Sacerdos
1734 769 1788 821 in
1821 777 2076 822 wternum

500 873 787 930 secundant
813 869 1052 924 ordinem
1082 863 1454 919 Melchisedech
1478 861 1669 927 (Psal.
1701 875 1809 924 (ιιι,
1861 857 1955 927 4).
2005 855 2076 909 Te

500 972 639 1023 deret
667 967 890 1039 hymnus
935 961 1070 1015 Deus
1100 962 1156 1012 iu
1183 957 1338 1021 Sion,
1369 966 1429 1008 ut
1456 957 1645 1008 reddas
1679 963 1796 1006 vota
1823 952 1878 1004 in
1912 948 2078 1003 Jeru-

499 1060 666 1114 salem
734 1056 918 1127 (Psal.
949 1069 1095 1115 thv,
1128 1050 1225 1122 2).
1292 1048 1413 1103 'l‘ibi
1476 1044 1786 1101 convivium
1819 1041 2075 1098 Christus

502 1165 610 1217 est,
635 1150 891 1222 gaudium
923 1146 1176 1202 Christus
1204 1151 1312 1207 est,
1338 1140 1600 1209 cogitatio
1656 1136 1911 1189 Christus
1970 1144 2077 1196 est,

501 1243 827 1300 desiderium
858 1238 1111 1293 Christus
1141 1246 1249 1297 est,
1281 1234 1446 1287 lectio
1478 1230 1729 1285 Christus
1758 1235 1864 1288 est,
1923 1225 2077 1293 quies

500 1338 752 1393 Christus
778 1341 882 1393 est,
947 1339 1110 1398 atque
1174 1329 1448 1396 imperans
1510 1321 1713 1377 mundo
1772 1317 2076 1377 Pharaonis

503 1430 645 1484 Deus
667 1443 746 1492 es,
780 1435 1071 1493 postquam
1104 1420 1360 1474 universa
1395 1416 1597 1471 vicisti.
1674 1412 1803 1466 Haec
1859 1409 2078 1466 cunctis

504 1520 749 1591 plebibus
777 1518 905 1581 tuis,
956 1513 1003 1569 si
1024 1511 1265 1582 dignaris
1300 1520 1359 1563 ut
1388 1522 1670 1570 moneam,
1720 1512 1881 1571 prout
1924 1512 2078 1572 potes

504 1627 718 1682 semper
748 1611 984 1674 insinua,
1020 1606 1339 1661 memoriam
1401 1603 1508 1658 mei
1576 1601 1782 1656 habens
1836 1603 1892 1653 in
1956 1612 2080 1652 ora-

508 1706 745 1762 tionibus
778 1702 887 1757 tuis
909 1699 1134 1762 sanctis,
1166 1703 1225 1750 ut
1253 1697 1454 1751 liberer
1500 1694 1570 1749 ab
1622 1691 1930 1747 inﬁdelibus
1982 1689 2074 1759 qui

505 1807 637 1853 sunt
670 1797 721 1850 in
755 1793 964 1857 Judzea,
998 1801 1057 1845 ut
1082 1788 1463 1844 remissionem
1500 1801 1802 1855 consequar
1823 1793 2075 1854 peccato-

507 1904 648 1944 rum.
681 1888 875 1957 Certus
897 1899 1017 1941 sum
1047 1886 1192 1938 enim
1215 1897 1338 1953 ego,
1365 1882 1493 1953 quia
1522 1894 1688 1950 supra
1738 1893 1897 1948 quam
1960 1876 2082 1931 dico

511 1982 676 2037 facies
702 1996 719 2035 :
750 1979 1049 2033 debitorem
1076 1976 1221 2029 enim
1254 1983 1309 2028 te
1342 1973 1470 2027 mihi
1495 1986 1617 2027 esse
1673 1968 1980 2039 cognoscis,
2023 1976 2082 2021 ut

508 2088 608 2143 pro
631 2088 716 2127 me
746 2072 913 2127 Deum
943 2082 1136 2133 rogare
1171 2081 1278 2120 non
1324 2065 1565 2126 desinas,
1621 2063 1877 2131 quoniam
1935 2060 2084 2117 sicut

502 2166 696 2237 jubere
727 2164 983 2233 dignatus
1018 2174 1101 2221 es.
1133 2157 1367 2212 cilicium
1392 2156 1780 2227 disputationis
1814 2152 2077 2225 impendi.

506 2260 617 2314 Nec
640 2258 735 2313 tibi
769 2257 943 2324 legem
966 2266 1128 2322 quam
1158 2248 1315 2319 sequi
1349 2247 1550 2303 debeas
1580 2247 1760 2317 posui,
1790 2245 1886 2301 sed
1944 2258 2083 2313 qua-

507 2351 574 2406 lis
603 2364 726 2405 esse
754 2350 868 2418 jam
900 2347 1120 2410 debeas,
1150 2342 1289 2413 stylo
1324 2340 1543 2396 favente
1577 2337 1866 2409 descripsi.
1900 2336 2079 2392 Unum

509 2450 688 2494 tamen
724 2437 854 2492 illud
886 2451 995 2504 prae
1031 2435 1247 2491 caeteris
1284 2447 1438 2503 rogo,
1476 2440 1535 2486 ut
1577 2432 1705 2502 quia
1761 2429 1930 2485 nmlta
1990 2442 2082 2484 se-

505 2534 741 2589 cundum
773 2528 1221 2586 consuetudinem
1260 2536 1431 2592 tuam,
1465 2538 1603 2579 nova
1667 2522 1764 2578 tibi
1828 2521 2084 2577 videntur

506 2637 632 2679 esse
651 2600 979 2689 conscripta,
1036 2615 1443 2688 praesumptioni
1495 2628 1627 2671 mea:
1676 2614 1811 2668 dare
1842 2612 2082 2677 ,veniam

508 2714 773 2785 digneris.
813 2711 928 2766 Nec
956 2721 1112 2780 putes
1144 2723 1243 2763 nos
1262 2707 1679 2779 perversitatem
1732 2714 1826 2760 aut
1873 2704 2086 2759 novita-

510 2819 617 2863 tem
642 2807 905 2877 aliquam,
941 2803 1034 2859 scd
1068 2802 1266 2867 solam,
1294 2803 1338 2857 si
1366 2798 1491 2873 [Αι.
1521 2798 1649 2873 sic]
1678 2800 1784 2855 dici
1847 2799 1930 2855 fas
1974 2806 2080 2864 est,

509 2903 846 2956 diversarum
869 2896 1266 2966 provinciarum
1282 2893 1736 2950 consuetudinem
1755 2891 2034 2962 publicare
2065 2907 2080 2945 :

507 2996 603 3053 sed
634 2995 774 3050 sicut
803 2990 1119 3063 reprehendi
1154 2989 1444 3052 neminem,
1473 2989 1546 3042 ita
1605 2996 1659 3042 et
1715 2984 2081 3041 danmaudum

509 3087 714 3143 nullum
744 3083 1059 3152 descripsi:
1108 3082 1416 3151 praesertim
1476 3094 1600 3135 cum
1656 3093 1849 3134 omnes
1900 3076 2084 3133 Eccle-

506 3179 619 3234 sias
644 3178 785 3233 Deus
818 3173 1123 3231 feceritzet
1156 3172 1211 3228 in
1272 3171 1531 3227 oumibus
1587 3170 1822 3241 apostoli
1883 3168 2084 3272 prtedi-
2106 3212 2156 3272 α

510 3271 790 3337 caverint;
830 3283 928 3324 nec
959 3267 1149 3323 deceat
1202 3280 1536 3335 quemquam
1592 3265 1813 3319 studere
1865 3263 2080 3317 discorr

511 3363 638 3426 dite,
673 3359 765 3415 ubi
800 3373 897 3426 pro
931 3357 1176 3412 omnium
1204 3371 1337 3425 pace
1362 3354 1659 3420 servanda,
1718 3354 1772 3409 in
1817 3355 2085 3424 discepta-

510 3450 658 3505 tione
687 3447 1071 3505 ecclesiasticae
1093 3445 1397 3516 discipliuaa
1443 3444 1614 3499 vincit
1670 3443 1765 3498 ille
1820 3443 1914 3512 qui
1968 3444 2089 3497 vin-

510 3542 669 3605 citur,
703 3553 768 3594 ac
800 3553 860 3594 se
879 3539 1085 3591 victum
1123 3535 1451 3606 gratulatur.
1472 3535 1586 3604 Ego
1619 3543 1803 3589 tamen
1863 3537 1917 3586 iu
1964 3547 2082 3587 om-

511 3632 673 3688 nibus
700 3631 850 3687 vobis
879 3630 1033 3695 redo,
1069 3629 1162 3699 qui
1189 3642 1352 3682 omne
1388 3630 1531 3698 quod
1566 3627 1745 3681 facitis
1796 3625 1979 3691 laudo,
2028 3634 2087 3679 et

510 3719 989 3777 intemulationem
1042 3722 1196 3775 bonae
1245 3720 1322 3775 rei
1388 3717 1532 3775 istud
1588 3718 1785 3773 vestris
1836 3719 2087 3801 sensibus

508 3816 953 3885 dereliuqno;ut
981 3829 1125 3869 unus
1187 3815 1421 3871 alterum
1472 3814 1792 3879 exhortans,
1854 3812 2083 3867 invicem

510 3923 610 3963 vos
630 3911 696 3964 de
729 3908 1123 3963 consuetudine
1157 3915 1342 3962 nostra
1384 3917 1441 3963 et
1497 3907 1564 3963 de
1621 3904 2088 3976 contemplatione

508 4000 1036 4057 doceatzmihihoc
1064 3998 1236 4055 solum
1294 4000 1624 4070 peculiarius
1689 3999 1963 4063 relaxetis,
2027 4009 2086 4053 ut

510 4108 614 4165 pro
648 4109 732 4150 me
760 4109 923 4150 orare
978 4094 1324 4164 dignemini:
1362 4094 1456 4162 qui
1515 4093 1585 4149 ad
1646 4095 2084 4169 emendationem

508 4188 752 4241 omnium
774 4202 894 4256 quae
924 4187 1231 4255 conscripta
1273 4196 1424 4253 sunt,
1451 4186 1824 4243 obedientiam
1878 4202 2082 4257 gerens

510 4280 586 4333 ita
650 4279 878 4333 libenter
914 4281 1089 4335 habeo
1122 4279 1255 4335 mihi
1300 4280 1502 4349 aliquid
1543 4280 1829 4349 imputare,
1876 4288 1934 4334 ut
1982 4280 2084 4334 ιιιεί

511 4371 765 4440 primitus
811 4372 1004 4427 sciatis
1069 4387 1195 4428 esse
1222 4371 1456 4443 judicii:
1489 4372 1589 4426 hoc
1611 4381 1818 4434 tantum
1841 4371 1976 4440 iussi
2019 4373 2087 4428 ab

510 4465 764 4520 omnibus
825 4463 1320 4527 condemnandum.
1371 4463 1517 4533 quod
1578 4472 1672 4518 aut
1743 4465 2087 4519 consuetudo

514 4555 881 4611 Ecclesiarum
913 4566 1049 4621 ,aut
1078 4557 1386 4611 divinorum
1416 4557 1678 4612 librorum
1714 4558 1917 4629 scripta
1976 4574 2082 4614 non
2117 4567 2162 4623 υ

579 4649 772 4703 tinent.

579 4657 654 4701 lin
695 4666 725 4700 ιι
757 4688 772 4703 .

515 4663 572 4703 te
621 4657 943 4794 MeOthlTUM
980 4738 1048 4795 IN
1079 4739 1472 4797 El’iSTOLAM
1502 4741 1950 4812 SEQUENTE”.

587 4829 878 4898 Existimo,
912 4843 1033 4900 post
1056 4848 1260 4908 annum
1298 4833 1894 4908 quadringentesimum
1926 4853 2089 4908 quar-

515 4910 649 4961 tum,
675 4915 795 4977 _nec
828 4912 1006 4977 tamen
1039 4914 1159 4972 post
1189 4906 1405 4976 longum
1442 4905 1509 4959 ab
1546 4905 1616 4961 eo
1685 4905 1958 4977 temporis
2002 4911 2089 4966 in-

515 4970 824 5035 tervallum,
860 4976 952 5027 sed
996 4970 1135 5028 intra
1168 4970 1494 5043 pltts'tnilttts
1555 4970 1897 5043 decennium,
1952 4981 2089 5035 hanc

514 5042 689 5095 fuisse
718 5043 1028 5112 epistolam.
1068 5042 1177 5097 seu
1196 5045 1433 5099 lihellqu
1464 5042 1891 5103 eittcubralum.
1921 5048 2091 5104 Nimi-

518 5128 638 5186 r_um
671 5124 941 5186 postrema
996 5116 1195 5186 ismaee
1246 5118 1365 5184 ejus
1427 5118 1588 5172 verba
1624 5115 1819 5172 :Uude
1869 5121 2087 5186 pulchre

519 5182 763 5257 Rontaua
802 5182 1062 5257 Ecclesia,
1098 5182 1414 5253 apostolico,
1441 5188 1554 5241 sine
1585 5187 1766 5252 dubio,
1793 5182 1947 5257 cujus
2002 5208 2087 5243 se»

516 5257 632 5307 dem
657 5252 875 5320 obtinet,
908 5254 1098 5318 spiritu
1136 5252 1415 5319 animata,
1469 5268 1578 5309 tam
1635 5252 1869 5313 severam
1916 5276 2087 5316 aurea

514 5324 833 5399 sententiam
861 5325 1074 5388 statuit,
1133 5338 1187 5399 ut
1242 5328 1328 5380 via:
1374 5327 1452 5399 uel
1502 5331 1824 5397 pauitantia:
1872 5336 2087 5399 dignum

509 5394 800 5463 judicaret,
827 5411 945 5463 qua:
970 5397 1360 5464 sanctiﬁcatum
1414 5394 1524 5453 Deo
1575 5413 1763 5464 corpus
1800 5394 2086 5455 libidinosa

515 5465 938 5536 goinquinatioue
984 5467 1586 5536 violassetnespicntut
1669 5472 1894 5525 omnino
1956 5473 2085 5526 illud

514 5531 812 5608 introeundi
847 5538 1078 5608 Ilomunt
1106 5531 1388 5607 pontiiicns'
1408 5542 1707 5601 decretum,
1736 5544 1964 5608 epistola
2018 5543 2086 5595 ad

521 5605 837 5681 Victriciunt
877 5678 885 5681 _
925 5605 1403 5676 Rutoniagensem,
1434 5624 1555 5678 cap.
1615 5610 1695 5681 Ην
1728 5605 1898 5663 :Itrm
1967 5627 2087 5681 quae

432 5726 441 5735 ,
515 5675 725 5729 Christo
757 5678 1103 5743 spiritualiter
1151 5688 1456 5743 nupserunt,
1504 5675 1558 5732 et
1617 5680 1849 5734 velaria
1904 5675 2085 5736 sacer-

514 5745 978 5818 durenteruerunt,
1011 5751 1055 5801 si
1081 5761 1258 5815 postea
1294 5749 1369 5802 vel
1386 5753 1589 5817 publice
1654 5754 1950 5818 nupserim,
2008 5755 2087 5809 re!

514 5831 568 5867 se
595 5816 837 5871 clanculo
894 5823 1242 5887 corruperint,
1297 5837 1396 5873 non
1428 5837 1516 5875 cas
1579 5816 1936 5879 admiitcudas
1976 5842 2085 5881 esse

2183 555 2380 615 sarculo
2411 555 2700 615 recesserit.
2726 559 2847 613 "me
2881 573 2969 609 ant
2991 573 3044 618 ο,
3073 568 3130 609 ut
3159 555 3289 616 dixi,
3357 557 3555 620 quarto
3592 565 3753 616 supra

2183 631 2783 701 quadririgentesitnutn
2841 626 3183 701 assignatur;
3211 618 3385 701 adeo:
3417 618 3561 701 quod
3625 635 3754 673 eam

2182 689 2368 753 noster
2400 689 2651 767 nuperum
2676 689 2987 752 sententiam
3014 707 3192 758 vocat,
3241 694 3380 747 haud
3434 689 3658 768 multum
3694 702 3759 743 se

2183 769 2317 822 infra
2354 759 2487 823 illud
2532 780 2746 836 tempus
2816 768 2982 837 fuisse
3037 773 3207 837 notat,
3268 776 3391 837 cum
3464 759 3751 837 scriberet.

2181 837 2321 892 Hmc
2345 850 2400 893 et
2429 840 2497 893 de
2519 828 2747 892 auctore
2779 837 2906 890 licet
2961 828 3432 905 (quandoquidem
3489 828 3755 905 Hierony-

2182 924 2328 961 mum
2359 924 2464 961 non
2499 922 2620 963 esse
2648 897 3043 973 deprehensum
3064 913 3150 956 est
3176 897 3340 956 etiam
3403 908 3532 953 ante
3588 897 3757 973 Eras-

2181 984 2366 1047 mum)
2402 994 2507 1031 non
2549 968 2733 1045 inepte
2757 978 2973 1047 demum
3033 974 3633 1047 disquirerezeumque
3683 968 3756 1021 ab

2180 1048 2323 1112 aliis,
2348 1042 2445 1114 'qui
2464 1060 2560 1113 per
2591 1042 2655 1099 ea
2682 1055 2924 1112 tempora
2953 1044 3006 1096 in
3034 1042 3203 1097 simili
3230 1050 3578 1114 “argutttento
3630 1051 3757 1114 ver-

2181 1120 2284 1170 sati
2307 1106 2882 1178 sttittfinternosce're.
2923 1114 3177 1167 Fortasse
3208 1113 3293 1164 ille
3311 1106 3503 1171 fuerit,
3522 1106 3752 1170 Paulus,

2181 1186 2297 1241 sive
2350 1187 2561 1250 Petrus,
2630 1184 2920 1253 presbyter,
2981 1183 3193 1236 natione
3254 1178 3584 1253 Eanuom'us,
3639 1179 3753 1245 qui,

2180 1254 2462 1311 Geunadiu
2487 1247 2869 1322 teste'capf15
2911 1253 3121 1319 scripsit
3154 1254 3223 1304 de
3256 1247 3605 1322 Virginitate
3632 1261 3756 1322 scr-

2181 1326 2429 1380 vanda...
2457 1326 2528 1379 ad
2559 1314 2840 1391 persouam
2892 1314 3172 1391 cujusdam
3227 1314 3417 1391 nobilis
3439 1328 3488 1371 et
3542 1314 3756 1371 Christo

2180 1394 2370 1448 dicata
2432 1389 2667 1464 virginis,
2700 1389 3032 1448 Constantia:
3086 1392 3327 1464 nomine.
3368 1389 3626 1464 Erasmus
3674 1396 3755 1441 te-

2186 1474 2364 1517 statur
2393 1465 2444 1517 in
2470 1460 2795 1531 quibusdam
2831 1462 3233 1531 exetuplaribns
3258 1462 3443 1531 fuisse
3456 1460 3603 1531 hunc
3627 1464 3757 1531 titu-

2182 1533 2314 1597 lunt,
2340 1532 2412 1586 ad
2436 1527 2725 1587 Mantuam
2754 1532 2946 1599 ﬁliam,
2994 1527 3052 1585 in
3115 1531 3239 1584 aLis
3300 1535 3367 1581 ad
3417 1527 3759 1594 Mauriciiﬁ-

2181 1603 2332 1666 liam,
2358 1605 2411 1658 in
2436 1605 2557 1659 aliis
2583 1604 2787 1658 nullius
2811 1616 3009 1657 nomen
3038 1601 3209 1655 fuisse
3273 1601 3595 1670 ascriptum.

2712 1779 3043 1836 EPISTOLA
3078 1777 3223 1834 χιιι.

2711 1915 3049 1987 Virginitatis
3097 1915 3238 1971 laus.

2254 2033 2297 2089 Ι.
2332 2033 2598 2100 Quantam
2638 2032 2691 2085 in
2719 2031 3038 2087 ctelestibus
3087 2029 3479 2086 beatitudinem
3534 2028 3762 2100 Virgini-

2186 2137 2270 2183 tas
2300 2136 2488 2180 sancta
2514 2125 2813 2195 possideat,
2835 2133 2959 2185 post
2982 2121 3394 2192 Scripturarum
3424 2124 3761 2189 testimonia,

2186 2217 2446 2277 Ecclesiae
2470 2219 2633 2273 etiam
2669 2217 3063 2272 consuetudine
3119 2217 3435 2282 edocemur,
3489 2231 3597 2286 qua
3664 2217 3767 2269 di-

2184 2314 2391 2367 scimus
2442 2310 2716 2382 peculiare
2774 2311 2849 2365 illi
2927 2311 3230 2368 subsistere
3288 2311 3565 2378 meritum,
3606 2310 3768 2379 cujus

2182 2405 2437 2476 specialis
2460 2412 2545 2460 est
2578 2405 2949 2460 consecratio.
2974 2403 3106 2458 Nam
3136 2417 3260 2459 cum
3289 2403 3541 2459 universa
3602 2405 3763 2459 turba

2182 2498 2518 2553 credentium
2547 2498 2697 2568 paria
2732 2496 2872 2552 dona
2909 2497 3099 2567 gratia:
3130 2499 3414 2566 percipiat,
3452 2508 3509 2553 et
3564 2499 3762 2554 iisdem

2182 2604 2373 2646 omnes
2404 2600 2872 2645 sacramentorum
2905 2590 3379 2645 benedictionibus
3433 2591 3763 2660 glorientur,

2184 2680 2304 2734 ista:
2331 2680 2537 2749 aliquid
2571 2682 2850 2748 pr0prium
2879 2694 2990 2749 pra:
3023 2680 3239 2734 caeteris
3279 2680 3505 2747 habent,
3533 2696 3656 2737 cum
3697 2684 3767 2736 de

2183 2773 2281 2828 illo
2310 2783 2499 2827 sancto
2530 2783 2585 2827 et
2638 2772 2986 2827 innnaculato
3055 2770 3315 2827 Ecclesiae
3365 2787 3546 2843 grege,
3607 2773 3766 2844 quasi

2184 2874 2491 2920 sanctiores
2521 2866 2880 2935 purioresque
2907 2865 3125 2930 hostias,
3168 2879 3269 2936 pro
3305 2866 3599 2920 voluntatis
3649 2881 3763 2920 suae

2186 2957 2402 3011 meritis
2435 2974 2462 3009 a
2496 2969 2688 3013 sancto
2716 2955 2923 3027 Spiritu
2952 2957 3250 3028 eliguntur,
3276 2969 3332 3013 et
3365 2973 3457 3026 per
3482 2973 3762 3013 summum

2183 3050 2524 3106 sacerdotem
2566 3050 2658 3117 Diei
2693 3049 2996 3106 olleruntur
3058 3051 3279 3106 altario.
3344 3051 3512 3122 Digna
3570 3067 3760 3107 revera

2193 3144 2426 3200 Domino
2460 3144 2635 3200 hostia
2688 3154 2796 3200 tam
2862 3146 3085 3214 pretiosi
3139 3147 3391 3202 animalis
3447 3145 3671 3208 oblatio,
3704 3154 3764 3201 et

2188 3235 2387 3291 nullius
2410 3237 2605 3304 magis,
2622 3249 2787 3305 quam
2815 3251 2929 3292 suae
2959 3237 3239 3308 imaginis,
3261 3236 3443 3292 hOstia
3468 3238 3763 3307 placitura.

2188 3326 2265 3382 De
2296 3327 2603 3397 huiusmodi
2621 3327 2784 3382 etiam
2817 3328 3136 3397 Apostolum
3170 3329 3375 3383 dixisse
3401 3344 3525 3385 reor
3553 3346 3568 3383 :
3601 3328 3770 3384 Obse-

2188 3435 2279 3473 cro
2305 3428 2479 3473 autent
2505 3435 2617 3485 vos,
2684 3421 2906 3496 fratres,
2935 3436 3028 3488 per
3058 3421 3479 3476 misericordiam
3541 3421 3661 3488 Dei,
3707 3433 3765 3476 tu

2186 3513 2477 3568 exhibeatis
2518 3528 2740 3580 corpora
2783 3524 2956 3569 vestra
3005 3514 3233 3569 hostium
3313 3516 3593 3578 virentem,
3641 3530 3768 3568 sau-

2193 3616 2359 3671 ctam,
2389 3605 2493 3660 Deo
2522 3608 2817 3674 placentem
2842 3605 3022 3672 (liam.
3055 3622 3152 3666 stt.
3207 3606 3228 3661 I
3258 3607 3303 3676 ).
3323 3606 3572 3671 Possidet
3633 3624 3768 3680 ergo

2190 3697 2497 3766 Virginitas,
2521 3708 2577 3752 et
2607 3698 2748 3766 quod
2789 3697 2881 3751 alii
2929 3698 3149 3761 habent,
3206 3710 3261 3754 et
3313 3701 3456 3770 quod
3508 3700 3601 3756 alii
3656 3717 3765 3756 non

2192 3790 2590 3846 habenudum
2651 3806 3002 3846 communem
3060 3801 3116 3847 et
3169 3795 3497 3862 pecuiiarem
3553 3797 3767 3852 obtinet

2190 3881 2443 3949 gratiam,
2477 3896 2531 3936 et
2559 3885 2802 3953 proprio,
2826 3894 2885 3939 ut
2914 3884 2985 3939 ita
3029 3883 3285 3952 dixerim,
3335 3887 3768 3943 consecrationis

2190 3976 2475 4044 privilegio
2507 3978 2732 4046 gaudet.
2759 3975 2897 4031 Nam
2930 3986 2986 4033 et
3019 3978 3223 4034 Christi
3258 3995 3488 4049 sponsas
3528 3982 3773 4051 virgines

2190 4068 2394 4133 dicere,
2467 4071 2843 4126 ecclesiastica
2899 4072 3058 4129 nobis
3114 4075 3382 4142 permittit
3422 4078 3770 4133 auctoritas:

2191 4160 2319 4215 dum
2354 4161 2406 4215 in
2431 4177 2753 4229 sponsarum
2780 4166 2997 4218 modum
3041 4178 3138 4220 cas
3165 4173 3450 4221 conseth
3481 4167 3712 4224 Domine
3744 4186 3763 4224 :

2190 4251 2341 4305 velut
2370 4254 2668 4307 ostendens
2696 4268 2792 4307 eas
2843 4254 2930 4308 vel
2982 4257 3220 4310 maxime
3267 4244 3557 4313 habituras
3602 4260 3772 4329 spiri-

2193 4345 2336 4399 tuale
2364 4346 2721 4411 eonnubium,
2758 4361 2879 4416 qua
2907 4346 3334 4418 subterfugerin't
3363 4353 3582 4407 carnale
3640 4369 3773 4408 con-

2193 4440 2446 4506 sortium,
2482 4449 2537 4494 et
2560 4440 2723 4510 digne
2758 4444 2869 4498 Deo
2934 4459 3028 4513 per
3086 4447 3418 4502 matrimonii
3469 4447 3772 4516 copulatio—

2195 4548 2317 4588 neut
2352 4535 2708 4600 spiritualiter
2738 4538 3083 4604 copulantur,
3106 4554 3225 4607 qua:
3285 4539 3401 4608 ejus
3435 4555 3594 4596 causa
3632 4541 3773 4597 dile-

2193 4627 2413 4692 ctiouis,
2435 4627 2670 4682 humana
2700 4630 2971 4685 connubia
3009 4645 3354 4700 spreverunt.
3397 4634 3449 4688 lu
3490 4634 3572 4687 his
3607 4650 3770 4704 quam

2192 4732 2429 4772 maxume
2458 4718 2582 4771 illud
2617 4717 2871 4789 impletur
2929 4721 3218 4789 Apostoli:
3264 4723 3371 4788 Qui
3432 4734 3613 4778 autem
3670 4726 3773 4779 ad-

2191 4810 2783 4873 hwretDomiuo,uuus
2837 4814 3053 4879 spiritus
3106 4822 3183 4869 est
3239 4814 3300 4884 (Ι
3339 4817 3463 4870 Cor.
3507 4832 3577 4882 vt,
3644 4817 3772 4889 l't').

2191 4902 2409 4959 Grande
2431 4912 2515 4959 est
2557 4916 2611 4958 et
2639 4904 2966 4970 immortale,
3020 4914 3077 4962 et
3133 4924 3268 4977 pene
3325 4910 3462 4962 ultra
3520 4922 3772 4964 naturam

2190 5010 2534 5067 corpoream,
2567 4997 2783 5052 lreuare
2855 4998 3149 5065 luxuriam,
3208 5010 3263 5054 et
3310 5002 3774 5072 concupiscentia

2192 5088 2464 5143 ﬂammam
2514 5090 2897 5146 adolescentia:
2939 5091 3150 5149 facibus
3198 5106 3544 5163 azsmantcm,
3602 5100 3772 5154 anim’

2192 5184 2393 5236 virtute
2431 5183 2788 5254 restinguere,
2825 5194 2880 5238 et
2903 5185 3172 5251 spirituali
3206 5200 3410 5244 conatu
3446 5192 3552 5247 vim
3578 5195 3775 5263 genui-

2191 5289 2273 5327 na:
2307 5273 2688 5330 oblectationis
2715 5277 3023 5343 excludere,
3077 5281 3367 5351 vivereque
3416 5295 3608 5343 contra
3671 5290 3776 5343 hu-

2193 5366 2338 5419 mani
2400 5369 2618 5436 generis
2670 5368 2864 5439 legem,
2929 5370 3211 5439 despicere
3264 5376 3499 5447 corqugii
3552 5379 3771 5442 solatia.

2190 5455 2527 5512 dulcedinem
2555 5468 2910 5516 contemnere
2958 5462 3275 5535 liberorum,
3318 5479 3372 5523 et
3431 5485 3775 5542 quacunque

2191 5552 2475 5616 pra-scutis
2503 5553 2626 5606 vita:
2652 5556 2938 5610 connuoda
2971 5568 3119 5624 sunt,
3142 5574 3243 5629 pro
3301 5562 3476 5617 nihilo
3523 5579 3619 5635 spe
3683 5566 3772 5620 lu-

2191 5652 2324 5697 turze
2357 5647 2708 5702 beatitudinis
2732 5661 3072 5719 computare.

2261 5737 2324 5792 ll.
2360 5736 2550 5809 Magna
2585 5742 2721 5805 haec,
2742 5753 2803 5797 ut
2832 5743 2970 5808 dixi.
2994 5758 3049 5800 et
3073 5749 3416 5807 admirabilis
3445 5754 3621 5811 virtus
3648 5767 3774 5813 est:

2189 5841 2243 5884 ct
2275 5846 2380 5886 non
2417 5833 2691 5890 immerito
2718 5840 3225 5910 promagnitudine
3275 5842 3475 5903 laboris
3540 5848 3624 5905 sui
3688 5850 3777 5903 iu-
