4056 6200
318 215 414 280 l'll

1244 221 1304 283 S.
1348 222 1784 281 lllERONYMl
1827 221 2153 282 OPEBUM
2193 220 2603 282 MANTlSSA.

3467 215 3569 279 17?.

312 341 536 413 propter
568 331 711 401 quod
735 346 853 387 eam
886 332 1089 389 habeas
1123 352 1230 390 non
1270 337 1505 392 habere?
1541 336 1634 391 Vel
1669 354 1770 392 cur
1798 352 1883 391 res
1913 359 1957 413 Α
1989 338 2163 390 stiano
2196 352 2226 389 a
2264 335 2420 389 malis
2473 350 2532 387 se
2586 332 2879 394 abstinere,
2938 333 3038 385 nisi
3085 334 3247 386 etiam
3297 335 3561 386 lltllltllum

311 410 499 478 mundi
527 431 868 489 contemnas,
894 424 937 478 si
965 424 1232 492 justitiam
1280 439 1687 496 propterquam
1728 427 1884 495 pudi-

308 515 492 569 citiam
536 525 593 569 et
641 515 826 568 mundi
875 523 1243 586 contemptum
1282 517 1481 572 habere
1510 526 1564 572 tc
1602 519 1880 583 convenit,

312 621 418 660 non
471 606 794 661 custodias?
851 608 984 673 Quia
1044 619 1104 662 ut
1155 611 1328 679 prima
1393 611 1606 678 species
1666 622 1883 678 propter

308 701 602 753 secundam
635 709 738 764 est,
797 699 868 753 ita
925 701 1098 768 prima
1150 712 1203 756 et
1239 702 1474 757 secunda
1528 712 1746 773 propter
1778 712 1885 755 ter-

310 794 436 844 tiam
474 810 486 845 :
527 808 648 860 qum
686 792 730 845 si
761 809 866 847 non
899 790 1081 859 fuerit,
1119 809 1218 848 nec
1271 795 1467 862 prima,
1522 808 1622 849 nec
1648 793 1883 849 secunda

309 884 572 951 proficiet.
625 884 781 938 Dicas
841 883 1092 948 forsitan,
1132 884 1269 939 doce
1320 899 1405 937 me
1447 899 1595 954 ergo,
1633 884 1762 953 quid
1815 886 1886 937 sit

302 977 535 1041 justitia,
593 987 650 1029 ut
708 991 830 1029 eam
881 976 927 1031 si
976 977 1351 1045 cognoverim,
1413 976 1627 1030 facilius
1661 975 1885 1044 implere

308 1067 594 1122 sufficiam.
630 1068 811 1121 Dicam
847 1068 1102 1132 breviter,
1155 1079 1212 1121 ιιι
1264 1071 1438 1131 valeo,
1488 1078 1544 1123 et
1591 1070 1882 1122 verbormn

309 1170 430 1212 utar
459 1157 811 1225 simplicitate
858 1160 1228 1213 communium
1272 1176 1285 1212 :
1319 1160 1445 1225 quia
1489 1174 1652 1212 causa
1688 1160 1753 1212 de
1780 1174 1883 1227 qua

308 1251 520 1319 agimus
555 1250 679 1304 talis
700 1260 803 1313 est,
826 1264 943 1317 quae.
967 1251 1349 1306 disertioribus
1371 1251 1636 1304 facundia:
1668 1266 1885 1305 sermo-

310 1340 473 1394 nibus
514 1354 853 1406 nequaquam
887 1340 1079 1393 debeat
1119 1340 1424 1401 obscurari.
1453 1341 1547 1394 sed
1583 1339 1885 1408 simplicio-

310 1432 462 1487 ribus
516 1431 843 1501 eloquentia:
902 1432 1308 1486 narrationibus
1369 1432 1552 1499 pandi.
1613 1430 1884 1486 Omnibus

308 1525 453 1576 enim
509 1523 561 1576 iu
623 1536 913 1577 commune
962 1524 1296 1589 necessaria,
1362 1522 1633 1578 connnuui
1691 1522 1886 1576 debent

307 1629 559 1670 sermone
583 1614 968 1669 demonstrari.

1989 440 2213 494 operum
2272 425 2447 479 ofﬁcia
2492 425 2815 493 perfecerit.
2867 424 3022 489 Quod
3065 426 3159 479 illo
3204 426 3281 477 vel
3331 428 3565 479 maxime

1990 516 2304 570 testimonio
2338 517 2745 583 comprobatur,
2774 529 2883 581 quo
2912 514 3277 569 comminatur
3301 515 3564 570 Dominus

1987 607 2174 661 πειθηιί
2211 606 2354 676 ignis
2385 622 2507 658 reos
2525 604 2661 665 fore,
2700 606 2792 673 qui
2826 604 3076 673 quamvis
3107 606 3240 659 nihil
3278 605 3403 660 mall
3443 621 3568 675 ges-

1989 699 2183 758 serint,
2217 711 2323 749 non
2349 697 2576 749 fecerint
2598 711 2760 749 otnne
2783 696 2924 763 quod
2958 698 3153 748 bonum
3183 707 3288 759 est,
3324 697 3507 750 dicens
3546 713 3563 751 :

1992 790 2137 843 Tum:
2160 790 2289 842 dicet
2332 804 2421 842 rea:
2470 787 2550 841 Itis
2584 788 2673 857 qui
2706 789 2774 840 ad
2799 788 3083 841 sinistrum
3118 798 3238 843 situt
3269 806 3287 842 :
3311 790 3568 843 Disreditr

1989 899 2021 934 α
2064 897 2162 942 me,
2196 879 2486 943 maledicti,
2515 879 2567 932 iu
2618 880 2791 946 ignem
2842 889 3120 943 (uernum,
3157 896 3305 948 quem
3361 897 3570 950 pra’pa-

1990 974 2124 1026 ravit
2156 971 2317 1025 Pater
2372 986 2514 1024 meus
2567 970 2774 1024 diabolo
2834 980 2885 1023 et
2930 971 3130 1039 angelis
3173 972 3309 1040 ejus.
3356 971 3568 1027 Esuriri

1989 1068 2149 1128 enim,
2185 1076 2235 1119 et
2274 1081 2374 1117 non
2408 1064 2629 1117 dedistis
2666 1062 2791 1116 mihi
2825 1065 3148 1118 manducare
3174 1064 3391 1134 (Matth.
3437 1083 3567 1131 xxv,

1991 1156 2222 1222 “.42),
2275 1166 2328 1209 et
2382 1164 2599 1208 caetera.
2654 1152 2774 1207 Non
2809 1154 2941 1208 dicit
2991 1172 3006 1208 :
3064 1155 3335 1210 Discedite
3387 1172 3417 1208 a
3462 1172 3568 1218 nte,

1992 1244 2289 1306 maledicti,
2307 1245 2434 1311 quia
2458 1242 2815 1297 homicidium
2838 1242 3065 1309 fecistis,
3089 1245 3215 1312 quia
3240 1246 3568 1299 adulterium

1991 1336 2364 1405 perpetrastis,
2417 1343 2508 1388 aut
2553 1335 2677 1403 quia
2726 1333 2929 1388 furtum
2971 1335 3211 1404 fecistis;
3269 1352 3375 1392 non
3421 1340 3567 1393 enim

1990 1429 2117 1496 quia
2162 1427 2359 1479 malum
2402 1425 2670 1488 fecerunt,
2699 1426 2792 1479 sed
2835 1427 2957 1493 quia
2991 1428 3131 1481 bona
3158 1442 3263 1481 non
3301 1429 3569 1494 fecerunt,

1989 1523 2438 1582 condemnentur,
2486 1532 2541 1572 et
2570 1528 2786 1572 aeterna:
2820 1517 3081 1586 gehenna:
3115 1520 3385 1573 incendiis
3422 1523 3574 1573 add.-

1989 1622 2205 1664 cuutur.
2242 1608 2351 1663 Nec
2378 1610 2500 1677 quia
2525 1623 2644 1676 quae
2675 1608 2945 1676 prohibita
2970 1619 3147 1674 erant,
3177 1610 3517 1667 admiserunt
3551 1627 3567 1665 :

379 1704 442 1758 V.
473 1704 690 1759 iustitia
728 1719 858 1773 ergo
882 1719 987 1757 non
1014 1703 1287 1768 estaliud,
1310 1719 1473 1775 quam
1499 1722 1604 1760 non
1630 1720 1881 1776 peccare.
1914 1692 1962 1751 B
1991 1704 2086 1756 sed
2117 1706 2239 1771 quia
2272 1717 2392 1770 qua:
2425 1712 2696 1770 praecepta
2745 1712 2925 1764 erant.
2988 1704 3274 1756 noluerunt
3319 1705 3563 1773 implere.

306 1797 425 1849 Non
459 1810 683 1864 peccare
736 1804 917 1847 autem
956 1795 1089 1862 legis
1142 1804 1412 1865 praecepta
1454 1811 1699 1851 servare.
1744 1795 1889 1850 Prae-

306 1897 582 1954 teptorum
606 1899 738 1942 vero
768 1886 1079 1940 observatio
1110 1887 1315 1954 duplici
1371 1888 1422 1941 in
1468 1902 1669 1955 genere
1701 1897 1889 1942 custo-

305 1984 452 2031 ditur
489 1994 505 2031 :
543 1987 598 2031 ιιι
633 1979 763 2029 nihil
796 1993 985 2031 eorum
1020 1992 1141 2046 qua:
1194 1978 1551 2046 prohibentur
1585 1978 1776 2043 facias,
1836 1990 1889 2029 et

307 2082 507 2125 cuncta
558 2086 678 2136 qua:
712 2070 979 2139 jubentur
1036 2070 1265 2138 implere
1305 2073 1626 2125 contendas.
1662 2069 1775 2125 lloc
1805 2079 1889 2123 est

307 2162 451 2230 quod
503 2162 633 2213 dicit
670 2180 684 2215 :
721 2159 915 2215 Recede
966 2163 1210 2225 a'mulo,
1252 2171 1301 2214 et
1338 2163 1424 2232 {ac
1469 2162 1660 2216 bonum
1712 2161 1886 2230 (Psul.

308 2268 495 2319 xxxvi,
522 2254 633 2317 '27).
661 2252 778 2307 Non
818 2252 963 2306 enim
1007 2238 1060 2305 in
1089 2253 1192 2307 hoc
1237 2262 1393 2322 putes
1423 2263 1675 2308 constare
1723 2255 1888 2323 jtiSii-

310 2350 461 2409 tiam,
495 2355 552 2398 ut
604 2346 802 2398 malum
854 2359 960 2397 non
1011 2343 1203 2409 facias,
1258 2360 1382 2399 cum
1426 2354 1481 2400 et
1529 2348 1731 2399 bonum
1783 2359 1887 2396 non

307 2442 487 2493 facere
515 2438 716 2491 malum
767 2437 860 2501 sit,
895 2447 951 2491 et
986 2436 1038 2489 in
1066 2446 1295 2505 utroque
1325 2436 1458 2506 legis
1510 2437 1889 2505 prrevaricatio

310 2531 710 2583 committatur.
753 2528 1024 2594 Quoniam
1063 2528 1158 2595 qui
1206 2528 1383 2582 dicit:
1425 2527 1619 2582 Recede
1665 2545 1697 2581 a
1748 2525 1889 2578 malo

310 2623 489 2693 (Prov.
518 2638 599 2686 ιιι,
632 2620 684 2689 7)
721 2637 735 2673 :
775 2631 829 2674 et
870 2622 986 2689 ipse
1020 2619 1175 2684 dicit,
1208 2620 1295 2688 [ac
1345 2622 1558 2676 bonum.
1591 2621 1647 2675 Si
1682 2635 1713 2673 a
1750 2621 1888 2671 malo

308 2715 627 2776 recesseris,
666 2722 721 2766 et
771 2726 877 2767 non
919 2712 1114 2765 l‘eceris
1146 2712 1369 2777 bonum,
1425 2722 1800 2782 transgressor
1832 2722 1890 2762 es

307 2808 443 2877 legis
486 2822 500 2862 :
534 2822 653 2875 quae
678 2821 784 2858 non
818 2815 1025 2859 tantum
1056 2804 1107 2858 in
1131 2805 1398 2859 malorum
1426 2814 1643 2860 actuum
1678 2805 1891 2859 abomi-

307 2901 551 2964 natione,
586 2899 680 2953 sed
717 2900 771 2953 in
806 2899 1070 2953 bonorum
1110 2913 1335 2967 operum
1386 2897 1719 2967 perfectione
1744 2916 1893 2954 cem-

310 2995 507 3064 pletur.
541 2992 725 3061 Neque
768 2994 914 3046 enim
960 2992 1059 3045 hoc
1083 2992 1257 3046 solum
1307 2992 1401 3045 tibi
1455 2993 1793 3060 praacipilur,
1833 3004 1889 3044 nt
1917 3031 1959 3088 Γ
1995 2992 2162 3057 elgo?
2190 2999 2408 3056 propter
2435 2992 2648 3042 arboris
2676 2992 2908 3042 fructum
2939 2992 3077 3044 Deus
3102 2992 3375 3046 hominem
3399 3007 3418 3044 r

310 3087 565 3136 vestitum
600 3099 704 3136 non
736 3084 936 3136 soolies
961 3085 1074 3136 suis
1110 3084 1445 3136 indumentis
1492 3098 1508 3136 :
1542 3085 1637 3136 sed
1668 3096 1726 3136 ut
1768 3101 1891 3136 sno-
1945 3071 1962 3091 ⁴
1999 3079 2323 3133 mulctavit?
2354 3077 2475 3134 Non
2520 3092 2741 3136 propter
2773 3080 2987 3135 arboris
3015 3080 3274 3136 fructum.
3323 3083 3418 3136 sed

1999 3088 2323 3133 mulctavit?
2354 3088 2475 3134 Non
2519 3092 2741 3149 propter
2773 3088 2987 3135 arboris
3015 3088 3274 3144 fructum,
3323 3088 3418 3137 sed
3451 3098 3575 3151 ιιι-υ-

308 3087 565 3142 vestitum
600 3099 704 3139 non
736 3084 936 3151 Spolies
961 3085 1074 3139 suis
1110 3084 1445 3138 indmnentis
1492 3098 1508 3139 :
1542 3085 1637 3139 sed
1668 3096 1726 3139 ut
1768 3101 1891 3153 spo-

312 3184 469 3237 liatos
522 3181 737 3249 aperias
779 3181 886 3235 tuis
926 3180 1286 3259 vestimentis.
1315 3178 1504 3249 Neque
1545 3191 1605 3234 ut
1662 3181 1885 3235 habenti

308 3290 502 3343 panem
538 3290 644 3327 non
669 3271 887 3326 auferas
918 3286 1102 3335 suum,
1130 3272 1225 3326 sed
1246 3280 1302 3325 ut
1334 3288 1438 3327 non
1472 3271 1693 3327 habenti
1734 3284 1884 3326 tuum

309 3366 544 3418 libenter
581 3363 883 3431 impertias.
911 3360 1099 3432 Neque
1123 3375 1183 3417 ut
1205 3379 1498 3433 pauperem
1525 3380 1632 3419 non
1663 3366 1892 3434 repellas

310 3457 550 3525 hospitio
580 3471 699 3517 suo,
725 3455 817 3507 sed
854 3465 911 3508 ut
958 3455 1173 3524 pulsum
1206 3465 1261 3509 et
1291 3470 1395 3510 non
1432 3457 1716 3511 habentem
1752 3458 1893 3510 reci-

310 3550 429 3615 pias
487 3558 602 3599 tuo.
663 3546 1002 3615 Prmceptum
1052 3558 1136 3601 est
1191 3549 1338 3601 enim
1378 3550 1535 3603 nobis
1575 3548 1708 3603 flere
1762 3566 1886 3604 cum

308 3640 585 3695 flentibus.
623 3640 907 3705 Quomodo
954 3653 1079 3693 cum
1131 3637 1240 3693 illis
1294 3639 1510 3705 ﬂemus,
1568 3641 1613 3694 si
1648 3640 1701 3694 in
1743 3641 1892 3693 nullo

314 3745 501 3785 eorum
536 3728 952 3782 necessitatibus
981 3726 1396 3795 participamus,
1436 3741 1538 3779 nec
1575 3726 1778 3795 aliquid
1808 3728 1888 3778 eis

314 3825 367 3877 in
402 3824 507 3885 his,
530 3829 900 3891 propterquas
924 3820 1293 3889 lacrymantur
1314 3834 1529 3883 causas,
1555 3821 1893 3888 praebeamus

314 3916 612 3970 auxilium?
671 3916 857 3983 Neque
910 3914 1055 3966 enim
1104 3911 1328 3966 fletuum
1388 3921 1699 3965 nostrorum
1753 3910 1895 3966 Deus

316 4006 708 4062 infructuosum
756 4007 1039 4060 humorem
1075 4005 1270 4073 quaerit
1307 4023 1319 4058 :
1361 4005 1451 4057 sed
1485 4003 1613 4072 quia
1648 4003 1897 4074 lacrytnae

316 4100 520 4153 doloris
555 4098 813 4152 iudicium
848 4106 995 4162 sunt,
1029 4098 1140 4149 vult
1168 4105 1218 4150 te
1249 4096 1325 4150 ita
1350 4098 1575 4149 alterius
1608 4098 1895 4164 angustias

315 4191 517 4244 sentire
548 4200 607 4243 ιιι
637 4199 756 4242 tuas
791 4203 806 4242 :
837 4197 892 4241 et
912 4189 1186 4256 quomodo
1218 4186 1313 4240 tibi
1338 4187 1394 4239 in
1428 4186 1516 4239 tali
1544 4187 1896 4240 tribulatione

317 4286 361 4335 si
386 4296 556 4345 esses,
591 4280 869 4333 subveniri
899 4294 1149 4346 cuperes,
1177 4278 1249 4331 ita
1280 4278 1433 4332 alteri
1466 4278 1583 4345 ipse
1608 4278 1899 4331 subvenias

1992 1793 2142 1849 Unde
2179 1793 2569 1848 advertendum
2603 1800 2685 1846 est
2723 1808 2884 1862 quam
2922 1808 3071 1862 spem
3102 1796 3299 1849 habere
3333 1796 3566 1864 possint,

1994 1889 2084 1955 qui
2113 1888 2293 1942 adhuc
2330 1887 2534 1956 aliquid
2558 1902 2746 1940 eorum
2773 1887 2982 1940 faciunt
3015 1902 3135 1954 qua:
3161 1888 3515 1957 prohibentur
3554 1906 3569 1943 :

1992 1996 2116 2032 cum
2167 1978 2329 2032 etiam
2374 1978 2447 2031 illi
2482 1977 2672 2031 aeterni
2704 1977 2845 2047 ignis
2880 1979 2955 2032 rei
2988 1989 3134 2042 sunt,
3166 1981 3256 2047 qui
3288 1996 3394 2033 non
3432 1980 3572 2036 fece-

1993 2082 2118 2124 runt
2152 2088 2271 2139 quae
2304 2070 2592 2133 iubentur.
2630 2068 2767 2125 Nolo
2820 2070 2966 2125 enim
3020 2072 3074 2125 in
3117 2071 3218 2126 boc
3272 2074 3365 2126 tibi
3421 2075 3571 2126 hlano

1994 2163 2184 2226 diaris,
2230 2166 2273 2217 si
2337 2165 2519 2232 aliqua
2566 2177 2671 2217 nOn
2730 2163 2952 2226 feceris,
2992 2179 3113 2217 cum
3159 2165 3422 2233 scriptum
3453 2166 3571 2221 sit:

1995 2254 2098 2317 Qui
2125 2256 2420 2307 universam
2468 2255 2632 2323 legem
2667 2254 2973 2319 servaverit,
3002 2256 3277 2322 oﬂ’enderit
3306 2266 3482 2309 autem
3514 2258 3573 2312 in

1994 2359 2118 2405 uno,
2149 2344 2323 2412 factus
2362 2354 2436 2397 est
2473 2347 2715 2397 omnium
2749 2360 2868 2399 reus
2930 2343 3073 2414 (Jac.
3122 2362 3182 2410 ιι,
3233 2347 3346 2416 10).
3400 2349 3571 2401 Adam

1993 2437 2137 2487 enim
2165 2436 2332 2488 semel
2363 2437 2624 2504 peccavit,
2656 2447 2709 2490 et
2734 2450 2978 2493 mortuus
3011 2446 3096 2493 est
3122 2449 3212 2494 :et
3241 2450 3295 2493 tu
3316 2451 3368 2494 te
3393 2441 3575 2495 vivere

1996 2540 2153 2594 posse
2175 2527 2482 2590 existimas.
2511 2526 2638 2582 illud
2664 2542 2809 2596 saepe
2836 2530 3201 2595 eounnittens,
3230 2535 3374 2600 quod
3408 2533 3570 2585 alium

1993 2635 2119 2672 cum
2151 2619 2320 2673 semel
2354 2632 2743 2689 perpetrasset,
2776 2624 3011 2680 occidit?
3061 2627 3141 2677 An
3183 2628 3388 2693 grande
3416 2625 3568 2681 illum

1993 2710 2344 2765 commisisse
2400 2715 2605 2767 crimen
2663 2723 2828 2781 putas
2886 2732 2901 2768 :
2958 2717 3105 2770 unde
3168 2718 3365 2772 merito
3414 2734 3571 2787 poena

1993 2804 2282 2857 damnatus
2312 2806 2383 2859 sit
2427 2806 2667 2859 acriori?
2709 2806 3001 2863 Videamus
3030 2824 3162 2879 ergo
3218 2810 3349 2879 quid
3382 2809 3574 2865 fecerit

1994 2908 2186 2948 contra
2251 2895 2565 2951 mandatum
2600 2913 2615 2951 :
2649 2898 2716 2952 de
2758 2898 2936 2955 fructu
2990 2901 3200 2956 arboris
3241 2903 3372 2957 edit.
3432 2903 3573 2969 Quid

1995 2986 2162 3057 ergo?
2190 2999 2408 3056 propter
2435 2990 2648 3042 arboris
2676 2987 2908 3042 fructum
2939 2990 3077 3044 Deus
3102 2991 3375 3046 hominem
3399 3006 3576 3045 morte

1995 3183 2115 3241 pter
2169 3173 2409 3225 mandati
2462 3182 2859 3238 contemptum.
2917 3172 3061 3243 Ergo
3115 3189 3224 3227 non
3284 3174 3460 3244 agitur
3507 3174 3575 3228 de

1994 3265 2256 3333 qualitate
2316 3264 2559 3333 peccati,
2599 3266 2692 3318 sed
2733 3265 2800 3320 de
2837 3267 3283 3332 transgressione
3314 3267 3574 3322 mandati.

1997 3358 2062 3411 Et
2093 3359 2183 3427 qui
2212 3359 2347 3411 dixit
2381 3358 2535 3422 Athe,
2564 3369 2623 3411 ut
2657 3359 2721 3412 de
2745 3358 2923 3412 fructu
2949 3360 3163 3413 arboris
3195 3375 3304 3414 non
3331 3360 3569 3415 edet-eu:

1995 3452 2110 3519 ipse
2147 3450 2237 3504 tibi
2265 3453 2541 3519 praecepit,
2577 3460 2760 3505 utnon
2786 3451 3101 3515 maledicas,
3131 3467 3239 3505 non
3266 3454 3572 3518 mentiaris,

1999 3558 2103 3593 non
2129 3541 2404 3605 detrahas,
2434 3556 2533 3595 nec
2559 3542 2913 3595 detrahentes
2938 3542 3241 3608 auscultes,
3270 3553 3329 3595 nt
3349 3543 3571 3597 omnino

1998 3649 2105 3686 non
2135 3634 2308 3702 jures,
2357 3650 2459 3687 non
2488 3634 2867 3701 concupiscas,
2902 3650 3008 3687 non
3053 3634 3318 3700 invideas,
3353 3651 3462 3689 non
3497 3637 3575 3693 Sil

1999 3726 2231 3792 tepidus,
2262 3740 2365 3780 neu
2403 3727 2479 3779 sis
2526 3741 2723 3780 avarus
2757 3743 2769 3779 :
2812 3736 2870 3780 ιιι
2905 3728 3035 3780 nulli
3076 3727 3274 3781 malum
3302 3744 3401 3797 pro
3434 3737 3575 3781 man

1998 3818 2195 3871 reddas
2233 3836 2247 3874 :
2283 3828 2341 3871 ut
2398 3800 2647 3872 inimicos
2688 3830 2805 3873 tuos
2839 3820 3033 3887 diligas
3072 3836 3085 3875 :
3122 3832 3180 3873 ut
3209 3837 3306 3889 pro
3354 3822 3576 3876 maledi-

1999 3909 2247 3963 centibus
2299 3920 2352 3963 et
2390 3912 2834 3977 persecutoribus
2889 3928 3013 3965 ores
3072 3926 3087 3963 :
3136 3924 3193 3964 ut
3249 3914 3573 3980 percutienti

2000 4000 2295 4064 maxillam,
2325 4001 2550 4053 alteram
2583 4002 2824 4069 praebeas
2859 4019 2872 4055 :
2910 4011 2966 4053 ut
2999 4001 3051 4054 in
3084 4002 3296 4071 judicio
3322 4004 3573 4058 saeculari
3616 4002 3619 4005 ’

2000 4105 2107 4143 ιιοιι
2143 4092 2359 4159 litiges:
2398 4102 2455 4145 ut
2479 4092 2523 4144 si
2554 4094 2677 4160 quis
2709 4102 2801 4145 tua
2839 4094 3326 4158 volueritauferre,
3351 4104 3575 4163 gratano

2005 4193 2083 4237 ter
2107 4183 2393 4237 dimittas:
2434 4195 2611 4238 utnec
2638 4185 2951 4249 iracundiae,
2983 4202 3084 4241 nec
3110 4187 3233 4251 zeli,
3265 4202 3366 4242 nec
3389 4187 3574 4241 livoris

2003 4276 2202 4328 malum
2246 4276 2389 4328 intra
2430 4286 2618 4345 pectus
2655 4277 2909 4331 admittas
2948 4294 2963 4331 :
2999 4289 3058 4333 ut
3093 4278 3302 4333 crimen
3334 4279 3576 4333 avaritia:

320 4380 540 4439 lll'Olllel'
594 4370 724 4423 illud
764 4386 777 4424 :
813 4370 1164 4439 Qutccumque
1214 4370 1369 4422 vultis
1399 4379 1455 4421 ut
1501 4369 1705 4437 faciunt
1752 4368 1895 4423 vobis
1933 4371 1975 4425 ι)
2006 4365 2200 4434 fugias.
2270 4365 2339 4421 Ut
2385 4368 2564 4421 omnis
2613 4368 2893 4436 jactantiaa
2953 4384 3016 4421 ac
3055 4371 3327 4436 superbia:
3376 4369 3574 4421 malum

318 4463 552 4515 homines
588 4462 741 4523 bona,
770 4462 845 4513 ita
877 4472 921 4514 et
951 4477 1039 4513 vos
1067 4461 1225 4531 facite
1254 4460 1361 4514 illis
1402 4461 1650 4513 similiter
1679 4459 1893 4530 (Matth.

322 4568 414 4613 ut,
443 4552 552 4619 12).
580 4550 713 4603 Nam
748 4565 868 4603 cum
902 4549 1066 4603 fletite
1088 4549 1241 4613 flere,
1270 4559 1325 4602 et
1361 4548 1519 4615 nihil,
1549 4563 1671 4602 cum
1697 4552 1895 4616 possis,

320 4643 466 4697 flenti
504 4642 776 4704 conferre,
816 4641 1287 4705 subsannationis,
1347 4656 1454 4695 non
1506 4642 1726 4708 pietatis
1760 4640 1897 4693 indi-

317 4737 463 4789 cium
497 4743 597 4789 est.
641 4734 880 4801 Denique
938 4731 1190 4786 Salvator
1235 4742 1423 4787 noster
1466 4747 1589 4786 cum
1635 4732 1803 4786 Maria
1844 4740 1900 4785 et

318 4824 527 4879 Martha
555 4823 748 4877 Lazari
775 4822 1057 4875 sororibus
1085 4823 1253 4887 flevit,
1293 4832 1347 4876 et
1375 4823 1652 4875 immensa:
1683 4821 1901 4874 miseri-

318 4918 517 4971 cordiae
552 4913 827 4979 affectuum,
876 4914 1242 4983 lacrymarum
1299 4914 1704 4968 contestatione
1745 4928 1912 4982 mon-q

319 5009 543 5064 stravit:
572 5016 626 5061 et
652 5021 793 5061 verae
829 5007 1044 5074 pietatis
1078 5006 1304 5068 indicia,
1338 5021 1461 5060 mox
1497 5021 1663 5076 opera
1706 5006 1897 5061 subse-

321 5114 445 5155 cuta
476 5111 605 5155 sunt
645 5108 737 5153 :ct
769 5113 892 5152 cum
924 5100 1220 5152 suscitatus
1251 5096 1510 5164 Lazarus,
1548 5101 1700 5165 cujus
1732 5114 1899 5151 causa

322 5194 578 5262 lacryma:
608 5190 996 5255 fundebantur,
1035 5189 1319 5243 sororibus
1343 5190 1498 5245 vivus
1533 5189 1796 5243 redditur.
1833 5188 1902 5242 Et

326 5290 427 5337 hoc
462 5282 561 5335 fuit
618 5286 703 5349 pie
748 5282 877 5336 ﬂere
905 5297 1026 5335 cum
1068 5282 1342 5348 fictilibus,
1373 5281 1691 5335 occasiones
1746 5278 1902 5334 fletus

327 5376 559 5428 auferre.
629 5371 735 5426 Sed
789 5373 944 5442 quasi
1012 5382 1227 5441 potens,
1287 5375 1522 5440 inquies,
1581 5370 1763 5424 fecit:
1808 5370 1897 5423 sed

326 5484 426 5522 nec
475 5466 569 5519 tibi
626 5465 830 5532 aliquid
891 5464 1226 5533 impossibile
1271 5465 1597 5531 imperatur.
1653 5461 1904 5533 Implevit

326 5559 533 5621 omnia,
558 5557 812 5626 quiquod
846 5561 1017 5626 potuit
1046 5556 1192 5611 fecit.

404 5650 486 5708 Vl.
516 5652 623 5705 Sed
661 5660 720 5704 ιιι
757 5649 939 5706 dicere
977 5664 1336 5722 cmperantus,
1376 5665 1485 5705 non
1513 5648 1709 5706 suflicit
1738 5648 1902 5705 Chri-

2004 4473 2223 4522 caveas,
2266 4471 2322 4512 ut
2354 4459 2573 4512 humilis
2610 4470 2664 4514 et
2696 4461 2843 4513 mitis
2874 4459 3075 4515 Christi
3111 4463 3358 4530 exemplo
3386 4464 3574 4519 vivas:

2006 4550 2275 4603 malorum
2307 4552 2584 4604 consortia
2610 4553 2879 4605 infantum
2908 4554 3180 4616 devitans,
3214 4565 3270 4607 ut
3307 4571 3427 4608 cum
3458 4555 3576 4609 for-

2007 4644 2342 4696 nicatoribus
2392 4654 2553 4710 atque
2595 4646 2796 4706 avaris,
2839 4655 2935 4697 aut
2990 4646 3461 4709 maledicentibus,
3488 4657 3580 4699 aut

2009 4738 2228 4802 invidis,
2291 4746 2386 4789 aut
2461 4738 2947 4800 obtrectatoribus,
3011 4748 3110 4792 aut
3166 4739 3423 4802 ebriosis,
3487 4748 3581 4792 aut

2010 4829 2301 4895 rapacibus
2347 4828 2529 4881 cibum
2586 4842 2691 4879 non
2737 4827 2943 4894 capias.
3001 4826 3170 4892 Quem
3205 4829 3250 4901 si
3296 4829 3351 4881 in
3398 4828 3580 4895 aliquo

2007 4920 2425 4988 contempseris,
2456 4920 2499 4972 si
2550 4920 2799 4986 pepercit
2834 4920 2983 4983 Adae,
3010 4930 3195 4987 parcet
3231 4930 3286 4973 et
3328 4921 3444 4974 tibi.
3474 4919 3585 4973 lmo

2009 5010 2087 5063 illi
2145 5009 2319 5079 magis
2381 5012 2713 5077 parcendum
2779 5008 2978 5074 fuerat,
3039 5010 3129 5079 qui
3187 5011 3434 5065 novellus
3466 5024 3585 5066 erat

2010 5101 2187 5154 adhuc
2214 5110 2268 5153 et
2300 5102 2472 5165 rudis,
2498 5112 2552 5154 et
2576 5103 2778 5154 nullius
2812 5112 2939 5156 ante
2962 5102 3238 5169 peccantis
3271 5114 3327 5157 et
3359 5115 3584 5173 propter

2011 5201 2294 5261 peccatum
2351 5207 2510 5247 suum
2562 5192 2847 5246 morientis
2884 5195 3267 5249 retrahebatur
3305 5198 3581 5265 exeoiplo.

2011 5282 2130 5336 Tibi
2166 5297 2291 5337 vero
2333 5291 2458 5353 post
2494 5291 2643 5336 tanta
2678 5285 3028 5348 documenta,
3060 5296 3182 5354 post
3235 5286 3434 5356 legem,
3465 5299 3588 5355 post

2014 5377 2329 5447 prophetas,
2370 5387 2493 5445 post
2522 5376 2832 5446 Evangelia,
2869 5388 2989 5444 post
3016 5376 3312 5446 apostolos,
3342 5380 3386 5432 si
3416 5379 3589 5433 deliti-

2012 5481 2183 5535 quere
2214 5466 2473 5531 volneris,
2512 5466 2786 5534 quomodo
2829 5466 3096 5536 indulgeri
3135 5469 3327 5535 possit,
3372 5468 3587 5537 ignoro.

2090 5556 2196 5610 ιτιι.
2227 5559 2307 5611 An
2327 5556 2508 5611 tibide
2534 5558 2860 5626 virginitatis
2886 5560 3242 5628 praerogativa
3286 5561 3546 5615 blandiris
3573 5560 3592 5612 Σ

2017 5652 2286 5709 Memento
2337 5650 2510 5706 Adam
2541 5661 2596 5706 et
2630 5649 2797 5706 Evam
2848 5651 3088 5721 virgines
3138 5652 3457 5724 deliquisse,
3492 5668 3590 5707 nec
