4056 6200
269 353 374 420 1ῗ3

1183 353 1551 417 EPISTOLA
1593 352 1763 414 XIII.
1810 349 2352 412 VIRGINITATIS
2396 347 2616 409 LAUS.

3431 341 3530 401 ιτι

264 464 639 534 i..tegritatcm
707 462 954 533 (ιδ’ψύἥή
985 464 1252 533 profuisse
1282 465 1654 533 peccantibus.
1695 461 1859 532 Virgo
1889 466 1931 522 Α
1964 458 2091 513 Ηςεο
2137 459 2400 527 cogitant,
2433 467 2487 511 et
2526 455 2726 526 quibus
2780 455 2986 525 possint
3018 451 3277 522 operibus
3317 467 3537 520 promc~

264 573 388 624 quae
417 564 632 625 peccat,
667 553 810 619 Evte,
846 569 950 608 non
980 555 1163 608 Maria:
1190 554 1562 621 comparanda
1597 562 1702 608 est.
1733 551 1850 605 Non

267 647 600 715 negamusin
623 646 876 715 prmsenti
896 653 1137 714 tempore
1161 647 1458 700 remedium
1483 643 1814 712 paenitentia:
1837 657 1852 697 :

268 739 368 788 sed
384 737 670 788 hortamur
690 734 858 804 magis
883 734 1162 802 praemium
1191 748 1413 802 sperare
1436 734 1654 793 debere,
1687 745 1848 800 quam

271 827 514 880 veniam.
543 824 725 894 Turpe
757 834 840 879 est
887 825 1032 878 enim
1071 824 1176 878 illis
1225 823 1408 878 delicti
1461 823 1854 890 indulgentiam

274 918 576 984 postulare,
633 932 754 986 quae
805 917 1042 984 palmam
1085 916 1418 983 virginitatis
1473 922 1795 982 exspectant
1838 927 1853 964 :

273 1009 597 1063 etillicitum
635 1010 836 1078 aliquid
861 1009 1164 1072 incurrere,
1197 1024 1316 1078 quae
1346 1023 1406 1062 se
1428 1008 1594 1060 etiam
1627 1022 1655 1058 a
1693 1005 1858 1058 licitis

275 1112 680 1157 castraverunt.
731 1101 960 1156 Licitum
1001 1101 1204 1170 quippe
1233 1109 1321 1154 est
1370 1097 1700 1152 matrimonii
1729 1113 1858 1150 con-

275 1193 514 1246 sertium
558 1193 698 1246 inire
725 1209 741 1248 :
771 1203 828 1247 et
868 1203 925 1245 ut
959 1193 1244 1245 laudanda:
1279 1200 1426 1256 sunt,
1466 1205 1589 1260 qua:
1642 1197 1862 1256 propter

274 1285 484 1338 Christi
511 1299 754 1338 amorem
786 1298 842 1337 et
872 1285 1116 1339 cmlestis
1153 1284 1300 1351 regni
1331 1281 1582 1350 gloriam,
1611 1281 1860 1348 cepulam

276 1385 731 1443 contempserunt
755 1377 1067 1444 nuptiarum
1091 1392 1107 1429 :
1136 1377 1208 1428 ita
1229 1372 1548 1428 damnanda:
1583 1388 1687 1425 non
1714 1379 1864 1434 sunt,

278 1483 404 1536 qua:
461 1478 684 1534 propter
746 1467 1152 1521 incontinentia:
1205 1472 1560 1533 voluptatem,
1625 1463 1863 1518 nondum

284 1562 395 1612 Deo
443 1561 677 1623 devotw,
715 1560 953 1613 remedio
995 1559 1292 1628 apostolico
1327 1558 1645 1612 abutuntur.
1701 1557 1864 1623 Ergo,

284 1661 344 1701 ut
397 1651 659 1716 diximus,
701 1665 821 1717 qum
871 1651 1138 1705 cmmubia
1171 1652 1454 1713 deserunt,
1487 1665 1594 1704 non
1657 1649 1865 1714 illicita,

283 1741 380 1795 sed
415 1743 566 1794 licita
599 1751 865 1810 spernunt
907 1760 920 1794 :
963 1741 1232 1809 ejusmodi
1264 1751 1469 1805 autem,
1506 1740 1554 1793 si
1582 1738 1789 1808 jurent,
1823 1737 1868 1790 si

1960 554 2066 608 reri
2101 568 2219 621 quae
2265 550 2471 605 Domini
2517 557 2667 612 sunt,
2704 551 2970 618 cogitant.
3003 546 3214 602 Domini
3257 554 3339 599 est
3372 546 3535 599 etiam

1958 646 2040 699 les
2071 645 2196 699 novi
2237 654 2287 696 et
2321 645 2522 698 veteris
2567 642 2926 702 Testamenti.
2954 643 3010 696 in
3047 641 3252 710 quibus
3277 637 3389 693 oris
3419 637 3538 702 ejus

1958 738 2172 806 eloquia
2207 744 2393 790 sancta
2431 735 2720 804 refulgent.
2748 731 2883 798 Qua:
2910 734 2952 787 si
2983 748 3104 798 quin
3137 731 3374 800 virgines
3421 730 3540 783 siue

1962 829 2372 881 intermissione
2406 827 2761 888 meditantur,
2795 841 2914 892 quae
2946 824 3159 877 Domini
3216 832 3346 876 sunt
3387 823 3542 890 regi-

1965 932 2102 986 tant,
2139 932 2196 974 ut
2222 921 2508 989 impleatur
2542 923 2592 972 in
2627 919 2706 972 eis
2759 918 3133 986 propheticum
3169 915 3302 970 illud
3331 932 3347 969 :
3387 913 3537 966 Fun-

1962 1015 2209 1066 damenta
2235 1024 2434 1066 mterna
2467 1027 2626 1076 supra
2675 1021 2880 1078 petram
2908 1009 3159 1073 solidam,
3196 1018 3246 1062 et
3279 1011 3536 1060 mandata

1968 1103 2181 1157 Domini
2214 1105 2266 1156 in
2303 1102 2457 1154 corde
2488 1101 2723 1152 mulieris
2755 1110 2954 1153 sancta:
2990 1099 3182 1169 (Et'Cli.
3235 1114 3380 1159 xxvi,
3423 1098 3540 1167 26).

1967 1195 2224 1261 Sequitur
2257 1211 2270 1246 :
2309 1193 2581 1257 Quomodo
2637 1191 2844 1256 placeat
2887 1192 2990 1244 Deo
3051 1207 3068 1244 :
3121 1190 3251 1254 Deo,
3295 1191 3540 1258 inquam.

1967 1301 2074 1339 non
2117 1286 2426 1338 hominibus
2463 1301 2476 1337 :
2532 1292 2588 1336 ut
2623 1286 2687 1336 sit
2758 1293 2944 1338 sancta
3000 1299 3216 1350 corpore
3252 1291 3302 1335 et
3353 1281 3543 1346 spiritu

1969 1376 2019 1444 (1
2044 1376 2165 1431 Cor.
2199 1391 2289 1440 vn,
2324 1377 2437 1443 51).
2469 1376 2580 1428 Non
2616 1375 2772 1438 dixit,
2802 1384 2860 1428 ut
2900 1378 2969 1428 sit
3027 1383 3216 1429 saneta
3274 1375 3543 1439 membro,

1969 1482 2061 1524 aut
2089 1485 2320 1540 corpore
2377 1479 2611 1533 tantum,
2659 1471 2752 1524 sed
2797 1480 2856 1524 ut
2891 1472 2962 1522 sit
2993 1479 3185 1524 sancta
3219 1484 3445 1537 corpore
3491 1478 3544 1522 et

1969 1562 2186 1630 spiritu.
2241 1561 2539 1616 Membrum
2593 1563 2738 1616 enim
2795 1577 2898 1616 una
2961 1563 3205 1631 corporis
3242 1577 3366 1630 pars
3399 1573 3482 1616 est
3525 1579 3544 1622 ;

1970 1671 2172 1722 corpus
2196 1670 2322 1708 vero
2344 1656 2583 1709 omnium
2603 1669 2869 1724 compago
2891 1662 2980 1708 est
2997 1655 3382 1708 membrorum.
3406 1653 3543 1710 Cum

1975 1762 2103 1815 ergo
2138 1747 2294 1812 dixit,
2326 1756 2380 1800 ut
2406 1747 2474 1800 sit
2506 1756 2689 1800 sancta
2722 1763 2962 1815 corpore,
3004 1746 3259 1800 omnibus
3287 1745 3544 1799 membris

288 1834 642 1899 maledicalll.
683 1834 728 1886 Si
773 1836 993 1902 cupiant
1031 1833 1228 1896 aliena.
1269 1833 1315 1884 Si
1365 1831 1716 1885 delralleﬂles
1775 1842 1868 1897 par
1895 1839 1941 1899 Β
1971 1851 2091 1889 eam
2115 1836 2442 1891 sanctiﬁcari
2472 1837 2671 1889 debere
2698 1844 2926 1889 testatur
2956 1851 2970 1888 :
3005 1833 3134 1900 quia
3165 1847 3272 1885 non
3305 1833 3547 1900 proderit

287 1930 496 1980 tiautur
528 1927 738 1985 audire.
793 1927 837 1979 si
896 1924 1095 1978 malum
1150 1940 1246 1993 pro
1307 1924 1451 1977 malo
1507 1925 1770 1986 reddant;
1823 1920 1869 1975 si

289 2020 539 2070 avaritia
587 2018 638 2069 in
671 2015 868 2070 alienis
897 2024 994 2070 aut
1044 2013 1284 2082 proliriis
1315 2015 1608 2068 incurrunt
1632 2013 1868 2074 crimen,

289 2110 335 2162 si
386 2108 514 2174 zeli,
567 2109 610 2162 si
665 2108 852 2161 livoris
921 2121 1133 2160 venena
1187 2105 1557 2176 possideant:
1604 2103 1649 2157 si
1683 2111 1872 2156 contra

291 2201 483 2270 legalia
534 2211 593 2252 et
638 2199 942 2268 apostolica
978 2199 1227 2252 instituta
1260 2197 1520 2251 indecens
1548 2195 1750 2265 aliquid
1783 2203 1878 2249 aut

293 2297 620 2363 loquantur,
704 2302 797 2344 aut
853 2291 1129 2359 cogitent;
1188 2291 1234 2344 si
1293 2290 1344 2342 in
1407 2303 1574 2343 carne
1629 2287 1877 2357 placendi

291 2387 498 2447 studio,
539 2393 753 2453 compte
791 2392 844 2437 et
883 2394 1072 2437 ornate
1104 2381 1420 2451 procedant,
1484 2390 1538 2434 et
1591 2380 1878 2450 aliaquae-

294 2493 540 2545 cunque,
595 2488 653 2532 ut
683 2476 826 2532 solet
879 2475 1018 2540 ﬁeri,
1052 2475 1238 2529 illicile
1281 2474 1480 2528 faciant
1513 2492 1527 2529 :
1567 2474 1698 2543 quid
1747 2489 1880 2546 pro-

295 2573 443 2626 derit
496 2569 580 2624 eis
633 2569 912 2639 sprevisse
941 2568 1084 2638 quod
1135 2567 1312 2631 licuit,
1339 2575 1394 2620 et
1437 2579 1697 2621 exercere
1737 2565 1880 2634 quod

297 2677 406 2716 non
445 2662 617 2716 licet?
647 2661 706 2715 Si
738 2661 821 2716 vis
865 2661 1130 2730 prodesse
1191 2659 1285 2713 tibi
1339 2660 1489 2729 quod
1540 2659 1686 2712 licita
1743 2674 1882 2712 con-

297 2753 600 2821 tcmpsisd,
647 2753 770 2806 vide
818 2766 886 2806 ne
941 2752 1074 2822 quid
1136 2765 1324 2806 eorum
1373 2765 1495 2821 qua:
1553 2767 1657 2807 non
1714 2750 1879 2805 licent

299 2845 494 2898 facias.
530 2845 769 2898 Stultum
798 2852 884 2898 est
915 2844 1059 2896 enim
1107 2845 1354 2897 timuisse
1379 2842 1525 2912 quod
1559 2843 1739 2897 minus
1772 2853 1881 2908 est,

293 2947 356 2994 et
411 2953 524 2992 non
581 2937 776 2991 timere
833 2936 976 3006 quod
1010 2936 1183 3003 majus
1237 2948 1367 2991 est:
1410 2946 1506 2990 aut
1553 2937 1620 2989 ab
1662 2937 1880 2990 hisuon

299 3031 475 3083 vitare
497 3045 622 3098 qua:
647 3028 1025 3097 prohibentur,
1055 3028 1102 3083 si
1132 3027 1564 3098 subterfugerint
1597 3043 1717 3098 quin
1743 3043 1882 3082 con-

300 3125 594 3178 ceduntur.
651 3121 790 3174 Dicit
838 3120 1176 3190 Apostolus:
1222 3119 1460 3190 Innupta
1509 3123 1715 3192 cogitat
1762 3137 1880 3190 qua:

305 3217 402 3270 Dei
428 3227 579 3280 sunt,
609 3216 868 3285 quomodo
891 3213 1102 3282 placeat
1127 3213 1257 3278 Deo,
1282 3224 1336 3266 ut
1360 3215 1429 3267 sit
1450 3225 1636 3267 sancta
1663 3229 1882 3283 corpore

301 3318 352 3360 et
381 3309 580 3375 spiritu
626 3323 647 3359 :
674 3320 792 3374 quia
839 3314 1014 3357 autem
1064 3313 1227 3373 nupta
1250 3313 1350 3369 est,
1392 3307 1586 3374 cOgitat
1610 3321 1726 3371 qua:
1765 3316 1884 3358 sunt

303 3399 462 3466 hujus
497 3398 703 3460 mundi,
733 3397 990 3465 quomodo
1031 3395 1242 3463 placeat
1267 3398 1376 3451 viro
1404 3397 1452 3466 (1
1491 3397 1616 3453 Cor.
1642 3413 1734 3463 vn,
1770 3398 1884 3466 34).

307 3487 544 3557 Nuptam
577 3491 694 3542 viro
726 3488 939 3558 placere
965 3489 1180 3553 asserit,
1216 3489 1506 3556 cegitando
1533 3505 1654 3559 qua}
1695 3491 1885 3544 mundi

309 3592 479 3647 sunt;
529 3581 812 3647 innuptam
861 3594 986 3633 vero
1014 3579 1145 3646 Deo,
1192 3595 1257 3635 eo
1288 3581 1432 3650 quod
1461 3582 1606 3634 nulla
1642 3581 1718 3635 illi
1751 3597 1884 3636 cura

309 3675 380 3726 sit
403 3672 610 3727 sazculi.
652 3671 802 3725 Dicat
841 3686 972 3740 ergo
1006 3672 1164 3735 mihi,
1196 3688 1316 3742 qua:
1346 3673 1520 3726 virum
1561 3688 1666 3726 non
1697 3674 1882 3735 habet,

305 3775 362 3821 et
402 3777 587 3819 tamen
617 3779 738 3833 quae
772 3765 954 3818 mundi
984 3774 1110 3818 sunt
1133 3766 1354 3834 cogitat,
1388 3767 1473 3820 cui
1505 3766 1721 3835 placere
1742 3767 1886 3820 desi-

309 3857 506 3914 derat!
542 3872 724 3911 nonne
767 3857 990 3924 incipiet
1022 3857 1095 3910 illi
1119 3867 1283 3927 nupta
1315 3860 1552 3928 praeponi
1589 3876 1602 3911 :
1639 3859 1766 3927 quia
1798 3858 1886 3912 illa

309 3950 603 4020 (agitando
624 3965 754 4021 qua:
776 3951 961 4004 mundi
992 3961 1140 4015 sunt,
1173 3953 1479 4020 complacet
1513 3951 1592 4004 vel
1635 3952 1835 4005 marito
1870 3969 1884 4005 :

312 4047 416 4098 ista
452 4058 584 4098 vero
612 4059 712 4098 nec
741 4047 962 4107 marito,
991 4059 1155 4117 quem
1180 4060 1288 4097 non
1326 4044 1507 4109 habet,
1545 4053 1723 4113 potest
1769 4045 1888 4114 pla-

310 4151 459 4199 cere,
485 4150 588 4188 nec
619 4136 753 4189 Deo.
786 4134 891 4189 Sed
935 4150 1034 4190 nec
1068 4134 1196 4188 illud
1239 4135 1458 4189 silentio
1482 4137 1762 4203 praeterire
1793 4150 1891 4190 nos

310 4229 594 4292 convenit,
630 4229 776 4297 quod
800 4228 961 4293 dixit,
999 4226 1234 4296 Innupta
1277 4229 1474 4295 cogitat
1519 4244 1636 4298 quae
1669 4228 1890 4282 Domini

311 4335 461 4385 sunt,
496 4323 756 4390 quomodo
788 4323 990 4391 placeat
1027 4321 1154 4386 Deo,
1191 4331 1246 4375 ut
1275 4329 1344 4375 sit
1377 4331 1562 4376 sancta
1599 4339 1813 4395 corpore
1841 4335 1890 4378 et

310 4417 535 4483 spiritu.
575 4414 707 4480 Quae
757 4413 852 4468 Dei
901 4429 1052 4476 sunt,
1119 4418 1315 4484 inquit.
1350 4419 1576 4486 c0gitat,
1632 4433 1738 4470 non
1770 4432 1892 4485 quae

1977 1927 2342 1982 sanctificatio
2365 1938 2688 1982 cmterorum
2729 1927 3122 1990 membrorum,
3153 1925 3197 1979 si
3236 1925 3548 1978 inveniatur

1978 2021 2030 2075 in
2059 2036 2168 2074 uno
2205 2019 2502 2088 corruptio.
2540 2017 2605 2072 Et
2632 2019 2742 2088 jam
2785 2035 2891 2074 non
2937 2021 3041 2073 erit
3071 2029 3258 2073 sancta
3291 2034 3543 2088 corporo,

1977 2115 2118 2182 quod
2153 2128 2218 2168 ex
2244 2111 2500 2164 omnibus
2535 2117 2748 2164 constat
2781 2109 3064 2176 membris,
3103 2125 3224 2177 quae
3272 2109 3356 2163 vel
3389 2109 3548 2161 unius

1979 2205 2140 2260 fuerit
2177 2203 2622 2272 coinquinatioue
2673 2201 2896 2269 polluta.
2955 2197 3062 2253 Sed
3117 2208 3176 2253 ut
3227 2199 3368 2268 quod
3399 2198 3548 2265 dim,

1981 2293 2322 2350 manifestius
2352 2300 2406 2348 et
2433 2292 2661 2346 lucidius
2683 2278 2777 2343 fiat
2805 2306 2820 2343 :
2849 2298 2965 2344 esto
2998 2291 3067 2344 sit
3099 2290 3340 2342 omnium
3379 2305 3554 2344 mem-

1980 2385 2202 2440 brorum
2253 2394 2478 2453 purgata
2521 2382 2972 2446 sanctiﬁcatione,
3003 2390 3056 2434 et
3091 2380 3270 2450 lingua
3308 2388 3551 2432 tantum-

1983 2480 2142 2532 modo
2172 2485 2378 2546 peccet,
2418 2490 2521 2545 qua
2549 2483 2641 2528 aut
2669 2475 3032 2540 blasphemel,
3059 2482 3154 2526 aut
3175 2471 3546 2526 testimonium

1983 2571 2180 2625 falsum
2213 2569 2378 2629 dicat,
2427 2566 2672 2635 nunquid
2713 2565 3018 2620 liberabant
3075 2563 3256 2618 omnia
3306 2565 3550 2617 membra

1984 2661 2190 2716 unum?
2243 2676 2311 2714 an
2355 2669 2579 2729 propter
2606 2673 2774 2712 unum
2805 2656 3198 2727 iudicabuntur
3230 2663 3285 2710 et
3311 2665 3509 2708 czetera
3530 2654 3557 2708 τ

1985 2753 2128 2822 Ergo
2171 2755 2214 2807 si
2251 2753 2368 2806 sine
2411 2751 2640 2805 aliorum
2699 2751 3064 2802 membrorum
3116 2746 3553 2801 sanctificatione

1989 2844 2246 2910 pudicitia
2302 2843 2436 2896 nihil
2484 2840 2748 2911 proderit,
2789 2855 2912 2894 cum
2975 2840 3026 2893 iu
3089 2853 3198 2893 uno
3245 2839 3315 2892 sit
3342 2837 3550 2896 vitium,

1987 2945 2192 3007 quanto
2249 2939 2420 3003 magis
2466 2935 2510 2988 si
2552 2935 2890 2990 diversorum
2944 2932 3150 3002 ﬂagitio
3208 2941 3552 3000 peccatorum

1987 3032 2170 3084 omnia
2199 3035 2642 3098 corrumpantur,
2680 3028 2840 3082 unius
2877 3026 3009 3081 nihil
3040 3025 3284 3096 proderit
3332 3024 3557 3091 integri-

1993 3121 2116 3174 tas?

2061 3215 2196 3269 Vill.
2240 3213 2390 3268 Unde
2417 3227 2598 3282 quaso
2629 3221 2703 3278 te,
2733 3212 2908 3279 virgo,
2939 3225 3008 3266 ne
3038 3211 3091 3264 in
3125 3211 3238 3265 sola
3271 3211 3363 3266 tibi
3394 3211 3551 3280 pudi-

1988 3305 2112 3360 citia
2147 3304 2465 3366 blandiaris,
2496 3318 2669 3372 neque
2711 3304 2761 3355 in
2805 3303 2966 3356 unius
2993 3303 3218 3357 membri
3251 3304 3562 3371 integritate

1987 3395 2234 3449 conﬁdas
2274 3410 2291 3449 :
2339 3394 2431 3447 sed
2483 3394 2780 3447 secundum
2825 3393 3176 3462 Apostolum,
3225 3396 3391 3448 totius
3431 3409 3564 3448 con-

1988 3504 2144 3541 serva
2186 3489 2431 3555 corporis
2477 3487 2808 3540 castitatem.
2847 3485 3042 3540 Munda
3081 3487 3148 3540 ab
3187 3488 3438 3540 omnibus
3476 3488 3565 3539 in-

1987 3581 2352 3650 quinamenlis
2373 3588 2534 3648 caput
2573 3598 2587 3636 ;
2621 3579 2708 3650 qui
2737 3581 2942 3634 crimen
2975 3591 3078 3644 est,
3103 3581 3233 3634 illud
3265 3591 3385 3648 post
3415 3583 3564 3634 chri-

1989 3674 2178 3728 smatis
2229 3672 2748 3738 sanctiﬁcationem,
2811 3685 2902 3724 aut
2953 3673 3136 3736 croci,
3187 3681 3280 3725 aut
3339 3673 3562 3729 alterius

1989 3767 2273 3837 cujuslibet
2303 3765 2559 3835 pigmenti
2594 3765 2736 3831 fuco,
2770 3765 2852 3820 vel
2887 3765 3104 3834 pulvere
3131 3765 3432 3829 sordidari;
3467 3774 3562 3821 aut

1992 3875 2143 3926 auro,
2195 3870 2287 3913 aut
2322 3859 2570 3928 geminis.
2607 3859 2692 3912 vel
2734 3859 3107 3928 cujuscunque
3147 3867 3375 3912 terrente
3409 3873 3562 3911 crea-

1991 3964 2127 4008 tura:
2157 3953 2336 4021 specie
2365 3952 2528 4018 comi,
2555 3953 2697 4022 quod
2723 3952 2832 4020 jam
2865 3951 3103 4006 crelestis
3131 3961 3356 4004 ornatus
3383 3950 3562 4018 splen-

1991 4047 2123 4100 dore
2159 4045 2406 4114 refulget.
2443 4043 2681 4100 Grandis
2711 4045 2909 4113 quippe
2935 4054 3018 4096 est
3048 4043 3319 4096 divinitati
3365 4042 3561 4096 contu-

1993 4137 2174 4203 melia,
2215 4137 2473 4190 rutundani
2525 4148 2581 4190 et
2630 4137 2912 4191 saecularis
2955 4135 3258 4189 ornamenti
3300 4137 3563 4204 praelatio.

1992 4228 2187 4283 Munda
2245 4228 2515 4296 frontem,
2566 4239 2625 4282 ut
2679 4231 2952 4291 humana,
3014 4243 3118 4282 non
3173 4228 3351 4282 divina
3400 4243 3566 4294 opera

1991 4324 2299 4387 erubescat,
2333 4331 2388 4376 et
2419 4321 2564 4376 illam
2601 4322 2974 4376 confusionem
3022 4325 3266 4392 recipiat,
3297 4339 3415 4390 qua:
3458 4338 3564 4377 non

1992 4427 2299 4484 peccatum,
2336 4417 2430 4468 sed
2467 4416 2694 4484 gratiam
2733 4415 2824 4469 Dei
2871 4416 3029 4483 parit,
3066 4409 3566 4485 Scriptura'divina

311 4506 527 4572 saeculi,
562 4521 667 4560 non
707 4522 828 4575 qua:
880 4507 1182 4572 hominum,
1207 4512 1302 4562 sed
1338 4525 1456 4576 qua:
1499 4507 1592 4561 Dei
1633 4518 1758 4563 sunt
1799 4525 1892 4563 co-
1924 4534 1966 4588 ὓ
1995 4508 2210 4562 dicente
2247 4521 2262 4563 :
2298 4506 2395 4560 Est
2446 4507 2687 4574 confusio
2741 4508 3008 4560 adducens
3053 4517 3346 4574 peccatum,
3392 4521 3439 4560 et
3488 4517 3567 4561 est

311 4602 473 4670 gitat.
518 4598 653 4664 Qua:
703 4607 834 4652 sunt
885 4615 1014 4668 ergo
1077 4598 1314 4664 Domini,
1360 4601 1507 4656 dicat
1535 4601 1826 4669 Apostolus
1871 4617 1890 4658 ξ

312 4696 656 4760 utracunque
695 4692 836 4744 enim
883 4698 1089 4754 sancta,
1150 4705 1471 4760 quacunque
1515 4694 1689 4758 jnsta,
1750 4707 1893 4761 qna:-

310 4799 520 4852 canque
581 4781 860 4845 notabilia,
900 4797 1221 4851 quiscunque
1281 4782 1430 4835 bona:
1477 4781 1659 4849 (attice,
1694 4785 1740 4835 si
1789 4785 1894 4852 qua

311 4881 504 4939 cirrus,
548 4875 596 4927 si
650 4891 758 4944 qua
811 4874 930 4926 laus
975 4872 1293 4942 disciplina',
1355 4877 1459 4928 ista
1510 4885 1631 4928 sunt
1682 4874 1894 4928 Domini

313 4967 582 5037 (Philipp.
611 4981 684 5030 Iv,
714 4967 793 5034 8).
832 4965 962 5031 Quae
993 4981 1194 5020 sancne
1236 4975 1290 5020 et
1327 4981 1465 5020 vera:
1492 4979 1546 5021 et
1581 4967 1897 5037 apostolicae

313 5060 582 5127 virgines,
610 5058 699 5111 die
731 5067 1004 5126 noctuque
1037 5058 1158 5112 sine
1183 5059 1291 5111 ullo
1316 5061 1578 5128 temporis
1609 5061 1892 5114 intervallo

311 5152 652 5205 meditantur
674 5162 730 5201 et
759 5151 1018 5216 cogitant.
1063 5150 1272 5202 Domini
1323 5161 1406 5204 est
1445 5151 1609 5202 etiam
1665 5165 1891 5220 regnum

311 5246 610 5305 caelorum,
641 5241 854 5295 Domini
893 5251 979 5295 est
1012 5241 1338 5294 resurrectio
1371 5251 1739 5304 ιιιοηιιοιιιιιι,
1781 5240 1892 5293 Do-

310 5337 452 5387 mini
471 5343 556 5387 est
576 5333 900 5385 immortalis
923 5335 1274 5400 incorrttplio,
1299 5330 1510 5385 Domini
1533 5341 1618 5386 est
1640 5330 1896 5399 splendor

311 5428 472 5488 solis,
507 5425 597 5492 qui
633 5427 840 5477 sanctis
887 5425 1221 5492 promittitur
1267 5441 1280 5476 :
1325 5423 1467 5476 sicut
1497 5423 1551 5476 in
1604 5423 1896 5492 Evangelia

311 5526 582 5591 scriptum
611 5531 698 5577 est
732 5539 747 5574 :
774 5519 1062 5588 Tuncjusti
1090 5520 1360 5589 fulgebunt
1387 5523 1526 5574 sicut
1549 5522 1626 5574 sol
1657 5523 1712 5575 in
1739 5538 1894 5593 regno

313 5617 490 5685 panis
529 5630 712 5668 eorum
757 5612 976 5681 (Matth.
1019 5629 1138 5679 xm,
1172 5614 1284 5683 45).
1317 5614 1525 5668 Domini
1554 5626 1681 5669 sunt
1715 5618 1898 5682 plures

309 5711 588 5776 justorum
649 5708 706 5762 in
765 5707 1082 5762 cmlcstihus
1143 5707 1481 5775 Inansiones,
1539 5709 1757 5765 Domini
1812 5722 1900 5766 est

311 5801 532 5856 fructus
562 5802 896 5868 tricesimus,
936 5814 991 5860 et
1020 5804 1416 5874 sexagesimus,
1448 5817 1503 5862 ct
1537 5807 1893 5865 centesimus.

1995 4600 2234 4668 confusio
2261 4600 2525 4653 adducens
2552 4601 2644 4654 Dei
2669 4601 2895 4671 gratiam
2923 4600 3112 4670 (Eccli.
3137 4617 3211 4667 tv,
3230 4600 3345 4670 τιὸ).
3373 4601 3568 4654 Miltth

1995 4695 2217 4759 collum,
2255 4704 2314 4748 ut
2363 4709 2470 4747 non
2519 4708 2684 4747 aurea
2729 4694 2954 4748 reticula
3002 4693 3228 4761 eapillus
3275 4703 3473 4762 [)OI‘lrl,
3511 4702 3569 4747 et

1995 4801 2258 4856 suspensa
2307 4786 2551 4850 monilia,
2587 4785 2682 4840 sed
2736 4787 2911 4854 potius
2958 4786 3048 4838 illa
3097 4795 3415 4839 ornamenta
3465 4785 3569 4838 cir-

1997 4879 2282 4942 cumferat,
2316 4879 2384 4932 de
2417 4879 2614 4945 quibus
2653 4877 2931 4946 Scriptura
2983 4879 3113 4932 dicit
3143 4893 3160 4930 :
3196 4876 3568 4931 Misericordia

1997 4981 2044 5023 et
2072 4971 2265 5022 ueritas
2297 4985 2399 5023 non
2428 4970 2664 5037 deﬁcient
2697 4985 2730 5021 a
2763 4979 2808 5022 te
2838 4966 3020 5038 (Prov.
3053 4983 3131 5032 ιιι.
3163 4968 3216 5030 ’5,
3247 4984 3348 5020 sec.
3384 4965 3568 5036 LXX).

1999 5062 2279 5131 Suspende
2319 5072 2498 5114 autem
2549 5061 2666 5115 illas
2715 5061 2769 5115 in
2804 5063 2966 5114 corde
3007 5060 3152 5112 velut
3185 5058 3239 5112 in
3273 5059 3410 5113 collo
3455 5069 3566 5114 tuo.

1998 5153 2195 5209 Munda
2239 5155 2448 5217 oculos,
2489 5154 2618 5209 dum
2670 5168 2766 5208 eos
2813 5153 2882 5206 ab
2932 5152 3102 5206 omini
3129 5150 3567 5219 concupiscentia

2000 5249 2254 5311 retrahis,
2295 5259 2349 5302 et
2393 5249 2460 5301 ab
2504 5247 2650 5302 οιιιιιί
2701 5246 2899 5300 intuitu
2949 5260 3241 5314 pauperum
3297 5258 3573 5311 nunquam

2001 5341 2223 5404 avertis,
2253 5350 2305 5394 et
2338 5340 2405 5393 ab
2435 5341 2688 5392 omnibus
2720 5339 2858 5392 fucis
2891 5337 3110 5400 liberos,
3139 5336 3205 5389 ad
3233 5349 3299 5390 ea
3329 5351 3447 5404 qua:
3479 5333 3571 5389 Dei

2001 5444 2128 5487 sntit
2153 5431 2296 5486 facta
2327 5431 2624 5486 custodias.
2673 5428 2872 5483 Munda
2912 5431 3145 5498 linguam
3182 5444 3210 5481 a
3244 5427 3526 5482 mendacio
3550 5417 3602 5487 ε’

2001 5529 2126 5596 quia
2179 5542 2240 5581 os
2290 5525 2434 5595 quod
2489 5527 2766 5586 mentitur,
2807 5523 3011 5580 occidit
3063 5523 3320 5575 animam.
3377 5521 3573 5576 Munda

2001 5634 2119 5672 eam
2170 5634 2200 5671 a
2253 5617 2610 5679 detractione,
2643 5617 2974 5684 juramento,
3023 5628 3088 5668 ac
3136 5613 3394 5683 perjurio.
3442 5611 3579 5665 Nolo

2001 5699 2387 5780 pra-posterum
2434 5711 2681 5762 ordinem
2732 5717 2905 5776 putes,
2948 5709 3090 5775 quod
3150 5707 3300 5776 prius
3353 5721 3380 5758 a
3422 5704 3562 5772 jura.

2003 5815 2186 5860 mento
2215 5820 2374 5873 quam
2406 5819 2435 5856 a
2465 5800 2707 5872 perjurio
2739 5801 2994 5871 linguam
3035 5800 3150 5856 disi
3193 5800 3394 5857 debere
3427 5811 3588 5851 ruunt
