4056 6200
316 395 419 462 ΥΠ

1244 393 1623 487 EPISTOLA
1664 350 1843 475 x111.
1876 399 2427 479 YlltGlNITATIS
2466 402 2686 469 LAUS.

3498 398 3596 462 1'8

314 509 541 569 dicet-it.
580 506 653 561 ita
714 519 775 562 se
820 511 878 562 tn
932 504 1191 565 omnibus
1250 515 1563 579 temperat,
1625 518 1689 569 ut
1734 510 1921 580 sponsi
1949 515 2181 588 Amodi-
2206 515 2349 577 Deus
2393 517 2590 587 qumrit
2622 523 3029 582 ornamentum,
3065 520 3122 571 et
3156 514 3390 569 animam
3429 514 3606 568 taliter

318 596 568 653 moribus
594 613 752 652 suum
784 595 1271 669 obsequium,.sua
1302 600 1565 666 dilectio,-
1585 616 1686 659 sua
1714 602 1917 673 jucun-

316 689 501 754 ditas,
542 705 640 744 sua
699 688 845 759 vita,
880 704 985 755 sua
1036 689 1321 760 diligentia
1366 692 1685 751 concordet.
1722 692 1918 748 .Etvtu

318 797 543 852 quoque
572 780 855 838 Christum
895 796 1159 852 sponsum
1189 784 1417 849 habens,
1441 798 1474 840 a
1501 782 1821 845 domesticis
1855 799 1921 840 ac

319 874 688 929 tamiliarihus
727 874 869 944 ejus,
905 875 1095 947 sponsi
1145 876 1222 931 tui
1266 891 1449 935 mores
1492 878 1773 947 interroga
1806 886 1923 935 :uet
1982 890 1991 899 '

318 972 546 1022 strenue
593 980 663 1020 ac
703 965 938 1022 solerter
989 966 1243 1038 inquire,
1298 965 1355 1023 in
1401 967 1602 1037 quibus
1651 969 1923 1039 pracipue

318 1056 649 1113 delectetur.
699 1058 928 1126 Qualem
983 1059 1040 1114 in
1085 1067 1149 1115 te.
1174 1060 1627 1129 compositionem
1686 1061 1920 1117 vestium

320 1151 544 1221 diligat,
578 1151 885 1220 cujusmodi
919 1152 1275 1224 concupiscat
1308 1161 1565 1211 ornatum
1597 1171 1613 1209 :
1646 1153 1794 1210 dicat
1825 1154 1920 1211 tibi

316 1244 449 1315 ejus
490 1243 953 1310 l’aruiliarissimus
996 1245 1216 1309 Petrus,
1242 1244 1335 1311 qui
1360 1261 1444 1300 .ne
1478 1245 1669 1316 nuptis
1697 1246 1920 1316 quidem

318 1335 706 1405 corporalem,
758 1337 852 1391 sed
894 1335 1245 1404 spiritualem
1298 1336 1571 1406 permittit
1618 1348 1920 1405 ornatum;

317 1428 472 1482 sicut
525 1428 583 1480 in
624 1425 864 1499 Epistula
919 1443 1015 1485 sua
1068 1428 1337 1498 scripsit:
1373 1426 1628 1484 Mulieres
1674 1430 1927 1485 similiter

317 1520 583 1591 subjecta
607 1522 714 1589 sint
743 1523 873 1576 uiris
919 1521 1054 1585 suis,
1086 1530 1134 1574 et
1161 1522 1210 1576 si
1248 1522 1339 1591 qui
1370 1537 1477 1579 non
1504 1522 1723 1577 credunt
1750 1526 1925 1591 uerbo,

320 1628 416 1679 per
437 1613 719 1667 mulierum
746 1615 1202 1675 conuersationem
1225 1614 1338 1668 sine
1359 1615 1514 1669 verbo
1539 1614 1923 1684 lucri/ieentur,

320 1706 724 1769 considerantes
766 1706 821 1758 in
854 1705 1042 1759 timore
1080 1715 1289 1758 castam
1335 1707 1789 1761 conuersationem
1835 1722 1927 1761 oe-

327 1806 499 1848 stram
532 1811 554 1850 :
583 1812 813 1866 quorum
848 1799 917 1850 sit
955 1799 1423 1869 nonestrinsecus
1453 1797 1801 1867 capillatum,
1834 1807 1947 1853 aut'

2019 607 2393 675 composnam'
2419 606 2786 677 concupiscit.

2002 726 2033 781 ἑ
2093 696 2204 751 XII.
2243 696 2603 754 Mementote
2630 712 2753 754 esse
2783 697 2971 762 ﬁliam,
2996 700 3294 781 secundum
3322 697 3464 767 quod
3494 698 3600 750 ait:

2008 774 2193 848 TAtrdi,‘
2220 787 2357 856 ﬁlia,
2395 798 2446 843 et
2483 791 2618 846 vide.
2661 788 2767 845 Sed
2813 800 2868 846 et
2917 800 2972 844 tu
3016 791 3129 860 ipsa
3166 774 3607 859 quotiescunque
3676 844 3685 849 .

2026 876 2193 933 Deum
2225 882 2433 948 patrem
2474 882 2749 951 nominas,
2789 888 2839 937 te
2874 881 2968 937 Dei
3004 882 3167 936 ﬁliam
3208 896 3331 937 esse
3368 886 3604 938 testaris.

1988 994 1995 1007 ι
2026 967 2167 1038 Ergo
2192 971 2240 1026 sl
2273 971 2379 1025 lilia
2411 971 2504 1028 Dei
2529 988 2611 1039 es,
2635 974 2758 1029 vide
2786 989 2855 1029 ne
2883 975 3014 1046 quid
3042 990 3230 1031 eorum
3262 975 3457 1040 facias,
3488 993 3610 1046 qua:

2026 1059 2140 1116 Deo
2169 1064 2309 1131 patri
2343 1063 2640 1134 incongrua
2680 1065 2810 1131 sint,
2846 1070 2939 1122 sed
2974 1082 3074 1136 age
3103 1068 3282 1122 omnia
3317 1069 3468 1136 quasi
3500 1068 3607 1123 tilia

2026 1150 2143 1207 Dei.
2171 1152 2449 1222 Cagnosce
2480 1156 2752 1224 quomodo
2780 1156 2943 1226 hujus
2970 1158 3157 1213 saeculi
3196 1158 3321 1213 tiliae
3348 1159 3609 1213 nobilium

2025 1260 2088 1302 se
2118 1255 2330 1316 gerant,
2360 1247 2560 1316 quibus
2602 1260 2923 1304 assuescant
2955 1238 3231 1312 moribus:
3254 1250 3520 1320 quibusve
3551 1251 3612 1302 ire

1989 1356 1993 1361 '
2027 1336 2335 1407 disciplinis
2368 1339 2679 1395 instituant.
2712 1340 2884 1395 Tanta
2915 1341 2968 1396 in
2999 1341 3321 1411 quihusdam
3351 1352 3435 1398 est
3460 1357 3617 1397 vere—

2028 1430 2250 1495 cundia,
2293 1438 2443 1485 tanta
2493 1430 2755 1499 gravitas,
2788 1441 2934 1486 tanta
2981 1434 3264 1495 modestia,
3298 1442 3358 1487 ut
3387 1444 3614 1488 ρωποι-ο-

2031 1534 2151 1576 rum
2184 1521 2474 1577 hominum
2513 1523 2677 1578 ritum
2720 1524 2927 1578 intuitu
2975 1522 3231 1579 lmmana:
3262 1525 3615 1594 ingenuitatis

2029 1613 2318 1677 excedant,
2350 1624 2405 1667 et
2443 1628 2510 1668 ne
2540 1628 2702 1682 quam
2736 1615 2984 1670 honestis
3021 1616 3342 1683 parentibus
3373 1618 3488 1670 suis
3521 1631 3617 1686 per

2030 1706 2247 1774 lapsum
2284 1722 2441 1760 suum
2479 1705 2718 1760 infamia:
2752 1708 2971 1762 inuraut
3006 1720 3215 1773 notam,
3248 1709 3478 1761 alteram
3511 1707 3615 1760 sihi

2032 1794 2434 1867 quodaminde
2486 1797 2630 1853 inter
2674 1798 2925 1854 homines
2977 1800 3386 1854 consuetudinis
3444 1799 3622 1853 facere

327 1890 695 1963 circumdatio
740 1889 887 1953 auri,
924 1899 1016 1943 aut
1058 1888 1357 1955 indumenti
1403 1890 1938 1960 vestimentorumque
1968 1883 2010 1939 Β
2040 1899 2318 1943 naturam.
2359 1889 2425 1943 Et
2475 1898 2528 1944 tu
2572 1889 2838 1958 originem
2877 1901 3021 1944 tuam
3061 1889 3291 1959 respice,
3321 1906 3492 1961 genus
3538 1889 3620 1944 in-

328 1980 505 2035 cultus
526 1997 550 2045 ;
576 1980 668 2035 sed
691 1981 977 2037 obsecrans
1004 1982 1182 2036 cordis
1203 1991 1280 2037 est
1303 1985 1465 2041 homo.
1479 1984 1535 2038 in
1558 1983 1938 2053 incorruptibi-

334 2073 491 2127 litate
515 2074 683 2142 quieti
712 2083 761 2127 et
795 2075 1019 2128 modesti
1050 2074 1304 2143 spiritus,
1325 2076 1418 2146 qui
1448 2086 1527 2131 est
1564 2077 1619 2131 in
1656 2084 1936 2146 conspectu

330 2157 427 2234 Dei
472 2158 715 2227 locuples
765 2156 818 2231 (1
860 2159 1010 2217 Petr.
1045 2177 1128 2230 ιιι,
1172 2162 1196 2215 1
1239 2163 1445 2234 semp).
1491 2162 1649 2221 Dicat
1696 2173 1751 2220 et
1797 2164 1937 2219 alius

328 2250 616 2320 :pnstolus
652 2251 859 2307 beatus
898 2250 1126 2316 Paulus,
1166 2252 1258 2322 qui
1305 2239 1380 2308 ad.
1408 2252 1759 2310 Timotheum
1798 2257 1939 2309 scri-

325 2340 469 2397 bens
495 2340 825 2416 Epistulam,
863 2342 1051 2401 eadem
1083 2344 1152 2398 de
1180 2343 1420 2401 ﬁdelium
1458 2345 1930 2402 leminarumdis-

327 2422 529 2509 ciplina
559 2444 787 2490 testatur
813 2452 828 2490 :
856 2433 1103 2491 Mulieres
1136 2448 1387 2507 statuitur
1413 2437 1471 2492 in
1497 2437 1685 2495 habitu
1717 2448 1931 2504 ornato,

329 2540 451 2578 cum
504 2528 823 2581 uerecundia
874 2537 925 2581 et
970 2528 1277 2595 sobrietate,
1326 2540 1576 2589 amantes
1605 2546 1684 2596 se,
1723 2546 1829 2585 non
1877 2534 1928 2585 in

329 2618 491 2672 tortis
529 2617 788 2682 crinibus,
822 2635 979 2684 auro,
1010 2629 1106 2677 aut
1147 2622 1476 2693 margaritis,
1510 2631 1602 2677 aut
1635 2632 1773 2678 veste
1807 2637 1932 2691 pre-

330 2715 493 2775 tiosa,
526 2707 620 2761 sed
651 2709 790 2779 quod
824 2710 964 2764 decet
1003 2710 1271 2773 mulieres,
1302 2711 1666 2780 promittentes
1708 2714 1936 2767 castita-

331 2809 449 2865 rem,
465 2815 561 2864 per
581 2799 771 2853 bonam
786 2802 1230 2857 conversationem
1280 2795 1335 2867 (Ι
1358 2797 1467 2859 Tit.
1485 2816 1546 2868 ll,
1568 2800 1683 2870 10).
1704 2800 1809 2855 Sed
1822 2799 1935 2855 Ior-

331 2892 477 2944 sitau
497 2892 569 2943 dit
588 2906 672 2967 as,
695 2906 794 2945 cur
812 2892 924 2946 lucc
941 2891 1105 2947 iidem
1124 2892 1356 2962 apostoli
1371 2892 1674 2962 virginibus
1694 2906 1801 2947 non
1816 2890 1933 2961 jus-

335 2990 530 3034 serunt
550 2980 577 3034 Ἰ
599 2980 736 3047 Quia
771 2997 879 3035 non
911 2983 1280 3039 necessarium
1300 2982 1624 3053 judicabant
1656 2998 1674 3037 :
1707 2998 1773 3037 ne
1808 2982 1931 3037 talis

336 3075 643 3144 virginibus
676 3075 1030 3135 commonitio
1067 3076 1248 3145 potius
1275 3074 1499 3142 injuria,
1537 3089 1699 3143 quam
1741 3088 1932 3129 emen-
1970 3138 1977 3147 _

334 3166 487 3243 datio
520 3166 818 3223 videretur.
850 3168 958 3222 Sed
989 3182 1089 3223 nec
1118 3183 1213 3223 eas
1241 3182 1480 3237 unquam
1513 3177 1679 3223 tantae
1710 3166 1930 3222 temeri-

2042 1991 2212 2047 tuere,
2248 1973 2828 2049 gloriam~nobilitatis
2876 1980 3098 2036 adverte
3132 1999 3146 2035 :
3186 1995 3249 2037 ac
3294 1996 3402 2035 non
3445 1980 3623 2033 homi-

2039 2071 2125 2126 nis
2154 2080 2361 2126 tantmn
2392 2086 2539 2137 esse,
2564 2073 2657 2127 sed
2684 2071 2778 2126 Dei
2808 2070 2997 2133 tiliam,
3021 2070 3074 2125 et
3099 2071 3296 2126 divina:
3324 2069 3624 2125 nativitatis

2036 2161 2697 2217 nobilitatis'decoratam.
2725 2160 2802 2216 lta
2827 2161 3120 2229 te'exhihe,
3144 2170 3199 2214 ut
3226 2160 3279 2213 in
3309 2172 3360 2214 te
3384 2159 3625 2216 calcatis

2030 2249 2294 2304 nativitas
2318 2256 2596 2319 appareat,
2614 2256 2670 2303 et
2694 2250 2752 2304 ut
2775 2250 2955 2304 divina
2979 2250 3290 2321 ingenuitas
3314 2251 3618 2304 clarescat:

2034 2342 2109 2395 sit
2151 2342 2207 2395 in
2257 2352 2311 2395 te
2362 2356 2502 2396 nova
2556 2342 2820 2413 gravitas,
2869 2342 3127 2397 honestas
3169 2340 3533 2406 admirabilis,
3568 2350 3625 2395 et

2036 2432 2305 2499 stupenda
2341 2433 2697 2495 verecundia,
2732 2432 2868 2486 mira
2906 2431 3195 2501 patientia,
3232 2430 3511 2502 virginalis
3544 2432 3628 2483 in-

2032 2538 2247 2589 cessus,
2288 2532 2351 2579 et
2401 2538 2546 2579 vera:
2591 2522 2864 2594 pudicitia:
2912 2520 3163 2588 habilu's,’
3192 2539 3372 2578 sermo
3411 2538 3626 2590 semper

2037 2617 2338 2682 modcs'us,
2374 2628 2424 2672 et
2466 2632 2569 2671 suo
2608 2617 2661 2670 in
2711 2627 2956 2686 tempore
3004 2612 3360 2688 prdferendus
3392 2627 3498 2673 :,ut
3533 2615 3625 2687 qui

2037 2719 2089 2761 te
2124 2709 2346 2772 viderit,
2393 2710 2720 2773 admiretur,
2764 2719 2818 2763 et
2850 2708 2996 2765 dicat
3024 2728 3036 2765 :
3070 2710 3199 2776 Quae
3220 2720 3306 2765 est
3342 2711 3456 2765 haec
3490 2702 3625 2764 nova

2038 2802 2179 2855 inter
2224 2801 2472 2856 homines
2521 2802 2799 2872 gravitas?
2832 2817 2954 2871 quae
2992 2805 3216 2872 pudoris
3262 2801 3630 2858 verecundia?

2022 2908 2157 2962 quae
2204 2892 2512 2947 honestatis
2560 2892 2868 2948 modestia?
2911 2908 3032 2964 qua:
3083 2892 3367 2946 maturitas
3405 2894 3623 2961 sapien-

2035 2983 2160 3037 tiae?
2192 2980 2311 3035 Non
2344 2982 2567 3036 est‘lsta
2602 2985 2841 3037 humana
2874 2983 3164 3041 institutio,
3200 2975 3624 3051 ucc’discipliua

2034 3074 2305 3129 mortalis.
2332 3074 2591 3130 ‘leeste
2622 3074 2717 3128 hic
2764 3074 2969 3144 aliquid
3016 3074 3067 3127 in
3111 3088 3339 3142 corpore
3381 3068 3620 3127 humano

2037 3160 2288 3231 refulget.
2328 3162 2470 3218 Puto
2502 3163 2647 3232 quod
2683 3164 2890 3218 habitet
2924 3164 2978 3217 in
3019 3163 3344 3229 qtiih‘usclam
3385 3161 3619 3217 homini-

338 3232 473 3329 tatis
524 3258 642 3313 fore
681 3259 1056 3324 crediderunt,
1093 3265 1152 3315 ut
1198 3275 1267 3316 ne
1313 3232 1498 3331 nuptis
1536 3232 2002 3330 quidem,con-C
2034 3256 2138 3313 bus
2189 3256 2475 3313 Deus.'Et
2520 3270 2650 3313 cum
2702 3265 2755 3311 te
2807 3251 2971 3311 ﬁliam
3021 3246 3251 3310 Christi'
3282 3256 3620 3331 cognoverit,

338 3365 501 3429 cessa
556 3350 799 3403 carnalia
855 3354 1178 3405 ornamenta
1232 3357 1285 3405 et
1346 3357 1566 3405 terrena
1621 3360 1935 3420 praesume-

340 3452 492 3495 teut.

416 3618 517 3672 XI.
556 3615 769 3677 Revera
804 3633 1009 3674 ornare
1038 3633 1098 3676 se
1124 3629 1180 3675 et
1206 3632 1534 3691 componere
1563 3616 1719 3689 virgo
1756 3616 1937 3675 debet.

340 3708 484 3766 Nam
537 3700 813 3780 quomodo
869 3727 1071 3782 sponso
1125 3727 1225 3767 suo
1270 3712 1490 3783 placere
1538 3712 1782 3782 poterit,
1835 3711 1938 3767 nisi

336 3805 646 3873 composita
700 3814 753 3857 et
804 3813 998 3859 ornata
1046 3803 1429 3874 processerit?
1474 3803 1714 3862 Ornetur
1762 3805 1942 3884 plane,

338 3899 443 3959 sed
511 3897 871 3952 interioribus
930 3898 1311 3963 ornamentis;
1377 3897 1771 3967 Spiritualiter,
1836 3913 1943 3952 non

341 3989 717 4059 corporaliter
750 4000 1157 4057 componatur:
1192 3989 1321 4058 quia
1368 3986 1632 4044 Dominus
1672 4004 1781 4043 non
1818 4004 1944 4043 cor-

344 4083 532 4154 poris,
573 4084 668 4135 scd
704 4080 900 4147 anitme
934 4079 1187 4136 decorem
1234 4082 1289 4137 in
1336 4080 1426 4135 illa
1473 4080 1771 4151 desiderat.
1803 4078 1946 4151 Ergo

340 4183 403 4229 et
434 4186 491 4226 tu
522 4187 864 4243 quaecunque
899 4172 1137 4227 animam
1176 4181 1321 4227 tuam
1361 4170 1513 4243 diligi
1545 4182 1601 4226 et
1632 4170 1865 4227 habitari
1914 4190 1944 4225 a

341 4266 579 4333 Christo
603 4265 954 4335 concupisms
981 4283 994 4317 :
1019 4264 1169 4318 omni
1199 4279 1314 4317 eam
1345 4263 1628 4334 diligentia
1658 4278 1944 4334 compone,

343 4369 403 4416 et
460 4356 843 4429 spiritualihus
894 4355 1236 4415 indumentis
1290 4370 1516 4410 exorna.
1570 4355 1718 4409 Nihil
1770 4356 1822 4411 in
1878 4373 1945 4411 ea

346 4450 712 4514 indecorum,
778 4448 915 4501 nihil
962 4444 1176 4503 licitum
1241 4454 1522 4514 appareat.
1583 4444 1948 4514 ﬂespleudeat

2038 3347 2249 3418 majore
2289 3355 2515 3418 stupore
2550 3349 2867 3413 ~tenebitur,
2903 3354 2959 3403 et
3009 3342 3266 3419 cogitabit
3304 3330 3484 3418 qualis
3523 3350 3626 3402 iste

2038 3440 2302 3497 Dominus
2347 3442 2439 3503 sit.
2475 3440 2635 3511 cujus
2670 3440 2797 3495 talis
2842 3440 3047 3495 ancilla
3097 3452 3202 3495 est.
3257 3426 3333 3493 Si'
3364 3438 3442 3493 vis
3493 3454 3627 3511 ergo

2040 3543 2250 3603 partem
2280 3533 2485 3587 habere
2511 3546 2636 3588 cum
2661 3532 2901 3597 ChriSto,
2921 3531 3123 3587 Christi
3151 3532 3245 3586 tibi
3271 3533 3520 3598 exemplo
3550 3534 3624 3584 vi-

2040 3627 2273 3682 vendum
2301 3636 2385 3680 est
2417 3643 2433 3679 :
2462 3625 2557 3695 qui
2595 3627 2671 3679 ab"
2709 3627 2858 3679 muni
2905 3616 3113 3679 malitia
3157 3635 3211 3678 et
3258 3626 3499 3694 nequitia
3554 3626 3625 3679 ita

2041 3718 2146 3774 fuit
2171 3726 2490 3783 estraneus‘,
2525 3728 2581 3772 ut
2610 3733 2680 3777 ne
2706 3716 2945 3772 inimicis
2970 3717 3188 3785 quidem
3224 3720 3397 3772 vicem
3432 3714 3626 3771 tedde-

2044 3816 2147 3874 ret,
2176 3809 2307 3878 quin
2340 3808 2523 3876 petitis
2552 3821 2652 3873 pro
2687 3804 2822 3876 ipsis
2851 3807 3067 3860 orabat.
3100 3805 3235 3861 Nolo
3262 3807 3407 3860 enim
3442 3816 3498 3860 ut
3531 3823 3626 3860 eos

2043 3898 2258 3953 animas
2284 3896 2629 3952 Christianas
2654 3895 2939 3950 existimes
2965 3891 3107 3959 esse,
3137 3904 3255 3963 quae
3286 3904 3378 3948 aut
3408 3894 3627 3959 fratres,

2045 3998 2140 4044 aut
2179 4001 2395 4044 sorores
2424 4000 2537 4041 non
2566 3986 2693 4040 dico
2720 3988 2976 4048 oderunt,
3010 3987 3103 4039 sed
3145 3986 3307 4040 etiam
3355 3984 3630 4056 proximus

2046 4090 2160 4137 toto
2194 4080 2356 4135 corde
2390 4079 2748 4134 conscientia:
2793 4090 2979 4132 coram
3019 4076 3111 4132 Dci
3153 4076 3488 4142 testimonio,
3522 4093 3628 4132 ιιοιι

2047 4173 2279 4243 diligunt
2307 4189 2323 4227 :
2356 4170 2829 4227 eum'Christiana‘
2860 4162 3501 4235 Christi'similitudiuc,
3524 4169 3633 4222 ini-

2048 4268 2222 4323 micos
2264 4264 2433 4320 etiam
2464 4279 2658 4319 aniare
2691 4274 2917 4317 necesse
2948 4261 3173 4316 habeat.
3207 4256 3263 4317 Si
3308 4264 3631 4316 sanctorum

2048 4359 2204 4429 cupis
2260 4357 2479 4412 habere’
2520 4356 2883 4421 consortium,
2920 4360 2975 4407 a'
3007 4353 3226 4408 muli‘tire
3273 4363 3328 4408 et
3377 4355 3634 4422 nequitia:
3695 4360 3701 4367 ‘

2006 4508 2019 4517 _
2050 4457 2295 4520 cogitatu
2347 4440 2538 4521 pectus
2588 4448 2847 4504 eumnda.
2883 4445 3057 4501 Nemo
3108 4454 3161 4502 te
3214 4444 3630 4508 circuitu-enini.

348 4562 492 4600 auro
532 4534 786 4616 justitite,
818 4552 883 4627 iet
928 4542 1159 4611 getntnis
1204 4541 1469 4610 refulgent
1516 4541 1844 4604 sanctitatis,
1880 4554 1945 4597 ac
1977 4576 2022 4631 ο
2053 4534 2212 4599 uerno
2247 4541 2425 4597 fallaci
2460 4554 2716 4596 sermone
2756 4538 3023 4595 sedueat:
3054 4538 3272 4593 nonnisi
3312 4548 3538 4593 sanctos
3578 4553 3634 4594 et

350 4637 759 4713 pretiosissima
797 4634 1075 4704 pudicitia:
1110 4634 1403 4703 margarita
1438 4641 1713 4695 coruscet,
1741 4640 1799 4688 et
1828 4632 1947 4702 pic-
1982 4630 1995 4631 ί
2041 4634 2242 4703 justos,
2279 4645 2337 4690 et
2384 4633 2682 4703 simplices.
2721 4640 2778 4686 et
2827 4632 3172 4692 innocentes.
3208 4640 3264 4685 ct
3313 4630 3475 4701 purus
3520 4645 3635 4686 coe-

352 4730 489 4784 utis
528 4729 711 4783 tunica
747 4727 1034 4782 vestiatur.
1069 4724 1178 4780 Pro
1218 4727 1381 4798 bysso
1410 4735 1469 4780 et
1493 4726 1693 4790 serico,
1722 4727 1949 4779 castita-

352 4826 431 4879 tis
472 4832 532 4877 et
574 4820 965 4876 misericordiae
1022 4819 1203 4874 tunica
1260 4819 1522 4875 vestiatur
1569 4827 1625 4873 et
1666 4817 1947 4881 induatur,

350 4919 663 4976 secundum
719 4917 864 4987 quod
914 4915 1180 4987 scriptum
1232 4924 1367 4970 est:
1408 4915 1624 4968 Induite
1672 4930 1762 4968 eos
1809 4915 1948 4967 sicut

352 5012 517 5068 electi
562 4998 684 5073 Dei,
723 5010 922 5074 sancti,
962 5018 1014 5063 et
1062 5009 1261 5074 dilecti,
1302 4988 1499 5063 viscera
1549 5006 1947 5073 misericordiae,

355 5102 762 5168 humilitatem,
807 5114 917 5156 etc.
960 5098 1191 5171 (Coloss.
1237 5115 1336 5167 ιιι,
1383 5100 1494 5170 ιιι).
1537 5097 1655 5154 Non
1697 5100 1950 5154 decorem

356 5207 607 5248 cerussa:
656 5202 750 5245 aut
795 5193 1026 5246 alterius
1076 5193 1338 5261 pigmeuti
1386 5198 1615 5259 quaerat,
1647 5190 1746 5246 sed
1796 5190 1953 5245 iuno-

360 5286 565 5341 tentia:
597 5282 1074 5353 simplicitatisque
1119 5284 1412 5339 candorem
1460 5284 1679 5339 habeat.
1714 5284 1951 5340 Roseum

362 5375 715 5431 verecunda:
752 5375 1016 5440 colorem,
1038 5375 1388 5442 etpudorem
1430 5377 1673 5439 ruboris.
1704 5376 1958 5445 pudoris-

358 5480 479 5534 que
508 5467 813 5536 possideat.
846 5466 1089 5521 caelestis
1118 5467 1370 5523 abluatur
1406 5469 1551 5521 nitro
1591 5468 1870 5532 doctrinae,
1901 5478 1957 5523 et
1992 5540 1997 5549 ἱ

362 5560 702 5617 lavamentis
759 5560 1141 5630 spiritualibus
1189 5561 1540 5617 emundetur.
1579 5560 1737 5616 Nulla
1790 5564 1842 5616 in
1892 5577 1954 5617 ea

364 5651 617 5717 malitia,
652 5652 803 5706 nulla
836 5651 1019 5707 delicti
1073 5652 1284 5707 macula
1336 5652 1678 5722 relinquatur
1717 5670 1731 5709 :
1772 5663 1829 5708 et
1862 5668 1961 5708 ne-

364 5744 598 5813 quando
651 5742 798 5797 ntan
854 5742 1101 5799 redoleat
1157 5746 1326 5800 odore
1380 5744 1628 5815 peccati,
1682 5754 1961 5813 unguento

366 5838 709 5895 suavissimo
733 5834 1015 5905 sapientiae
1042 5848 1091 5892 ct
1122 5835 1365 5894 scicntia:
1393 5836 1728 5908 perfruatur.
1760 5836 1960 5908 Hujus-

2049 4729 2204 4783 lcstis
2232 4726 2354 4781 aula
2388 4726 2673 4794 suscipiet.
2705 4722 2925 4778 Nullum
2961 4724 3103 4793 apud
3138 4725 3304 4780 Deum
3350 4726 3511 4780 huhet
3550 4726 3632 4781 lo-

2048 4836 2173 4875 cum
2221 4818 2450 4874 malitia.
2488 4817 2569 4871 Ab
2604 4818 2752 4870 omni
2804 4819 3043 4888 nequitia
3092 4829 3146 4870 et
3192 4817 3317 4871 dolo
3368 4816 3633 4871 mundum

2052 4927 2273 4967 necesse
2300 4922 2401 4966 .est
2445 4923 2591 4975 esse,
2625 4908 2719 4979 qui
2764 4909 2918 4979 cupit
2962 4922 3192 4978 regnare
3228 4923 3349 4962 cum
3382 4908 3631 4963 Christo.

2050 5002 2197 5061 Nihil
2233 5017 2341 5059 tam
2378 5005 2739 5069 contrarium,
2774 5001 2906 5056 nihil
2941 5010 3051 5055 tam
3086 5000 3420 5057 exsecrabile
3464 5000 3573 5054 Deo
3611 5041 3631 5065 ,

2051 5112 2213 5168 quam
2249 5096 2487 5164 aliquem
2525 5094 2708 5149 odisse
2756 5095 2841 5149 vel
2884 5093 3089 5149 fat-dere
3138 5092 3295 5149 velle.
3340 5088 3488 5147 Nihil
3520 5105 3629 5148 tam

2052 5189 2356 5261 probabile,
2409 5204 2571 5258 qnam
2630 5201 2825 5243 omnes
2877 5200 3084 5242 amare.
3144 5183 3298 5252 Quod
3355 5182 3629 5254 Propheta

2054 5283 2393 5353 prospiciens
2442 5290 2672 5335 testatur
2714 5279 2906 5333 dicens
2945 5292 2961 5332 :
3000 5277 3104 5343 Qui
3158 5274 3383 5342 diligitis
3440 5275 3628 5339 Deum,

2053 5375 2239 5428 audite
2265 5373 2468 5429 malum
2499 5372 2668 5443 (Psal.
2696 5385 2839 5435 xcvi,
2872 5370 2985 5442 10).
3340 5374 3345 5385 '

2127 5466 2267 5525 Xlll.
2300 5467 2433 5523 Vide
2467 5480 2534 5520 ne
2562 5465 2799 5536 aliquam
2825 5464 3115 5519 humanam
3144 5461 3368 5532 gloriam
3395 5460 3589 5529 diligas
3616 5478 3630 5517 :

2059 5576 2129 5615 ne
2143 5570 2198 5615 et
2229 5568 2318 5613 tua
2346 5558 2486 5612 inter
2510 5574 2610 5612 eos
2629 5556 3184 5625 portiucomputctur,
3207 5557 3403 5622 quibus
3424 5554 3632 5608 dictum

2060 5663 2190 5713 est:
2249 5650 2521 5717 Quomodo
2570 5667 2657 5705 eos
2710 5652 2928 5715 potestis
3003 5647 3233 5715 credere,
3292 5648 3520 5719 gloriam
3572 5646 3655 5699 ab'

2061 5745 2281 5799 inuicem
2309 5752 2603 5814 quarentes
2636 5740 2818 5811 (Joan.
2847 5752 2901 5807 v,
2926 5738 3017 5807 μ)
3041 5738 3066 5792 τ
3090 5735 3157 5793 Et
3196 5739 3263 5794 de
3286 5739 3491 5809 quibus
3514 5748 3641 5804 pro-

2064 5843 2227 5908 pheta
2259 5837 2432 5903 dicit:
2464 5835 2613 5909 Auge
2665 5835 2742 5892 eis
2795 5828 2964 5904 mala,
3019 5846 3156 5903 auge
3202 5831 3349 5889 mala
3391 5830 3639 5902 gloriosis
