4012 6188
418 279 519 344 179

1347 290 1408 350 S.
1446 291 1884 354 ΗΙΕΒΟΝΥΜΙ
1927 294 2246 358 OPERUM
2291 298 2692 362 MANTISSA.

3577 297 3675 360 180

411 405 568 449 terrae
615 395 753 466 (Jer.
810 415 883 464 χι,
918 401 1052 468 ll);
1115 412 1174 456 ut
1219 405 1631 464 conl‘nndamini
1699 428 1730 465 a
1794 412 1992 482 gloria-
2021 415 2226 484 Ajusti
2276 416 2544 487 malignus
2592 417 2656 468 ad
2713 413 2943 468 nihilum
2995 413 3318 476 deducatur,
3351 412 3438 481 qui
3483 424 3671 465 centra

408 491 555 542 tione
585 499 780 554 vestra,
815 503 868 545 et
904 497 1252 563 opprobrium
1286 499 1430 554 tiatis
1465 501 1516 554 iu
1545 513 1834 572 conspectu
1866 505 1984 559 Dei.

411 577 550 631 Nolo
585 579 729 632 enim
774 580 894 635 illas
940 585 1221 653 respicias,
1247 603 1365 656 qua:
1395 591 1601 654 saeculi,
1636 609 1740 645 non
1779 593 1988 648 Domini

410 678 542 721 sunt
599 669 880 738 virgines:
914 687 1034 742 quae
1074 677 1330 744 propositi
1390 681 1470 732 sui
1520 691 1574 734 et
1632 681 1990 749 professionis

411 759 1028 831 iminemores,gamlent
1061 765 1114 819 in
1148 768 1375 834 deliciis,
1405 770 1454 822 in
1489 773 1683 840 opibus
1712 774 1990 828 delectan-

410 857 520 912 tur,
559 863 614 904 et
645 867 922 920 corporea:
955 857 1256 913 nobilitatis
1287 862 1496 930 origine
1518 863 1835 932 gloriantur.
1861 865 1990 932 Quae

411 942 656 1010 proferto
685 945 729 998 si
759 945 850 998 Dei
891 947 1027 1002 tilias
1087 964 1146 1004 se
1193 966 1313 1005 esse
1364 958 1671 1022 crederent,
1711 974 1987 1028 nunquam

409 1042 534 1102 post
573 1035 784 1090 divinos
824 1039 1029 1094 natales
1079 1043 1415 1098 nobilitatem
1453 1049 1856 1102 admirarentur
1887 1050 1990 1103 hu-

411 1141 653 1192 manam,
691 1144 791 1183 nec
839 1133 1278 1199 gloriarenturin
1326 1140 1566 1205 quolibet
1622 1154 1776 1208 patre
1821 1143 1992 1196 hono-

412 1227 551 1271 rato.
583 1216 639 1273 Si
676 1233 881 1288 patrem
919 1223 1087 1276 Deum
1134 1241 1191 1279 se
1227 1227 1428 1282 habere
1477 1233 1762 1298 sentirent,
1793 1235 1991 1288 nobili-

335 1313 343 1352 ι’
417 1318 580 1364 tatem
639 1313 818 1366 carnis
863 1329 971 1366 tton
1035 1328 1302 1372 amarent.
1339 1319 1479 1385 Quid
1539 1323 1632 1374 tibi
1693 1325 1744 1377 in
1781 1327 1992 1393 generis

420 1403 702 1458 nobilitate
751 1405 1042 1471 blandiris,
1087 1419 1141 1462 et
1197 1415 1549 1480 complaces?
1578 1416 1717 1470 Duos
1751 1419 1996 1475 homines

419 1497 484 1548 ab
518 1495 743 1551 exordio
798 1497 926 1553 fecit
985 1498 1149 1568 Deus,
1192 1517 1257 1557 ex
1313 1507 1519 1574 quibus
1558 1511 1721 1563 totius
1760 1511 1996 1576 humani

420 1587 634 1654 generis
667 1589 800 1642 silva
834 1591 1133 1646 descendit.
1155 1593 1479 1650 Mundanam
1508 1599 1845 1655 nobilitatem
1883 1618 1993 1658 non

419 1687 630 1731 natura:
683 1682 910 1748 aequitas
962 1693 1201 1751 praestat,
1245 1687 1340 1741 sed
1392 1690 1710 1758 cupiditatis
1745 1695 1993 1748 ambitio.

2095 508 2404 578 proximum
2439 523 2546 560 non
2605 507 2886 574 probanda
2921 505 3228 574 protulerit,
3265 519 3372 557 non
3417 504 3542 558 licet
3575 505 3672 557 tibi

2093 599 2320 653 alterius
2373 598 2827 666 vituperationem
2886 597 3153 665 patienter
3187 597 3396 660 audire,
3443 598 3535 665 qui
3575 612 3674 649 nec

2095 693 2163 744 τη)
2214 690 2339 745 aliis
2403 699 2562 757 optas
2617 690 2782 757 recipi
2819 699 2984 742 tuam.
3025 688 3288 755 liijustum
3332 689 3528 757 quippe
3570 696 3672 752 est,

2095 781 2361 852 quidquid
2390 791 2582 835 contra
2617 778 2820 834 Christi
2856 778 3206 846 Evangeliqu
3238 779 3406 842 venit,
3443 777 3486 831 si
3519 777 3672 833 alteri

2093 875 2241 944 quod
2259 874 2357 929 tibi
2384 875 2451 928 ab
2480 873 2585 926 alio
2610 873 2678 927 ﬁo
2693 873 2735 926 ri
2771 872 3056 925 molestum
3085 879 3187 935 est,
3211 871 3434 938 patiaris
3462 869 3670 924 inferri.

2095 966 2358 1034 Linguam
2392 981 2608 1034 semper
2637 976 2781 1018 tuam
2811 964 2880 1018 de
2929 963 3085 1018 bouis
3148 963 3292 1032 loqui
3325 977 3600 1021 assuesce.
3622 970 3672 1014 et

2096 1059 2338 1114 auditum
2365 1066 2516 1112 tuum
2547 1056 2721 1127 magis
2749 1056 2814 1110 ad
2853 1057 3116 1110 bonorum
3149 1053 3386 1117 laudem,
3419 1068 3578 1121 quam
3608 1053 3675 1105 ad

2097 1153 2362 1206 malorum
2382 1149 2834 1217 vituperationem
2861 1145 3235 1200 accommoda.
3259 1145 3386 1196 Vide
3411 1152 3469 1195 ut
3493 1143 3674 1195 omnia

2096 1256 2438 1313 quaecunque
2481 1241 2617 1295 bene
2649 1240 2805 1304 facis,
2833 1249 3057 1308 promer
3091 1237 3257 1290 Deum
3286 1236 3476 1296 facias,
3499 1234 3680 1288 sciens

2095 1336 2216 1404 ejus
2254 1337 2328 1389 rei
2365 1343 2572 1387 tantum
2605 1343 2656 1385 te
2683 1347 2714 1384 a
2749 1330 2975 1383 Domino
3011 1338 3358 1396 recepturum
3390 1342 3511 1379 e:se
3541 1341 3679 1378 mer-

2097 1429 2305 1493 cedem,
2339 1441 2500 1494 quam
2543 1424 2662 1492 ejus
2697 1423 2908 1476 timoris
2943 1429 2997 1475 et
3026 1418 3232 1473 amoris
3283 1433 3451 1471 causa
3504 1415 3679 1484 perie-

2098 1519 2259 1573 ceris.
2309 1515 2510 1570 Sancta
2567 1515 2738 1581 magis
2783 1527 2914 1566 esse
2945 1527 3106 1579 quam
3143 1509 3313 1563 videri
3347 1509 3520 1572 surde,
3551 1507 3675 1574 quia

2099 1609 2237 1664 nihil
2273 1607 2491 1675 prodest
2531 1605 2796 1659 aestimari
2858 1603 3000 1671 quod
3037 1617 3141 1657 non
3191 1602 3308 1656 sis:
3351 1614 3405 1653 et
3445 1599 3677 1667 duplicis

2102 1699 2311 1770 peccati
2351 1707 2533 1752 reatus
2573 1707 2676 1762 est,
2727 1711 2833 1748 non
2879 1695 3077 1748 habere
3129 1692 3273 1762 quod
3329 1693 3592 1752 creditur,
3623 1701 3679 1743 et

418 1769 577 1862 Certe
620 1787 810 1828 ornues
861 1789 956 1842 per
994 1776 1160 1830 (Ιίνιιιί
1213 1778 1412 1832 lavacri
1475 1786 1705 1848 gratiam
1753 1786 1992 1854 aequales
2024 1761 2066 1820 Β
2095 1761 2241 1862 ἐμιοά
2281 1807 2384 1844 non
2415 1761 2946 1849 habeaspbimulare.

417 1861 704 1928 rliicimur,
743 1877 803 1920 ut
837 1868 980 1920 nulla
1045 1872 1185 1924 inter
1219 1887 1314 1926 eos
1346 1875 1602 1928 discretio
1635 1891 1758 1931 esse
1794 1879 1992 1946 possit,

417 1969 554 2022 quos
584 1957 838 2012 nativitas
863 1965 1100 2014 secunda
1141 1965 1444 2031 generavit,
1470 1980 1566 2034 per
1587 1982 1750 2035 quant
1775 1978 1881 2022 tant
1913 1970 1995 2023 di-

420 2060 515 2099 ves
544 2062 704 2114 quam
734 2064 960 2118 pauper,
991 2062 1096 2105 tam
1127 2071 1318 2110 servus
1371 2073 1534 2126 quam
1562 2060 1719 2124 liber,
1745 2073 1853 2114 tam
1893 2077 1995 2116 uo.-

421 2137 543 2190 bilis
577 2155 739 2206 quam
799 2142 1053 2210 ignobilis
1089 2146 1182 2200 Dei
1218 2147 1448 2202 edicitur
1481 2149 1645 2214 ﬁlius,
1677 2162 1731 2206 et
1778 2164 1994 2208 terrena

419 2230 673 2284 nobilitas
695 2232 982 2302 splendore
1008 2237 1194 2304 gloriae
1247 2241 1488 2298 ctelestis
1523 2247 1898 2310 adumbratur,
1939 2258 1992 2302 et

420 2335 686 2388 nusquam
719 2325 942 2378 omnino
989 2327 1098 2396 iam
1148 2343 1474 2400 comparet:
1517 2335 1644 2389 dum
1693 2354 1812 2404 qua:
1847 2347 1994 2393 retro

421 2412 472 2464 in
513 2415 866 2470 saecularibus
897 2418 1198 2476 honoribus
1224 2423 1462 2492 impares
1488 2425 1727 2494 fuerant,
1752 2430 1996 2486 emlestis

418 2512 474 2554 et
505 2505 699 2559 divti
743 2509 927 2575 gloria:
958 2511 1239 2566 nobilitate
1286 2518 1643 2574 restituuntur
1689 2523 1991 2590 :rqualiter.

419 2591 614 2650 Nullus
673 2597 748 2652 ibi
802 2599 914 2668 jam
977 2603 1338 2671 ignobilitatis
1398 2609 1702 2674 locus,nec
1762 2615 1998 2684 degener

422 2689 708 2758 quisquam
739 2702 846 2756 est,
870 2709 1030 2761 quem
1067 2697 1265 2752 divitue
1310 2703 1608 2757 nativitatis
1648 2717 1806 2760 ornat
1834 2707 1998 2761 nobi-

422 2781 588 2836 litas:
629 2785 730 2838 nisi
765 2789 902 2854 apud
942 2787 1060 2844 illos
1085 2793 1178 2860 qui
1226 2808 1331 2845 non
1383 2807 1572 2862 putant
1607 2799 1856 2853 humanis
1886 2815 2000 2854 cte-

421 2875 577 2930 lestia
620 2882 1002 2946 praeponenda.
1030 2881 1138 2936 Aut
1172 2883 1216 2938 si
1249 2894 1459 2952 putant,
1483 2903 1645 2957 quam
1682 2904 1879 2943 vanum
1915 2901 2000 2946 est

426 2976 485 3020 ut
522 2983 644 3024 sese
688 2969 794 3024 illis
845 2971 897 3024 in
954 2974 1257 3029 minoribus
1306 2977 1617 3046 prwierant.
1641 2997 1780 3050 quos
1810 2984 1910 3036 sibi
1945 2983 1997 3038 in

423 3064 724 3132 majoribus
782 3082 943 3136 pares
999 3083 1124 3123 esse
1159 3071 1445 3126 sentiunt?
1477 3084 1532 3127 et
1566 3077 1721 3142 quasi
1771 3075 1910 3131 infra
1940 3092 1998 3132 se

423 3158 634 3225 positos
666 3158 718 3211 iu
748 3168 893 3213 terra
927 3163 1260 3230 existiment,
1287 3181 1426 3234 quos
1458 3168 1562 3221 sibi
1595 3169 1648 3221 in
1683 3169 1999 3225 ctelestibus

426 3249 662 3316 aequales
707 3251 1098 3307 crediderunt?
1136 3254 1216 3309 Tu
1266 3271 1446 3311 autem
1481 3273 1602 3327 qua:
1634 3259 1860 3326 Christi,
1891 3277 1999 3316 non

427 3343 611 3395 saeculi
671 3343 825 3412 virgo
877 3359 960 3406 es,
993 3362 1207 3400 omnem
1265 3352 1550 3417 praesentis
1599 3352 1722 3406 vita:
1773 3353 2000 3421 gloriam

430 3434 577 3503 l‘uge,
609 3443 666 3488 ut
695 3450 855 3489 omne
883 3441 1029 3504 quod
1060 3439 1112 3492 in
1141 3438 1322 3493 futuro
1353 3443 1686 3510 promittitur
1709 3460 2008 3515 consequa-

435 3529 532 3580 ris.
582 3525 999 3583 Contentionum
1068 3532 1230 3585 verba
1284 3543 1338 3586 et
1396 3534 1760 3591 animositatis
1812 3553 2006 3592 causas

430 3620 596 3674 evita.
643 3619 1046 3705 Discordiarum
1102 3640 1321 3696 quoque
1362 3637 1414 3682 et
1461 3629 1635 3682 litium
1691 3635 2007 3687 occasiones

431 3711 768 3782 subterfuge.
799 3713 934 3769 Nam
975 3716 1046 3781 si,
1073 3717 1227 3788 juxta
1256 3720 1502 3786 Apostoli
1535 3722 1864 3788 doctrinam,
1885 3739 2005 3778 ser-

428 3820 554 3859 vum
581 3804 673 3859 Dei
704 3806 914 3877 litigare
951 3823 1056 3862 non
1087 3811 1242 3864 decet
1270 3809 1361 3882 (II
1394 3811 1534 3868 Tim.
1562 3830 1622 3876 ιι.
1645 3814 1762 3886 24),
1798 3827 2006 3884 quanto

432 3899 602 3966 inagis
633 3899 886 3952 ancillam
923 3899 1013 3954 Dei
1046 3917 1154 3956 non
1191 3904 1467 3973 expedit?
1502 3905 1668 3977 Cujus
1707 3924 1817 3980 quo
1852 3925 2007 3964 vere-

429 3990 662 4043 cundior
689 4001 773 4044 est
821 4005 1005 4054 sexus,
1054 3995 1270 4048 animus
1309 3997 1472 4050 debet
1506 4007 1654 4052 esset
1684 4000 2002 4054 modestior.

502 4079 641 4132 XIV.
694 4080 955 4152 Linguam
991 4096 1022 4135 a
1057 4083 1375 4155 maliloquio
1423 4087 1620 4142 cohibe
1647 4103 1663 4146 :
1693 4097 1747 4142 et
1791 4091 1871 4143 ori
1913 4101 2006 4143 tuo

433 4171 566 4237 legis
614 4172 802 4229 frenos
861 4177 1078 4246 impone
1117 4194 1135 4232 :
1182 4188 1242 4234 ut
1273 4190 1398 4236 tunc
1448 4181 1494 4236 si
1547 4181 1689 4236 forte
1743 4182 2004 4251 loquaris,

431 4269 648 4334 quando
685 4277 866 4324 tacere
900 4281 1185 4340 peccatqu
1217 4273 1310 4340 sit,
1348 4289 1542 4330 caveas
1579 4289 1648 4328 ne
1699 4276 1828 4344 quid
1859 4276 2004 4344 quod

429 4358 484 4411 in
544 4360 1020 4429 reprehensionem
1077 4367 1280 4432 veniat,
1329 4367 1522 4423 dicas:
1571 4367 1737 4438 Lapis
1770 4370 2005 4425 emissus

2169 1879 2285 1936 XV.
2317 1879 2371 1932 In
2425 1879 2646 1948 ieiuniis
2693 1877 2863 1946 magis
2897 1891 3060 1944 quam
3097 1877 3150 1928 in
3181 1874 3359 1943 epulis
3386 1873 3678 1937 deiecmre,

2097 1971 2244 2026 illius
2275 1972 2448 2024 vidua:
2481 1984 2711 2030 memor,
2735 1983 2856 2034 quae
2895 1983 3000 2020 non
3034 1965 3347 2020 discedebat
3394 1964 3463 2016 de
3516 1963 3678 2017 Tem-

2098 2069 2210 2134 plo,
2245 2065 2352 2120 Deo
2391 2068 2640 2119 serviens
2693 2061 2920 2130 jejuniis
2973 2072 3027 2112 et
3089 2059 3432 2112 oratioiiibus
3479 2058 3562 2110 die
3613 2071 3678 2110 ac

2099 2169 2279 2213 nocte.
2307 2157 2367 2210 Et
2400 2159 2444 2211 si
2469 2157 2640 2209 vidua
2673 2156 2886 2221 quidem
2913 2150 3100 2206 Iudaea
3139 2153 3264 2204 talis
3289 2159 3428 2209 erat.
3457 2149 3671 2218 qualeut

2099 2265 2243 2304 nunc
2278 2249 2545 2316 virginem
2603 2245 2759 2298 decet
2805 2259 2926 2298 esse
2970 2241 3228 2296 Christi?
3276 2240 3478 2294 Divina:
3509 2239 3680 2306 magis

2099 2343 2352 2396 lectionis
2403 2341 2710 2396 convivium
2760 2339 2942 2408 dilige,
2987 2337 3360 2407 spiritualibus
3403 2347 3453 2390 te
3489 2334 3678 2389 satiari

2098 2435 2326 2504 dapibus
2361 2434 2705 2500 concupisce.
2737 2430 2859 2484 Illos
2891 2430 3069 2498 potius
3107 2430 3324 2497 require
3355 2430 3526 2490 cibos,
3555 2425 3678 2495 qui—

2100 2527 2204 2580 bus
2240 2527 2424 2578 anima
2484 2523 2658 2592 tnagis
2702 2537 2864 2592 quam
2903 2535 3104 2590 corpus
3137 2521 3439 2574 reliciatur.
3486 2518 3680 2572 Carnis

2098 2628 2154 2672 et
2192 2617 2298 2672 vini
2331 2617 2564 2684 species,
2596 2617 2748 2684 quasi
2794 2613 2991 2668 caloris
3048 2612 3310 2675 fouienta,
3356 2620 3410 2664 et
3446 2607 3681 2664 libidinis

2102 2711 2454 2766 incitamenta
2493 2709 2634 2777 fuge.
2681 2707 2746 2760 Et
2792 2715 2920 2760 tunc
2962 2705 3006 2760 si
3042 2705 3181 2758 forte
3210 2705 3336 2757 vino
3377 2703 3546 2756 uteris
3567 2702 3683 2755 exi—

2102 2817 2230 2871 guo,
2263 2818 2382 2855 cum
2429 2800 2697 2854 stomachi
2740 2798 2927 2853 dolore
2967 2798 3136 2851 nimio
3176 2795 3421 2865 corporis
3445 2793 3683 2861 compel-

2103 2895 2165 2948 lit
2200 2893 2513 2953 inlirmitas,
2561 2891 2897 2945 iractmdiam
2928 2889 3106 2954 vince,
3149 2887 3554 2941 animositatem
3587 2899 3680 2938 co-

2107 2987 2251 3040 hibe.
2305 2983 2573 3052 Quidquid
2630 2981 2760 3036 illud
2797 2989 2902 3046 est,
2934 2982 3076 3049 quod
3109 2989 3231 3048 post
3271 2977 3466 3033 factum
3510 2975 3684 3044 potni-

2107 3076 2328 3129 tentiam
2394 3076 2644 3126 ruborem
2712 3073 2910 3139 ingerit
2983 3071 3254 3140 proximo,
3322 3079 3382 3122 ut
3442 3067 3700 3122 criminis

2108 3164 2572 3219 abominatiouem
2633 3163 2838 3216 devita.
2901 3162 3047 3216 Satis
3127 3159 3495 3229 tranquillam,
3551 3157 3685 3212 satis

2106 3260 2346 3329 quietam
2379 3272 2498 3312 esse
2536 3257 2790 3310 convenit
2819 3267 3078 3318 mentem,
3100 3261 3156 3307 et
3190 3254 3256 3305 ab
3294 3255 3441 3306 omni
3479 3258 3688 3318 pertur-

2107 3353 2331 3408 batione
2360 3351 2563 3405 furoris
2602 3350 2859 3411 alienam,
2893 3361 3014 3415 quae
3042 3346 3135 3400 Dei
3171 3343 3534 3399 habitaculum
3564 3355 3687 3396 esse

2107 3447 2400 3511 desiderat,
2431 3444 2521 3512 qui
2557 3459 2654 3512 per
2702 3441 3018 3511 prephetam
3055 3448 3305 3505 testatur,
3329 3439 3516 3492 dicens
3547 3433 3688 3491 :Su-

2107 3553 2200 3606 per
2230 3553 2381 3606 quem
2421 3536 2586 3589 alium
2627 3534 2976 3602 requiescam,
3015 3531 3118 3584 nisi
3151 3545 3310 3600 super
3357 3527 3610 3582 humilem
3639 3538 3702 3581 et

2109 3635 2414 3682 trementem
2456 3642 2720 3681 sermones
2745 3641 2885 3678 meos
2911 3625 2934 3676 Ζ)
2977 3622 3110 3692 (Ιδα.
3142 3637 3287 3683 LXVI,
3317 3621 3404 3689 2.)
3431 3617 3686 3674 Omnium

2109 3737 2333 3790 Operum
2361 3731 2414 3776 et
2441 3720 2830 3789 cogitationum
2861 3729 3073 3773 tuarum
3099 3717 3491 3784 speculatorem
3517 3713 3688 3767 Deum

2109 3819 2360 3878 crede,el
2394 3826 2526 3866 cave
2562 3825 2628 3865 ne
2651 3812 2782 3879 quid
2807 3810 2946 3878 quod
2973 3808 3170 3864 divinis
3196 3808 3372 3861 oculis
3403 3807 3688 3875 indignum

2110 3907 2201 3966 sit,
2238 3913 2332 3956 aut
2363 3901 2629 3970 opereris,
2658 3909 2750 3953 aut
2777 3899 3004 3969 cogites.
3031 3896 3170 3952 Cum
3209 3896 3510 3952 orationem
3547 3893 3692 3949 cele-

2114 3995 2277 4049 hrare
2307 3993 2607 4056 desideras,
2658 3991 2819 4045 talem
2879 4002 2931 4044 te
2990 3990 3212 4052 exhibe,
3253 3988 3408 4058 quasi
3448 4001 3568 4056 qua:
3614 3986 3692 4040 sis

2112 4099 2234 4140 cum
2273 4084 2384 4137 Deo
2437 4083 2711 4137 locutura.
2757 4080 2989 4147 Quando
3030 4080 3296 4149 psalmum
3345 4080 3503 4143 dicis,
3533 4077 3692 4148 cujus

2112 4177 2276 4232 verba
2313 4175 2579 4244 loquaris,
2611 4187 2886 4244 agnosce:
2917 4183 2968 4226 et
3003 4172 3058 4226 in
3115 4172 3536 4240 compunctione
3578 4184 3693 4222 ma-

2115 4271 2197 4338 gis
2227 4269 2408 4323 cordis
2463 4282 2626 4336 quam
2681 4269 2732 4320 in
2775 4266 3000 4319 tinnula»
3031 4265 3180 4318 vocis
3225 4262 3512 4318 dulcedine
3540 4261 3690 4314 dele-

2115 4375 2288 4415 ctare.
2317 4360 2617 4428 Lacrymas
2657 4357 2803 4411 enim
2838 4355 3118 4426 psallentis
3152 4353 3292 4408 Deus
3325 4353 3500 4422 magis
3525 4366 3690 4422 quam

430 4459 519 4504 est
548 4465 730 4506 sermo
765 4456 1026 4522 prolatus.
1053 4454 1394 4526 QuaprOpter
1423 4459 1514 4512 diu
1554 4469 1846 4530 antequam
1875 4476 2004 4530 pro.
2035 4459 2088 4518 Ι)
2116 4455 2267 4508 vocis
2297 4455 2528 4522 gratiam
2559 4452 2846 4521 approbat.
2881 4451 3033 4504 Sicut
3063 4445 3338 4516 Propheta
3368 4445 3533 4499 dicit:
3564 4443 3691 4497 Ser-

433 4544 660 4612 luratur,
691 4548 1012 4614 cogitandus
1058 4559 1161 4603 est.
1207 4548 1370 4604 Beata
1426 4552 1626 4622 quippe
1676 4553 1819 4607 labia
1859 4565 2008 4619 sunt,

432 4655 554 4705 qua:
589 4655 862 4710 minquam
893 4643 1035 4710 quod
1090 4657 1346 4698 revocare
1379 4645 1570 4712 velint,
1602 4649 1878 4702 emittunt.
1907 4647 2012 4702 Pu-

432 4734 570 4784 dira:
602 4735 799 4787 mentis
847 4735 1006 4788 debet
1063 4738 1226 4790 etiam
1263 4754 1446 4793 sermo
1486 4756 1606 4796 esse
1637 4743 1887 4810 pudicus,
1918 4745 2008 4813 qui

432 4825 663 4879 aediﬁcet
699 4841 914 4896 semper
964 4831 1159 4898 magis,
1198 4847 1357 4900 quam
1387 4834 1622 4902 aliquem
1653 4837 1892 4888 destruat
1917 4851 2013 4889 au-

434 4918 700 4980 dientem,
725 4922 1024 4973 secundum
1076 4921 1176 4976 hoc
1229 4923 1372 4991 quod
1423 4926 1712 4992 Apostolus
1747 4927 2010 4996 prtecipit,

432 5011 661 5065 dicens:
717 5010 902 5074 Omnis
957 5028 1128 5065 sermo
1202 5015 1373 5066 mulus
1427 5016 1492 5068 de
1549 5031 1639 5069 ore
1691 5028 1861 5070 uestro
1909 5032 2011 5084 non

430 5105 804 5173 procedat,sed
833 5106 881 5159 si
907 5107 1024 5175 quis
1051 5107 1214 5158 bonus
1237 5116 1312 5158 est
1337 5107 1404 5159 ad
1429 5107 1834 5177 wdiﬁcatiouem
1863 5108 2009 5176 ﬁdei,

435 5212 490 5252 ut
523 5203 608 5252 det
635 5199 867 5268 gratiam
898 5199 1233 5252 audientibus
1264 5199 1479 5268 (Epltes.
1522 5215 1594 5264 tv,
1629 5200 1740 5269 '29).
1771 5201 2010 5254 Pretiosa

439 5293 549 5346 Deo
584 5292 762 5359 lingua
791 5302 895 5360 est,
932 5306 1053 5361 quae
1091 5307 1196 5345 non
1233 5291 1336 5346 uisi
1372 5292 1424 5344 in
1467 5292 1664 5346 divinis
1710 5297 1875 5346 rebus
1907 5309 2010 5346 no-

435 5383 516 5436 vit
549 5384 711 5437 verba
740 5395 1059 5437 construere
1093 5398 1108 5437 :
1147 5394 1197 5435 et
1233 5393 1478 5436 sanctum
1511 5394 1594 5437 est
1621 5399 1704 5448 os,
1734 5387 1875 5438 unde
1903 5397 2013 5436 cte-

437 5479 596 5533 lestia
628 5493 844 5547 semper
887 5477 1100 5548 eloquia
1139 5478 1513 5545 proferuntur.
1550 5478 1866 5532 Absentium
1914 5479 2013 5532 ob-

445 5578 790 5636 trectatores,
831 5571 985 5638 quasi
1038 5571 1306 5638 malignos
1341 5569 1638 5637 Scriptura:
1685 5571 2012 5624 auctoritate

440 5667 675 5715 deterre.
709 5661 844 5728 Quia
881 5663 1044 5716 etiam
1082 5661 1183 5715 hoc
1215 5661 1360 5716 inter
1400 5661 1623 5733 perfecti
1653 5663 1882 5717 virtutes
1915 5665 2012 5716 bo-

440 5753 604 5809 uiiuis
643 5751 914 5825 Pmpheta
945 5764 1356 5811 commemorat.
1403 5754 1457 5809 Si
1491 5765 1615 5811 ante
1657 5768 2009 5826 conspectum

2116 4549 2219 4602 vite
2249 4546 2478 4602 Domino
2514 4547 2568 4600 in
2602 4547 2809 4610 timore,
2852 4553 2899 4596 et
2943 4541 3209 4596 exsultate
3237 4539 3284 4593 ei
3312 4555 3430 4591 cum
3468 4548 3694 4589 tremore

2115 4629 2294 4711 (Psal;
2317 4655 2376 4705 tt,
2404 4640 2515 4710 Η).
2563 4636 2660 4692 Ubi
2699 4639 2862 4691 timor
2891 4645 2946 4690 ct
2977 4645 3183 4688 tremor
3212 4642 3318 4696 est,
3353 4631 3425 4684 ibi
3453 4646 3557 4684 non
3603 4644 3695 4682 vu-

2115 4736 2194 4790 cis
2217 4735 2402 4798 elatio,
2422 4734 2515 4787 sed
2557 4731 2775 4785 animus
2817 4729 3010 4783 ﬂebilis
3042 4737 3144 4790 est,
3171 4735 3226 4780 et
3265 4727 3569 4793 lacrymosa
3599 4724 3694 4776 de-

2113 4829 2301 4899 jectio.
2333 4827 2596 4882 Omnibus
2655 4825 2867 4878 actibus
2911 4823 3037 4888 tuis,
3085 4818 3418 4885 diligentiam
3472 4814 3691 4878 adhibe,

2113 4923 2238 4991 quia
2282 4921 2545 4989 scriptum
2577 4927 2658 4979 est
2685 4935 2700 4973 :
2732 4916 3043 4970 Maledicta:
3088 4915 3253 4986 homo
3283 4912 3370 4981 qui
3403 4909 3530 4978 facit
3564 4924 3690 4976 opus

2120 5011 2550 5080 Deinrglvgenter
2585 5007 2802 5077 (Jerem.
2832 5019 3021 5066 uvitt,
3056 5003 3164 5071 10).

2186 5103 2328 5158 XVI.
2360 5103 2583 5158 Crescat
2615 5101 2708 5152 tibi
2743 5115 2863 5152 cum
2897 5095 3056 5154 annis
3099 5095 3294 5162 gratia,
3318 5103 3530 5147 crescat
3568 5105 3690 5144 cum

2116 5207 2275 5251 :ctate
2314 5195 2548 5264 justitia,
2572 5202 2623 5246 et
2675 5191 2808 5244 ﬁdes
2843 5205 2907 5243 eo
2943 5187 3238 5264 perfectior
3275 5186 3521 5239 videatur
3549 5200 3690 5247 esse,

2117 5306 2224 5358 quo
2276 5263 2458 5343 senior
2509 5295 2611 5340 est.
2648 5285 2786 5351 Quia
2827 5263 3090 5336 Dominus
3136 5289 3320 5334 noster
3349 5276 3504 5332 Jesus
3537 5275 3694 5331 Chri—

2115 5381 2372 5448 stus.qui
2429 5380 2584 5432 nobis
2639 5375 2944 5442 exciuplum
3006 5371 3219 5428 vivendi
3261 5371 3498 5440 reliquit,
3533 5368 3695 5436 proli-

2115 5476 2317 5539 ciebat,
2351 5487 2458 5526 non
2491 5481 2651 5524 atate
2679 5479 2884 5521 tanttun
2910 5481 3194 5536 corporea,
3221 5467 3311 5518 sed
3342 5463 3608 5530 sapientia
3641 5469 3698 5514 et

2118 5568 2290 5638 gratia
2328 5563 2597 5634 spirituali
2633 5577 2818 5617 coram
2881 5559 2991 5613 Deo
3050 5569 3099 5613 ct
3155 5556 3489 5611 hominibus.
3522 5550 3694 5608 Omne

2119 5671 2351 5727 tempus,
2385 5659 2436 5709 iu
2470 5671 2577 5723 quo
2611 5666 2662 5707 te
2707 5671 2811 5708 non
2853 5653 3129 5706 IIl-'iiOI‘t'm
3172 5649 3430 5712 senseris,
3464 5651 3562 5717 hoc
3589 5661 3692 5699 .es-

2119 5754 2249 5810 tinia
2307 5749 2623 5821 perdidisse.
2671 5748 2918 5820 prlunt
2975 5744 3304 5814 vxrginilalis
3353 5741 3688 5814 propositum
