4012 6188
411 460 506 520 181

412 673 547 728 ιιιιιι,
576 661 671 716 sed
719 661 1012 731 perfecisse
1055 663 1228 717 virtus
1261 673 1364 720 est.
1410 663 1564 718 Sicut
1597 664 1650 718 in
1686 665 1978 735 Evangelio

415 743 676 802 Dominus
722 747 839 801 ait:
889 747 994 812 Qui
1037 760 1210 802 autem
1263 753 1668 818 perseveraverit
1714 769 1876 822 usque
1923 753 1978 806 in

412 837 588 906 ﬁnem,
611 839 694 891 hic
722 838 904 893 saluus
929 841 1028 892 erit
1058 840 1272 905 (Matth.
1315 858 1372 902 κ.
1406 842 1520 913 22).
1555 844 1698 898 Cave
1727 859 1878 912 ergo,
1912 859 1980 900 ne

413 928 498 981 cui
539 929 951 998 concupiscendi
977 932 1314 987 occasionem
1340 933 1568 997 tribuas,
1594 935 1716 1002 quia
1743 948 1978 1001 sponsus

415 1030 537 1073 tuus
563 1019 704 1074 Deus
729 1021 913 1075 zelans
940 1032 1042 1076 est.
1075 1021 1431 1078 Criminosior
1457 1034 1539 1078 est
1565 1027 1709 1078 enim
1733 1025 1977 1079 adultera

413 1108 612 1163 Christi
656 1127 817 1180 quant
851 1113 1052 1167 mariti.
1080 1113 1237 1168 Unde
1268 1115 1489 1184 pulchre
1521 1115 1762 1170 Romana
1795 1116 1978 1172 Ecclec

412 1197 516 1266 sia,
558 1202 855 1270 apostolico
903 1203 1020 1255 sine
1072 1203 1258 1268 dubio,
1299 1203 1453 1272 cujus
1510 1204 1694 1257 sedem
1747 1205 1974 1270 obtinet,

412 1293 602 1360 spiritu
638 1294 896 1357 animata,
935 1307 1040 1347 tant
1071 1309 1316 1350 severam
1353 1309 1528 1362 nuper
1556 1295 1623 1349 de
1666 1295 1979 1364 hujusmodi

413 1385 740 1438 sententiam
781 1385 996 1452 statuit,
1031 1396 1089 1438 ut
1135 1385 1222 1440 vix
1261 1385 1343 1440 vel
1393 1386 1713 1454 patuitentia
1760 1387 1975 1454 dignam

409 1473 699 1540 judicaret,
723 1491 843 1544 quae
875 1477 1273 1531 sanctiﬁcatum
1312 1475 1418 1530 Deo
1460 1491 1660 1542 corpus
1693 1475 1981 1530 libidinosa

411 1566 856 1634 coinquinatione
889 1567 1162 1621 violasset.
1208 1567 1338 1620 Esto
1370 1582 1503 1634 ergo
1541 1566 1751 1621 vivendi
1804 1565 1981 1619 omni-

413 1656 515 1708 bus
543 1655 739 1720 forma,
767 1665 882 1709 esto
909 1656 1234 1722 exemplum,
1263 1655 1508 1725 praecede
1528 1663 1580 1707 et
1613 1654 1665 1708 in
1691 1663 1816 1708 actu
1845 1666 1980 1721 quos

415 1747 468 1799 in
502 1746 764 1800 castitatis
787 1747 1215 1800 sanctiﬁcatione
1259 1745 1564 1815 praecurris.
1616 1744 1892 1813 Virginem
1925 1753 1978 1798 te

414 1838 469 1890 in
496 1838 748 1890 omnibus
777 1837 995 1900 exhibe,
1021 1836 1153 1890 nihil
1181 1835 1542 1904 corruptionis
1568 1833 1855 1902 objiciatur
1895 1849 1978 1887 ca-

1421 456 1788 520 EPISTOLA
1829 459 2016 521 XVII.
2081 460 2180 520 AD
2219 459 2626 521 CYRlLLUM.

411 574 478 626 ait
524 572 686 625 tinem
721 584 895 640 usque
926 583 1210 637 conserva,
1243 569 1368 641 quia
1398 587 1503 628 non
1538 573 1822 630 inchoasse
1857 583 1976 628 tan-
2006 582 2054 642 Α

3545 451 3646 514 l8?

2226 574 2536 630 MONITUM
2561 573 2625 628 IN
2657 567 3036 628 EPISTOLAM
3064 563 3503 634 SEQUENTEM.

2157 665 2226 720 Ut
2271 667 2385 722 haec
2421 666 2749 735 Hieronymo
2799 664 3148 735 tribueretur,
3197 661 3326 714 illud
3380 659 3434 735 in
3480 672 3639 735 causa

2085 735 2266 798 fuerit,
2291 736 2431 804 quod
2477 736 2592 804 ipse
2626 727 2848 804 epistola
2889 735 2942 786 in
2995 740 3174 784 nostra
3210 732 3522 804 recensione
3577 727 3642 778 l7

2084 807 2134 858 iit
2189 799 2403 858 linc'de
2432 799 2632 857 sc'ait:
2664 799 2736 855 De
2766 802 2868 870 ﬁde
2900 812 3070 854 autent
3119 799 3255 870 quod
3297 800 3542 870 dignatus
3589 811 3642 846 es

2083 873 2327 936 scribere,
2371 883 2553 926 sancto
2598 864 2797 942 (ΙΨ-ἰαὶ)
2856 871 2976 923 dedi
3036 864 3382 942 censeriptam
3437 864 3639 942 fidem.

2085 942 2189 1006 Qui
2239 933 2323 995 sic
2366 958 2469 994 non
2523 933 2714 1001 credit,
2754 942 2958 994 alienus
2986 957 3015 992 α
3047 937 3254 992 Christo
3301 944 3398 988 est.
3449 933 3642 985 Verum

2085 1011 2174 1064 illa
2205 1011 2369 1064 Fides
2403 1014 2545 1063 circa
2576 1022 2683 1064 tres
2724 1011 3038 1079 bypostnscs
3065 1007 3378 1079 versabatur
3407 1025 3418 1058 :
3443 1009 3506 1055 de
3537 1016 3641 1069 qua

2083 1080 2448 1134 contr0versia
2483 1079 2535 1132 in
2573 1074 2911 1147 supposititia
2957 1079 3055 1130 ism
3092 1074 3479 1147 Explanatione
3521 1081 3646 1147 nu:-

2083 1147 2193 1201 lum
2240 1159 2322 1202 est
2374 1149 2616 1201 verbum.
2643 1141 2744 1201 ’Ᾱιι
2782 1149 2892 1200 haec
2927 1149 3117 1214 stylus,
3149 1159 3343 1212 resque
3387 1143 3501 1210 ipsa
3532 1141 3642 1192 cla-

2086 1227 2215 1280 tnat,
2249 1217 2557 1286 llieronymi
2603 1218 2741 1269 hanc
2774 1231 2881 1268 non
2914 1231 3032 1268 esse
3062 1231 3076 1268 :
3109 1215 3216 1286 imo
3279 1226 3400 1264 esse
3459 1225 3645 1286 recenc

2086 1289 2152 1339 tis
2182 1279 2609 1352 auctorisfratio
2632 1301 2736 1354 qua
2764 1285 3019 1354 mysteria
3048 1279 3645 1350 explicantur,omnino

2084 1357 2396 1424 persuadet.

2609 1463 2940 1520 EPISTOLA
2956 1462 3124 1521 XVII.

2323 1573 2420 1613 εει)
2449 1572 2783 1613 ειρωιιηιο
2823 1572 2965 1614 FIDE!
3011 1573 3076 1610 AD
3124 1566 3403 1611 εῑιιιιιυιί.

2152 1669 2197 1724 l.
2227 1668 2513 1726 Credimus
2563 1671 2614 1723 in
2661 1684 2824 1722 unum
2863 1667 3028 1721 Deum
3059 1667 3270 1720 Patrem
3301 1662 3643 1729 omnipoten-

2087 1763 2475 1827 tem,omnium
2507 1759 2802 1816 visibilium
2835 1768 2888 1814 et
2915 1755 3264 1824 invisibilium
3287 1755 3599 1809 Creatorem
3630 1766 3645 1806 :

2085 1865 2139 1909 et
2196 1853 2251 1909 in
2303 1867 2467 1906 unum
2526 1853 2812 1904 Dominum
2849 1863 3093 1903 nostrum
3141 1845 3324 1900 Iesum
3371 1845 3644 1898 Chrisutm

414 1931 514 2000 pili
549 1941 664 1993 tuo,
692 1932 849 2000 cujus
887 1929 1080 1995 corpus
1138 1931 1402 1999 integrum
1433 1938 1536 1994 est,
1563 1937 1620 1981 ιιι
1675 1935 1730 1981 οι
1777 1936 1864 1979 tua
1909 1926 1978 1978 είῑ
2011 1917 2054 1972 9
2085 1943 2274 1998 Filium
2309 1943 2451 2013 ejus,
2486 1951 2668 1998 natum
2703 1942 2770 1995 de
2797 1940 3097 1995 substantia
3144 1937 3235 1991 Dei
3273 1935 3470 1996 Patris,
3497 1932 3644 2002 quod

416 2025 744 2078 inviolabilis
769 2023 1132 2078 conversatio.
1167 2021 1234 2074 Et
1276 2022 1532 2090 quoniant
1565 2021 1704 2075 sicut
1732 2020 1786 2073 in
1814 2034 1977 2073 exor-

414 2114 508 2168 dio
535 2112 777 2182 epistol;e
829 2112 1034 2180 praefati
1091 2125 1298 2170 sumus,
1325 2121 1377 2164 te
1408 2110 1499 2171 Dei
1543 2107 1870 2162 sacriﬁcium
1901 2107 1979 2160 fa-

413 2217 585 2270 ctam,
613 2204 754 2272 quod
784 2203 967 2270 utique
988 2201 1474 2256 sanctiﬁcatiouem
1498 2215 1650 2253 suam
1675 2199 1837 2252 etiam
1861 2197 1982 2252 aliis

417 2300 680 2368 impertit,
721 2308 774 2351 et
814 2298 1061 2365 quisquis
1100 2310 1164 2348 ex
1219 2309 1285 2348 eo
1318 2293 1476 2362 digne
1511 2292 1826 2361 sumpserit,
1861 2306 1984 2344 sau-

417 2391 763 2443 ctiﬁcationis
797 2396 853 2442 et
896 2387 1009 2455 ipse
1052 2387 1120 2438 sit
1171 2384 1460 2453 particeps.
1506 2383 1582 2436 lta
1615 2398 1744 2451 ergo
1777 2396 1874 2449 per
1909 2390 1982 2445 te,

417 2481 572 2549 quasi
604 2495 697 2549 per
730 2479 902 2532 vivam
933 2477 1042 2550 [ΑΙ.
1077 2475 1339 2546 divinam]
1374 2474 1606 2529 hostiam
1640 2473 1988 2527 sanctiﬁcen-

421 2585 509 2626 tur
546 2583 777 2634 caetera,
801 2587 922 2626 cum
955 2571 1148 2640 quibus
1175 2577 1229 2622 te
1257 2569 1329 2622 ita
1357 2568 1411 2621 in
1434 2567 1687 2620 omnibus
1704 2564 1984 2629 exhibeas,

422 2674 480 2716 ιιι
515 2664 764 2732 quisquis
797 2666 957 2715 vitam
989 2672 1159 2724 tuam,
1186 2667 1279 2712 aut
1312 2659 1453 2722 visu,
1481 2665 1572 2710 aut
1598 2655 1785 2708 auditu
1815 2656 1986 2708 conti-

418 2755 580 2820 gerit,
629 2751 1067 2806 sanctiﬁcationis
1100 2752 1212 2804 vim
1251 2749 1474 2811 sentiat,
1520 2757 1576 2801 et
1629 2754 1832 2800 tantum
1881 2741 1983 2797 sibi

420 2842 682 2912 intelligat
714 2841 902 2910 gratiae
949 2855 1015 2894 ex
1051 2851 1142 2894 tua
1189 2839 1606 2893 conversatione
1637 2833 1982 2890 transfundi:

421 2943 482 2984 ut
513 2933 640 2986 dum
677 2942 728 2987 te
759 2932 958 2986 imitari
985 2929 1342 3000 concupiscit,
1367 2929 1460 2984 Dei
1489 2928 1766 2992 sacriﬁcio
1793 2934 1846 2982 et
1875 2929 1986 2995 ipse

417 3033 494 3076 ait
524 3023 736 3094 dignus.

562 3155 870 3212 MONITUM
901 3154 968 3212 IN
997 3154 1386 3211 EPISTOLAM
1421 3151 1862 3220 SEQUENTEM.

496 3269 735 3324 Habetur
787 3269 948 3337 longo
1001 3270 1214 3320 auctius
1268 3273 1599 3337 a_ssumcnto,
1633 3265 1800 3337 etiam
1844 3278 1964 3337 aput

420 3342 808 3409 Augustinunr
839 3334 905 3409 inf
948 3340 1245 3409 appendice
1276 3334 1985 3409 Tomiﬂoctavi_sub'tttulo

421 3402 746 3464 υεὶεεριιιία
785 3402 1106 3460 Divinitaiis.
1145 3406 1249 3459 Sed
1289 3415 1344 3458 et
1382 3403 1500 3457 aliis
1535 3402 1716 3456 umltis
1747 3403 1986 3456 auctori-

423 3483 546 3543 bus,
595 3482 902 3538 Ambrosio,
950 3478 1230 3540 Auselmo,
1273 3483 1328 3527 et
1387 3475 1783 3533 Douavcntura,
1833 3481 1988 3539 aeque

423 3552 563 3602 talso
594 3547 854 3600 tributunt
895 3547 1083 3611 fuisse,
1107 3547 1197 3598 cll.
1245 3545 1526 3611 Augustini
1559 3554 1782 3606 operum
1812 3544 1987 3611 edito-

424 3634 514 3671 res
545 3629 785 3670 monent.
821 3617 900 3668 Ad
956 3609 1077 3668 base
1115 3615 1264 3669 varie
1312 3609 1576 3665 inscribi:
1616 3613 1756 3676 apud
1802 3609 1991 3662 Ansel-

424 3701 598 3750 nium,
630 3685 706 3738 De
763 3687 1100 3746 vestimentis,
1150 3693 1199 3736 et
1248 3681 1517 3744 membris,
1543 3688 1590 3733 et
1621 3680 1828 3750 artibus
1881 3678 1988 3750 Deo

423 3747 641 3808 tributis
672 3769 692 3808 :
715 3757 857 3823 apud
891 3758 1343 3814 Dotmventuram,
1367 3751 1438 3802 De
1469 3749 1698 3823 essentia
1723 3759 1769 3823 et
1804 3747 1988 3801 invisi-

421 3827 647 3887 bilitute,
694 3818 765 3876 δι’
795 3825 1148 3876 immensitate
1186 3823 1279 3874 Dei
1311 3833 1330 3872 :
1373 3823 1426 3872 in
1464 3836 1597 3872 mss.
1649 3818 1908 3887 Vaticano
1935 3826 1986 3868 et

426 3886 708 3946 Victorino
737 3896 836 3947 sub
869 3896 1155 3960 Augustini
1190 3893 1428 3953 nomine,
1473 3887 1544 3941 De
1587 3886 1990 3960 essentiujpfvi-

422 3963 633 4025 uitatis,
671 3973 718 4014 et
771 3963 836 4013 de
869 3957 1249 4024 ittuiaibititate,
1279 3969 1430 4027 atque
1465 3957 1989 4027 incommutabilitute

423 4032 544 4085 Dei.
592 4031 834 4084 Priorem
888 4032 1122 4099 denique
1179 4042 1231 4083 et
1281 4026 1569 4081 maximam
1613 4040 1822 4096 partem
1861 4026 1986 4099 libri

422 4117 491 4152 ex
520 4101 774 4155 Euctterit
805 4095 1184 4166 Lugduni—ensis
1217 4112 1400 4164 opere,
1445 4101 1510 4150 de
1547 4095 1796 4153 formulis
1827 4095 1992 4160 spiri-

424 4175 590 4224 tualts
621 4172 1010 4238 intelligentiae,
1031 4179 1299 4237 sumptam
1322 4167 1604 4238 continere
1626 4177 1804 4238 totum
1830 4171 1990 4238 caput

421 4233 888 4307 ejusdemiope'ris
929 4233 1182 4302 primum,
1215 4237 1353 4307 quod
1395 4247 1477 4307 est
1509 4242 1571 4288 de
1600 4235 1792 4288 divinis
1825 4233 1993 4307 nomi-

422 4301 580 4361 ιεἰὸιιε
610 4321 629 4362 .‘
655 4301 765 4362 Nos
811 4310 862 4360 in
912 4301 1281 4360 Ambrosianus
1313 4305 1660 4358 Bibliotheca:
1689 4301 1852 4355 veteri
1889 4317 1987 4352 ms.

421 4383 469 4430 Λ
511 4380 714 4440 littera,
738 4386 792 4430 et
829 4393 1052 4430 numero
1083 4377 1149 4428 48
1181 4386 1476 4442 νιειειιοιιιιο
1505 4372 1992 4442 inscriptum-inve-

423 4464 627 4511 minus,
662 4447 931 4500 Sententia
979 4445 1035 4499 S.
1091 4441 1397 4511 Hieronymi
1450 4448 1513 4496 de
1555 4445 1781 4496 essentia
1851 4441 1989 4491 dim-

422 4517 611 4570 nttatis
647 4517 764 4582 Dei,
792 4528 838 4569 et
867 4516 1245 4576 iuvisibitimie,
1276 4524 1426 4579 utque
1467 4515 1815 4565 inmensitate
1855 4511 1990 4575 ejus.

2084 2035 2269 2090 Grzccc
2300 2036 2504 2089 dicitur
2551 2032 2862 2102 ὁμοοὺσιον,
2893 2030 3060 2084 Deuut
3095 2031 3158 2082 de
3210 2027 3339 2090 Deo,
3371 2028 3546 2078 lumen
3579 2026 3647 2078 de

2081 2127 2306 2190 lumine,
2343 2127 2508 2180 Deum
2543 2139 2726 2178 verum
2773 2123 2841 2176 de
2887 2121 2995 2176 Deo
3031 2135 3181 2185 vero,
3208 2129 3410 2182 natum,
3433 2133 3537 2170 non
3567 2114 3646 2168 fa-

2083 2211 2416 2273 ctum,sicut
2449 2209 2688 2264 haeretici
2721 2209 2908 2262 dicunt
2941 2225 2955 2261 :
2995 2223 3090 2276 per
3118 2221 3277 2272 quem
3307 2205 3486 2259 omnia
3520 2205 3646 2258 visi-

2087 2301 2236 2366 bilia,
2260 2311 2314 2354 et
2345 2299 2638 2354 invisibilia
2671 2299 2810 2352 facta
2839 2308 2984 2360 sunt,
3015 2307 3122 2350 tam
3150 2299 3202 2350 in
3227 2295 3380 2350 caelis
3406 2309 3563 2360 quam
3595 2295 3645 2344 in

2085 2398 2229 2446 terra
2265 2406 2282 2446 :
2310 2390 2402 2458 qui
2430 2399 2656 2461 propter
2683 2404 2783 2444 nos
2803 2388 3047 2444 homines
3074 2399 3126 2442 et
3150 2395 3390 2441 nostram
3415 2386 3646 2441 salutem

2090 2485 2426 2548 incarnatus,
2463 2483 2624 2537 homo
2672 2480 2870 2543 iactus,
2902 2494 3110 2548 passus,
3155 2478 3452 2533 resurrexit
3494 2477 3648 2530 tertia

2089 2573 2460 2640 die,,ascendit
2483 2572 2534 2626 in
2569 2570 2758 2636 caelos,
2787 2579 3047 2624 venturus
3081 2571 3206 2623 inde
3233 2569 3477 2636 judicare
3501 2569 3649 2621 vivos

2086 2675 2140 2717 et
2171 2674 2454 2718 mortuos:
2489 2672 2545 2717 et
2581 2663 2636 2716 in
2686 2661 2948 2731 Spiritum
2988 2671 3258 2724 sani-tum,
3281 2662 3370 2727 qui
3396 2661 3460 2712 de
3492 2657 3650 2713 Patre

2089 2755 2353 2824 processit
2387 2753 2622 2822 proprie,
2651 2762 2706 2806 et
2763 2751 2904 2806 Deus
2938 2761 3022 2806 est
3059 2766 3220 2806 verus
3273 2752 3411 2806 sicut
3459 2748 3646 2804 Filius.

2091 2845 2198 2901 Hos
2255 2854 2434 2898 autem
2467 2844 2560 2912 qui
2595 2844 2804 2907 dicunt.
2857 2851 2976 2896 erat
3026 2851 3236 2909 tempus
3270 2841 3484 2908 quando
3540 2853 3647 2892 non

2087 2947 2208 2992 erat
2257 2936 2432 2992 Filius
2476 2945 2657 3001 natus,
2689 2947 2743 2989 et
2795 2936 3112 3002 priusquam
3151 2941 3490 2997 nasceretur,
3541 2945 3645 2984 non

2087 3040 2224 3095 erat,
2250 3030 2513 3098 autquod
2558 3043 2624 3082 ex
2676 3026 2848 3080 nihilo
2877 3026 3054 3079 factus
3081 3026 3169 3089 sit,
3213 3031 3307 3078 aut
3359 3033 3516 3076 natus
3555 3021 3650 3086 sit,

2090 3132 2184 3173 aut
2215 3120 2550 3183 mutabilem,
2574 3130 2664 3172 aut
2691 3117 3098 3172 convertibileui
3127 3116 3318 3170 Filium
3350 3115 3449 3168 Dei.
3468 3116 3650 3168 dicunt

1972 3239 2055 3314 Ic
2090 3224 2256 3263 esse:
2296 3209 2391 3262 hos
2446 3208 2868 3263 anathematizat
2913 3207 3178 3261 Catholica
3246 3215 3301 3260 et
3357 3205 3652 3275 apostolica

2090 3298 2328 3353 Ecclesia
2363 3315 2377 3354 :
2413 3301 2554 3368 quod
2590 3299 2722 3355 ﬁdes
2785 3300 3132 3354 iuvisibilium
3171 3313 3354 3352 rerum
3385 3309 3492 3365 est,
3543 3316 3648 3353 non

2089 3389 2406 3444 visibilium.
2452 3389 2608 3445 Unde
2661 3390 2847 3445 Ariani
2899 3391 3239 3446 Salvatorem
3289 3393 3532 3449 videntes
3596 3397 3652 3447 in

2089 3494 2273 3546 carne,
2299 3491 2627 3550 putaverunt
2658 3483 2774 3551 ejus
2820 3484 3154 3538 divinitatem
3186 3485 3343 3538 talem
3379 3500 3498 3538 esse
3522 3499 3655 3553 qua-

2091 3572 2192 3626 lem
2223 3580 2277 3626 et
2308 3588 2547 3638 carnem,
2591 3575 2926 3642 passibilem,
2952 3587 3008 3630 et
3050 3578 3380 3639 mutabilem,
3422 3590 3652 3630 conver-

2093 3662 2316 3727 tibilem,
2346 3667 2912 3732 comprehensibilem,
2943 3676 3000 3720 et-
3039 3669 3195 3736 quasi
3246 3667 3649 3729 formidantem,

2091 3763 2145 3808 et
2177 3755 2328 3822 quasi
2369 3755 2705 3810 nescientem
2756 3759 2959 3820 omnia,
2991 3768 3045 3812 et
3083 3759 3453 3825 prolicientem
3493 3767 3655 3812 aetate

2090 3855 2143 3898 et
2169 3846 2526 3912 sapientia,et
2563 3847 2694 3900 nihil
2729 3847 3012 3902 facientem
3044 3864 3108 3902 ex
3135 3863 3214 3911 se,
3241 3856 3295 3901 et
3322 3849 3648 3918 subjectum,

2090 3945 2144 3989 et
2174 3947 2418 3990 orantem
2454 3938 2519 3989 ad
2556 3937 2792 4002 Patrem,
2813 3947 2867 3992 et
2899 3939 3102 4008 gratias
3122 3949 3390 4009 agentem,
3414 3949 3467 3992 et
3489 3939 3656 3993 eden~

2093 4039 2220 4090 tem,
2263 4039 2315 4080 ct
2351 4030 2660 4093 patientem,
2697 4040 2752 4082 et
2790 4030 3202 4100 lacrymantem,
3244 4041 3296 4083 et
3325 4039 3651 4097 gementem.

2090 4130 2143 4172 et
2179 4122 2570 4187 quiescentem.
2625 4119 2690 4172 Et
2743 4129 3015 4188 postremo
3056 4135 3176 4186 qua:
3223 4132 3346 4174 sunt
3394 4129 3656 4173 creatura:

2093 4211 2330 4278 propria,
2379 4212 2490 4264 haec
2534 4211 2688 4263 carni
2735 4219 2930 4266 creata:
2982 4210 3282 4264 Salvatoris
3335 4212 3656 4264 ascribeuda

2091 4314 2216 4354 sunt
2250 4305 2454 4369 utique,
2477 4317 2585 4353 non
2617 4303 2907 4364 divinitati,
2930 4304 3053 4370 quia
3079 4301 3276 4354 dicitur
3301 4302 3353 4355 iu
3374 4301 3653 4367 Scriptura

2093 4391 2238 4444 Deus
2269 4403 2323 4444 et
2355 4393 2535 4447 homo.
2559 4391 2694 4456 Quia
2729 4407 2859 4460 ergo
2909 4401 3128 4462 propter
3180 4407 3275 4445 nos
3307 4402 3360 4446 et
3392 4395 3552 4445 homo
3577 4393 3657 4445 di-

2093 4484 2255 4547 citur,
2281 4499 2388 4536 non
2427 4485 2684 4537 debemus
2719 4497 2838 4552 qua:
2857 4494 2977 4537 sunt
3009 4488 3190 4538 carnis
3224 4483 3327 4536 Deo
3354 4484 3652 4546 ascribere,

428 4588 725 4640 Verissime
749 4571 935 4638 autem
991 4571 1615 4645 observanturErasmo,
1644 4583 1776 4633 nihil
1809 4571 1989 4631 iu'huc
2023 4572 2069 4628 D
2096 4584 2149 4628 et
2182 4589 2300 4640 qua:
2334 4583 2462 4626 sunt
2497 4571 2614 4636 Dei,
2658 4572 2840 4626 carnis
2871 4573 3140 4625 restituam
3177 4571 3414 4640 propria.
3440 4571 3494 4624 Si
3528 4572 3653 4638 quid

423 4673 548 4708 esse
610 4673 707 4707 nec
766 4659 1055 4716 sermonis,
1095 4670 1195 4708 nec
1233 4651 1575 4715 eruditionis,
1604 4667 1701 4705 nec
1734 4647 1991 4719 pectoris,

423 4726 573 4794 quod
604 4724 992 4793 Hieronymum
1031 4724 1270 4792 resipiat.

951 4861 1292 4918 EPISTOLA
1325 4859 1466 4916 XIV.

425 4960 507 5013 De
536 4960 617 5013 Itis
639 4974 756 5027 qui:
784 4957 894 5011 Deo
943 4957 995 5010 in
1040 4955 1333 5024 Scripturis
1366 4956 1563 5007 cunctis
1612 4951 1990 5006 attribuuntur.

707 5049 850 5112 (Vide
874 5049 925 5098 S.
960 5049 1288 5109 Augustinum
1316 5047 1408 5096 loc.
1432 5058 1576 5109 sUpra
1607 5042 1716 5105 cit.)

969 5172 1303 5229 EI’ISTOLA
1335 5171 1453 5227 XV.

881 5285 974 5323 Sl-LU
1022 5285 1207 5324 DAIASI
1245 5281 1544 5320 SYHBOLUM.

422 5366 440 5426 ι
490 5364 634 5427 (Vide
655 5363 747 5412 hoc
778 5361 1204 5427 synibolumjn‘ter
1224 5359 1479 5427 scripta__S.
1520 5359 1658 5427 Papae
1698 5357 1932 5407 attributa

889 5433 1006 5472 tom.
1026 5422 1132 5474 Xlll
1185 5429 1367 5471 nostra
1399 5421 1604 5478 l’atrol.)

955 5549 1286 5605 EPISTOLA
1329 5548 1471 5603 XVI.

639 5658 733 5698 εει]
760 5658 1092 5698 EXPLANA'I'IO
1133 5657 1352 5697 ειιιυοιι
1396 5658 1463 5695 ΔΙ)
1511 5657 1773 5696 υΑιι.ιευιι.

489 5735 630 5797 (Cum
663 5734 722 5780 ad
749 5736 871 5782 hanc
891 5733 1309 5794 explanationem,
1332 5744 1444 5790 quae
1479 5732 1641 5792 Pelagi
1675 5732 1820 5797 vulgo
1840 5730 1992 5797 habe-

423 5793 526 5850 tur,
561 5797 879 5850 retutamlam,
915 5793 1018 5842 eam
1042 5805 1172 5855 pene
1204 5800 1352 5840 totam
1396 5797 1688 5854 excripserit
1725 5793 1775 5838 S.
1820 5794 1992 5855 Augu-

423 5868 591 5907 stinus
621 5861 670 5906 iu
707 5861 831 5905 libro
854 5859 916 5906 de
949 5854 1115 5907 Gratia
1145 5854 1340 5916 Christi,
1372 5866 1488 5908 tom.
1515 5859 1572 5913 Χ.
1597 5854 1898 5914 ibit‘idesis.)

2098 4665 2262 4732 igitur
2289 4665 2490 4725 minus,
2518 4672 2612 4716 aut
2646 4663 2927 4731 inaequale,
2954 4671 3046 4716 aut
3085 4661 3354 4730 impotens
3380 4662 3578 4714 dicitur
3605 4663 3654 4712 in

2098 4757 2404 4824 Scriptura,
2435 4763 2530 4806 aut
2580 4753 2906 4823 subjectum,
2948 4761 3040 4806 aut
3082 4753 3306 4819 humile,
3335 4756 3514 4807 carnis
3541 4752 3658 4820 ejus

2096 4854 2180 4900 est
2208 4855 2516 4912 assumptis.
2543 4843 2677 4910 Quia
2707 4858 2830 4898 vero
2855 4853 3016 4898 natus
3041 4853 3126 4898 est
3153 4845 3220 4898 de
3242 4858 3424 4907 carne,
3451 4855 3504 4897 et
3529 4845 3654 4911 quia

2097 4953 2221 4991 cum
2255 4936 2567 4991 hominibus
2601 4935 2820 5004 triginta
2870 4944 2926 4990 et
2954 4936 3072 4999 plus
3113 4949 3284 4991 annos
3304 4947 3657 4990 conversatus

2094 5037 2200 5090 cst,
2233 5035 2291 5081 et
2336 5040 2464 5080 vere
2503 5025 2736 5080 habebat
2783 5026 2890 5094 pati
2922 5034 3017 5080 :et
3051 5026 3172 5080 ideo
3215 5033 3270 5080 et
3301 5039 3458 5079 verus
3495 5025 3656 5078 homo

2097 5129 2320 5189 propter
2340 5131 2560 5173 carnem
2589 5117 2870 5185 accipitur,
2897 5125 2953 5170 et
2979 5131 3144 5170 verus
3168 5117 3309 5170 Deus
3340 5114 3654 5169 incarnatus

2095 5221 2200 5275 est,
2233 5209 2285 5263 in
2327 5223 2492 5263 carne
2543 5222 2736 5278 passus
2764 5217 2956 5262 natura
2989 5205 3253 5278 passibili,
3277 5221 3381 5260 non
3409 5207 3652 5263 deitntis.

2097 5298 2224 5355 Haec
2261 5298 2404 5354 enim
2437 5313 2559 5367 qua:
2591 5299 2703 5368 pati
2739 5298 3000 5354 debuerat
3047 5311 3174 5352 caro
3203 5297 3442 5352 hominis
3477 5307 3658 5351 trans-

2095 5387 2384 5454 gressoris,
2441 5399 2542 5454 pro
2580 5386 2892 5440 hominibus
2942 5387 3047 5455 pati
3086 5386 3340 5455 dignatus
3392 5397 3476 5441 est
3514 5385 3656 5440 Deus

2095 5487 2192 5542 per
2219 5487 2435 5527 carnem
2470 5472 2781 5542 passibilem
2811 5488 2827 5527 :
2862 5482 3003 5526 utet
3031 5473 3330 5528 divinitatis
3379 5473 3498 5543 ejus
3537 5476 3657 5529 ineo

2096 5563 2419 5618 narrandam
2452 5563 2746 5632 potentiam
2782 5563 2838 5617 in
2869 5578 2928 5617 re
2957 5562 3154 5617 visibili
3188 5565 3495 5634 praedictam
3526 5578 3656 5619 sen-

2098 5658 2335 5709 tiamus:
2372 5663 2426 5709 et
2462 5655 2721 5710 bonitatis
2758 5655 2874 5723 ejus
2917 5654 3154 5718 divitias,
3191 5655 3244 5710 id
3279 5664 3382 5725 est,
3405 5671 3504 5725 per
3533 5673 3657 5727 pus-

2095 5747 2330 5810 sionem,
2351 5747 2727 5802 remissionem
2761 5755 3105 5816 peccatorum
3135 5747 3418 5804 credentes
3447 5747 3500 5802 in
3533 5763 3654 5802 eum

2096 5853 2512 5910 consequamur.
