4056 6200
402 208 504 276 133

1335 215 1397 276 S.
1437 215 1883 278 HlERONYMI
1923 216 2246 280 OPERUM
2289 221 2700 284 MANTISSA.

3536 217 3635 282 13‘.

473 319 538 374 ll.
582 321 750 388 Quale
780 331 860 374 cst
893 322 1058 393 igitur
1089 323 1285 377 malum
1319 325 1444 387 huc.
1501 334 1558 379 ut
1590 329 1789 382 audeat
1838 327 1960 396 quis

2083 325 2250 382 'Joon.
2283 345 2363 393 in,
2395 333 2462 395 6;
2490 346 2562 393 ιν,
2593 330 2710 399 24).
2743 330 2807 384 Et
2835 327 2980 399 quod
3020 341 3179 382 verus
3203 335 3280 382 est
3318 326 3487 382 Filius
3519 326 3635 385 Dei.

403 412 631 478 gratiam
663 412 874 466 Domini
905 415 1072 468 nostri
1101 413 1224 470 Jcsu
1253 415 1474 480 Christi,
1508 432 1668 482 quam
1691 433 1788 487 pro
1809 418 1968 472 nobis

404 501 532 558 fecit
563 519 622 556 se
652 503 968 569 bumiliaus,
1008 520 1065 560 nt
1086 523 1183 561 nos
1210 503 1536 569 exaltcmur,
1565 509 1814 562 humanis
1839 522 1967 563 sen-

403 592 556 649 sibus
582 601 637 647 et
674 608 804 647 voce
835 595 1113 660 hmretica,
1153 611 1256 648 non
1290 596 1464 649 solum
1497 611 1604 650 non
1647 597 1964 665 intelligere,

401 681 626 748 insuper
663 684 824 736 etiam
855 685 1171 751 periculosis
1196 685 1567 753 blasphemiis,
1594 696 1646 738 et
1668 685 1732 739 ad
1758 687 1966 740 irritum

403 788 543 828 eam;
573 775 870 837 adducere.
933 785 1093 844 atque
1126 775 1268 828 ultro
1299 776 1348 828 ci
1401 778 1700 839 adversari,
1754 779 1970 832 dicente

405 859 685 930 Scriptura
714 877 729 919 :
762 861 961 917 Scitote
983 865 1119 916 enim
1152 868 1383 940 gratiam
1409 865 1628 920 Domini
1649 868 1813 918 nostri
1839 865 1970 920 Jesu

406 951 630 1015 Christi,
655 955 903 1021 quoniam
944 955 1086 1008 dives
1112 965 1229 1008 tum
1253 967 1404 1018 esset,
1429 968 1640 1024 propter
1665 967 1972 1022 nos’panper

403 1045 575 1116 fartus
604 1055 703 1109 est,
739 1055 797 1098 ut
833 1061 924 1098 nos
964 1045 1079 1112 ejus
1104 1056 1408 1111 paupertate
1449 1048 1632 1099 divites
1652 1049 1970 1100 exsistamus

407 1133 492 1204 (11
528 1136 650 1189 Cor.
685 1151 806 1198 vttt,
845 1137 940 1206 9)?
975 1139 1128 1192 Absit
1160 1141 1319 1208 igitur
1351 1139 1404 1191 in
1441 1139 1580 1194 Filio
1611 1140 1704 1193 Dei
1765 1140 1969 1208 aliquid

409 1227 528 1294 plus
559 1227 830 1291 minusve,
868 1241 961 1280 aut
992 1231 1042 1281 in
1067 1229 1208 1290 loco.
1241 1239 1335 1282 aut
1385 1229 1440 1282 in
1467 1229 1709 1296 potentia
1767 1240 1860 1282 aut
1913 1229 1968 1283 in

408 1315 662 1380 scientia,
708 1318 876 1372 autin
911 1319 1243 1386 mqualitate,
1264 1318 1428 1371 autin
1473 1327 1734 1386 tempore,
1770 1327 1862 1371 aut
1915 1318 1971 1371 in

413 1405 751 1475 subjectione
794 1423 918 1460 cum
955 1408 1172 1468 dicitur.
1227 1408 1342 1462 haec
1386 1418 1444 1460 ut
1495 1407 1766 1462 divinitati
1825 1405 1966 1473 eius,

408 1513 512 1552 non
541 1498 693 1552 carni
739 1499 1101 1554 ascribautur.
1139 1499 1195 1554 Si
1229 1501 1372 1553 enim
1408 1499 1528 1568 plus
1573 1499 1820 1552 minusve
1879 1504 1974 1550 aut

409 1589 517 1642 tale
547 1588 749 1657 aliquid
797 1589 1092 1651 invenitur,
1149 1600 1376 1658 excepto
1430 1590 1550 1650 hoc.
1586 1590 1728 1653 quod
1787 1589 1973 1658 genuit

2077 417 2206 472 dicit
2236 404 2557 488 Scriptura:
2596 422 2729 474 Erat
2760 423 2937 474 Inmett
2964 435 3165 482 rerum,
3195 419 3333 488 quod
3379 418 3639 486 illuminat

2077 523 2281 563 omnem
2307 511 2879 566 homittem'renieutem
2909 512 2963 564 in
2986 512 3122 582 hunc
3155 497 3404 562 mundum
3457 505 3638 577 (Joan.

2078 611 2116 654 t.
2148 598 2224 663 9).
2256 599 2318 651 Et
2356 601 2549 654 iterum
2592 601 2708 668 ipse
2739 599 3081 670 Evangelista
3133 587 3324 650 beatus
3361 583 3593 650 Joannes
3622 609 3642 652 ι

2078 683 2175 738 llic
2203 696 2282 738 est
2303 685 2454 740 Jesus
2480 687 2718 742 Christus
2757 686 2894 742 Deus
2939 681 3087 740 verus
3118 683 3170 752 (1
3220 679 3378 738 Joan.
3415 701 3468 747 v,
3521 684 3638 745 εο).

2078 771 2143 828 Et
2166 777 2310 844 qttod
2364 791 2575 845 semper
2628 787 2767 841 erat,
2799 779 2870 831 ait
2905 779 3053 844 ipse:
3107 775 3172 829 In
3221 763 3477 844 principio
3531 783 3642 825 erat

2091 867 2382 922 Verbuntet
2431 868 2648 923 Verbum
2703 881 2816 924 erat
2841 871 2983 939 apud
3040 869 3221 930 Deum,
3265 878 3312 919 et
3349 866 3483 936 Deus
3531 873 3641 917 erui

2082 955 2301 1010 Verbum
2348 957 2535 1029 (Joan.
2579 975 2616 1025 t,
2649 961 2724 1026 l).
2767 960 2830 1012 Et
2867 961 3013 1028 quod
3048 960 3390 1026 omnipotens
3429 967 3510 1010 cst
3549 955 3640 1009 Fi-

2079 1047 2182 1100 lius
2211 1052 2454 1104 omnium
2493 1047 2836 1112 creator,'ait
2872 1055 2986 1122 ipse
3032 1043 3376 1119 E'vangclista
3417 1049 3641 1124 beatus:

2080 1137 2275 1192 Omnia
2299 1155 2394 1209 per
2419 1143 2593 1211 ipsum
2632 1144 2775 1211 facta
2799 1155 2919 1197 sunt
2955 1143 3123 1215 (Ibid.
3165 1145 3241 1209 ⁸5).
3281 1140 3334 1195 Si
3365 1155 3492 1211 ergo
3533 1155 3645 1190 on;-

2077 1229 2168 1283 nia
2195 1245 2288 1297 per
2316 1232 2488 1298 ipsum
2511 1232 2649 1287 facta
2669 1234 3059 1298 sunt,visiliilia
3085 1243 3137 1286 et
3162 1217 3445 1286 invisibilia
3473 1247 3486 1284 :
3515 1245 3646 1298 quu-

2078 1320 2238 1376 modo
2274 1322 2407 1377 dicit
2436 1334 2564 1378 ante
2597 1327 2902 1392 passionem
2936 1324 3220 1402 Salvator,
3249 1307 3404 1402 quod
3442 1324 3504 1375 de
3561 1322 3646 1374 die

2077 1420 2128 1465 et
2164 1414 2294 1466 hora
2345 1430 2496 1469 nemo
2556 1417 2719 1481 norit,
2776 1433 2938 1487 neque
2971 1416 3141 1484 angeli
3172 1399 3440 1488 enatorum,
3481 1405 3623 1481 nequ'

2077 1505 2218 1573 filius
2241 1507 2468 1560 hominis
2493 1509 2592 1561 nisi
2620 1507 2787 1562 Pater
2827 1507 3043 1573 (Matth.
3075 1491 3242 1571 xxiii,
3277 1505 3407 1576 56)?
3459 1505 3645 1556 Atten—

2081 1596 2390 1665 densigitur
2414 1598 2584 1662 vides,
2615 1601 2760 1668 quod
2785 1609 3002 1666 pmpter
3026 1597 3312 1649 utilitatem
3344 1594 3644 1670 hominum,

409 1675 575 1732 Pater
603 1675 825 1742 Filium,
854 1689 910 1732 et
951 1688 1178 1748 excepto
1205 1680 1334 1742 hoc,
1372 1679 1514 1748 quod
1572 1677 1744 1732 Filius
1775 1694 1881 1732 non
1941 1692 1970 1730 a
2007 1677 2047 1734 Β
2078 1682 2213 1736 dixit
2234 1699 2292 1738 se
2321 1686 2652 1740 nescientem
2683 1687 3116 1754 pra'finitionem,
3147 1701 3212 1737 ne
3235 1671 3648 1760 negligentiorus

409 1770 700 1838 semetipso
732 1781 888 1825 natus
909 1781 1012 1834 est,
1043 1771 1136 1825 sed
1157 1773 1222 1824 de
1247 1769 1406 1824 Patre
1435 1777 1592 1826 natus
1619 1777 1703 1824 est
1735 1771 1976 1838 proprie,

412 1877 518 1916 non
564 1865 615 1916 iu
647 1851 911 1930 tempore,
939 1865 1030 1917 sed
1067 1877 1284 1932 semper
1311 1878 1325 1928 ;
1360 1877 1467 1916 ιιοιι
1498 1863 1736 1927 aliunde,
1769 1864 1866 1916 sed
1911 1863 1979 1916 de

408 1971 501 2006 sua
533 1955 835 2008 substantia
877 1971 894 2008 :
931 1955 1070 2009 forte
1125 1955 1422 2008 secundum
1474 1955 1717 2008 verbum
1763 1969 1975 2020 eorum,

410 2054 505 2100 aut
533 2044 800 2106 invidens,
837 2057 930 2097 aut
960 2046 1228 2112 impotens
1263 2044 1420 2099 Pater
1451 2055 1690 2113 putatur,
1750 2045 1977 2114 insuper

407 2137 572 2192 etiam
606 2147 658 2190 et
694 2136 1008 2206 temporalis
1031 2139 1364 2208 agnoscitur.
1393 2136 1460 2191 Et
1489 2153 1611 2192 cum
1639 2148 1827 2207 aperte
1867 2137 1974 2191 hoc

407 2237 550 2282 vetet
578 2226 861 2296 Scriptura
898 2239 953 2284 et
985 2240 1348 2284 exsecretur:
1380 2233 1652 2291 quomodo
1685 2239 1974 2298 tempora-

405 2319 513 2375 lem
561 2319 750 2383 Deutn,
798 2320 1252 2388 quemadmodum
1328 2319 1570 2375 Gentiles
1627 2325 1974 2385 venerantur,

407 2409 508 2478 ipsi
537 2409 701 2464 etiam
729 2410 984 2463 similiter
1006 2409 1280 2463 adorant?
1303 2407 1437 2463 Nam
1472 2410 1516 2464 si
1542 2411 1851 2478 temporalis
1872 2421 1976 2476 est,

407 2513 508 2557 nec
543 2514 703 2554 verus
737 2507 915 2568 potest
939 2513 1098 2554 esse:
1129 2499 1254 2552 etsi
1288 2514 1395 2553 non
1444 2505 1626 2564 verus,
1655 2515 1752 2554 nec
1787 2512 1977 2568 potens

407 2589 614 2648 omnia.
651 2589 716 2644 Et
748 2591 876 2658 quid
907 2591 1016 2660 jam
1051 2589 1176 2642 huic
1207 2588 1300 2644 tali
1345 2589 1455 2644 Deo
1495 2591 1832 2645 credendum
1868 2602 1974 2658 est,

407 2679 502 2747 qui
543 2677 998 2746 erataliquando,
1025 2677 1244 2743 quando
1289 2691 1400 2730 non
1435 2685 1574 2741 erat,
1625 2685 1679 2731 et
1708 2691 1772 2730 ex
1798 2677 1979 2731 'nibilo

405 2781 570 2829 natus
593 2776 698 2835 est,
719 2769 930 2823 dicente
961 2767 1238 2837 Scriptura
1263 2783 1280 2822 :
1303 2767 1370 2822 Si
1391 2768 1630 2822 audieris
1650 2784 1750 2828 me.
1779 2767 1976 2831 Israel,

408 2877 513 2922 non
540 2863 641 2916 erit
675 2863 728 2916 in
765 2870 814 2915 te
855 2861 993 2915 Deus
1021 2877 1198 2915 recens
1229 2860 1404 2930 (Psnl.
1452 2875 1616 2924 Lxxx,
1641 2863 1698 2925 9,
1733 2860 1820 2928 10)
1843 2861 1870 2914 ἲ
1919 2859 1976 2915 Si

407 2970 537 3025 ergo
568 2955 710 3008 Deus
737 2968 958 3017 recens,
1009 2969 1114 3006 non
1161 2953 1320 3007 debet
1354 2967 1514 3007 verus
1555 2953 1727 3008 credi.
1774 2952 1831 3006 Si
1884 2968 1978 3006 au-

408 3054 518 3108 tem
580 3047 985 3114 sempiternus:
1035 3046 1235 3115 quippe
1273 3044 1361 3099 hic
1416 3041 1784 3110 sempiternus
1838 3043 1975 3098 Dens

409 3148 552 3202 erat,
587 3141 679 3208 qui
718 3139 1044 3206 loquebatur
1095 3139 1150 3191 in
1181 3138 1432 3190 omnibus
1461 3136 1688 3201 sanctis,
1721 3145 1772 3190 et
1805 3136 1974 3200 legem

409 3227 768 3299 deditihioysi
811 3230 864 3282 in
911 3237 1095 3284 monte
1135 3228 1290 3290 Sina,
1341 3236 1394 3280 et
1427 3226 1613 3280 omnia
1653 3235 1868 3295 potens,
1923 3237 1978 3280 et

408 3321 598 3375 omnia
621 3321 824 3385 sciens,
856 3330 909 3375 et
933 3319 1064 3374 Adae
1092 3320 1145 3373 in
1197 3319 1453 3388 paradiso
1480 3319 1631 3373 visus
1680 3328 1786 3384 est,
1812 3327 1870 3372 et
1921 3317 1977 3372 in

412 3411 888 3482 prazdestinatioue
916 3411 1120 3466 carnali
1141 3408 1333 3464 futura
1360 3408 1744 3472 enuntians'ei,
1766 3418 1821 3462 et
1851 3423 1974 3462 cum

407 3502 575 3564 Jacob
625 3504 859 3557 luctatus
913 3512 1035 3558 est:
1094 3510 1150 3557 et
1217 3501 1672 3570 quemadmodum
1741 3501 1973 3555 humana

407 3595 678 3666 fragilitas
709 3608 904 3663 capere
943 3603 1176 3662 poterat,
1212 3593 1660 3647 condescendens
1687 3592 1976 3646 infirmita-

409 3685 555 3741 tibus
610 3686 876 3749 omnium,
909 3684 1252 3739 diversorum
1293 3697 1490 3747 genera
1527 3684 1813 3752 approbat,
1841 3685 1977 3737 ‘aliis

409 3773 465 3833 in
495 3779 690 3847 gloria,
709 3779 920 3832 timoris
941 3779 1181 3831 omnium
1205 3790 1391 3840 causa,
1416 3775 1536 3834 aliis
1561 3775 1612 3828 in
1654 3775 1980 3841 humilitate,

412 3871 703 3929 eminentis
740 3871 858 3938 ejus
899 3869 1156 3930 bonitatis
1201 3869 1581 3936 agnoscendus.
1609 3867 1667 3920 Si
1687 3883 1813 3935 ergo
1840 3883 1980 3921 scm-

414 3961 661 4034 piternns
716 3958 883 4016 Filius
935 3960 1004 4013 de
1051 3956 1212 4018 Patre
1258 3968 1344 4013 est
1393 3958 1629 4027 genitus,
1686 3960 1883 4027 quippe
1927 3967 1982 4012 et

414 4051 600 4101 omnia
637 4049 838 4110 sciens,
895 4048 1076 4102 omnia
1127 4057 1340 4118 potens,
1391 4055 1450 4102 et
1507 4046 1687 4100 omnia
1735 4047 1977 4110 salvans,

413 4141 592 4193 omnia
616 4141 924 4204 continens,
958 4139 1229 4208 judicans,
1265 4151 1462 4192 ereaus
1494 4151 1616 4192 cum
1653 4136 1812 4190 Patre
1834 4153 1980 4190 scm-

415 4245 514 4300 per
545 4241 599 4284 et
628 4230 830 4299 Spiritu
873 4239 1088 4291 sancto,
1123 4229 1309 4295 accipe
1344 4227 1511 4294 igitur
1554 4227 1700 4296 quod
1731 4237 1978 4280 creatura

417 4323 561 4375 Deus
602 4335 760 4374 νει-υς
792 4336 894 4373 llOlI
925 4329 1102 4386 potest
1129 4333 1271 4379 esse,
1308 4331 1485 4386 neque
1523 4327 1772 4370 creatura
1827 4331 1980 4369 crca-
2015 4346 2061 4400 Β

419 4425 596 4464 turam
651 4416 891 4475 salvare,
933 4411 1150 4464 dicente
1199 4409 1516 4477 Scriptura:
1571 4407 1644 4461 Et
1693 4407 1982 4470 coluerunt,

416 4513 464 4563 et
493 4505 779 4562 servierunt
813 4514 1070 4556 creatura:
1097 4502 1270 4570 potius
1298 4515 1459 4568 quam
1487 4499 1751 4562 Creatori,
1785 4500 1874 4568 qui
1907 4508 1984 4553 est

417 4596 714 4654 benedictus
735 4593 874 4651 Deus
901 4593 954 4655 in
981 4593 1176 4646 secula
1211 4591 1390 4662 (Rom.
1421 4607 1458 4655 I,
1480 4591 1594 4660 ’25).
1619 4591 1784 4647 Vides
1802 4593 1984 4661 igitur,

417 4691 563 4756 quod
595 4686 925 4758 paganitatis
958 4691 1043 4742 est
1089 4685 1193 4738 hoc
1231 4683 1403 4753 magis
1451 4699 1612 4752 quant
1661 4681 1988 4740 Christiani.

419 4778 585 4832 tatis?
624 4778 688 4832 Et
706 4781 847 4848 quod
883 4792 986 4830 non
1013 4785 1256 4844 tempore
1283 4787 1368 4832 est
1393 4786 1573 4838 natus,
1609 4774 1704 4832 sed
1763 4789 1984 4843 semper

416 4880 579 4926 natus
617 4880 734 4922 erat
770 4871 835 4924 de
891 4868 1069 4931 Patre,
1112 4866 1243 4921 dicit
1275 4868 1570 4935 Apostolus
1606 4869 1842 4926 beatus;
1889 4863 1985 4919 In-

420 4962 648 5015 risibilia
677 4961 813 5022 enim
863 4960 977 5030 ejus
1012 4977 1046 5012 α
1089 4969 1335 5016 creatura
1381 4959 1700 5025 mundi'per
1727 4965 1812 5011 'ea
1865 4975 1984 5028 qua:

419 5051 563 5129 facta
595 5061 742 5116 sunt,
775 5051 1040 5106 intellecta
1069 5052 1826 5121 conspiciuntur,'seinpiterna
1855 5067 1987 5119 quo~

417 5161 515 5212 que
543 5147 657 5214 ejus
689 5146 850 5204 uirtus
868 5144 1201 5201 dedioinitas
1236 5143 1426 5213 (lbid.,
1456 5142 1570 5209 20).
1603 5143 1766 5199 Vides
1799 5143 1982 5212 igitur,

418 5243 561 5304 quod
589 5239 841 5292 Christus
877 5235 1049 5290 Filius
1080 5235 1172 5290 Dei
1202 5244 1308 5296 est,
1343 5248 1448 5288 non
1502 5233 1842 5302 temporalis,
1888 5238 1983 5290 sed

416 5327 824 5397 sempiternus?
857 5326 1007 5395 Quod
1035 5328 1103 5380 de
1131 5323 1434 5380 substantia
1459 5325 1638 5378 divina
1660 5317 1840 5379 Patris
1887 5343 1984 5379 na-

416 5427 506 5471 tus
548 5430 648 5472 εει·
697 5435 933 5488 semper,
981 5419 1094 5487 ipse
1125 5417 1202 5469 ait
1239 5414 1492 5470 Salvator
1535 5415 1586 5467 itt
1646 5413 1978 5483 Evangelia:

419 5510 574 5584 Quod
603 5516 842 5566 nascitur
871 5515 936 5564 de
957 5525 1135 5577 carne,
1176 5525 1300 5564 caro
1333 5516 1407 5561 est
1427 5523 1446 5562 :
1489 5516 1538 5561 et
1567 5511 1705 5580 quod
1744 5511 1984 5562 nascitur

415 5604 480 5666 de
507 5605 717 5680 spiritu,
746 5605 966 5682 spiritus
1019 5613 1118 5667 est.
1149 5599 1397 5684 quoniam
1445 5597 1580 5663 Deus
1621 5597 1852 5666 Spiritus
1903 5610 1982 5664 est

2079 1774 2386 1830 eliiciantur
2419 1778 2688 1832 homines.
2724 1777 2856 1832 Nam
2893 1789 2947 1831 ct
2988 1776 3313 1830 humilitatis
3335 1789 3444 1827 sua:
3483 1789 3647 1828 causa

2082 1865 2184 1918 hoc
2207 1866 2346 1919 dixit
2379 1878 2602 1935 propter
2649 1883 2868 1921 carnem
2899 1847 3251 1934 passibilem,
3277 1869 3280 1872 ’
3307 1865 3432 1933 quia
3488 1866 3645 1940 quasi

2082 1955 2244 2008 homo
2278 1954 2589 2012 hominibus
2616 1958 2918 2012 videbatur.
2967 1968 3020 2011 et
3045 1969 3210 2010 causa
3249 1956 3496 2009 utilitatis
3527 1972 3647 2008 om~

2083 2047 2231 2098 nium
2276 2047 2479 2098 tacuit:
2511 2063 2596 2103 res
2624 2048 2839 2115 quidem
2884 2051 3148 2116 gerendas
3208 2048 3633 2122 in'smculoan-

2082 2135 2346 2192 nuntians
2371 2145 2534 2206 atque
2577 2151 2925 2202 enumerans,
2953 2139 3093 2192 diem
3129 2129 3310 2193 autem
3353 2148 3408 2194 et
3459 2141 3646 2192 horam

2081 2239 2186 2280 non
2220 2227 2301 2280 eis
2347 2229 2614 2293 aperiens.
2664 2227 2818 2293 Quod
2865 2243 2994 2298 ergo
3024 2244 3122 2298 pro
3175 2231 3410 2284 utilitate
3453 2241 3638 2282 nostra

2082 2318 2272 2380 tacuit,
2301 2329 2356 2372 et
2379 2335 2439 2373 se
2466 2320 2791 2384 humiliavil,
2825 2337 2934 2375 non
2961 2325 3218 2377 debemus
3249 2324 3391 2377 ultro
3435 2322 3482 2375 ei
3527 2336 3650 2375 esse

2081 2408 2278 2478 ingrati
2317 2419 2414 2465 :et
2446 2425 2553 2464 non
2602 2412 2780 2466 solum
2835 2427 2940 2466 non
2993 2413 3374 2482 iutelligentes,
3422 2413 3648 2483 insuper

2081 2501 2245 2554 etiam
2278 2499 2505 2556 Judaico
2531 2516 2702 2567 more,
2728 2511 2784 2556 et
2809 2503 3082 2557 hominem
3111 2505 3468 2564 aestimantes,
3501 2502 3648 2569 ejus-

2080 2594 2202 2646 dem
2232 2593 2410 2647 aetatis
2438 2602 2494 2647 et
2523 2593 2852 2661 ignorantia:
2881 2602 2936 2646 et
2970 2594 3300 2660 impotentia:
3327 2594 3646 2661 participem

2076 2681 2388 2751 iudicantes
2414 2685 2686 2754 quomodo
2709 2683 2906 2739 Judaei.
2936 2684 3093 2750 Quod
3125 2670 3231 2739 non
3262 2686 3517 2738 divinitas
3541 2699 3646 2737 na-

2085 2772 2329 2826 turaliter
2363 2774 2686 2840 patiebatur,
2719 2774 2810 2828 sed
2837 2789 2988 2837 caro,
3025 2775 3142 2833 ipse
3169 2759 3650 2838 ostenditJudaeis,

2081 2862 2302 2917 dicens:
2336 2864 2534 2917 Soluite
2560 2868 2654 2917 hoc
2677 2864 2958 2933 templum,
2988 2875 3036 2918 et
3068 2865 3124 2917 in
3157 2866 3323 2917 tribus
3339 2865 3520 2918 diebus
3549 2881 3643 2932 ego

2080 2953 2348 3006 suscitabo
2399 2953 2536 3007 illud
2583 2955 2762 3024 (Joan.
2794 2970 2853 3020 tt,
2913 2955 3022 3025 i9).
3058 2953 3122 3009 Et
3157 2957 3243 3008 cui
3283 2957 3384 3010 hoc
3427 2955 3646 3010 dubium

2083 3055 2188 3106 est,
2215 3045 2356 3110 quod
2399 3044 2538 3098 Deus
2572 3047 2674 3100 hoc
2698 3049 2932 3108 dicebat,
2962 3047 3012 3100 id
3042 3057 3146 3112 est,
3180 3046 3348 3101 Filius
3374 3047 3464 3101 Dei
3488 3055 3649 3100 auer-

2083 3150 2209 3199 nus,
2232 3134 2466 3188 Verbum
2488 3137 2676 3190 vivens
2707 3135 2906 3201 Patris,
2938 3145 2995 3190 et
3021 3135 3284 3204 sapientia
3319 3135 3430 3196 Dei,
3460 3143 3516 3187 et
3539 3135 3653 3210 pir-

2085 3232 2174 3280 tus
2207 3223 2301 3278 Dei
2337 3235 2539 3278 aeterna
2569 3235 2624 3279 et
2653 3227 3000 3294 sempiterna,
3031 3235 3085 3279 et
3128 3225 3304 3292 imago
3361 3223 3454 3278 Dei
3505 3225 3646 3278 invi-

2084 3315 2276 3381 sibilis,
2310 3315 2378 3370 ab
2403 3315 2659 3371 invisibili
2687 3331 2866 3379 natus,
2896 3333 3001 3370 non
3030 3315 3248 3372 factus?
3274 3313 3442 3368 Facta
3465 3324 3643 3368 autem

2083 3419 2168 3463 est
2198 3424 2326 3463 caro
2352 3419 2405 3464 et
2429 3410 2716 3479 plasmata,
2747 3410 2800 3464 in
2831 3424 2939 3478 qua
2965 3408 3130 3480 ‘Deus
3167 3417 3315 3473 erat,
3361 3421 3523 3475 quam
3580 3411 3642 3460 et

2086 3499 2304 3554 indutus
2332 3511 2448 3554 erat
2471 3509 2692 3569 propter
2740 3499 3175 3555 invisibilitatem
3221 3508 3276 3554 et
3333 3495 3647 3567 impossibis

2085 3590 2295 3646 litatem
2338 3591 2583 3646 visionis
2611 3602 2833 3647 nostrae.
2876 3590 3065 3661 Neque
3118 3590 3263 3646 enim
3324 3590 3652 3643 intrinsecus

2085 3693 2205 3737 erat
2233 3682 2434 3749 solum,
2475 3681 2572 3737 sed
2605 3685 2950 3739 extrinsecus
2994 3691 3052 3738 et
3085 3683 3442 3742 intrinsecus,
3463 3688 3538 3748 yet
3593 3678 3649 3732 in

2089 3773 2240 3828 caelis
2260 3783 2315 3826 et
2349 3773 2400 3826 in
2435 3785 2600 3839 terra,
2637 3783 2691 3827 et
2723 3769 2906 3826 omnia
2965 3769 3253 3826 continens
3313 3771 3650 3840 implensque

2087 3867 2291 3920 omnia.
2316 3863 2462 3917 Nihil
2499 3879 2630 3932 ergo
2683 3863 3062 3932 imperfectum
3097 3865 3154 3918 in
3179 3863 3315 3919 Filio
3350 3862 3468 3924 llei,
3516 3859 3650 3913 nihil

2091 3954 2378 4020 inmquale,
2443 3956 2574 4008 nihil
2634 3957 2923 4024 impotens,
2961 3953 3096 4008 nihil
3151 3954 3465 4022 temporale,
3511 3949 3650 4003 nihil

2092 4047 2465 4116 incognitum:
2495 4048 2678 4101 omnia
2717 4061 2866 4110 vera,
2901 4047 3080 4102 omnia
3136 4044 3435 4116 possibilia,
3468 4044 3651 4095 omnia

2091 4137 2350 4205 ingentia,
2383 4139 2564 4190 omnia
2594 4139 2820 4205 atqualia
2855 4138 3025 4206 Patri,
3053 4137 3270 4193 dicente
3325 4135 3650 4188 Salvatore:

2092 4225 2260 4279 Nemo
2289 4227 2425 4284 novit
2461 4225 2662 4282 Filium
2695 4231 2795 4282 nisi
2829 4229 3024 4283 Pater:
3081 4241 3127 4280 et
3171 4243 3318 4280 nemo
3351 4228 3489 4278 novit
3539 4224 3650 4278 Ρα-

2091 4329 2218 4376 trem
2241 4321 2342 4372 nisi
2359 4317 2556 4384 Filius,
2581 4334 2630 4373 et
2655 4322 2738 4372 cui
2763 4321 2980 4373 uoluerit
2997 4319 3170 4374 Filius
3194 4299 3651 4396 revelarepllattlt.

2089 4427 2169 4476 XI,
2202 4411 2315 4479 27).
2356 4409 2512 4464 Vides
2545 4413 2906 4480 aequalitatem
2937 4409 3057 4464 Filii
3112 4415 3176 4463 ad
3223 4410 3472 4464 Patrem?
3517 4409 3652 4460 Cum

2088 4516 2216 4573 ergo
2245 4501 2457 4555 Patrem
2505 4503 2653 4558 novit
2713 4501 2909 4568 Filius,
2965 4502 3411 4564 inenarrandum,
3470 4507 3522 4553 et
3567 4500 3652 4550 in-

2088 4597 2537 4664 comprehensum
2589 4599 2732 4659 diem
2788 4598 2960 4653 nescit
2993 4608 3045 4651 et
3077 4599 3266 4650 horam
3318 4611 3480 4666 quam
3534 4596 3654 4664 ipse

2088 4685 2254 4740 fecit?
2289 4686 2444 4744 Absit
2496 4703 2525 4738 a
2580 4687 2834 4742 sensibus
2881 4687 3086 4740 nostris
3135 4689 3258 4740 hoc.
3293 4686 3487 4738 lterum
3536 4688 3654 4752 ipse

2091 4776 2344 4835 Salvator
2371 4776 2540 4840 dicit;
2576 4776 2658 4829 Da
2688 4779 2819 4840 illis,
2861 4776 3041 4839 Pater,
3077 4789 3134 4832 tu
3164 4779 3502 4843 honori/iaetu
3553 4774 3655 4828 Fi-

2089 4868 2216 4922 lium
2239 4868 2376 4920 sicut
2407 4867 2758 4938 honoriﬁcam
2785 4867 2997 4931 Patrem
3021 4867 3203 4939 (Joan.
3229 4885 3282 4932 ν,
3309 4871 3422 4936 23).
3447 4866 3654 4936 Equa-

2089 4957 2153 5012 lis
2209 4958 2369 5028 igitur
2431 4957 2540 5011 Deo
2589 4970 2672 5013 est
2726 4958 2896 5014 Filius
2949 4959 3174 5022 deitate,
3237 4960 3450 5012 dicente
3509 4960 3659 5028 Apu-

2087 5058 2265 5108 stoio:
2295 5051 2396 5124 Qui
2427 5053 2615 5105 eumiu
2637 5053 2808 5121 {arma
2841 5051 2936 5104 Dei
2973 5061 3127 5111 esset.
3156 5066 3258 5104 non
3283 5051 3524 5114 rapinam
3558 5066 3656 5101 ar-

2089 5147 2317 5198 bitratus
2339 5154 2418 5197 est
2452 5160 2572 5197 cum
2605 5155 2737 5198 esset
2768 5146 2984 5213 wqualis
3015 5145 3141 5208 Deo,
3175 5144 3266 5197 sed
3315 5144 3652 5206 semetipsum

2087 5237 2379 5293 exinanirit
2441 5235 2668 5304 formam
2725 5236 2858 5288 serui
2903 5236 3185 5302 accipiens,
3240 5233 3538 5290 httmiliovit
3597 5247 3668 5306 se.

2086 5343 2248 5397 usque
2273 5328 2341 5379 ad
2369 5337 2610 5389 mortem,
2640 5325 2860 5379 mortem
2887 5335 3061 5388 autem
3088 5325 3258 5380 crucis
3313 5321 3478 5392 (Phil.
3506 5337 3564 5384 ll,
3592 5322 3652 5385 6,

2089 5416 2140 5478 7,
2173 5417 2248 5485 8).
2288 5416 2444 5469 Vides
2472 5419 2618 5483 quod
2663 5422 2950 5482 utrumque
2979 5414 3259 5483 Scriptura
3285 5427 3394 5465 non
3417 5411 3654 5478 abneget

2088 5507 2140 5562 in
2173 5505 2311 5560 Filio
2343 5505 2458 5569 Dei,
2483 5519 2536 5557 et
2580 5510 2720 5573 quod
2753 5507 2842 5559 Dei
2893 5513 2976 5558 est
3017 5506 3189 5557 virtus
3233 5502 3650 5568 omnipOtentis,

2085 5599 2266 5655 omnia
2291 5598 2534 5671 scicntis,
2549 5601 2728 5651 omnia
2751 5595 3277 5672 complentis,onmia
3294 5593 3645 5669 continentis,
