4056 6200
554 390 654 458 187

1496 410 1553 472 S.
1601 411 2039 476 IIIERONYMI
2074 418 2392 482 OPERUM
2437 423 2851 488 MANTISSA.

3695 431 3808 494 188

556 509 657 572 uit,
718 508 820 590 nisi
871 511 1088 580 spiritus
1147 492 1236 584 qui
1290 516 1355 570 de
1396 517 1500 572 Deo
1551 535 1647 577 est.
1698 523 1933 593 Spiritus
1979 531 2120 584 enim
2156 540 2192 594 Α
2229 536 2692 613 presselaudem,
2734 540 2874 613 quod
2904 539 2975 594 ait
3031 539 3385 613 Hieronymus
3414 546 3573 609 epist.
3610 545 3700 613 29,
3733 549 3804 602 ad

549 596 648 651 Dei
675 612 1036 667 perscrutatur
1067 608 1226 660 etiam
1251 609 1364 663 alta
1401 610 1496 665 Dei
1518 612 1565 682 (l
1595 614 1716 671 Cor.
1759 635 1814 681 ll,
1867 621 1956 684 i0,
1987 623 2097 678 ll).

548 688 710 744 Vides
762 697 1210 762 quemadmodum
1265 703 1447 756 omnia
1529 707 1788 762 scientem
1844 712 2110 780 Spiritum

543 791 817 848 sanctum,
852 795 906 839 et
936 789 1116 842 omnia
1178 801 1473 858 potentem,
1531 805 1584 849 et
1621 798 1817 868 ubique
1863 818 2006 868 esse,
2060 818 2114 859 et

542 875 724 927 omnia
788 891 1026 942 creasse,
1083 890 1140 934 et
1193 885 1375 938 omnia
1439 887 1892 956 salvare,sancta
1953 898 2110 951 nobis

543 959 819 1029 Scriptura
843 970 1147 1022 annuntiat.
1182 969 1336 1028 Unde
1359 985 1411 1029 et
1429 975 1677 1032 Salvator
1707 981 1758 1036 in
1790 981 2106 1054 Evangelia,

541 1054 937 1123 blasphemiam
983 1058 1220 1128 Spiritus
1247 1069 1441 1131 sancti,
1477 1086 1654 1140 neque
1693 1073 1800 1140 hic,
1840 1091 2014 1146 neque
2055 1080 2106 1131 in

542 1145 719 1198 futuro
749 1147 1061 1205 hominibus
1080 1155 1267 1207 statuit
1289 1156 1688 1230 dimittendam,
1721 1145 1944 1221 dicens:
1980 1167 2108 1221 Ideo

537 1238 653 1289 dico
681 1238 843 1300 vobis,
865 1243 1002 1308 quod
1019 1246 1187 1297 omnis
1211 1246 1558 1316 blasphemia,
1591 1265 1636 1307 et
1665 1273 1812 1311 omne
1833 1271 2104 1327 peccatum

535 1328 838 1384 dimittetur
892 1335 1231 1392 hominibus:
1281 1339 1604 1408 blasphemia
1637 1358 1813 1400 autem
1873 1349 2106 1417 Spiritus

533 1421 724 1486 sancti,
757 1437 920 1490 neque
947 1425 1051 1486 hic,
1097 1441 1261 1495 neque
1293 1431 1345 1482 iu
1385 1431 1568 1500 futuro
1593 1434 1890 1493 hominibus
1922 1441 2104 1494 dimit-

533 1519 669 1562 tetur
699 1509 921 1579 (Matth.
953 1529 1048 1578 xu,
1081 1515 1171 1583 3|)
1199 1533 1215 1572 :
1244 1535 1348 1574 non
1376 1523 1560 1592 utique
1595 1526 1992 1595 blasphemiam
2022 1535 2104 1587 di-

532 1605 908 1659 cebantaliam
947 1607 1184 1674 Spiritus
1223 1615 1616 1684 sanctiludaai,
1661 1621 1768 1676 nisi
1821 1622 1925 1677 hoc
1957 1629 2097 1696 quod

531 1696 674 1750 Deus
699 1710 803 1750 non
835 1707 973 1764 erat,
1006 1710 1096 1753 aut
1121 1703 1186 1755 de
1213 1701 1322 1758 Deo
1355 1710 1570 1775 proprie
1589 1725 1695 1766 non
1729 1722 1832 1768 est.
1855 1713 1991 1770 Nam
2020 1719 2099 1772 in-

532 1789 785 1842 venimus
817 1791 1073 1856 quoniam
1105 1790 1278 1848 Judaei
1315 1811 1423 1850 non
1453 1799 1649 1853 audent
1684 1805 1951 1873 denegare
1975 1809 2086 1877 spi—

529 1879 732 1934 ritum:
771 1882 865 1935 sed
902 1882 954 1935 in
991 1881 1291 1954 Scripturis
1319 1887 1494 1944 sicubi
1523 1890 1788 1961 legentes,
1820 1905 1912 1948 aut
1943 1913 2096 1951 crea-
2132 1892 2169 1946 Β

531 1978 709 2024 turam
745 1972 1040 2042 accipiunt,
1068 1977 1210 2030 sicut
1241 1979 1515 2048 angelum,
1547 1992 1640 2036 aut
1665 1985 1842 2053 ipsum
1869 1986 2086 2042 Patrem

528 2059 868 2126 existimant,
936 2072 990 2118 et
1039 2067 1254 2120 tertiam
1306 2083 1591 2138 personant
1642 2075 1936 2143 accipiunt,
2003 2088 2096 2133 aut

524 2152 886 2220 compositum
946 2155 1285 2212 arbitrantur
1344 2160 1513 2216 Deum
1568 2163 1808 2231 Patrem,
1844 2183 1965 2221 cum
2025 2171 2096 2223 sit

523 2239 756 2306 propriae
785 2247 993 2296 natura:
1029 2243 1268 2310 Spiritus
1306 2245 1489 2304 Pater.
1524 2251 1599 2306 Ex
1641 2255 1725 2309 his
1757 2256 1920 2310 etiatn
1980 2261 2093 2327 spi-

522 2329 686 2382 ritum
712 2332 942 2386 alterum
974 2343 1162 2402 putant
1187 2351 1310 2390 eum
1340 2342 1639 2397 consistere
1659 2353 1712 2398 et
1748 2343 1948 2412 Verbo,
1971 2363 2092 2402 cum

520 2420 594 2472 sit
639 2420 742 2475 hoc
767 2425 938 2492 magis
971 2425 1047 2478 rei
1083 2429 1460 2496 composititia:
1491 2442 1546 2487 et
1575 2435 1755 2501 rcalis,
1793 2451 1955 2504 quam
2005 2455 2095 2493 ve-

521 2527 619 2577 rte,
642 2511 861 2580 divinat,
889 2515 1224 2584 incorporea:
1274 2520 1664 2593 simplicisque.
1700 2525 1851 2582 Solet
1913 2545 1942 2584 a
1992 2529 2087 2584 Ju-

519 2603 650 2656 dzeis
682 2603 782 2658 hoc
809 2607 888 2660 sic
918 2607 1166 2678 intelligi,
1203 2620 1254 2664 et
1285 2627 1313 2664 a
1346 2617 1571 2681 paganis
1603 2615 1898 2675 interdum.
1925 2621 2091 2676 Nobis

521 2697 689 2762 igitur
725 2714 863 2752 unus
893 2699 1072 2767 Pater,
1097 2713 1154 2757 et
1183 2719 1322 2760 unus
1356 2705 1526 2762 Filius
1560 2709 1677 2778 ejus
1710 2725 1874 2768 verus
1921 2713 2086 2780 Dens,

518 2799 574 2841 et
605 2805 746 2844 unus
789 2791 1028 2862 Spiritus
1069 2808 1290 2853 sanctus
1360 2815 1522 2856 verus
1566 2802 1744 2859 Deus:
1802 2815 1855 2860 et
1877 2806 1927 2860 hi
1981 2819 2089 2864 tres

523 2898 688 2936 unum
721 2895 867 2949 sunt,
904 2903 1004 2941 una
1035 2890 1316 2958 divinitas,
1367 2903 1420 2946 et
1448 2896 1712 2964 potentia,
1754 2906 1805 2952 et
1839 2914 2084 2970 regnum.

525 2971 665 3026 Sunt
702 2985 882 3030 autem
923 2987 1034 3032 tres
1067 2995 1339 3048 personae,
1373 2997 1477 3038 non
1513 2985 1651 3050 duae,
1684 3003 1788 3042 non
1818 3006 1948 3056 una,
1981 3009 2083 3046 non

519 3066 818 3120 secundum
845 3070 1250 3138 revelationem,
1285 3085 1379 3129 aut
1402 3077 1801 3148 collectionem,
1841 3094 1933 3136 ant
1956 3099 2086 3139 con-

516 3153 809 3221 fusionem,
838 3161 930 3215 sed
960 3177 1176 3232 semper
1201 3165 1543 3221 manentibus
1575 3172 1827 3236 personis
1855 3173 2081 3228 divinis.

517 3245 722 3300 llarum
755 3249 890 3304 ﬁdes
918 3252 1157 3306 daturin
1190 3253 1482 3322 baptismo,
1511 3258 1579 3312 ab
1614 3260 1697 3313 his
1727 3271 1780 3315 et
1833 3264 2084 3319 remissio
2111 3238 2154 3299 C

515 3338 677 3391 datur
710 3341 936 3407 peccati,
970 3349 1024 3396 et
1075 3343 1182 3396 vita
1212 3353 1416 3400 arterna
1465 3347 1587 3403 sine
1625 3350 1805 3420 aliqua
1873 3356 2087 3408 dubita-

517 3429 664 3483 tione
687 3443 956 3500 speratur.
991 3431 1126 3490 Huic
1161 3435 1413 3492 Trinitati
1445 3440 1725 3497 credentes
1759 3458 1884 3498 vere
1911 3449 2082 3500 sancti

515 3531 569 3574 et
606 3521 747 3576 beati
773 3524 1122 3592 patriarchas,
1151 3531 1448 3597 pr0phettc,
1484 3533 1738 3600 apostoli,
1795 3545 2080 3606 martyres,

515 3623 570 3665 ct
601 3616 846 3684 martyrii
879 3617 1104 3687 gloriam
1133 3631 1464 3689 meruerunt,
1521 3635 1575 3678 et
1623 3641 1772 3694 spem
1816 3630 1938 3682 vitae
1995 3647 2084 3695 pc.-

517 3707 701 3761 rennis
728 3709 908 3778 adepti
943 3721 1087 3777 sunt,
1127 3723 1182 3766 et
1213 3728 1438 3782 regnum
1465 3717 1729 3773 caelorum
1793 3722 2083 3776 literedita-

518 3800 663 3853 tione
697 3817 802 3855 non
834 3803 1086 3873 ambigua
1123 3807 1301 3861 sortiti
1329 3817 1477 3862 sunt.

621 3909 942 3968 MONITUM
986 3913 1051 3968 ΙΝ
1092 3915 1482 3972 EPISTOLAM
1521 3919 1968 3986 SEQUENTE“.

583 4004 790 4060 Auctor
840 4009 984 4062 circa
1022 4025 1223 4086 annum
1261 4015 1708 4086 trecentesimum
1741 4024 2078 4086 septuagesi-

515 4088 660 4149 It_t_nnt
705 4080 1284 4149 octavnmgscrihebat,
1335 4085 1475 4149 quod
1509 4080 1858 4138 manilestum
1889 4080 1962 4142 ei
1995 4093 2078 4146 his

512 4139 672 4217 «relict
691 4159 813 4196 esse
833 4149 933 4200 sub
962 4147 1119 4202 liuent
1153 4139 1396 4217 episiolie
1425 4166 1440 4205 :
1473 4151 1714 4205 Necdum
1739 4139 1913 4210 annus
1937 4176 2080 4212 com-

511 4215 682 4280 pletus
699 4227 774 4267 est
799 4215 1202 4290 quapriucipem
1227 4219 1828 4290 Gratianumhprodrnte
1844 4231 2076 4282 exercitu

513 4299 628 4364 suo,
659 4299 782 4364 ante
807 4285 1268 4364 fwd_u_captivitas,
1290 4290 1473 4364 dehinc
1500 4285 1850 4364 miserabilior
1874 4312 2078 4364 Oppres-

513 4354 869 4426 sitinteritus.
901 4354 1059 4410 Visus
1093 4369 1270 4412 autem
1299 4370 1381 4411 est
1414 4362 1586 4416 doctis
1611 4363 1838 4426 criticis,
1870 4354 2074 4422 ei'cnm

517 4423 710 4502 primis
734 4423 979 4502 Erasntti,
1010 4425 1532 4502 Hieronymi_stylum
1560 4423 1865 4497 aemulatus,
1889 4447 2076 4502 utpote

512 4495 603 4559 qui
618 4509 682 4570 ex
701 4496 861 4561 hujus
881 4498 1125 4570 epistolis
1143 4495 1575 4570 ud'lleliodorum
1589 4495 1919 4570 aecaeteros,
1943 4495 2070 4560 sen-

2225 601 2552 683 Marcellam,
2589 622 2708 673 quae
2738 601 2864 683 anni
2909 611 3158 683 ρει-584,
3203 601 3255 660 υἷι
3289 615 3337 664 si
3385 601 3512 682 quid
3559 601 3809 683 fortene-

2219 674 2414 750 scimus
2438 675 2548 727 sine
2587 685 2738 750 teste,
2771 680 2882 733 sine
2897 681 3083 748 judice
3130 684 3181 735 iu
3203 683 3314 750 ﬁda
3345 674 3472 736 aure
3497 674 3762 740 moriatur
3785 702 3805 740 :

2219 743 2362 816 gitod
2397 753 2587 816 noster
2635 749 2734 799 sub
2768 743 2926 800 tinem
2960 765 3077 816 cap.
3114 767 3152 811 ι,
3202 743 3426 806 iotidem
3477 753 3589 806 fere
3615 757 3806 812 verbis

2221 808 2407 894 habet.
2444 811 2581 894 Tum
2622 815 2750 867 illud
2787 808 3050 894 illustrius
3081 808 3241 894 epist.
3292 821 3413 894 128,
3445 808 3803 894 θιιᾷειιιδεῆιί

2219 879 2376 954 t_iutn_,
2417 891 2549 954 post
2579 899 2753 937 annos
2788 888 3006 954 triginta
3051 879 3308 951 quinque,
3346 879 3436 944 sc'u
3475 892 3585 945 “5
3616 879 3743 948 data
3781 913 3798 954 :

2214 945 2280 998 In
2338 945 2552 1004 Domini
2582 945 2988 1028 sacriﬁciisviitel
3013 945 3114 1010 non
3154 945 3397 1024 olferiur,
3425 979 3646 1028 ceraque
3673 981 3797 1018 con-

2214 1026 2572 1092 tempta,_qttte
2624 1025 2791 1076 mellis
2809 1025 3086 1092 hospitium
3105 1038 3201 1091 est,
3225 1031 3393 1082 oleum
3419 1025 3718 1086 accenditur
3740 1037 3795 1088 iu

2212 1088 2402 1152 templo
2431 1089 2541 1164 Dei,
2563 1093 2780 1164 quodde
2805 1088 3161 1149 amaritudine
3183 1088 3498 1164 exprimitur
3513 1101 3797 1159 olivarum:

2211 1168 2350 1222 quae,
2386 1161 2573 1232 utalia
2611 1163 2774 1213 multa
2817 1179 2939 1232 quae
2964 1161 3450 1231 pt'a'terttiittittttts,
3497 1170 3568 1221 ita
3606 1181 3794 1227 noster

2209 1227 2497 1290 expressit,
2531 1240 2587 1282 ιιι
2626 1245 2749 1283 cum
2772 1227 2980 1288 certum
3011 1239 3080 1289 sit
3107 1251 3171 1289 ex
3211 1238 3276 1290 iis
3298 1227 3653 1292 locisdesnmi
3681 1258 3789 1296 non

2211 1295 2473 1375 potuisse,
2521 1299 2642 1375 duae
2684 1304 2841 1354 unius
2869 1305 3220 1374 ejusdemque
3256 1308 3491 1359 auctoris
3522 1295 3788 1375 epistolae,

2209 1364 2254 1416 si
2293 1378 2358 1443 ex
2402 1366 2508 1443 hoc
2533 1369 2662 1443 licet
2693 1386 2800 1424 uno
2830 1364 3150 1441 argumento
3177 1376 3441 1443 judicare,
3477 1364 3784 1434 videantur:

2279 1436 2348 1486 At
2371 1450 2474 1488 non
2495 1437 2619 1492 ideo
2637 1436 2927 1518 genuinum
2949 1445 3088 1518 hunc
3104 1436 3320 1518 quoque
3334 1436 3455 1518 esse
3474 1444 3783 1518 Hieronymi

2209 1497 2378 1579 fetum
2405 1497 2697 1582 pronuntio
2731 1529 2746 1562 :
2781 1511 2955 1564 dicam
3001 1514 3101 1565 hac
3123 1497 3197 1567 'de
3225 1497 3282 1568 i‘e
3310 1515 3471 1567 latius
3501 1517 3550 1568 in
3584 1497 3786 1582 praifa-

2207 1571 2357 1625 tione
2390 1595 2403 1630 :
2453 1576 2607 1630 Scias
2659 1580 2873 1632 interim
2917 1582 2984 1634 ab
3016 1582 3101 1635 his
3134 1585 3312 1636 verbis
3349 1600 3364 1637 :
3396 1571 3633 1639 Pelicaiti
3661 1603 3783 1640 cum

2203 1655 2386 1722 suasa
2413 1656 2652 1722 serpente
2698 1649 2838 1716 filios
2883 1652 3101 1722 occisos,
3140 1663 3268 1716 ctc.,
3305 1669 3424 1721 quae
3455 1655 3782 1722 interposito

2203 1711 2379 1788 spatio
2407 1711 2764 1790 Sfjttiixitnus,
2793 1734 2898 1772 non
2928 1731 2985 1772 ut
3014 1711 3269 1775 Erasmus
3301 1711 3523 1790 putabat
3555 1711 3622 1774 δι’»
3653 1725 3778 1787 illis,

2203 1777 2378 1860 itaque
2415 1777 2814 1861 Pliicentiam’te
2841 1793 3066 1851 remitto,
3090 1777 3693 1861 alterius'auctorisdqni
3713 1777 3783 1849 de

2203 1853 2404 1901 naturis
2425 1857 2782 1930 animantium
2812 1861 3112 1925 scripserit.
3145 1875 3264 1914 esse
3293 1853 3779 1930 ἀποσπασμξέὶτιον,

2201 1934 2331 1968 sane
2373 1925 2741 2000 necdoctum,
2769 1942 2867 1981 nec
2889 1930 2962 1981 ad
3002 1945 3114 1981 rem
3145 1931 3434 1998 quidquam
3477 1925 3778 2000 pertinens,

2198 1993 2252 2037 et
2283 1991 2422 2056 quod
2450 1991 2661 2067 videtur
2683 2009 2872 2067 errore
2901 2011 3107 2060 eorum,
3145 1991 3236 2067 qui
3270 1991 3599 2053 concinnant
3626 1991 3780 2056 cadi;

2198 2071 2320 2108 cum
2349 2060 2594 2127 paginas,
2638 2074 2693 2115 Ill
2717 2065 2853 2120 alias
2887 2060 3386 2131 usuvenit,'temere
3405 2069 3774 2138 subiunctum.

2688 2176 3030 2234 EPISTULA
3084 2180 3270 2238 XVIII.

2761 2287 2828 2324 ΔΙ)
2886 2287 3205 2327 ριιλιεςιοιυιι.

2697 2359 2770 2415 De
2801 2361 2964 2416 Cerea
3009 2367 3273 2432 paschali.

2267 2443 2307 2498 l.
2331 2445 2486 2503 Nulla
2518 2465 2605 2504 res
2639 2461 2820 2522 (vetus
2843 2455 3018 2522 inquit
3041 2456 3320 2528 Comicus)
3349 2466 3454 2511 tam
3478 2457 3649 2513 facilis
3665 2469 3773 2525 est,

2193 2537 2321 2601 quitt
2379 2540 2614 2598 difﬁcilis
2651 2544 2765 2608 fiat,
2813 2546 2858 2599 si
2912 2547 3114 2602 invitus
3166 2547 3360 2604 facias.
3411 2549 3562 2614 Quod
3605 2550 3651 2602 si
3685 2549 3775 2603 ille

2194 2641 2306 2680 rem
2359 2628 2575 2686 facilem
2622 2635 2914 2690 dilliculter
2944 2637 3062 2690 ﬁeri
3111 2639 3286 2694 invito
3329 2641 3510 2695 animo
3540 2643 3769 2709 putavit,

2193 2723 2320 2792 quid
2358 2741 2442 2780 me
2492 2725 2671 2780 facere
2700 2743 2859 2794 p0sse
2893 2729 3181 2782 existimas
3213 2729 3267 2783 in
3316 2747 3373 2786 re
3407 2734 3670 2799 maxima,
3711 2747 3768 2788 et

2193 2815 2399 2870 nullius
2462 2833 2702 2886 unquam
2737 2819 3005 2874 edisserta
3057 2821 3409 2888 eloquentia?
3455 2822 3588 2876 Nam
3645 2827 3770 2894 qni-

2189 2921 2406 2974 cunque
2458 2908 2760 2963 voluerunt
2802 2910 2868 2964 de
2922 2910 3176 2966 laudibus
3222 2912 3378 2967 Cerei
3417 2914 3619 2978 dicere,
3656 2916 3801 2982 ple."

2189 2995 2406 3072 nisque,
2439 3007 2499 3052 ut
2544 2999 2720 3061 aiunt,
2748 3001 2923 3056 ventis
2951 3001 3155 3070 ingenii
3193 3002 3276 3056 sui
3309 3003 3591 3058 intendere
3621 3005 3768 3069 vela,

2190 3098 2243 3142 et
2277 3091 2436 3158 quasi
2489 3093 2737 3160 quasdam
2792 3093 2966 3164 pelagi
3020 3096 3124 3148 alta
3187 3107 3553 3163 penetrantes,
3587 3098 3765 3151 vicina

2189 3180 2529 3237 abscondere
2562 3184 2741 3238 littora
2768 3201 2783 3238 :
2820 3187 3004 3239 statim
3059 3187 3112 3240 in
3151 3187 3415 3242 orationis
3447 3187 3655 3242 foribus
3681 3203 3766 3242 re-

2191 3271 2327 3327 tinet
2377 3285 2656 3330 oratorum
2691 3279 2920 3343 clamor,
2963 3277 3181 3344 ﬂorum,
3217 3288 3604 3350 pratorumque
3667 3281 3766 3335 dc-

2189 3365 2433 3433 scriptio,
2457 3379 2511 3420 et
2544 3366 2598 3421 itt
2631 3369 2852 3422 modum
2886 3372 3136 3425 sonantis
3161 3387 3305 3426 aura:
3334 3371 3568 3427 molliter
3598 3374 3761 3427 verba

2189 3460 2460 3521 cadentia,
2499 3460 2627 3513 dum
2676 3461 3072 3516 describuntur
3101 3477 3254 3532 apes,
3301 3465 3443 3530 quod
3477 3465 3594 3520 sine
3618 3467 3761 3519 coitu

2187 3546 2518 3616 generantur
2550 3560 2606 3605 et
2652 3562 2938 3620 generant,
2975 3555 3116 3622 quod
3148 3555 3276 3608 sola:
3303 3568 3332 3607 a
3365 3557 3656 3610 concubitu
3688 3558 3756 3608 li-

2189 3641 2350 3698 bene.
2376 3654 2531 3698 natos
2558 3660 2652 3698 ore
2679 3645 2885 3714 legunt,
2925 3656 3042 3699 arte
3067 3656 3421 3714 componunt,
3440 3655 3493 3699 et
3525 3647 3760 3715 quadam

2189 3734 2399 3788 ratione
2429 3735 2600 3798 vituli,
2628 3740 2835 3790 animas
2872 3736 3125 3805 apiculis,
3151 3753 3254 3790 non
3280 3739 3346 3792 de
3363 3751 3461 3791 suo
3492 3738 3758 3790 inserunt.

2187 3821 2446 3877 Pt‘a‘terca
2478 3824 2688 3895 Virgilii
2717 3837 2865 3882 totus
2893 3828 3280 3896 Georgicorum
3317 3827 3453 3882 liber
3484 3829 3763 3898 profertur

2183 3913 2236 3965 in
2277 3918 2540 3979 medium,
2579 3934 2674 3971 rex
2719 3920 2978 3973 advolans
3014 3935 3207 3988 agmen
3241 3919 3470 3982 inducit,
3500 3930 3761 3990 tantoque

2183 4007 2411 4075 strepitu
2473 4010 2689 4066 diversa
2725 4020 3018 4064 narrantur
3066 4012 3268 4077 munia,
3321 4023 3378 4065 ut
3433 4013 3760 4067 militaribus

2182 4101 2378 4154 castris
2407 4101 2670 4156 interesse
2717 4113 2770 4157 te
2811 4105 3026 4158 credas.
3070 4103 3176 4160 Sed
3203 4119 3326 4158 cum
3363 4106 3477 4159 haec
3517 4105 3758 4162 audieris

2182 4192 2294 4246 sive
2340 4192 2558 4260 legeris,
2606 4193 2854 4249 laudabis
2902 4197 3136 4250 oratoris
3167 4194 3562 4264 eloquentiam.
3601 4197 3666 4251 Et
3697 4207 3757 4250 ut

2180 4283 2417 4337 breviter
2465 4285 2696 4354 signem,
2735 4295 2866 4352 puto
2911 4296 2964 4340 te
3023 4285 3341 4351 Quintiliani
3374 4291 3758 4342 controversiae

2181 4376 2479 4439 recordari,
2510 4376 2561 4428 in
2602 4391 2708 4444 qua
2741 4392 2946 4446 pauper
2971 4387 3256 4446 causatur,
3296 4379 3487 4432 dolens
3514 4379 3584 4434 ob
3618 4381 3760 4434 inte-

2181 4465 2342 4517 ritum
2383 4481 2565 4532 apum,
2606 4466 2768 4522 ﬂores
2785 4468 2856 4522 ab
2895 4469 3350 4537 impotentissimo
3394 4472 3558 4527 divite
3587 4489 3758 4526 vene-

517 4555 713 4616 t'cntias
737 4555 994 4637 quasdam
1032 4579 1086 4619 et
1107 4572 1266 4621 verba
1299 4569 1615 4637 sublegerit.
1657 4555 1796 4625 Mihi
1812 4555 1928 4628 non
1960 4578 2079 4629 inti-

2193 4567 2368 4612 natos.
2399 4555 2529 4611 Esto
2578 4559 2690 4613 htec
2716 4558 2956 4628 jucunda
2989 4560 3122 4626 sint,
3147 4571 3201 4615 et
3229 4577 3416 4616 aurem
3449 4565 3758 4632 composito

515 4643 659 4713 tatus
681 4636 856 4713 modo,
873 4646 967 4688 aut
987 4640 1166 4713 anxio,
1189 4638 1330 4713 quod
1353 4636 1474 4713 licri’
1495 4651 1658 4705 amat,
1683 4642 2072 4713 Hieronymum

514 4705 737 4772 vestigio
784 4715 1020 4776 secutus,
1074 4710 1166 4762 sed
1210 4705 1393 4776 ipsum
1431 4709 1596 4764 ferme
1626 4714 1840 4766 videtur
1890 4705 2076 4768 Hiero-

513 4787 828 4840 ttynnanum
857 4774 1154 4842 ingenium,
1189 4774 1251 4832 ac
1281 4779 1502 4830 salivam
1551 4791 1656 4832 tota
1688 4784 1954 4838 orationis
1986 4799 2075 4838 se-

516 4859 616 4909 rie,
664 4854 1027 4912 contextuqne
1060 4849 1451 4902 sententiaruttt
1493 4850 1713 4905 referre.
1749 4853 1943 4906 Verum
1977 4859 2077 4908 hoc

511 4923 595 4966 est
628 4914 825 4981 ipsum,
864 4917 1007 4982 quod
1045 4933 1130 4970 me
1181 4919 1352 4988 magis
1397 4931 1613 4985 movet;
1651 4922 1694 4974 si
1741 4924 1886 4975 enim
1929 4935 2078 4978 recte

513 4993 814 5059 temporum
851 4988 1090 5059 rationes
1120 4989 1340 5052 inimus,
1369 4992 1606 5042 nondum
1633 5001 1752 5044 erat
1777 5008 1921 5045 anno
1947 4995 2074 5059 578,

511 5069 575 5106 ex
627 5052 1064 5125 Hieronymiauis
1096 5059 1485 5127 scriptionibus
1538 5071 1644 5112 tam
1683 5063 1822 5116 bene
1849 5052 2074 5118 cont’ori

514 5128 712 5198 mando
741 5129 883 5194 stylo
917 5131 1252 5198 exemplum,
1303 5144 1477 5197 neque
1520 5131 1654 5182 adeo
1703 5134 1818 5198 ipsa
1875 5134 2074 5186 dudum

513 5197 727 5270 laudata
764 5197 1084 5270 cpistolaad
1123 5199 1466 5252 llcliodorum
1501 5201 1632 5254 satis
1660 5197 1796 5264 erat,
1821 5217 1925 5270 qua
1951 5218 2072 5256 cum

512 5265 556 5314 si
599 5269 1018 5340 plwst‘lllctll_ad
1066 5269 1375 5340 prwsidium
1430 5284 1749 5338 componas,
1789 5265 1959 5340 magis
1985 5290 2074 5324 ar-

511 5335 748 5410 gumenti
794 5336 1176 5410 similitudine,
1227 5347 1282 5390 et
1326 5335 1621 5410 Scriptoris
1663 5335 1916 5410 ingenio:
1949 5359 2073 5407 pcr-

513 5405 710 5470 spicies
729 5407 1222 5475 convenire,qnam
1259 5405 1518 5461 sublectis
1549 5424 1612 5460 ex
1649 5405 1746 5463 illa
1769 5405 1959 5474 verbis
1985 5422 2073 5465 aut

512 5477 796 5528 sententiis
826 5493 840 5530 :
866 5493 1092 5544 quarum
1119 5478 1279 5531 etiam
1303 5477 1695 5544 splendidiores
1721 5483 1993 5534 nonnullze
2020 5484 2072 5535 in

512 5559 573 5596 ea
602 5559 753 5612 azque
775 5559 938 5612 atque
971 5552 1070 5602 ista
1093 5566 1158 5601 ex
1181 5547 1501 5620 'l‘ertulliani
1531 5547 1673 5601 libro
1705 5552 1770 5603 ad
1813 5551 2076 5620 Martyres

513 5614 684 5668 videri
704 5626 928 5682 possunt
950 5615 1414 5684 delibaue.§P0t'ro
1435 5631 1610 5672 autem
1643 5635 1709 5672 ex
1739 5621 1858 5674 aliis
1885 5614 2076 5676 ilict-o-

513 5685 659 5753 nymi
712 5686 950 5751 scriptis,
1009 5707 1127 5757 qua:
1181 5689 1539 5757 posteriorum
1591 5700 1717 5743 sunt
1747 5701 2071 5770 temporum,

515 5765 700 5807 uoster
721 5771 838 5827 qua:
865 5764 1010 5825 paria
1039 5765 1222 5822 habet,
1250 5770 1431 5814 mutuo
1463 5771 1640 5813 tamen
1667 5764 1944 5827 accepisse
1969 5777 2072 5814 non

518 5835 712 5892 potest.
759 5824 1035 5897 Ejusinodi
1079 5841 1182 5894 Cal,
1233 5838 1290 5884 ut
1323 5847 1485 5884 unum
1534 5840 1692 5891 atque
1723 5824 1948 5886 alti-rum
1981 5848 2075 5884 cx-

2181 4649 2316 4715 pede
2350 4647 2646 4714 mulceant,
2689 4651 2818 4717 quid
2855 4655 2920 4706 ad
2958 4651 3249 4706 diaconum
3285 4652 3396 4723 [ΑΙ.
3445 4664 3580 4708 tacet
3619 4656 3755 4724 quid

2179 4739 2246 4792 ad
2274 4739 2610 4811 diaconum],
2632 4742 2761 4811 quid
2787 4744 2850 4796 ad
2881 4742 3138 4798 Ecclesiae
3158 4748 3664 4816 sacramenta,quid
3685 4749 3755 4799 ad

2181 4838 2392 4900 tempus
2426 4831 2648 4886 Pascha:
2674 4848 2782 4902 quo
2815 4832 2986 4903 agnus
3010 4835 3299 4902 occiditur,
3337 4855 3457 4892 cum
3486 4841 3757 4894 accinctis

2180 4922 2377 4978 lumbis
2412 4939 2604 4978 carnes
2643 4942 2765 4979 cum
2813 4928 3032 4982 ossibus
3076 4930 3461 4991 devorantur:
3521 4948 3640 4985 cum
3673 4944 3757 4987 ta-

2178 5021 2333 5066 cente
2360 5014 2633 5083 episcOpo.
2663 5027 2715 5070 et
2747 5021 3078 5088 presbyteris
3107 5019 3159 5073 in
3184 5020 3453 5089 plebeium
3485 5023 3756 5090 quodam-

2181 5105 2402 5158 moduui
2438 5107 2636 5160 cultum
2675 5109 2930 5174 redactis,
2965 5109 3148 5164 Levita
3188 5112 3445 5179 loquitur,
3489 5115 3758 5182 docetque

2182 5198 2324 5264 quod
2363 5213 2499 5266 pene
2535 5213 2646 5252 non
2693 5199 2925 5255 didicit:
2959 5211 3014 5254 et
3047 5201 3398 5256 festivissimo
3450 5197 3757 5272 praedicans

2181 5300 2449 5354 tempore,
2486 5299 2601 5342 toto
2628 5290 2826 5346 dehinc
2854 5306 3000 5345 anno
3040 5293 3310 5362 justitiutn
3341 5297 3489 5348 vocis
3518 5293 3636 5363 ejus
3669 5297 3759 5348 in-

2180 5381 2431 5434 dicitur?
2483 5381 2718 5436 Videsne
2752 5397 2912 5450 quam
2951 5384 3175 5453 grandia
3215 5385 3365 5439 sint?
3406 5386 3664 5455 intelligis
3701 5399 3758 5441 te

2182 5473 2423 5536 dillicilia
2473 5475 2771 5542 postulare.
2818 5472 2872 5527 in
2916 5475 3106 5530 eodem
3153 5477 3350 5546 quippe
3395 5488 3671 5533 momento
3699 5490 3757 5537 et

2182 5568 2529 5634 praulicanda
2561 5566 2940 5631 conscribere,
2971 5577 3024 5622 et
3070 5582 3170 5623 cur
3207 5571 3278 5623 ita
3313 5570 3603 5639 pradicata
3637 5573 3758 5628 sint

2179 5655 2399 5722 docere,
2434 5657 2678 5710 omnium
2731 5656 3108 5714 dillicillimum
3153 5661 3414 5717 est.Nam
3451 5662 3582 5716 illud
3611 5679 3754 5730 pene

2180 5764 2264 5801 me
2295 5747 2573 5816 praeteriit,
2621 5749 2765 5818 quod
2815 5749 3015 5806 divinis
3061 5757 3237 5822 magis
3289 5770 3450 5822 quam
3494 5755 3753 5811 humanis

2179 5841 2809 5897 vocibus’disscrcndum
2841 5854 2945 5899 cst.
3001 5844 3142 5915 Lege
3177 5849 3622 5910 I‘cntatcuchum,
3659 5849 3751 5904 ln-
