4056 6200
295 378 406 445 189

1290 377 1666 440 EPISTOLA
1700 380 1926 444 XVIII.
1961 385 2060 443 AD
2099 383 2578 448 PRESIDIUM.

2821 314 2932 332 ’-α-ἡ
2949 322 2965 330 ,,

3457 380 3561 444 190

293 498 662 548 stramentum
691 503 954 560 percurre
976 498 1174 551 vetus:
1205 506 1474 562 nusquam
1501 493 1554 548 in
1585 493 1678 550 Dei
1710 493 1884 550 sacri~
1915 499 1958 553 A
1990 498 2070 553 vis
2105 513 2214 553 rem
2252 499 2477 569 majoris
2518 497 2677 568 pretii
2734 497 2964 553 minoris
2993 495 3249 562 vendere,
3285 497 3357 552 sit
3388 497 3558 567 impe-

294 586 440 640 ficiis
484 583 668 650 mella,
715 597 981 654 nusquam
1013 598 1154 639 certe
1183 599 1364 652 usum,
1401 583 1495 640 sed
1525 585 1874 640 lucernarum

293 678 527 740 lumina,
559 684 614 731 et
641 675 761 730 oleo
784 673 928 731 fetos
951 675 1163 733 videbis
1186 676 1478 746 igniculos.
1513 676 1650 743 Quid
1687 691 1880 732 causer

298 770 369 824 de
410 768 592 824 Veteri
624 767 1012 823 Testamento?
1044 768 1225 826 Novos
1259 784 1518 838 percurre
1549 769 1740 824 libros.
1774 768 1876 832 lli,

300 871 362 915 nt
423 861 642 930 opinor,
689 870 816 914 sunt
863 859 1156 928 Evangelia
1213 870 1466 929 quatuor,
1511 860 1878 930 apostolorum

295 953 491 1014 Actus,
520 951 797 1022 Epistolte,
833 950 1058 1006 Joannis
1087 953 1462 1021 Apocalypsis.
1497 953 1640 1006 Nihil
1684 961 1882 1021 praeter

299 1044 403 1097 ista
439 1059 454 1104 ;
505 1043 748 1111 nunquid
783 1041 992 1096 alicubi
1031 1043 1269 1097 cereus?
1298 1041 1490 1096 Nonne
1532 1044 1584 1096 in
1636 1043 1742 1096 fine
1769 1041 1878 1113 [ΑΙ.

281 1131 440 1204 -fide]
471 1132 746 1202 Evangelii
785 1133 1097 1186 detonantis
1130 1133 1276 1187 inter
1315 1142 1521 1200 septem
1557 1133 1882 1187 candelabra

303 1235 359 1278 «ιι
413 1224 666 1277 lucernas
715 1239 928 1286 aureas,
975 1238 1209 1292 sponsus
1248 1224 1533 1283 ,‘revelatur
1587 1224 1885 1277 incedens?

301 1317 384 1368 Ad
414 1319 532 1368 lia-c
565 1315 915 1383 respondebis
947 1331 964 1371 :
1001 1315 1063 1367 Et
1109 1329 1207 1382 ego
1236 1331 1262 1366 a
1298 1323 1350 1368 te
1381 1315 1494 1368 fieri
1532 1314 1736 1368 idcirco
1791 1330 1885 1381 po-

304 1408 529 1471 stulavi,
553 1407 680 1476 quia
705 1406 839 1458 Scivi
872 1421 992 1458 esse
1017 1404 1236 1458 diﬂicile
1263 1404 1400 1471 quod
1432 1406 1699 1472 pett-bam.
1727 1402 1886 1456 Levi-

309 1509 396 1551 ter
439 1499 618 1551 omnis
672 1496 902 1550 solvitur
950 1497 1202 1564 quaestio,
1237 1505 1291 1548 et
1351 1510 1450 1563 par
1503 1496 1619 1564 pari
1654 1493 1888 1548 refertur

298 1591 599 1642 sententia.
644 1588 708 1641 Et
741 1603 842 1656 ego
896 1603 980 1642 me
1031 1587 1240 1640 idcirco
1297 1586 1480 1640 facere
1534 1587 1732 1640 debere
1778 1600 1886 1638 non

307 1679 532 1747 putabo,
565 1681 686 1748 quia
727 1693 840 1733 rem
864 1678 1236 1732 difﬁcillimam
1276 1678 1562 1746 postulasti
1599 1691 1613 1728 :
1647 1686 1886 1729 attamen

310 1787 378 1826 ne
409 1782 460 1823 te
490 1771 768 1825 causando
796 1770 1064 1831 diﬂ'cram.
1090 1770 1132 1822 si
1163 1785 1345 1822 coram
1372 1769 1574 1837 pariter
1602 1767 1882 1833 fuerimus,

1981 589 2277 643 dimentnm
2312 592 2364 643 in
2395 590 2674 659 preposito
2711 599 2818 642 tuo.
2867 589 3059 644 Decem
3093 589 3294 656 aliquid
3319 598 3560 658 emptum

1979 690 2063 735 est
2098 682 2414 746 nummulis,
2453 682 2536 734 vel
2590 697 2754 735 unum
2811 680 3052 734 libenter
3107 680 3394 748 accipiam,
3431 680 3560 733 dum

1981 789 2066 826 me
2089 774 2154 826 ad
2179 775 2421 841 praelium
2454 773 2803 828 festinantem
2832 773 2992 828 nullae
3012 773 3347 840 prtepediaut
3373 786 3556 825 morte.

1980 861 2266 918 Mattltaatts
2308 864 2504 917 sedens
2555 865 2620 917 ad
2672 863 2929 917 telonium
2979 863 3132 916 audit
3168 879 3181 915 :
3223 861 3453 930 Sequere
3481 877 3563 913 me

1984 954 2200 1024 (Matth.
2233 971 2308 1020 ιι,
2339 956 2415 1017 9).
2446 955 2697 1024 Nunquid
2739 956 2892 1024 prius
2916 954 3202 1008 ratiocinia
3227 953 3563 1020 supputavit,

1981 1055 2035 1100 et
2089 1061 2340 1100 reversus
2375 1047 2590 1100 domum
2631 1061 2850 1101 suorum
2885 1060 3081 1113 passus
3135 1055 3218 1099 est
3265 1043 3558 1113 lacrymas,

1983 1139 2422 1206 praediorumque
2457 1138 2709 1192 auctione
2762 1138 3050 1202 sollicitus,
3090 1150 3426 1202 nequaquam
3467 1149 3565 1201 po-

1986 1226 2085 1278 tttit
2109 1227 2316 1279 Domini
2342 1228 2496 1295 sequi
2522 1227 2772 1295 vestigia,
2808 1227 2909 1282 nisi
2939 1227 3125 1280 mundi
3155 1242 3210 1279 se
3232 1227 3380 1295 prius
3397 1239 3562 1279 onere

1987 1317 2278 1370 liberaret?
2307 1318 2398 1372 llle
2431 1318 2734 1384 discipulus
2763 1320 2854 1388 qui
2888 1320 3203 1372 renuntiare
3241 1317 3562 1385 parentibus

1987 1418 2110 1460 ante
2155 1409 2427 1478 cupiebat,
2480 1425 2614 1464 voce
2666 1409 2965 1464 Salvatoris
3000 1409 3266 1479 arguitur.
3315 1409 3383 1462 Et
3413 1417 3560 1462 certe

1989 1499 2213 1551 multum
2273 1511 2354 1554 est
2413 1500 2554 1555 inter
2608 1515 2750 1565 eum,
2794 1501 2948 1570 cujus
3002 1499 3183 1554 brevis
3228 1499 3292 1551 ad
3339 1498 3562 1552 domum

1988 1603 2243 1642 recursus
2277 1591 2462 1643 statim
2517 1589 2731 1643 venturi
2768 1589 3206 1660 reprehenditur,
3259 1597 3314 1641 et
3345 1599 3419 1653 te,
3470 1586 3563 1656 qni

1991 1682 2269 1748 tantojam
2309 1691 2572 1748 tempore,
2617 1692 2711 1736 aut
2744 1697 2847 1736 non
2884 1681 3074 1735 vendis
3118 1690 3230 1745 tua,
3279 1679 3421 1749 quod
3458 1681 3565 1733 cito

1992 1781 2143 1839 poles
2199 1770 2403 1836 facere,
2431 1782 2522 1826 aut
2565 1789 2669 1827 non
2717 1775 3063 1829 contemnis:
3099 1771 3192 1825 sed
3222 1771 3369 1825 vides
3396 1770 3564 1825 multa

305 1859 492 1914 audies
521 1859 774 1913 universa
805 1873 926 1928 quae
957 1858 1187 1912 sentiam
1217 1873 1233 1915 :
1262 1868 1320 1910 ut
1349 1861 1393 1911 si
1427 1857 1558 1926 quid
1588 1856 1730 1910 forte
1783 1873 1877 1910 ne-
1917 1837 1958 1891 Β
1993 1837 2086 1914 tibi
2129 1863 2519 1930 impedimento
2555 1880 2676 1918 esse
2709 1879 2775 1918 ne
2807 1864 2999 1918 facias.

306 1949 536 2010 scimus,
559 1947 614 2000 in
641 1958 731 2001 tua
756 1963 891 2002 aure
917 1949 1207 2002 moriatur.
1237 1946 1368 2001 Nam
1399 1949 1489 2016 qui
1509 1949 1722 2013 scribit,
1743 1949 1878 2002 muls

304 2051 388 2094 tos
415 2040 587 2094 sumit
609 2038 827 2108 judiccs
864 2057 879 2096 :
911 2041 1053 2098 alius
1082 2042 1134 2096 in
1168 2041 1392 2096 alterius
1422 2041 1547 2093 livet
1572 2056 1634 2094 ac
1664 2056 1880 2110 grassao

305 2142 391 2183 tur
436 2131 737 2200 ingenium.
784 2131 879 2186 Ille
926 2133 974 2188 si
1023 2147 1163 2186 unus
1211 2148 1393 2187 sermo
1433 2130 1684 2196 defuerit,
1723 2133 1878 2202 quasi

301 2222 554 2276 claudam
601 2223 1002 2277 oratiunculam
1047 2223 1280 2291 diffugit.
1321 2224 1470 2276 Alius
1517 2222 1562 2276 si
1605 2224 1876 2292 paululum

301 2330 361 2368 se
390 2315 670 2384 loquentis
703 2316 1004 2370 eothurnus
1040 2316 1322 2382 extulerit,
1361 2331 1469 2370 non
1506 2319 1877 2385 presbyterum

301 2406 530 2459 latrabit
559 2419 703 2468 esse,
732 2409 824 2459 sed
856 2409 1152 2460 rhetorem.

372 2498 439 2553 ll.
468 2499 656 2567 itaque
685 2499 733 2553 si
766 2501 845 2554 vis
873 2514 925 2555 te
955 2500 1090 2554 mihi
1117 2501 1220 2555 hoc
1243 2500 1467 2568 obligari
1493 2515 1734 2566 munere,
1761 2499 1884 2554 Pla-
1914 2531 1916 2533 ›

303 2592 552 2645 eentinas
589 2592 820 2646 delicias
852 2593 1060 2656 desere,
1098 2603 1309 2648 sectare
1345 2592 1572 2647 Abrahae
1613 2595 1878 2653 habitum.

303 2684 550 2751 relinque
574 2683 751 2738 natale
775 2685 973 2748 solum,
1005 2687 1313 2754 spretisque
1337 2687 1557 2740 urbibus
1581 2687 1646 2738 ad
1671 2688 1879 2739 deserta

305 2774 528 2841 secede,
572 2785 632 2827 ut
677 2776 852 2844 possis
886 2792 1046 2830 orare
1073 2793 1195 2831 cum
1228 2775 1470 2832 Christo.
1517 2776 1630 2829 Erit
1661 2774 1878 2844 quidem

300 2865 472 2918 durus
512 2873 566 2917 et
599 2865 865 2931 mucidus,
907 2876 961 2919 et
993 2866 1333 2920 hm-deaceus
1366 2867 1508 2921 forte
1544 2866 1720 2934 panis.
1773 2865 1877 2919 Sed

300 2955 595 3010 delicatum
647 2956 871 3010 militem
908 2972 998 3010 rex
1035 2971 1142 3011 non
1180 2964 1346 3010 amat.
1399 2954 1725 3018 Jerusalem,
1760 2970 1881 3024 qua:

300 3049 538 3102 similam
567 3055 622 3101 et
655 3047 780 3109 mel,
812 3058 866 3101 et
895 3049 1074 3102 oleum
1106 3049 1474 3112 manducavit,
1506 3047 1880 3100 fornicationis

299 3142 552 3207 arguitur
601 3155 618 3192 :

302 3230 550 3298 indulget
594 3229 880 3283 clementia
909 3245 926 3296 ;
959 3229 1056 3284 sed
1091 3232 1236 3298 quod
1269 3230 1453 3284 mollis
1503 3231 1776 3297 prteliator
1816 3229 1886 3282 ad

302 3325 537 3390 primam
577 3320 760 3374 statim
810 3323 981 3375 aciem
1033 3322 1311 3385 concidat,
1361 3332 1415 3375 et
1467 3331 1584 3390 post
1637 3321 1882 3374 umbram

304 3418 474 3467 solem
505 3410 649 3466 ferre
677 3429 783 3465 non
809 3421 968 3481 queat
997 3429 1010 3464 :
1042 3422 1163 3480 post
1197 3411 1472 3466 sudariutn
1501 3412 1706 3480 galeam
1732 3411 1885 3464 oneri

308 3508 496 3576 potius
531 3517 765 3575 reputet,
803 3523 963 3576 quant
1007 3508 1278 3561 tutamini.
1317 3506 1474 3573 Quod
1512 3507 1557 3560 si
1597 3506 1745 3558 exire
1786 3521 1883 3557 cu-

306 3599 476 3667 pienti
523 3613 694 3652 mater
731 3599 948 3653 obsistit
998 3600 1053 3652 in
1101 3600 1306 3664 limine,
1345 3602 1566 3668 loquere
1611 3599 1660 3652 ei
1707 3597 1884 3650 verbis

309 3692 522 3744 Domini
568 3691 643 3743 tui
692 3706 706 3747 :
741 3689 921 3744 Mater
967 3707 1081 3743 mea
1116 3701 1162 3744 et
1195 3692 1392 3759 fratres
1429 3691 1529 3744 mei
1563 3690 1616 3742 Ιιὶ
1646 3700 1767 3741 sunt
1797 3687 1888 3758 qui

304 3784 514 3851 faciunt
541 3781 855 3835 voluntatem
884 3780 1066 3835 Patris
1094 3783 1213 3843 mei,
1237 3784 1327 3849 qui
1353 3783 1408 3834 in
1463 3781 1606 3834 cwlis
1627 3790 1702 3832 est
1729 3777 1884 3849 (Luc.

303 3889 429 3934 vui.
451 3873 567 3939 21).
591 3872 646 3926 Si
674 3872 990 3936 vernacular,
1009 3887 1129 3924 cum
1150 3871 1347 3940 quibus
1366 3871 1600 3924 nutritus
1635 3884 1714 3932 es,
1735 3871 1883 3929 tlere,

306 3978 363 4020 ct
413 3964 628 4034 paterni
677 3963 820 4017 ruris
871 3963 1151 4025 memoria,
1209 3965 1380 4032 ipsius
1431 3976 1645 4031 quoque
1694 3963 1887 4014 domus

307 4059 513 4125 anguli,
551 4065 607 4110 et
637 4067 845 4110 secreta
884 4056 1120 4110 retinere
1156 4067 1209 4109 te
1259 4057 1548 4122 eruperint,
1586 4055 1637 4106 itt
1686 4054 1887 4122 quibus

309 4153 494 4203 infans
545 4147 817 4202 volutatus
866 4164 947 4210 es,
997 4147 1174 4201 lusisti
1233 4163 1391 4214 puer,
1446 4147 1887 4199 adolescentulus

308 4239 575 4293 laseivisti
607 4255 623 4292 :
651 4239 940 4293 recordare
965 4253 1175 4299 attines,
1200 4238 1291 4306 qui
1321 4252 1467 4290 nunc
1491 4237 1689 4290 accolae
1715 4235 1884 4289 eremi

308 4341 460 4392 sunt,
502 4331 752 4384 caelestes
801 4331 923 4384 illos
968 4332 1184 4393 choros,
1225 4345 1318 4398 per
1361 4329 1582 4382 eosdem
1635 4329 1887 4396 erupisse

311 4424 583 4482 tramites,
625 4421 814 4474 iisdem
859 4420 1125 4473 institisse
1166 4419 1428 4488 vestigiis.
1471 4417 1535 4472 Et
1568 4428 1625 4471 ut
1665 4421 1880 4486 longam

2051 1954 2140 2008 lll.
2173 1955 2306 2009 Cum
2351 1957 2464 2010 btec
2503 1958 2719 2027 leget-is.
2760 1958 2826 2013 ad
2865 1956 3078 2026 asylum
3118 1953 3336 2010 Romuli
3369 1953 3564 2024 fugies.

1980 2055 2032 2100 et
2063 2046 2356 2103 Comoedia:
2391 2049 2780 2103 conscendens
2815 2064 2988 2111 aram,
3018 2051 3180 2103 verba
3215 2047 3427 2101 Domini
3462 2062 3565 2098 ste-

1982 2138 2185 2192 vientis
2235 2139 2446 2193 eludes.
2491 2139 2781 2204 Diacouus,
2840 2138 3075 2207 inquies,
3125 2137 3410 2192 ecclesiam
3449 2145 3566 2190 tuto

1982 2229 2233 2285 deserere
2271 2246 2374 2284 non
2427 2246 2641 2297 possum
2677 2249 2689 2284 :
2741 2245 2936 2284 vereor
2973 2245 3038 2283 ne
3079 2231 3353 2283 incurram
3389 2228 3563 2282 sacri-

1982 2318 2202 2389 legium,
2238 2321 2282 2374 si
2319 2322 2507 2374 altaria
2558 2322 2950 2390 derelinquam.
3008 2317 3175 2386 Euge,
3211 2335 3385 2379 meus,
3429 2319 3555 2386 plus

1981 2411 2048 2462 de
2081 2419 2131 2463 te
2166 2422 2460 2464 exacturus
2491 2425 2635 2474 sum,
2687 2411 2731 2462 si
2777 2411 2840 2461 ad
2871 2411 3035 2464 vitam
3071 2409 3346 2471 monachi,
3378 2407 3564 2460 clerici

1983 2501 2186 2570 aliquid
2239 2503 2518 2570 dignitatis
2573 2503 2835 2558 accedit:
2888 2503 2933 2557 si
2986 2503 3036 2556 in
3075 2500 3376 2571 apostolico
3411 2509 3565 2553 stans

1982 2596 2194 2659 ordine,
2236 2595 2475 2664 quotidie
2530 2593 2737 2649 Christi
2775 2608 2975 2662 corpus
3029 2593 3118 2659 pia
3167 2591 3308 2660 plebi
3340 2589 3567 2644 famula-

1986 2687 2134 2739 tione
2162 2685 2468 2739 distribuis.
2505 2683 2611 2738 Sed
2649 2685 2959 2745 considera,
2989 2685 3242 2746 obsecro,
3281 2681 3414 2736 satis
3443 2693 3566 2732 esse

1983 2776 2200 2830 dill‘tcile
2229 2778 2407 2830 let-um
2437 2775 2701 2844 Stephani
2728 2775 2954 2844 implere
2991 2777 3072 2828 vel
3099 2772 3278 2837 Pauli,
3322 2772 3374 2824 in
3400 2785 3568 2840 auge-

1985 2867 2090 2921 lico
2143 2879 2288 2922 stare
2333 2867 2661 2932 ministerio,
2719 2877 2773 2918 et
2818 2868 3042 2934 populos
3091 2863 3440 2929 subjact-utes
3472 2877 3567 2913 ca-

1983 2959 2134 3014 denti
2161 2961 2395 3027 desuper
2419 2969 2567 3012 veste
2592 2958 2890 3027 despicere.
2913 2956 3222 3010 l’retiosum
3250 2961 3333 3007 est
3353 2968 3566 3021 marga-

1986 3053 2171 3113 ritum,
2202 3053 2294 3104 sed
2327 3053 2435 3103 cito
2484 3049 2779 3116 frangitur,
2834 3050 3178 3117 fractumque
3231 3061 3334 3099 non
3386 3055 3566 3112 potest

668 3153 774 3192 non
825 3140 966 3208 quod
1005 3139 1129 3192 mali
1163 3138 1273 3193 sint
1306 3139 1436 3202 cibi,
1476 3154 1613 3207 quos
1655 3149 1878 3204 paterna
1909 3164 1953 3222 ρ
1987 3141 2302 3195 instaurari.
2331 3139 2495 3194 Navis
2523 3139 2776 3208 quamvis
2803 3140 2873 3192 sit
2917 3139 3088 3200 rudis,
3125 3150 3180 3192 et
3210 3137 3396 3191 solidis
3431 3151 3565 3190 con-

1993 3235 2093 3285 lixa
2125 3233 2314 3290 clavis.
2345 3240 2616 3284 tumentes
2648 3230 2846 3282 ﬂuctus
2877 3228 3116 3282 tabulata
3154 3241 3256 3280 ιιοιι
3283 3227 3565 3286 sentiant;

1988 3325 2096 3376 cito
2147 3332 2328 3374 tamen
2377 3322 2420 3375 si
2484 3321 2789 3389 periculose
2831 3318 3074 3385 navigat,
3125 3317 3433 3388 perforatur
3467 3332 3482 3371 :
3512 3323 3568 3370 et

1990 3413 2113 3466 licet
2147 3413 2318 3481 plenis
2372 3412 2550 3464 ventis
2583 3410 2854 3464 lucrosius
2891 3410 2957 3462 ad
2991 3418 3178 3476 Optata
3231 3406 3514 3477 perveniat
3549 3422 3564 3460 :

1992 3516 2167 3558 tamen
2195 3504 2361 3572 magis
2381 3518 2569 3557 secura
2591 3513 2721 3556 sunt
2740 3517 2860 3570 qua:
2891 3499 3179 3568 tranquilla
3208 3515 3222 3563 ;
3251 3507 3305 3552 et
3329 3506 3387 3551 ut
3409 3512 3567 3564 aper-

1991 3598 2095 3651 tius
2137 3597 2346 3664 loquar,
2389 3596 2507 3665 plus
2538 3603 2590 3649 te
2623 3597 2840 3664 quidem
2872 3593 3010 3648 dicis
3043 3593 3242 3645 habere
3274 3591 3564 3654 inet-cedis,

1989 3689 2031 3742 si
2066 3689 2118 3740 iu
2181 3688 2355 3740 media
2409 3688 2541 3740 urbe
2596 3686 2926 3746 consistens,
2970 3683 3360 3737 monachorum
3401 3682 3563 3733 vitam

1991 3781 2220 3833 victites.
2265 3777 2388 3832 Haec
2443 3768 2572 3831 sunt
2607 3793 2734 3832 vera
2785 3793 2902 3845 qua:
2950 3775 3110 3837 dicis,
3163 3773 3258 3827 sed
3308 3770 3416 3825 non
3453 3780 3563 3824 tam

1991 3870 2148 3924 facile
2175 3871 2459 3936 explentur
2483 3882 2647 3936 opere
2683 3882 2844 3935 quam
2893 3865 3066 3920 dioto.
3100 3864 3164 3919 Ut
3196 3863 3339 3916 enim
3369 3871 3563 3914 caetera

1989 3961 2418 4029 praetermittam,
2445 3973 2565 4026 quae
2579 3973 2674 4010 nos
2700 3957 2768 4009 ab
2788 3955 3093 4008 austeriore
3118 3957 3224 4006 vita
3253 3953 3563 4016 retrahunt,

1988 4051 2118 4104 illud
2158 4051 2410 4116 inferam,
2448 4050 2512 4102 ad
2567 4063 2721 4117 cujus
2752 4047 3215 4115 comparationem
3249 4045 3414 4098 etiam
3447 4059 3565 4108 qua:

1989 4142 2466 4202 dissimulaverim.
2536 4140 2644 4193 imo
2695 4138 2968 4191 timuerim
3027 4138 3234 4202 dicere,
3269 4135 3561 4204 intelliges.

1986 4236 2138 4290 Alius
2181 4237 2400 4290 barbam
2431 4234 2585 4287 ctedit
2609 4232 2894 4300 aequaliter
2918 4240 2971 4284 et
2993 4230 3319 4284 hilaritatem
3346 4227 3560 4294 frontis,

1991 4329 2182 4382 nitenti
2221 4327 2452 4396 desuper
2487 4341 2639 4380 coma
2691 4325 2956 4394 protegit.
2992 4321 3074 4375 Tu
3103 4325 3144 4376 si
3180 4323 3478 4390 paululum,
3509 4331 3567 4374 ιιι

1993 4436 2090 4474 nos
2127 4421 2367 4474 solemus
2420 4419 2606 4473 facere
2658 4417 2941 4480 rusticani,
2993 4416 3244 4485 capillum
3297 4415 3564 4478 usquead

308 4515 611 4565 orationem
646 4511 965 4580 compendio
987 4512 1226 4564 brevietu
1265 4511 1520 4576 (epistola
1585 4509 1785 4578 quippe
1819 4507 1883 4560 li-
1920 4489 1961 4541 υ
1993 4525 2169 4567 cutem
2205 4512 2574 4582 persequeris,
2606 4512 2772 4564 risum
2805 4509 3070 4578 prtebebis
3102 4509 3380 4562 omnibus.
3409 4505 3562 4572 Quod

309 4604 464 4654 bmttt
500 4602 744 4655 redolere
763 4616 869 4653 non
893 4600 1184 4667 debetJaut
1210 4614 1372 4668 parva
1397 4609 1488 4652 aut
1515 4613 1706 4668 magna
1736 4608 1888 4660 sunt,

307 4709 428 4763 qua:
451 4696 549 4747 tibi
575 4695 870 4746 deserenda
905 4695 1225 4746 suademus.
1253 4691 1308 4745 Si
1331 4706 1516 4760 parva,
1545 4707 1650 4744 nou
1677 4689 1891 4744 dillicile

307 4799 466 4854 putes
497 4799 662 4850 parva
691 4794 1063 4838 contemnere.
1093 4782 1149 4836 Si
1181 4799 1396 4851 magna,
1432 4781 1637 4850 majora
1676 4783 1890 4848 magnis

309 4880 532 4946 praemia
583 4887 981 4944 pra-parantur.
1018 4874 1124 4931 Sed
1174 4876 1313 4929 dicis
1353 4891 1368 4928 :
1411 4871 1544 4926 Volo
1592 4874 1742 4940 prius
1791 4888 1884 4942 pa-

311 4979 531 5020 ternum
566 4981 659 5019 rus
692 4967 948 5028 vendere,
978 4974 1034 5020 et
1075 4965 1289 5034 exiguis
1319 4965 1630 5033 sumptibus
1658 4978 1890 5032 congre-

305 5060 468 5128 gatis,
501 5057 620 5110 sive
651 5058 902 5111 viaticum
937 5057 1037 5109 vite
1061 5063 1332 5120 sternere,
1362 5057 1478 5110 sive
1507 5057 1559 5110 in
1588 5071 1884 5125 pauperum

307 5166 393 5202 me
419 5148 738 5200 alimoniam
763 5161 1092 5216 prteparare.
1129 5145 1191 5200 Et
1214 5147 1303 5201 hic
1342 5149 1720 5214 Evangetieam
1759 5144 1886 5199 audi

303 5241 633 5294 sententiam
659 5257 674 5294 :
701 5237 759 5292 Si
791 5239 865 5293 uis
892 5238 1150 5308 perfectus
1176 5255 1308 5304 esse,
1347 5241 1494 5302 uade,
1519 5239 1678 5292 vende
1701 5239 1880 5291 omnia

299 5348 420 5398 qua:
462 5331 648 5392 habes,
685 5340 730 5384 et
762 5331 832 5382 da
856 5335 1174 5398 pauperibus
1210 5341 1259 5384 et
1304 5333 1437 5398 ueni,
1486 5343 1535 5384 et
1570 5346 1783 5399 sequere
1807 5345 1888 5384 me

303 5423 534 5492 (Matth.
590 5437 707 5484 xix,
751 5423 872 5492 2|).
915 5422 1104 5476 Plures
1135 5422 1248 5492 jam
1281 5425 1408 5477 anni
1443 5437 1568 5479 sunt
1605 5425 1745 5492 quod
1776 5439 1889 5478 ca:-

303 5517 433 5580 pisti
481 5517 690 5568 servire
717 5513 847 5571 Deo.
879 5513 1032 5568 Mens
1067 5514 1348 5570 Christum
1381 5531 1616 5583 sequens
1647 5531 1754 5570 non
1793 5516 1883 5568 diu

301 5609 494 5663 stu-uli
515 5609 750 5661 sustinet
776 5622 941 5674 onus,
973 5624 1069 5662 nec
1104 5624 1163 5663 se
1200 5611 1402 5677 patitur
1431 5608 1736 5664 istiusmodi
1768 5611 1885 5660 vin-

305 5701 446 5751 citis
479 5697 710 5765 alligari.
742 5700 882 5764 Quin
905 5698 1082 5766 putius
1120 5699 1443 5763 timendum,
1471 5716 1539 5752 tte
1573 5702 1697 5752 dum
1727 5713 1884 5753 oeca-

307 5791 394 5843 »ιο
429 5789 794 5845 (Ιιειιίιιιιειιιιί
831 5789 1141 5860 pattimonii
1190 5791 1558 5861 praetenditur.
1595 5792 1718 5845 dum
1768 5808 1873 5846 non

1993 4606 2038 4658 si
2071 4605 2213 4671 pulla
2257 4604 2420 4657 fuerit
2453 4605 2652 4668 tunica,
2708 4605 2870 4657 etiam
2910 4604 3349 4670 prtetereuntium
3383 4601 3566 4670 digitis

1993 4696 2361 4750 deuotaberis.
2411 4693 2553 4749 Cave
2604 4694 2853 4761 inquam,
2918 4704 2976 4746 ιιι
3028 4709 3132 4766 non
3193 4695 3403 4747 strictae
3454 4693 3564 4745 sint

1992 4787 2176 4854 caligre
2233 4801 2300 4839 ne
2347 4800 2506 4839 crura
2546 4800 2648 4838 nou
2679 4787 2970 4839 eandeant.
3005 4767 3118 4837 Nisi
3155 4783 3426 4836 l’ormows
3453 4781 3568 4835 fne-

1993 4881 2091 4943 ris,
2121 4891 2340 4932 sanctus
2387 4893 2507 4931 esse
2547 4893 2653 4931 non
2709 4877 2933 4945 poteris,
2995 4877 3207 4944 Aliquis
3271 4877 3468 4928 invitat
3497 4873 3565 4926 de

1991 4969 2348 5036 nptimatibus
2381 4969 2445 5020 ad
2489 4967 2795 5036 prandium,
2843 4981 3034 5020 onmes
3081 4965 3282 5019 votivis
3331 4973 3562 5034 pergunt

1993 5058 2143 5111 feriis
2172 5073 2188 5111 :
2224 5065 2368 5110 certe
2396 5067 2486 5108 ant
2513 5056 2753 5109 eundum
2781 5055 2876 5108 tibi
2911 5065 3015 5122 est,
3045 5066 3137 5109 aut
3158 5055 3480 5122 negandum.
3505 5051 3562 5106 Si

1991 5149 2141 5210 ieris,
2157 5155 2248 5199 aut
2264 5149 2470 5201 eisdem
2501 5151 2735 5200 vesceris
2755 5148 3019 5210 cibis,ant
3041 5145 3243 5200 aliis.Si
3265 5145 3408 5208 aliis,
3430 5159 3565 5198 cou-

1989 5243 2233 5296 vivarum
2259 5240 2784 5306 oll‘endenturiocnli.
2811 5239 2865 5292 Si
2892 5240 3104 5300 iisdem,
3128 5237 3564 5306 peritabstinen-

1991 5335 2088 5386 tia.
2132 5331 2284 5398 Quod
2341 5332 2385 5384 si
2425 5333 2503 5383 ire
2560 5331 2820 5394 uolucris,
2873 5340 2995 5382 tunc
3030 5329 3190 5382 miser
3225 5329 3277 5380 in
3335 5331 3566 5396 prandio

1990 5423 2311 5480 comederis.
2338 5423 2418 5476 Ad
2450 5423 2692 5488 singulas
2723 5437 2966 5490 quasque
2998 5420 3206 5488 phialas
3239 5430 3294 5474 ct
3321 5421 3561 5478 delibuta

1990 5516 2167 5570 nit-llis
2217 5515 2337 5568 vina
2371 5513 2670 5583 potaberis.
2701 5513 2852 5566 Alius
2883 5515 2933 5564 itt
2969 5523 3117 5565 tuum
3157 5512 3361 5567 vultum
3395 5515 3562 5568 cavil-

1989 5610 2208 5671 labitur,
2243 5607 2331 5661 ille
2365 5607 2634 5660 incessum
2658 5605 2874 5669 ridebit,
2914 5604 2999 5656 hic
3032 5605 3295 5661 habitum.
3335 5606 3404 5660 Et
3435 5607 3562 5660 inti-

1988 5711 2187 5755 latores
2220 5698 2448 5754 forsitan
2469 5695 2780 5753 .ludaaorum
2804 5713 2819 5749 :
2848 5694 3035 5750 Nonne
3056 5696 3140 5750 Itic
3166 5705 3263 5763 εει,
3289 5696 3558 5765 inquient,

1989 5794 2132 5861 filius
2157 5793 2296 5859 labri
2330 5790 2561 5846 ?Nonne
2594 5791 2782 5861 fratres
2811 5788 2940 5859 ejus
2982 5797 3032 5844 et
3060 5807 3265 5846 sorores
3298 5790 3436 5860 apud
3458 5807 3558 5846 ιιοιι
