4004 6192
423 346 529 420 ts:
1357 357 1913 420 S.-HIERONYMI
1955 359 2281 422 OPERUM"
2317 357 2720 426 MANTIS’SA.
3574 369 3684 436 tua

422 480 546 523 sum
575 468 806 537 (Μαθημ,
839 484 955 534 xm,
989 469 1078 533 55,
1129 466 1260 534 56)?
1292 468 1406 538 Ego
1448 470 1596 522 illum
1631 471 1847 523 memini
1879 479 2006 524 ante
2031 481 2082 538 Α
2107 475 2231 527 sine
2296 475 2520 541 p'rzeinio
2543 475 2872 549 "futuraque
2917 473 3163 532 mercede
3214 473 3415 552 abSqtte
3469 467 3682 538 balneis

426 559 694 614 totferme
728 575 899 615 annos
933 560 1062 618 illud
1097 559 1296 614 fecisse
1326 571 1498 626 turpe,
1529 559 1736 613 dixisse
1767 561 1996 627 turpitts.
2055 593 2060 612 ι
2105 567 2497 631 perseverant?
2526 567 2696 621 Nemo
2731 571 2796 622 'id
2833 569 3171 623 necessitate
3197 567 3310 638 'pati
3345 575 3447 624 non
3481 560 3678 638 potest,

421 650 575 705 Alius
621 653 791 707 furem
824 650 1076 706 (ιιειιιιειιιὶι
1129 662 1182 704 et
1223 657 1524 713 mtechum,
1573 666 1738 718 seque
1775 653 1999 705 sceleris

427 740 596 809 ﬁnget
660 739 828 793 fuisse
883 743 1222 810 participem.
1289 741 1482 795 Ontnia
1520 743 1723 811 pariter
1777 743 1997 811 prandia

427 829 825 891 consonabunt,
873 838 927 884 et
960 831 1010 882 in
1061 840 1114 881 te
1151 830 1507 884 temulentum
1547 832 1856 884 convivium
1888 830 2000 883 dis-

429 921 692 974 solvetur.
740 919 893 985 Quod
946 921 988 974 si
1021 921 1244 972 vilibus.
1271 922 1605 974 ahstinueris
1636 921 1916 984 carnibus,
1941 929 1996 972 et

426 1026 536 1065 non
588 1011 781 1066 crebro
815 1011 1034 1064 balneas
1059 1011 1519 1079 frequentaveris,
1557 1021 1684 1066 tunc
1743 1012 1856 1065 fere
1909 1025 2003 1079 per

426 1115 617 1154 omnes
665 1101 948 1154 columnas
980 1099 1260 1156 Manicha-i
1299 1102 1393 1155 tibi
1449 1103 1640 1156 titulus
1672 1103 1996 1157 ascribctur.

427 1191 484 1243 Si
509 1193 788 1244 volucrum
817 1191 1052 1244 edulium
1083 1192 1432 1256 refutaveris,
1464 1203 1518 1248 et
1543 1193 1767 1247 tenellas
1793 1193 1998 1245 colum.

425 1282 542 1350 bas,
597 1298 924 1352 crassosque
985 1294 1228 1339 turtures
1261 1285 1541 1352 expetenti
1577 1286 1779 1354 gutturi
1814 1285 2002 1337 durior

424 1373 676 1429 dominus
720 1375 1098 1443 denegaveris,
1149 1375 1418 1444 sacrilegii
1474 1377 1680 1429 crimen
1727 1375 1996 1441 alligetur.

426 1464 734 1534 Statimque
779 1466 978 1524 aient:
1033 1467 1094 1520 lii
1149 1478 1278 1521 sunt
1335 1467 1423 1530 qui
1459 1479 1762 1521 creatorem
1815 1468 1999 1521 mundi

422 1565 782 1611 contemnunt
831 1573 846 1612 :
905 1557 962 1611 in
997 1573 1124 1612 usus
1165 1569 1382 1612 nostros
1432 1559 1571 1612 facta
1624 1568 1752 1613 sunt
1797 1559 1998 1614 omnia.

429 1647 645 1708 Audivi,
679 1655 822 1701 teste
875 1648 1124 1713 Domino,
1161 1665 1267 1702 non
1321 1649 1582 1712 mentior,
1618 1650 1908 1719 quemdam
1948 1649 1998 1701 in

428 1754 584 1790 suam
619 1739 796 1806 gulam
851 1741 1140 1806 disertum,
1178 1756 1298 1794 cum
1336 1756 1420 1794 me
1462 1757 1681 1795 rumore
1712 1743 1998 1810 cognovis-

427 1839 512 1884 set
541 1832 994 1886 esculentioribus
1023 1833 1158 1887 cihis
1190 1832 1488 1894 abstinere,

426 1921 873 1992 quid.porcellus
903 1923 1025 1977 ideo
1059 1923 1230 1977 factus
1263 1934 1364 1988 est,
1397 1935 1456 1978 ut
1487 1931 1699 1993 togatus
1731 1923 1785 1976 in
1808 1931 1996 1976 senatu

423 1999 751 2067 sententiam
772 2016 974 2068 diceret
1000 2015 1024 2067 ?
1047 2013 1162 2080 Quo
1193 2015 1446 2069 videlicet
1474 2030 1562 2069 me
1597 2013 1841 2068 stultitia“:
1869 2028 2000 2066 con-

426 2105 732 2172 demnaret,
769 2107 860 2175 qui
909 2116 1153 2175 putarem
1179 2121 1241 2162 ea
1282 2123 1404 2176 Quae
1461 2115 1586 2160 sunt
1631 2111 1684 2158 in
1723 2107 1998 2160 hominum

426 2211 562 2251 usus
591 2206 798 2260 creata,
849 2212 953 2252 non
990 2213 1230 2254 sumere.
1269 2197 1394 2253 litae
1421 2209 1476 2253 et
1528 2196 1838 2252 istiusmodi
1879 2211 2000 2250 cum

427 2293 594 2346 vitam
630 2293 682 2345 in
715 2291 940 2346 urbibus
973 2291 1216 2348 lacerent
1243 2292 1461 2355 bonam,
1500 2291 1628 2357 quid
1663 2290 1852 2354 facies,
1888 2287 2001 2342 fra-

407 2393 532 2448 ter,
589 2383 644 2436 in
695 2384 926 2439 medio?
971 2393 1066 2439 aut
1124 2384 1293 2448 vitiis,
1347 2393 1439 2437 aut
1489 2382 1826 2437 anathemati
1864 2381 2002 2436 colla

426 2477 715 2531 submittes
742 2496 754 2531 :
778 2478 833 2531 id
865 2488 974 2543 est,
1022 2487 1112 2532 aut
1137 2477 1433 2532 sectaberis
1465 2491 1584 2544 quin
1621 2485 1740 2529 atlttl
1771 2474 1998 2526 adverszt

425 2569 816 2627 continentiae:
856 2580 950 2624 aut
987 2570 1030 2624 si
1070 2570 1251 2624 facere
1279 2569 1541 2632 nolueris,
1566 2567 1685 2636 ipse
1706 2565 2004 2619 datnnahe-

429 2659 524 2714 tis.
553 2659 916 2714 Prattermitto
939 2661 1161 2715 crebras
1185 2659 1560 2722 salutationes,
1597 2658 1857 2727 obsequia
1885 2673 2004 2709 ma-

430 2760 737 2814 tronarum,
773 2752 1061 2818 variasque
1095 2750 1404 2812 illecebras,
1447 2748 1649 2818 quibus
1680 2749 1842 2800 etiam
1878 2746 2005 2816 rigi-

427 2841 637 2894 dissimi
671 2841 1026 2895 entollinntur
1051 2842 1242 2908 animi,
1271 2853 1326 2896 et
1355 2843 1572 2896 sircneo
1595 2851 1754 2894 cantu
1779 2840 1844 2892 ad
1877 2855 2009 2892 nau-

427 2932 600 3001 fragia
631 2933 1024 3001 pertrahuntur
1085 2954 1099 2989 :
1144 2936 1284 3003 quod
1318 2935 1384 2988 ad
1417 2934 1692 3004 Speciosas
1761 2946 2005 3001 quasque

427 3024 632 3092 fortnas
675 3025 863 3078 oculus
904 3040 1049 3095 saepe
1101 3027 1302 3082 invitus
1335 3028 1692 3094 abstrahitur,
1723 3031 1865 3098 quod
1911 3045 2004 3080 an-

1567 1833 1767 1886 dixisse
1802 1847 1817 1885 :
1855 1829 2002 1883 Nun-
2033 1819 2084 1879 Β,

2052 683 2056 688 λ
2101 657 2243 724 quod
2279 665 2389 725 ‘pro
2445 657 2552 711 Deo
2599 653 2881 714 voluntate
2933 661 3040 729 pati
3093 641 3381 738 detrectat.
3423 653 3684 740 'llabebis

2103 746 2354 800 cellulam
2388 764 2508 814 quae
2547 759 2597 803 te
2633 751 2805 804 solum
2850 741 3048 820 capiat.
3085 743 3198 806 lino
3230 766 3334 804 non
3363 753 3472 806 cris
3505 754 3680 818 solus,

2061 868 2064 870 η
2103 837 2343 906 angelica
2389 843 2778 894 tecnm'turlra
2829 844 3166 896 versabitur.
3199 839 3314 896 Tot'
3353 844 3508 908 socii,
3547 829 3682 912 quot

2103 929 2300 982 sancti.
2352 929 2522 998 Le’ges
2575 931 2964 1000 Eva'ngelinm,
3011 934 3447 988 confabulabitnr
3497 929 3678 988 ternm

2101 1017 2280 1073 Jesus.’
2311 1020 2620 1090 chlicabis
2659 1025 2931 1094 apnsmlos
2959 1013 3046 1078 vel
3085 1025 3393 1096 prophetas.
3419 1015 3677 1096 Nunquid

2103 1113 2307 1178 poteris
2339 1114 2499 1167 talem
2527 1115 2692 1170 alium
2723 1119 2830 1170 tuis
2859 1117 3200 1172 sermonibus
3227 1111 3427 1174 habere
3451 1115 3679 1173 consor-

2105 1204 2248 1256 lenti
2282 1205 2448 1258 Terra
2501 1221 2708 1272 sumus,
2763 1218 2817 1261 et
2866 1210 3054 1264 cinis:
3092 1219 3144 1263 et
3183 1226 3280 1278 per
3327 1210 3512 1264 omnia
3561 1227 3680 1263 ino-

2103 1301 2291 1347 menta
2337 1295 2405 1348 de
2451 1307 2634 1350 nostra
2668 1299 2843 1352 salute
2875 1285 3154 1368 suspensi,
3181 1301 3439 1354 continuo
3474 1302 3523 1354 in
3556 1301 3681 1369 pul-

2105 1400 2283 1438 verem
2317 1387 2668 1441 dissolveudi.
2704 1391 2840 1453 Ouid
2871 1377 3228 1445 retrectantns
3257 1395 3321 1446 de
3355 1393 3678 1446 necessitate

2105 1477 2285 1530 facere
2316 1480 2606 1534 virtutem?
2636 1482 2794 1536 Certe
2828 1486 3154 1550 quandoque
3200 1484 3534 1537 moriendum
3571 1477 3676 1549 est,

2103 1579 2157 1622 et
2191 1571 2529 1625 stercoribus
2568 1572 2720 1640 plena
2755 1573 3112 1644 vitalia,'qnae
3161 1583 3257 1628 nos
3288 1576 3541 1642 'quctidie
3579 1592 3679 1626 no-

2105 1669 2234 1714 stra;
2283 1673 2628 1718 commonent
2663 1665 2904 1728 vilitatis,
2961 1667 3014 1718 in
3066 1665 3296 1720 similem
3337 1665 3678 1732 putredinem

2103 1766 2266 1806 omne
2292 1767 2472 1807 secum
2503 1763 2738 1808 traetura
2767 1767 2888 1809 sunt
2921 1772 3138 1826 corpus.
3164 1755 3332 1821 Qnant
3358 1757 3464 1810 Cito
3493 1759 3678 1809 mundi

2105 1846 2473 1912 relinquamus
2519 1847 2906 1917 angustias,‘et
2937 1851 2982 1902 si
3017 1842 3154 1903 rane
3190 1847 3258 1901 ob
3287 1835 3682 1902 continentiam

2105 1938 2284 2006 (quod
2345 1949 2522 1992 tamen
2581 1955 2706 1992 raro
2773 1939 3002 2010 accidit)
3063 1939 3247 1994 dolere
3298 1925 3682 2002 stomachum,

2103 2038 2336 2083 aestuare
2389 2026 2631 2083 febribus
2680 2021 3046 2098 emperimus,
3080 2023 3376 2108 Zperpct'uze
3429 2016 3681 2108 vittae’ja-

2087 2125 2267 2173 'nnam
2321 2119 2570 2173 morbum
2625 2121 2915 2188 putemus,
2982 2121 3308 2190 plenamque
3365 2109 3676 2174 victoriam.

2105 2209 2240 2275 Quia
2271 2209 2555 2278 Scriptura
2600 2211 2825 2265 docente
2867 2212 3268 2279 cognoscimus,
3305 2211 3505 2264 nullum
3549 2207 3680 2266 ante

2106 2301 2228 2352 vitae
2275 2300 2436 2368 hujus
2486 2300 2648 2354 finem
2707 2301 2868 2370 plene
2920 2303 3136 2355 beatum
3193 2317 3316 2356 esse
3364 2301 3674 2356 dicendum.

2106 2389 2302 2454 Quanti
2331 2392 2382 2443 iu
2415 2393 2607 2445 mediis
2637 2393 2854 2461 opibus,
2883 2399 2937 2446 et
2967 2393 3106 2445 inter
3134 2391 3336 2445 infulas
3364 2392 3678 2444 consulatus

2107 2482 2384 2547 repentina
2423 2491 2598 2536 morte
2644 2484 2907 2538 'subtracti
2961 2484 3126 2538 sunt?
3156 2483 3338 2553 Nuper
3383 2484 3681 2551 imperator

2107 2571 2540 2638 Valentinianus,
2573 2589 2692 2626 cum
2725 2575 2986 2629 adversus
3018 2561 3318 2636 Sarmatas,
3352 2573 3680 2641 Quadosque

2109 2674 2330 2732 propter
2380 2665 2547 2735 Illyrii
2601 2651 2960 2720 vastationem
3017 2667 3071 2720 in
3129 2667 3451 2720 consistorio
3501 2654 3680 2719 atevns

2107 2755 2438 2821 iufrcmeret,
2477 2767 2531 2811 et
2559 2758 2723 2812 totius
2751 2759 2924 2826 gentis
2969 2757 3236 2812 excidium
3273 2756 3472 2826 rigidus
3503 2756 3680 2809 mina-

2111 2859 2278 2911 retur,
2319 2849 2585 2917 sangnine
2619 2859 2935 2918 erumpente
2967 2847 3281 2915 discrepuit.
3310 2843 3448 2912 Quid
3486 2845 3681 2914 loquar

2105 2938 2174 2992 de
2207 2938 2375 2990 fratre
2406 2939 2542 3000 eius,
2571 2952 2730 3006 quem
2765 2945 2950 2990 contra
2983 2937 3160 3002 regale
3196 2936 3466 3000 fastigium
3501 2931 3681 2985 Thra-

2107 3029 2205 3081 ciae
2258 3028 2396 3096 ignis
2447 3027 2775 3081 absorbuit?
2824 3025 3060 3080 Necdum
3121 3038 3298 3077 annus
3373 3020 3680 3088 completus

431 3129 520 3166 res
579 3113 838 3169 obscwna
871 3114 1016 3168 dicta
1079 3114 1322 3180 feriunt;
1386 3131 1532 3172 nunc
1584 3119 1714 3171 illud
1772 3117 2001 3178 afﬁrmo,
2032 3157 2075 3212 Β
2108 3127 2212 3180 est,
2255 3134 2362 3187 quo
2395 3119 2692 3188 principem
2731 3115 3070 3182 Gratianum,
3124 3115 3388 3185 prodente
3434 3113 3680 3166 exercitu

427 3206 574 3274 quod
608 3207 824 3260 etiamsi
880 3205 978 3260 ista
1031 3221 1136 3259 non
1170 3216 1375 3274 essent,
1429 3209 1492 3262 ad
1546 3210 2002 3277 comparationem

429 3306 538 3354 tam
566 3299 798 3368 ingentis
832 3301 979 3362 boni,
1010 3299 1222 3354 minora
1249 3301 1504 3354 deserere
1541 3303 1827 3357 debueras.

501 3389 592 3444 IV.
633 3391 784 3444 Adde
832 3393 977 3461 quod
1027 3393 1290 3447 diaconus
1339 3407 1419 3453 es,
1454 3394 1546 3448 sed
1587 3394 1844 3450 abscessu
1895 3404 2006 3459 tuo,

431 3483 678 3538 ecclesia:
711 3484 904 3536 datnua
935 3499 1040 3538 non
1073 3485 1324 3538 sentient.
1355 3484 1534 3538 Helias
1563 3486 1696 3541 vixit
1727 3487 1778 3540 in
1803 3502 2004 3541 eremo.

434 3573 705 3629 lleliscum
735 3575 1122 3640 Prophetarum
1159 3589 1373 3632 secutus
1399 3587 1479 3632 est
1507 3579 1726 3632 chorus.
1762 3577 2003 3633 Praecur-

431 3681 526 3721 sor
561 3666 772 3720 Domini
814 3664 1050 3721 Joannes
1087 3668 1322 3721 nutritus
1360 3668 1410 3719 iu
1447 3668 1762 3731 solitudine,
1799 3668 1863 3721 ad
1911 3670 2011 3723 hoc

431 3757 648 3809 tandem
688 3756 970 3810 descendit
1018 3758 1084 3810 ad
1136 3754 1386 3809 Jordanis
1439 3758 1621 3824 ripas,
1675 3768 1732 3811 ut
1787 3759 2010 3826 pupulos

435 3856 682 3918 argueret
715 3845 1076 3913 confluentes,
1112 3863 1166 3901 et
1210 3847 1509 3902 Pharisaeos
1540 3848 1870 3918 intelligens,
1899 3850 2007 3902 cle-

432 3941 578 3993 ricos
625 3937 934 3993 JlttltIEOI‘UIII
987 3940 1362 4008 gent-rationes
1411 3940 1656 4007 vipereas
1705 3941 2006 3996 denotaret.

437 4028 617 4098 Nuper
641 4031 855 4102 IEgypti
892 4033 1100 4086 deserta
1131 4031 1312 4086 vidisti
1342 4048 1356 4086 :
1387 4031 1611 4086 intuitus
1635 4047 1693 4086 es
1715 4033 2008 4099 angelicam

434 4121 716 4178 familiam.
747 4124 944 4187 Quanti
985 4124 1056 4176 ibi
1094 4125 1254 4178 flores
1304 4124 1473 4177 sunt?
1503 4139 1663 4192 quam
1716 4125 2012 4190 spirituali-

436 4216 540 4270 bus
573 4217 802 4284 gemmis
847 4229 996 4282 prata
1029 4215 1352 4268 vernantia?
1382 4213 1576 4267 Vidisti
1613 4225 1780 4279 serta,
1816 4216 2011 4284 quibus

439 4305 700 4366 Dominus
733 4317 1042 4362 coronatur.
1076 4307 1164 4360 ltle
1211 4306 1304 4360 tibi
1349 4306 1399 4359 in
1439 4317 1654 4374 pectore
1691 4309 1831 4376 ignis
1865 4325 2010 4362 exn:-

436 4407 604 4451 stuet.
635 4397 726 4450 Illa
769 4397 1012 4466 quotidie
1039 4397 1233 4465 cogita,
1267 4407 1458 4460 tracta,
1489 4395 1754 4463 desidera,
1778 4408 1830 4452 et
1856 4400 2008 4468 quasi

435 4490 674 4558 (prodam
711 4503 929 4542 carcere
971 4489 1226 4543 detentus
1258 4488 1498 4542 exclama
1535 4507 1548 4542 :

440 4581 791 4648 peregrinatio
832 4596 945 4632 mea
991 4579 1299 4648 profottgata
1329 4589 1404 4632 est
1438 4579 1609 4651 (Ρειιι.
1638 4595 1782 4645 cxtx,
1817 4581 1872 4651 5)
1901 4583 1912 4634 l
1947 4581 2014 4635 Et

439 4671 496 4723 in
536 4673 843 4737 paradisum
893 4683 1071 4724 mente
1108 4671 1504 4733 conscendens,
1559 4673 1721 4726 toties
1766 4673 1817 4726 in
1867 4683 2012 4728 terra

439 4777 554 4816 non
585 4763 713 4829 eris,
758 4763 974 4832 quoties
1007 4772 1204 4816 terram
1243 4763 1580 4832 despexeris.
1619 4765 1814 4818 Eadem
1859 4765 2016 4819 nobis

445 4863 594 4902 certe
647 4866 770 4902 cum
825 4853 909 4904 his
957 4855 1046 4920 qui
1101 4853 1346 4906 habitant
1392 4868 1487 4920 per
1518 4856 1728 4906 deserta
1779 4855 2016 4909 conditio

441 4956 478 4995 e
515 4949 553 4996 ι.
587 4941 750 4996 Iidem
777 4945 941 5011 oculi,
972 4944 1192 5000 totidem
1244 4961 1458 5000 manus.
1498 4946 1693 5000 Iisdem
1731 4947 2016 5003 infirmita-

445 5033 612 5100 tibus,
642 5035 724 5089 vel
765 5036 1055 5091 virtutibus
1097 5037 1459 5108 suhjaeemus.
1496 5037 1549 5092 Si
1580 5047 1632 5092 te
1662 5055 1816 5108 aquae
1860 5048 2016 5108 potus

445 5134 630 5191 vexat,
662 5126 848 5196 quanti
887 5128 1196 5193 nobiliores,
1236 5144 1340 5183 non
1380 5130 1556 5184 dicam
1595 5131 1716 5184 vina
1749 5134 2016 5196 nesciunt,

442 5230 495 5275 et
533 5221 779 5272 carnium
815 5220 1064 5290 ignorant
1090 5221 1264 5283 cibos,
1294 5226 1386 5276 sed
1419 5221 1602 5277 infuso
1634 5232 1837 5276 tantum
1871 5225 2018 5293 legu-

446 5311 595 5364 mine
621 5305 1037 5366 sustentantur?
1067 5311 1121 5366 Si
1153 5315 1466 5368 balnearum
1499 5324 1548 5369 te
1575 5315 1782 5369 lavacta
1816 5317 2016 5369 sollici-

439 5393 586 5465 tant,
633 5405 818 5469 quanti
859 5406 1130 5473 principes
1175 5405 1473 5469 civitatum,
1515 5407 1634 5458 sive
1685 5409 1754 5458 ob
1790 5408 2017 5473 culpam

450 5495 746 5560 propriam,
782 5497 894 5548 sive
943 5498 1010 5546 ob
1045 5496 1322 5561 invidiam,
1371 5498 1434 5548 ad
1482 5497 1680 5550 insulas
1726 5498 2018 5566 deportati,

533 5693 548 5721 ⁸
589 5691 695 5745 Nos
729 5695 948 5759 istltaec,
990 5713 1108 5763 quzc
1158 5697 1411 5751 continua
1461 5695 1602 5750 serie
1650 5695 2024 5761 superioribus

451 5765 884 5820 annectebantur
913 5782 1040 5822 cum
1071 5768 1206 5823 nihil
1259 5780 1438 5823 tamen
1471 5768 1536 5822 ad
1569 5781 1632 5822 ca
1666 5767 2019 5834 pertinerent,

2109 3225 2227 3273 suo,
2261 3219 2386 3264 ante
2419 3210 2558 3265 fmda
2594 3209 2899 3278 captivitas,
2929 3208 3126 3286 dehinc
3176 3205 3532 3259 miserabilior
3579 3217 3682 3270 ορ-

2109 3303 2306 3370 pressit
2363 3302 2632 3356 interitus.
2685 3301 2771 3365 Et,
2825 3309 2884 3354 ut
2934 3301 3035 3353 ista
3092 3309 3316 3362 taceant,
3372 3297 3530 3351 etiam
3587 3293 3680 3361 qui

2108 3390 2382 3444 communi
2425 3390 2530 3444 fine
2577 3390 2891 3459 perierunt,
2945 3399 3064 3458 post
3115 3396 3339 3440 mortem
3390 3386 3505 3452 pari
3552 3398 3678 3436 cum

2107 3483 2359 3536 omnibus
2396 3483 2705 3535 conditione
2758 3480 3057 3535 sociantur.
3109 3478 3544 3546 Qnotusquisque
3585 3491 3680 3528 eo.

2110 3591 2230 3629 rum
2271 3574 2325 3628 in
2354 3576 2443 3628 die
2473 3576 2658 3643 judicii
2696 3575 2923 3628 minimo
2972 3575 3038 3626 de
3087 3570 3366 3624 monachis
3398 3583 3684 3636 compara-

2111 3667 2294 3722 bitur?
2350 3665 2628 3720 Sectemnr
2683 3667 2872 3719 saltem
2921 3665 3310 3724 mulierculas,
3361 3675 3523 3714 sexus
3579 3674 3682 3712 nos

2111 3762 2300 3814 doceat
2344 3760 2630 3813 infirmior.
2665 3760 2888 3825 Quanta!
2921 3759 3128 3811 divitiis
3161 3760 3362 3824 pariter
3392 3765 3445 3809 et
3475 3749 3682 3807 nobili-

2112 3861 2223 3903 tate
2254 3850 2516 3919 pollentes
2549 3852 2696 3918 (nolo
2727 3853 2868 3902 enim
2905 3849 3165 3901 vocabula
3199 3846 3397 3908 dicere,
3431 3860 3495 3897 ne
3535 3843 3679 3895 adn-

2111 3946 2209 3999 lari
2247 3943 2450 4012 videar)
2482 3943 2682 3995 relictis
2708 3941 3071 4003 facultatibus,
3104 3939 3522 4008 pignoribusque
3550 3949 3686 3987 ron-

2115 4039 2352 4101 tctnptis,
2387 4037 2436 4088 id
2485 4035 2622 4087 fat-tn
2660 4035 2815 4088 facile
2862 4034 3258 4101 indicaverunt,
3291 4033 3433 4099 quod
3465 4039 3518 4081 tu
3553 4042 3678 4094 pro-

2113 4134 2230 4198 prio
2283 4129 2477 4198 putasti
2518 4130 2712 4182 tinmre
2749 4127 3002 4180 difficile?
3051 4127 3106 4178 ld
3142 4127 3206 4178 de
3254 4125 3394 4178 cerei
3442 4120 3686 4175 carmine

2113 4224 2282 4275 disce.
2330 4219 2463 4273 Illud
2517 4221 2610 4272 tibi
2664 4221 2730 4272 de
2766 4221 2930 4274 variis
2977 4217 3201 4271 ﬂoribus
3251 4217 3424 4270 lumen
3456 4227 3682 4267 exorna.

2115 4313 2245 4365 F.le
2301 4321 2357 4364 et
2414 4311 2528 4378 ipse
2588 4312 2725 4378 apis.
2797 4309 3052 4362 Debborae
3105 4308 3386 4360 victoriam
3445 4306 3681 4358 imitare.

2115 4403 2322 4456 Bai-ach
2377 4410 2554 4455 tecum
2609 4402 2851 4454 Sisaram
2903 4409 3294 4470 persequatur,
3346 4408 3396 4449 et
3452 4395 3686 4448 liberato

1590 4489 1705 4541 Heu
1753 4505 1852 4552 me,
1887 4493 2011 4556 quia
2041 4502 2090 4562 ι)
2119 4493 2301 4555 Israel,
2329 4491 2580 4545 Judieum
2610 4504 2827 4543 carmen
2860 4488 3178 4555 ingemines,
3212 4497 3265 4539 ιιι
3295 4486 3495 4540 Christi
3526 4483 3687 4537 mella

2116 4597 2427 4652 ccutponas.
2463 4582 2518 4635 Si
2572 4584 2649 4635 sic
2699 4581 3002 4649 lampadem
3039 4592 3330 4647 pra-paras,
3360 4590 3558 4645 sponso
3589 4588 3692 4626 ve-

2117 4679 2298 4730 niente
2355 4692 2460 4729 non
2522 4673 2795 4736 dormies,
2853 4672 3165 4726 cubiculum
3241 4669 3381 4737 regis
3431 4665 3691 4719 intrabis.

2117 4767 2280 4821 Plura
2310 4781 2432 4821 cum
2465 4765 2646 4819 dicere
2682 4763 2894 4826 vellem,
2924 4772 2978 4816 et
3027 4773 3078 4814 te
3124 4775 3334 4813 mcctnn
3371 4757 3460 4811 tali
3490 4756 3693 4809 exhor-

2120 4859 2323 4912 tatione
2353 4857 2609 4920 retinere,
2636 4857 2816 4909 subito
2862 4852 3164 4907 nuntiatum
3197 4859 3299 4915 est,
3332 4847 3530 4902 asellos
3560 4861 3689 4899 esse

2121 4950 2455 5012 conductos,
2506 4947 2598 5018 qui
2653 4961 2740 5000 me
2787 4947 3014 5001 Ruinam
3070 4957 3239 5012 usque
3288 4940 3694 5010 pertraherent.

2121 5039 2309 5108 Itaque
2357 5039 2556 5094 invitus
2590 5038 2918 5091 Placentiam
2952 5048 3005 5090 te
3046 5035 3282 5099 remitto,
3325 5031 3428 5086 sub
3466 5044 3526 5084 ea
3557 5043 3699 5082 con-

2121 5133 2326 5187 ditione
2369 5147 2529 5202 quam
2585 5131 2747 5196 nosti,
2799 5133 2856 5184 ut
2904 5127 3114 5197 quoties
3167 5125 3280 5180 haec
3332 5121 3546 5193 legeris,
3591 5119 3696 5174 tibi

2125 5226 2270 5280 scias
2298 5240 2417 5278 esse
2442 5239 2550 5292 quo
2577 5222 2845 5291 pollicitus
2877 5237 2956 5286 es,
2989 5218 3337 5272 veniendum.

2194 5314 2433 5370 Pelicani
2470 5317 2484 5347 ¹
2523 5330 2646 5369 cum
2702 5327 2830 5367 suos
2880 5327 2908 5364 a
2959 5319 3208 5375 serpente
3261 5305 3399 5360 filios
3443 5297 3697 5364 occisos,

2129 5418 2371 5460 mortuos
2405 5407 2708 5470 inveniunt,
2742 5405 2945 5472 lugent,
2982 5411 3036 5456 ct
3077 5416 3135 5454 se
3161 5411 3212 5452 et
3245 5413 3338 5451 sua
3359 5397 3542 5450 latera
3571 5407 3704 5461 per-

2125 5500 2341 5552 cutiunt
2368 5509 2420 5552 et
2451 5500 2715 5567 sanguine
2743 5509 2973 5550 excusso
3001 5495 3065 5546 ad
3093 5503 3320 5558 corp-Ora
3353 5495 3699 5540 mortuorum

2129 5696 2498 5749 dislraxiums.
2535 5695 2606 5747 De
2641 5694 2888 5746 l’clirano
2935 5691 3166 5742 fabulam
3217 5696 3420 5740 veteres
3452 5680 3701 5751 plerique

2133 5767 2332 5821 iactant
2359 5766 2520 5818 etiam
2554 5765 3022 5818 tncredibilturcm.
