4012 6188
432 329 534 393 135

1365 330 1427 387 8-
1466 328 1913 389 HlERONYMl
1949 324 2271 389 OPEllUi‘il
2317 320 2725 384 MANTISSA.

3574 287 3703 369 195'

426 450 567 501 misi.
607 446 845 515 Denique
880 457 996 498 mea
1065 444 1333 498 sententia
1382 462 1487 501 non
1537 450 1834 516 prodisset,
1890 450 1990 503 nisi
2024 461 2065 511 Α
2098 457 2487 503 assertorenon
2508 450 2738 512 egeant:
2767 436 3205 493 videamusnnde
3223 431 3672 501 digressisinnus.

428 540 617 594 fuisset
665 555 760 607 per
794 553 887 591 vos
919 537 986 590 de
1017 545 1228 591 secreto
1260 542 1617 606 verecundiae,
1655 543 1799 596 velut
1832 558 1989 595 manu

424 632 655 698 quadam
688 627 969 681 charitaiis
996 628 1212 701 educta.
1251 628 1352 682 Sed
1386 632 1644 697 quoniam
1687 632 1798 702 jam
1847 633 1992 686 illam

428 720 700 774 meliorem
735 720 916 773 facere
963 734 1067 772 non
1116 734 1357 787 possunt,
1391 721 1589 787 placuit
1633 723 1787 787 inibi,
1824 734 1878 775 nt
1909 738 1995 777 se-

428 813 530 866 mel
555 812 814 865 emissum
844 820 1095 879 repetens
1120 811 1260 880 apud
1287 820 1339 865 te
1368 814 1587 866 verbum
1616 824 1994 880 retractareiu,

425 902 583 972 cujus
612 903 952 957 coaversatio
982 903 1419 956 circumeisionis
1470 914 1553 958 est
1600 904 1993 972 interpretatio,

426 1005 479 1049 ct
511 995 616 1047 vita
652 993 813 1047 totius
850 994 980 1061 legis
1024 994 1317 1048 enarratio.
1358 993 1430 1047 Ex
1481 1010 1545 1049 eo
1597 996 1860 1063 siquidem
1913 997 1995 1049 lex

427 1085 638 1139 videtur
669 1086 920 1150 obscura,
955 1086 1209 1153 quoniam
1246 1102 1402 1138 rarus
1440 1088 1490 1139 iii
1526 1103 1632 1155 quo
1664 1088 2000 1154 conspicitur

425 1175 637 1229 exsistit
671 1190 686 1229 :
718 1174 808 1228 Dei
837 1174 981 1228 enim
1009 1176 1230 1227 verbum
1262 1176 1365 1225 vita
1390 1185 1492 1234 est,
1525 1184 1579 1227 et
1608 1191 1704 1227 nos
1737 1175 1898 1227 aliter
1922 1178 2002 1227 vi-

430 1267 600 1320 vendo
623 1282 782 1334 quant
810 1267 916 1320 vita
940 1274 1042 1329 est,
1072 1267 1291 1319 verbum
1318 1264 1409 1318 Dei
1438 1266 1663 1319 facimus
1686 1266 1997 1319 obscurum.

424 1357 581 1423 Quod
629 1359 674 1413 si
718 1373 778 1412 ea
831 1358 937 1410 vita
983 1372 1100 1425 qua:
1151 1358 1329 1411 solum
1384 1358 1484 1409 vita
1531 1368 1615 1409 est
1660 1358 1995 1420 viveremus,

425 1451 772 1503 enarratione
801 1448 934 1516 legis
965 1448 1083 1516 ejus
1118 1462 1254 1515 opus
1289 1463 1390 1500 non
1422 1456 1557 1510 erat,
1596 1463 1753 1515 quam
1795 1447 2001 1502 [acilius

424 1551 543 1594 erat
572 1542 755 1594 videre
786 1556 946 1608 quain
980 1540 1122 1608 loqui
1157 1556 1171 1592 :
1201 1541 1639 1608 quandoquidem
1673 1557 1775 1593 non
1807 1541 1860 1593 in
1892 1556 2004 1593 sero

338 1616 359 1666 ν’
425 1649 577 1686 mone
605 1641 679 1686 est
714 1647 923 1701 regnum
958 1631 1072 1696 Dei,
1101 1631 1190 1683 sed
1243 1632 1291 1682 in
1325 1632 1514 1683 virtute
1546 1631 1593 1701 (I
1624 1631 1748 1686 Cor.
1784 1646 1856 1695 iv,
1886 1631 1998 1699 20).

427 1722 593 1774 Nobis
624 1736 752 1790 ergo
789 1737 854 1775 ex
890 1721 1187 1774 abundanti
1238 1721 1363 1775 licet
1411 1723 1549 1788 apud
1593 1732 1644 1773 te
1685 1722 1999 1786 dissertare,

2097 553 2215 606 qua:
2245 550 2404 589 causa
2431 542 2537 596 est,
2572 540 2628 584 ιιι
2650 544 2768 583 eam
2809 536 3015 598 partem
3050 524 3316 595 corporis,
3343 537 3463 591 qum
3488 534 3672 574 secreo

2100 630 2205 681 tior
2237 634 2290 680 et
2324 625 2591 680 occultior
2625 630 2729 683 est,
2767 630 2860 673 aiit
2889 634 3008 672 eam
3040 633 3161 685 quae
3191 631 3217 668 a
3254 614 3457 669 Griecis
3487 611 3669 678 φύσξς,

2098 738 2126 775 a
2152 722 2305 775 nobis
2330 718 2529 772 dicitur
2553 725 2770 774 natura,
2796 710 2859 765 ad
2885 706 3389 763 circumcidendum
3419 702 3675 756 Dominus

2100 810 2318 880 elegerit
2355 826 2370 862 :
2398 808 2490 877 qiti
2521 806 2710 873 utique
2733 802 2802 856 ob
2830 803 3039 870 signum
3073 814 3180 868 quo
3211 797 3423 850 volebat
3448 793 3675 847 famulos

2100 919 2228 959 suos
2256 904 2306 956 in
2337 901 2569 956 Abrahae
2595 899 2802 954 semine
2827 895 3062 960 censeri,
3090 893 3142 947 id
3167 891 3433 961 potuisset
3456 889 3673 957 eligere,

2102 993 2245 1063 quod
2273 993 2325 1046 iii
2355 991 2641 1061 propatulo
2677 989 2908 1058 positum
2940 989 3007 1038 ab
3044 983 3300 1037 omnibus
3335 987 3676 1041 cerneretm',

2101 1097 2155 1140 et
2188 1086 2295 1139 alio
2327 1084 2546 1138 nomine
2581 1092 2874 1137 vocaretur
2908 1095 2923 1132 :
2959 1078 3047 1131 ubi
3077 1092 3178 1131 nec
3208 1076 3261 1129 in
3295 1074 3453 1143 signo
3485 1072 3679 1125 obscu-

2107 1176 2258 1237 ritas,
2294 1190 2394 1227 nec
2427 1172 2677 1227 confusio
2710 1179 2855 1225 esset
2886 1169 2938 1221 in
2978 1166 3217 1221 nomine.

2175 1265 2262 1319 lll.
2304 1265 2409 1320 Sed
2454 1277 2681 1333 utraque
2724 1263 2901 1330 imago
2935 1262 3197 1314 rationem
3235 1256 3421 1310 habuit
3454 1253 3679 1324 gemina

2106 1359 2349 1412 veritatis
2388 1374 2403 1412 :
2440 1373 2601 1425 quam
2646 1357 2771 1408 dum
2817 1354 3006 1422 loquar
3047 1352 3298 1419 impende
3340 1347 3674 1416 patientiam,

2107 1462 2162 1502 ut
2192 1465 2312 1519 quas
2347 1447 2820 1502 circumcisionem
2859 1446 3004 1497 illam
3042 1445 3093 1497 in
3128 1442 3239 1496 vita
3288 1452 3375 1495 tua
3418 1454 3524 1493 non
3562 1453 3680 1491 esse

2105 1541 2392 1603 credebas,
2439 1555 2580 1593 nunc
2615 1539 2786 1591 vitam
2839 1545 2986 1589 tuam
3028 1536 3083 1589 in
3133 1535 3218 1588 illa
3266 1530 3682 1587 circumcisione

2107 1632 2436 1700 conSpicias.
2467 1631 2543 1683 Ac
2580 1632 2813 1699 primum
2846 1629 2912 1681 de
2944 1626 3225 1680 secretiori
3260 1632 3412 1694 parte
3440 1620 3683 1688 corporis

2108 1724 2235 1793 quid
2265 1722 2554 1791 ﬁgurabat,
2584 1720 2829 1774 adverte.
2860 1718 2998 1771 llliid
3029 1719 3147 1770 sine
3174 1716 3336 1769 dubio
3362 1713 3505 1783 quod
3537 1722 3684 1779 post-

426 1814 568 1880 qnod
599 1813 884 1866 didicimus
917 1812 968 1864 in
1012 1823 1078 1873 te,
1119 1812 1212 1865 tibi
1252 1813 1482 1880 prodere
1511 1814 1655 1880 quod
1702 1814 1857 1866 nobis
1893 1814 1999 1865 vita
2037 1825 2076 1877 Β
2108 1814 2321 1867 ιιιοιΙιιιιι
2361 1812 2624 1865 Dominus
2656 1810 3005 1873 monstravit,
3043 1822 3109 1861 ne
3139 1808 3406 1876 justitiam
3439 1818 3681 1859 nostrain

430 1917 521 1957 tua
569 1906 841 1974 priestitit,
874 1920 942 1957 ne
986 1915 1129 1957 esset
1158 1905 1468 1957 obscurum.
1505 1902 1608 1956 Sed
1639 1906 1766 1973 quid
1802 1920 2000 1957 novum

430 1998 722 2063 loquimur,
759 1997 801 2049 si
835 2006 927 2047 aut
955 2002 1010 2047 tu
1052 1997 1198 2062 quod
1230 1996 1461 2048 locuturi
1489 2011 1677 2049 sumus
1718 1998 1817 2048 hoc
1847 1997 2002 2055 vivis.

427 2098 519 2139 aut
548 2089 591 2141 si
621 2088 761 2156 apud
796 2094 849 2140 te
882 2088 1023 2154 quod
1062 2088 1113 2139 iti
1150 2096 1199 2138 te
1229 2087 1519 2141 didicimus
1553 2088 1654 2139 hoc
1686 2087 2001 2155 loquimur:

427 2194 550 2233 cum
602 2189 657 2230 et
706 2193 914 2232 memor
959 2193 1147 2231 eorum
1186 2194 1308 2245 quae
1360 2179 1604 2231 meminit
1642 2181 1844 2232 monita
1896 2196 2003 2232 non

426 2283 666 2340 quierat,
698 2280 752 2322 et
781 2271 971 2323 doctus
1005 2284 1107 2321 non
1150 2283 1213 2322 ea
1238 2284 1358 2336 qua:
1385 2270 1498 2337 jam
1530 2270 1697 2323 callet
1730 2269 2005 2339 inquirat?

500 2362 561 2416 11.
603 2361 680 2414 Τιι
722 2362 965 2429 quidem,
1013 2362 1119 2413 illia
1163 2361 1542 2423 dilectissima,
1588 2363 2008 2418 circumcisione

428 2456 564 2508 vivis
600 2455 774 2509 :niilii
808 2463 988 2506 tamen
1033 2452 1374 2520 propositum
1422 2464 1505 2505 est
1540 2452 1668 2505 illud
1708 2463 1882 2507 tecum
1925 2455 2006 2507 lo-

428 2548 544 2615 qui,
587 2561 757 2612 quare
796 2560 900 2596 non
941 2545 991 2595 in
1027 2546 1216 2611 digito,
1248 2560 1355 2596 non
1402 2548 1452 2596 iii
1498 2559 1650 2609 aure,
1688 2546 1861 2598 aliave
1887 2561 2008 2600 cor-

430 2638 579 2707 poris
609 2648 765 2707 parte
798 2638 891 2689 liat
920 2636 1273 2691 circumcisio
1303 2636 1643 2701 .ludaiorum,
1671 2653 1789 2704 quas
1821 2640 2007 2707 utique

431 2731 552 2785 sine
599 2730 809 2783 ratione
848 2744 970 2785 esse
1010 2729 1307 2795 diceretur,
1344 2730 1387 2783 si
1425 2745 1454 2782 a
1493 2730 1601 2783 Deo
1643 2731 1863 2784 inventa
1905 2747 2008 2785 non

429 2830 597 2875 esset.
629 2818 776 2872 Nihil
806 2820 950 2871 enim
982 2820 1100 2873 sine
1129 2821 1340 2873 ratione
1374 2819 1431 2873 lit
1477 2836 1573 2888 per
1608 2820 1773 2873 Deum
1823 2838 1838 2877 :
1879 2822 2009 2874 nihil

430 2910 677 2975 ensibus,
704 2921 961 2976 ntgeutes
980 2912 1297 2979 loquuntur,
1323 2910 1585 2975 fortuitis,
1616 2914 1751 2967 nihil
1777 2914 2011 2983 denique

432 3003 665 3059 fortuna:
692 3005 745 3057 in
775 3004 864 3057 illo
894 3004 1181 3057 temeritati
1214 3004 1357 3058 licet.
1392 3004 1493 3074 Ipsi
1524 3008 1669 3060 enim
1696 3008 1824 3061 caici
1857 3018 2007 3070 sunt,

430 3097 524 3164 qui
578 3096 722 3149 illam
774 3105 964 3163 putant
1013 3096 1210 3149 habere
1256 3096 1456 3167 aliquid
1508 3105 1818 3167 potestatis.
1868 3099 2010 3153 Deus

432 3195 639 3248 autem,
665 3185 758 3255 qui
791 3187 906 3255 ipse
934 3186 1071 3238 ratio
1096 3196 1201 3249 est,
1230 3197 1290 3238 ut
1312 3186 1445 3239 nihil
1472 3201 1577 3240 non
1615 3187 1771 3255 plena
1802 3191 2011 3244 ratione

434 3279 722 3334 formavit;
757 3278 832 3331 ita
863 3278 997 3331 nihil
1018 3280 1083 3331 ab
1105 3278 1323 3331 homine
1347 3280 1461 3331 ﬁeri
1478 3280 1595 3332 sine
1615 3293 1826 3335 ratione
1846 3297 2011 3335 man-

431 3371 601 3424 davit.
633 3370 769 3423 Nam
802 3371 848 3424 si
881 3371 1150 3423 elementa
1179 3385 1297 3438 quin
1327 3371 1607 3424 cernimus
1628 3383 1772 3426 tanta
1798 3375 2012 3428 ratione

432 3462 686 3530 digessit,
711 3470 931 3514 utterra
960 3462 1075 3515 hate
1105 3470 1269 3525 esset,
1294 3477 1456 3530 super
1486 3476 1647 3530 quam
1674 3466 1875 3532 reliqua
1899 3481 2010 3518 ino-

438 3561 713 3618 ierentur,
770 3553 1086 3617 immobilis,
1123 3564 1184 3606 ut
1236 3568 1504 3621 aquarum
1536 3568 1684 3607 vena:
1727 3554 2012 3609 altioribus

438 3645 719 3699 montibus
747 3644 1137 3710 conderentur,
1174 3659 1206 3699 a
1236 3645 1439 3713 quibus
1468 3656 1588 3698 orta
1623 3645 1845 3699 ﬂumina
1884 3651 2011 3700 dum

440 3753 538 3805 per
567 3738 737 3790 multa
767 3739 941 3805 spatia
968 3738 1268 3791 decurrunt
1303 3740 1430 3801 late,
1467 3740 1689 3807 potandi
1727 3756 1882 3793 nsunt
1917 3757 2013 3810 per

436 3845 653 3884 omnem
678 3839 906 3885 tractuni
931 3848 994 3885 cu
1006 3847 1125 3885 rsns
1149 3833 1229 3885 sui
1254 3833 1628 3886 animantibus
1648 3834 2008 3888 exlnberent:

437 3933 496 3976 ιιι
524 3925 699 3993 ipsum
726 3940 874 3979 mare
900 3926 1058 3993 aquis
1082 3926 1429 3980 inﬂuentibus
1454 3942 1559 3980 non
1583 3938 1883 3989 excrescat,
1920 3928 2013 3980 sed

438 4026 498 4068 ut
528 4017 676 4071 velut
709 4028 895 4070 venter
926 4020 1143 4084 quidam
1182 4018 1399 4071 laticum
1441 4035 1609 4087 aquas
1639 4021 1793 4072 sitire
1831 4022 2014 4072 videa-

440 4119 531 4160 tur
566 4126 580 4162 :
614 4123 683 4160 ne
717 4108 799 4161 vel
838 4108 1080 4162 fontibus
1126 4110 1178 4161 in
1224 4125 1491 4163 aeternum
1525 4113 1895 4175 manantibus,
1931 4112 2013 4163 vel

437 4204 757 4258 ﬂuminibus
783 4204 901 4257 sine
930 4204 1036 4258 line
1067 4206 1435 4269 currentibus,
1460 4205 1541 4258 rei
1570 4206 1764 4272 pluviis
1796 4208 2015 4260 assidue

442 4297 749 4361 ruentibus,
773 4306 1032 4366 perpetuo
1058 4307 1203 4350 terra
1236 4297 1444 4350 diluvio
1469 4306 1737 4367 tegeretur
1764 4314 1778 4348 ;
1813 4308 1872 4351 ιιι
1904 4315 2014 4353 cm-

437 4391 551 4444 lum
584 4400 782 4460 praeter
830 4391 1223 4460 plenitudinem
1272 4391 1415 4442 illam
1483 4390 1616 4444 lucis
1654 4393 1705 4443 in
1745 4393 1879 4452 sole,
1919 4409 2015 4444 no-

435 4479 651 4532 cturnis
695 4478 860 4531 etiam
910 4479 1181 4532 sideribus
1231 4481 1484 4546 radiaret,
1508 4496 1575 4533 ne
1618 4483 1759 4549 quod
1805 4494 2014 4550 tempus

422 4568 671 4640 egenum
728 4570 946 4624 luminis
985 4571 1334 4624 haberemus.
1384 4574 1439 4624 Si
1486 4588 1616 4642 ergo
1665 4576 1779 4625 haec
1817 4577 2015 4628 transi-

437 4663 605 4727 toria,
634 4672 691 4716 ιιι
717 4664 832 4732 ipse
854 4665 930 4716 ait
963 4680 975 4717 :
1003 4661 1205 4717 Casium
1226 4678 1271 4717 et
1299 4675 1439 4716 terra
1469 4666 1764 4716 transiliuit.
1794 4664 2013 4731 (Matth.

442 4767 593 4820 niv,
629 4753 742 4821 55),
779 4758 859 4806 sic
891 4763 1158 4821 sapientia
1195 4755 1506 4822 descripsit,
1540 4767 1593 4808 ιιι
1622 4756 1778 4809 aliter
1808 4773 1870 4807 ea
1909 4773 2014 4809 non

440 4844 684 4912 potuisse
729 4856 850 4896 esse
896 4845 1217 4907 credamus;
1260 4845 1387 4912 quid
1424 4844 1676 4898 homines
1714 4848 1881 4913 ipsos,
1918 4861 2017 4916 pro

438 4936 638 5004 quibus
665 4936 777 4988 haec
801 4950 943 4989 nunc
967 4935 1038 4988 ita
1058 4935 1408 5006 excogitavit,
1435 4938 1726 5003 ordinavit,
1757 4941 2012 5008 instituit,

436 5032 560 5084 sine
587 5030 797 5083 ratione
832 5028 972 5081 forte
1008 5030 1188 5083 vivere
1218 5032 1464 5098 permisit
1503 5049 1516 5084 :
1548 5048 1765 5099 quarunt
1799 5034 2015 5101 adoptio

434 5133 515 5175 est
543 5122 802 5191 ﬁliorum,
827 5134 871 5174 et
904 5123 1097 5191 gloria,
1123 5132 1171 5175 et
1201 5121 1613 5180 Testamentum.
1643 5135 1691 5177 et
1728 5125 2013 5193 legislatio,

434 5225 485 5268 et
518 5216 841 5283 obsequium,
870 5225 919 5268 et
942 5216 1259 5284 promissa?
1302 5233 1525 5286 quorum
1583 5228 1781 5283 patres,
1817 5235 1877 5269 cx
1900 5222 2017 5288 qni-

433 5310 529 5361 bus
564 5310 723 5361 etiam
774 5318 849 5362 est
894 5307 1132 5363 Christus
1178 5313 1463 5363 secundum
1511 5329 1747 5374 carnem,
1799 5318 1887 5382 qui
1936 5322 2017 5366 est

435 5403 735 5454 benedictus
798 5404 854 5454 iu
936 5403 1153 5458 sa’cula.
1215 5402 1412 5473 (Rom.
1456 5420 1532 5466 ιι,
1584 5406 1637 5467 4,
1690 5405 1794 5470 5).
1860 5407 2017 5459 Absit

435 5511 586 5564 ergo,
625 5508 678 5548 ut
711 5498 968 5566 aquibus
1026 5500 1186 5551 etiam
1241 5498 1409 5551 liliitiit
1468 5504 1769 5552 secundum
1826 5498 2016 5551 homi-

441 5604 562 5642 ιευιιι
623 5591 795 5643 voluit
857 5592 1010 5653 oriri.
1052 5593 1130 5646 eis
1183 5608 1290 5647 ιιοιι
1324 5595 1481 5661 plena
1522 5592 1730 5645 ratione
1758 5592 2018 5646 conderet

432 5692 847 5738 testamentum.
884 5683 989 5738 Sed
1027 5686 1281 5753 quoniam
1322 5695 1430 5739 tant
1477 5687 1758 5740 evidenter
1802 5694 2021 5740 constat

429 5775 617 5831 omnia
653 5775 897 5831 ordinata
942 5790 1039 5845 per
1073 5776 1242 5834 Deum
1274 5778 1437 5849 plena
1483 5797 1604 5835 esse
1654 5780 1904 5843 rationis,
1960 5792 2018 5834 ut

2108 1918 2290 1956 coram
2329 1901 2638 1955 hominibus
2674 1900 3003 1963 faceremus,
3040 1898 3132 1951 sed
3164 1898 3216 1949 in
3252 1895 3467 1949 occulto
3499 1910 3683 1947 coram

2107 2012 2172 2049 eo
2201 1996 2338 2059 solo,
2369 1995 2454 2047 cui
2484 1993 2583 2047 soli
2617 1992 2750 2045 nihil
2784 1992 3064 2045 occultum
3097 2000 3202 2050 est,
3230 1998 3284 2041 et
3315 2001 3474 2055 quem
3506 1985 3681 2040 solum

2112 2096 2569 2141 remuneratorem
2618 2086 2883 2138 bonorum
2932 2081 3179 2135 novimus
3221 2093 3343 2134 esse
3386 2078 3684 2133 faeteruiti.

2108 2180 2241 2233 Nam
2274 2180 2359 2232 hic
2384 2188 2571 2232 nostra
2601 2175 2949 2229 circumcisio
2982 2188 3091 2227 non
3124 2171 3340 2226 videtur
3377 2187 3391 2225 :
3427 2169 3683 2239 quoniam

2109 2272 2350 2327 stultitia:
2379 2268 2645 2323 velamine
2669 2268 2815 2319 velut
2837 2274 2986 2320 veste
3013 2265 3210 2334 tegitur
3235 2261 3492 2316 mundiali
3525 2276 3543 2315 :
3577 2258 3688 2313 Nec

2109 2377 2240 2418 sane
2267 2379 2297 2416 a
2333 2361 2488 2415 nobis
2514 2373 2847 2429 magnopere
2878 2356 3300 2413 desiderantium
3329 2365 3434 2421 est,
3466 2363 3523 2407 ut
3554 2368 3687 2406 con~
3776 2402 3785 2403 ,

2112 2455 2452 2526 templationi
2491 2453 2735 2508 omnium
2774 2450 3119 2505 circumcisio
3160 2456 3346 2517 aperte
3380 2446 3682 2517 subiaceat,

2111 2564 2180 2601 ne
2217 2560 2423 2600 merces
2451 2546 2633 2612 Operis
2668 2557 2803 2612 pene
2835 2558 2929 2595 eos
2965 2545 3057 2602 sit.
3092 2554 3228 2609 quos
3262 2539 3508 2593 volumus
3549 2535 3688 2589 hanc

2114 2640 2317 2701 videre,
2353 2638 2569 2690 dicente
2608 2634 2836 2688 Domino
2871 2650 2887 2688 :
2931 2635 3094 2686 Amen
3129 2634 3245 2684 dico
3283 2633 3445 2692 vobis,
3477 2645 3686 2694 recepe-

2112 2741 2232 2782 runt
2270 2727 2554 2782 mercedem
2598 2744 2749 2780 suam
2788 2725 2996 2794 (Matth.
3032 2739 3103 2789 vr,
3138 2722 3192 2791 2)
3231 2740 3245 2776 :
3282 2721 3377 2776 sed
3421 2721 3494 2773 ita
3536 2734 3689 2771 vere-

2112 2829 2285 2881 cunde
2310 2825 2557 2878 habenda
2587 2833 2692 2888 cst,
2718 2831 2773 2876 et
2795 2822 3021 2875 velanda
3042 2820 3196 2886 juxta
3228 2835 3348 2873 eam
3375 2819 3684 2885 imaginem,

2114 2936 2279 2990 quam
2304 2917 2687 2972 abundantiori
2713 2918 2916 2970 honore
2941 2917 3283 2974 vestinins,ut
3308 2912 3550 2964 videntes
3569 2925 3689 2963 eam

2117 3032 2220 3068 non
2252 3015 2490 3076 videant,
2524 3013 2618 3065 sed
2652 3018 2961 3079 quaerentes
2997 3008 3363 3071 riniantesque
3404 3004 3549 3058 intus
3594 3018 3691 3057 nos

2072 3108 2267 3176 ,juxta
2318 3104 2635 3175 Aposmlum
2675 3103 2720 3173 (1
2761 3100 2887 3157 Cor.
2934 3118 2986 3165 v,
3030 3101 3139 3165 l2),
3175 3115 3313 3167 quos
3373 3101 3691 3152 seductorcs

2121 3207 2329 3268 putant.
2370 3211 2590 3250 veraces
2626 3210 2746 3250 esse
2796 3194 3066 3249 fateantur
3099 3211 3113 3247 :
3148 3208 3287 3262 quos
3323 3191 3458 3246 nihil
3492 3193 3693 3245 habere

2119 3290 2437 3352 credebant,
2467 3289 2646 3342 omnia
2675 3288 2954 3355 possidere
2983 3295 3317 3355 Cognoscant
3346 3302 3360 3339 :
3392 3298 3527 3353 quos
3558 3283 3693 3337 mori

2115 3382 2450 3448 judicabant,
2488 3381 2670 3433 vivere
2704 3381 2757 3432 in
2800 3389 3063 3433 aeternum
3116 3388 3402 3431 testentur.
3443 3376 3567 3430 lla-c
3609 3383 3696 3429 est

2120 3471 2287 3542 gloria
2308 3470 2738 3523 circumcistoiiis
2760 3466 2984 3521 occulta:
3009 3485 3021 3520 :
3046 3469 3159 3520 haec
3179 3468 3350 3535 partis
3368 3466 3694 3520 verecunda:

2121 3564 2225 3615 illis
2255 3563 2320 3615 ad
2353 3563 2663 3625 videndum,
2692 3562 2850 3615 nobis
2878 3561 2930 3613 iti
2967 3573 3156 3612 nnatro
3192 3574 3426 3627 corpore
3456 3575 3563 3611 non
3599 3573 3694 3612 ve-

2124 3657 2302 3707 renda:
2337 3671 2351 3706 :
2385 3654 2485 3707 hoc
2531 3653 2897 3706 testiinonium
2945 3654 3241 3721 gloriosmn
3277 3665 3401 3704 cum
3446 3652 3693 3705 conversi

2121 3759 2306 3798 amare
2342 3746 2586 3810 cupiunt,
2619 3758 2755 3812 quos
2793 3744 2972 3795 odisse
3013 3744 3339 3809 gaudebant.
3387 3741 3539 3797 Unde
3588 3757 3692 3795 non

2123 3836 2174 3889 in
2219 3852 2381 3889 cartte
2414 3836 2614 3904 palam,
2648 3835 2830 3888 sed’in
2865 3832 3080 3888 occulto
3130 3833 3308 3887 cordis
3351 3831 3523 3887 .ludzei
3572 3847 3696 3887 esse

2122 3927 2405 3991 debemus,
2434 3942 2539 3978 non
2574 3926 2775 3988 littera,
2805 3926 2900 3981 sed
2923 3926 3138 3994 Spiritu.
3163 3923 3294 3977 Nam
3322 3926 3497 3978 littera
3522 3925 3696 3979 oculis

2122 4023 2367 4087 sulijacet
2405 4022 2651 4071 nostris:
2697 4018 2921 4085 spiritus
2975 4017 3129 4070 nobis
3177 4015 3451 4071 carnalem
3498 4016 3695 4083 refugit

2122 4124 2405 4181 aspectum
2442 4127 2456 4163 :
2492 4121 2548 4163 ιιι
2593 4111 2709 4163 laus
2750 4110 2907 4177 juxta
2952 4110 3270 4177 Apostolum
3302 4125 3371 4163 ex
3416 4109 3544 4175 Deo,
3589 4126 3694 4164 non

2122 4219 2188 4255 ex
2228 4201 2539 4255 hominibus
2568 4202 2888 4268 acqnii-atur
2919 4218 2934 4255 :
2966 4216 3256 4255 vereantur
3289 4213 3466 4255 autem
3504 4204 3696 4256 audire

2124 4312 2151 4348 a
2185 4296 2409 4348 Domino
2436 4310 2451 4351 ;
2474 4293 2705 4358 Populus
2733 4293 2814 4345 liic
2838 4293 2992 4345 labiis
3024 4309 3102 4346 me
3130 4294 3379 4357 honorat,
3403 4311 3496 4348 cor
3521 4310 3697 4349 autem

2121 4400 2299 4437 eorum
2330 4390 2478 4453 longe
2511 4396 2584 4438 est
2635 4403 2666 4439 a
2706 4402 2783 4438 me
2824 4384 3046 4455 (Matt/1.
3083 4401 3171 4449 xv,
3216 4385 3292 4454 8).
3335 4387 3497 4442 Juxta
3547 4389 3694 4443 illuni

2049 4507 2092 4563 D
2124 4494 2212 4543 qui
2246 4477 2384 4543 quod
2416 4477 2720 4544 pertinebat
2749 4486 2817 4530 ad
2850 4478 3011 4538 labia,
3047 4478 3368 4547 magistrum
3406 4480 3601 4532 bonum
3630 4481 3697 4534 de

2120 4571 2265 4621 bono
2309 4573 2637 4635 quiesiturns
2672 4570 2911 4639 appellat
2959 4587 2974 4622 :
3020 4572 3109 4624 cui
3146 4571 3438 4636 vetuslex,
3493 4572 3544 4626 id
3589 4584 3693 4637 est,

2120 4663 2357 4713 carnalis
2388 4663 2729 4715 circumcisio
2769 4666 2914 4718 velut
2948 4666 2999 4716 in
3033 4666 3318 4732 snperticie
3350 4667 3526 4735 posita
3559 4671 3698 4722 reci-

2124 4769 2283 4818 tatur,
2316 4773 2476 4821 quam
2510 4772 2567 4809 se
2594 4758 2895 4824 complcssn
2923 4766 3173 4821 testatus,
3202 4759 3289 4811 ubi
3318 4760 3460 4825 quod
3491 4763 3556 4813 ad
3592 4746 3705 4814 cir-t

2119 4844 2504 4898 euincistonein
2528 4846 2708 4898 cordis
2729 4847 3034 4912 pertinebat
3054 4849 3294 4900 audivit:
3329 4847 3501 4901 Vende
3517 4852 3696 4903 omnia

2115 4948 2235 5002 qua:
2270 4935 2448 4997 trabes,
2492 4944 2539 4987 et
2585 4949 2795 5003 sequere
2832 4950 2909 4987 me
2944 4933 3167 5004 (Matth,
3208 4953 3318 5002 xu,
3348 4938 3439 5006 2i)
3479 4956 3492 4993 :
3527 4940 3699 4992 tristis

2120 5027 2406 5088 abscessit,
2444 5027 2607 5080 miser
2636 5044 2880 5095 prorsus.
2911 5031 3001 5096 qui
3030 5029 3183 5098 sequi
3209 5032 3380 5083 noluit
3415 5047 3571 5099 quem
3607 5033 3701 5083 bo-

2122 5134 2248 5171 iititii
2301 5120 2547 5189 ignorare
2595 5135 2701 5173 non
2750 5122 2947 5188 potuit.
2980 5120 3216 5176 interius
3250 5137 3382 5191 ergo
3434 5124 3566 5177 illud
3620 5131 3700 5176 est

2119 5213 2457 5280 signaculum
2489 5214 2917 5282 praeﬁguraium,
2958 5216 3100 5282 quod
3137 5217 3188 5268 in
3222 5216 3483 5272 invisibili
3523 5228 3699 5273 mente

2120 5317 2328 5369 nostra,
2363 5306 2431 5358 ab
2462 5307 2553 5359 illo
2585 5307 2845 5359 invisibili
2882 5316 3068 5361 nostro
3102 5307 3208 5361 Deo
3236 5309 3469 5372 videtur,
3505 5318 3562 5361 ut
3594 5325 3698 5361 non

2120 5413 2242 5449 eum
2281 5416 2309 5449 a
2359 5413 2466 5467 quo
2496 5399 2781 5451 invocetur
2815 5401 3047 5464 audiret,
3094 5402 3187 5453 sed
3222 5415 3346 5453 eum
3377 5415 3405 5453 a
3445 5416 3554 5470 quo
3582 5416 3697 5455 cre-

2122 5494 2343 5543 deretur
2372 5490 2675 5542 attendere.
2716 5487 2872 5543 Oculi
2905 5492 3047 5543 enim
3092 5490 3302 5544 Domini
3334 5506 3495 5559 super
3522 5492 3697 5559 justo:

2120 5581 2299 5652 (l’sal.
2338 5599 2528 5648 xxxiii,
2564 5584 2674 5652 lii),
2707 5587 2751 5637 si
2785 5588 2850 5637 ad
2889 5584 3161 5653 justitiam
3210 5587 3375 5639 corde
3423 5588 3696 5639 credatur.

2127 5677 2323 5732 Vernin
2351 5689 2530 5731 autem
2572 5694 2667 5732 nos
2704 5681 2931 5733 credere
2965 5690 3077 5734 toto
3108 5680 3275 5733 Corde
3307 5683 3620 5741 mentimur,
3654 5680 3697 5731 si

2126 5780 2186 5833 ab
2218 5776 2531 5832 imminide
2562 5774 2859 5843 accipimus
2892 5776 3173 5830 honorem.
3207 5774 3522 5840 Accipimus
3550 5774 3692 5827 enini
