4012 6188
197 247 278 313 197

999 242 1365 304 EPISTULA
1410 240 1571 304 XIX.
1620 243 1717 302 DE
1761 239 1963 330 νΕΙὶᾼ
2007 241 2636 306 CIRCUMCISIONE.

3332 242 3434 311 198

190 359 239 409 ab
297 353 622 407 hominibus
666 353 954 418 honorem,
1019 355 1064 406 si
1108 353 1480 424 eleemOsynas
1539 363 1754 408 nostras
1785 361 1826 417 Α
1861 365 1963 419 que
1988 351 2224 416 virtutis,
2253 369 2318 406 ne
2339 353 2460 419 quis
2485 351 2874 422 discipulorum
2900 350 3125 416 diceret,
3152 354 3294 421 quod
3318 356 3434 420 ipse

182 447 300 499 Iuba
335 445 540 514 populo
617 446 971 513 praedicatum
1005 445 1294 512 praecedat,
1337 460 1474 514 quas
1521 459 1620 498 nec
1661 459 1756 512 per

181 535 422 589 ofﬁcium
455 536 798 588 ministrandi
847 535 1123 589 dexteram
1169 549 1292 590 cum
1336 535 1556 590 sinistra
1611 549 1757 589 com-

178 629 457 680 municare
489 642 806 680 concessum
838 638 944 681 est.
974 627 1285 695 Accipimus
1331 628 1398 680 ab
1442 627 1758 682 hominibus

177 719 464 782 honorem,
507 717 550 770 si
581 716 784 786 jejunia
820 729 1001 772 nostra
1033 727 1089 773 et
1121 719 1450 774 abstinentia
1484 720 1754 785 ciborum,

179 810 359 876 populi
391 809 563 863 oculis
587 808 813 862 fractior
841 813 1076 864 mentitae
1114 811 1451 866 infirmitatis
1481 826 1758 866 commen-

179 902 268 953 det
304 901 576 962 incessus,
600 910 653 953 et
675 899 914 954 favorem
942 901 1082 968 vulgi
1118 902 1255 956 tristi
1285 903 1432 957 vultu
1462 904 1755 958 advocatus

179 991 352 1056 pallor
388 993 637 1058 acquirat
681 1007 695 1044 :
737 994 782 1045 si
829 1007 955 1046 vero
983 995 1048 1044 ad
1083 991 1312 1047 formam
1347 994 1546 1048 lietitia:
1576 998 1756 1052 vultus

180 1093 420 1147 erectus,
443 1085 677 1138 lavacris
705 1084 866 1137 etiam
895 1093 1179 1138 serenatur
1207 1100 1222 1140 :
1252 1085 1298 1139 si
1326 1095 1489 1154 caput
1517 1087 1585 1140 ad
1616 1088 1753 1140 ima-

179 1173 356 1242 ginem
388 1173 702 1228 festivitatis
736 1174 1041 1241 inungitnr,
1071 1190 1130 1228 ιιι
1154 1175 1254 1230 soli
1291 1175 1398 1231 Deo
1423 1176 1631 1246 jejunia
1661 1194 1757 1234 no-

180 1277 288 1317 ειη
326 1265 795 1330 commendantes,
829 1267 1101 1335 possimus
1149 1265 1332 1323 dicere
1381 1283 1396 1320 :
1449 1267 1753 1325 Voluntaria

177 1357 543 1425 sacriﬁcantes
569 1357 684 1419 tibi,
708 1357 926 1412 Domine
953 1358 1126 1429 (Psal.
1157 1375 1278 1425 LIII,
1303 1359 1378 1430 8).
1407 1361 1588 1429 Vides,
1617 1363 1751 1430 lilia,

180 1464 374 1514 nempe
402 1451 550 1518 quod
582 1449 736 1516 vivis,
764 1460 816 1505 et
848 1455 1320 1508 conversationem
1355 1463 1498 1508 tuam
1530 1466 1754 1512 secretae

179 1541 321 1594 illius
363 1540 798 1596 eircumcisionis
838 1544 1139 1612 agnoscis:
1182 1543 1316 1599 foris
1359 1559 1555 1614 egena,
1605 1547 1752 1604 intus

177 1629 322 1698 larga
354 1646 369 1682 :
410 1630 545 1684 foris
563 1630 682 1684 sine
707 1629 842 1698 lege,
869 1632 1013 1687 intus
1041 1634 1145 1688 sub
1181 1633 1298 1702 lege
1327 1651 1341 1688 :
1369 1638 1550 1706 papuli
1578 1640 1750 1694 oculis

1857 452 2002 496 esset
2033 443 2300 498 Christus.
2335 443 2468 498 Mira
2499 446 2654 512 ratio,
2691 460 2795 498 non
2829 445 2942 498 vult
2973 444 3256 513 praedicari
3287 448 3432 514 quod

1857 535 2053 604 gaudet
2077 535 2297 605 intelligi
2333 553 2347 590 :
2382 539 2604 606 agnosci
2636 547 2806 601 amat,
2833 546 2884 591 et
2915 537 3027 590 odit
3055 539 3267 591 ostendi
3303 555 3318 591 :
3351 540 3434 592 sic

1856 625 2171 696 mysterium
2218 627 2446 682 obtectas
2485 628 2929 683 circumcisionis
2959 642 3244 681 exercens.
3295 627 3432 680 Nam

1855 716 2060 769 mavult
2095 731 2153 770 se
2185 717 2462 772 inventum
2494 733 2616 774 esse
2645 733 2807 789 quam
2841 719 3139 788 proditum,
3169 729 3226 773 ut
3258 720 3432 773 virtus

1856 820 1952 859 sua
1993 806 2165 872 illum,
2220 823 2322 862 non
2385 807 2537 864 favor
2564 807 2944 864 manifestaret
2975 809 3184 863 alienus
3215 825 3432 878 :quan-

1855 912 2014 965 quam
2049 900 2102 952 in
2135 900 2238 954 hoc
2281 911 2550 971 pracepto
2599 911 2652 955 et
2689 902 2836 957 aliud
2865 902 3236 970 intelligentia
3259 915 3430 972 genus

1853 1004 2130 1045 occurrat.
2153 989 2314 1045 Vetat
2344 992 2608 1048 Dominus
2638 995 2906 1052 hoclunde
2927 993 3144 1048 Petrum
3177 995 3430 1047 laudave-

1857 1089 1935 1135 rat
1986 1083 2288 1151 prardicare
2324 1101 2338 1138 :
2389 1084 2742 1139 offendendos
2796 1085 3003 1152 utique,
3041 1084 3085 1138 si
3117 1093 3306 1138 contra
3334 1100 3428 1136 vo-

1857 1170 2116 1225 luntatem
2141 1171 2260 1241 ejus
2285 1175 2429 1241 quod
2455 1173 2647 1226 Petrus
2670 1183 2914 1227 senserat
2938 1171 3260 1236 faterentur,
3286 1188 3426 1239 quo-

1855 1261 2000 1314 niam
2054 1263 2098 1316 si
2158 1263 2471 1317 facultatem
2535 1263 2792 1331 loquendi
2851 1264 3088 1319 tribuere
3141 1264 3422 1327 voluisset,

1853 1353 2133 1408 excusatio
2181 1353 2444 1422 proditori
2483 1355 2866 1423 praedestinata
2905 1355 3233 1409 videbatur:
3274 1363 3426 1423 pote-

1857 1453 2049 1515 ratque
2092 1446 2298 1511 dicere,
2356 1446 2647 1514 permisisti
2697 1446 2854 1501 nobis
2892 1447 3170 1515 discipulis
3209 1448 3336 1510 tuis.
3368 1459 3429 1502 ut

1857 1547 1908 1591 te
1956 1537 2208 1593 omnibus
2262 1539 2645 1607 panderemus,
2699 1552 2802 1593 nec
2861 1539 3239 1608 imputandum
3293 1539 3425 1592 mihi

1854 1637 1953 1695 est,
1989 1631 2034 1684 si
2064 1629 2170 1682 alio
2209 1629 2277 1682 ad
2313 1638 2363 1682 te
2395 1630 2595 1690 aliquis
2636 1631 2820 1685 animo
2860 1631 3009 1684 venit
3036 1646 3199 1694 quam
3241 1645 3341 1698 ego
3377 1641 3429 1684 te

177 1720 453 1789 publicum
491 1724 713 1776 vitando
747 1724 1077 1792 convivium,
1110 1735 1428 1783 vocatorum
1461 1743 1624 1786 sensu
1659 1747 1750 1786 au-

1854 1728 1976 1773 tuus
2011 1719 2257 1774 laudator
2283 1719 2518 1774 ostendi.
2565 1720 2669 1774 Sed
2705 1721 2959 1788 quoniam
2997 1721 3257 1790 quidquid
3299 1735 3428 1789 pro-

179 1823 280 1865 teIn
317 1812 668 1884 evangelista
701 1818 960 1871 sociando
994 1819 1271 1874 meritum.

247 1901 341 1956 IV.
388 1904 496 1958 Sed
531 1905 598 1959 ad
631 1921 812 1960 veram
849 1907 1019 1974 ipsam
1059 1911 1220 1964 vitam
1245 1911 1533 1980 aliquando
1565 1914 1750 1976 venia-

178 2011 318 2058 mus,
345 1995 396 2047 id
419 2007 524 2058 est,
551 1997 616 2048 ad
645 1996 927 2051 Dominum
952 2009 1197 2055 nostrum
1219 2001 1401 2058 Jesum
1426 2003 1702 2060 Christum
1731 2024 1745 2060 :

184 2088 474 2142 videamus
508 2105 576 2142 an
617 2090 724 2144 tale
759 2091 961 2159 aliquid
998 2093 1184 2148 docuit
1216 2103 1270 2150 et
1302 2096 1450 2162 fecit,
1487 2099 1744 2166 quoniam

174 2177 308 2244 quod
339 2179 544 2247 factum
574 2191 654 2233 est
689 2183 742 2234 in
770 2182 862 2236 illo
892 2188 1000 2237 vita
1029 2195 1144 2238 erat
1175 2185 1357 2254 (Joan.
1393 2203 1432 2252 I,
1460 2189 1516 2256 4)
1559 2204 1576 2254 ;
1613 2191 1659 2244 si
1691 2200 1744 2244 et

175 2271 286 2339 ipse
314 2273 792 2326 circumcisionem
816 2275 982 2329 veluti
1006 2276 1060 2329 in
1087 2279 1297 2332 occulta
1323 2291 1478 2346 parte
1503 2283 1748 2349 corporis

172 2369 451 2428 operatus,
488 2363 654 2416 voluit
680 2363 748 2416 ab
781 2364 1114 2431 hominibus,
1154 2377 1209 2422 et
1237 2383 1300 2422 ea
1331 2385 1450 2438 quae
1489 2369 1746 2438 faciebat,

174 2467 222 2504 εει
253 2455 346 2506 ille
370 2456 494 2522 quis
518 2465 666 2509 esset
695 2460 934 2527 agnosci.
961 2458 1036 2512 Ac
1061 2460 1292 2529 primum
1321 2471 1444 2530 post
1468 2463 1746 2519 ccclestem

178 2546 317 2598 illam
351 2547 654 2600 doctrinam
699 2553 764 2602 de
813 2560 995 2604 monte
1035 2552 1390 2616 descendens,
1426 2555 1745 2623 populorum

179 2650 232 2686 se
251 2637 642 2689 admirantium
665 2639 896 2706 stipatus
921 2639 1254 2707 agminibus,
1281 2641 1482 2708 leprosi
1511 2642 1748 2698 hominis

180 2725 364 2778 sordes
392 2727 707 2780 emaculans
739 2726 956 2796 (Matth.
992 2745 1112 2793 vui,
1139 2729 1175 2782 2
1195 2730 1398 2801 seqq.),
1431 2747 1527 2801 pro
1557 2733 1750 2787 salutis

180 2825 334 2867 tanta:
361 2818 648 2882 beneﬁcio,
678 2833 783 2871 non
809 2820 1042 2884 laudem,
1073 2837 1177 2874 non
1203 2821 1573 2877 celebritatem
1599 2840 1749 2878 com-

179 2909 317 2959 muni
353 2906 636 2960 hominum
669 2923 821 2962 more
855 2911 1130 2966 desiderat
1163 2929 1178 2966 :
1214 2915 1309 2966 sed
1352 2912 1452 2969 sibi
1483 2915 1582 2969 soli
1617 2916 1744 2983 quid

177 3009 314 3050 esset
361 3000 644 3062 conscius,
695 3005 960 3068 majorum
1006 3017 1112 3058 non
1155 3005 1358 3074 indiget
1405 3008 1739 3062 testimonio.
1769 3037 1816 3098 Β

173 3088 328 3142 .lubct
361 3091 518 3142 illum
548 3093 752 3146 nemini
784 3109 1006 3148 nat-rare
1035 3110 1187 3149 suam
1224 3099 1479 3152 virtutem
1513 3113 1530 3154 :
1559 3112 1742 3153 secre-

171 3189 276 3230 tum
307 3195 528 3247 qucque
561 3180 754 3235 divinae
781 3181 1093 3250 Majestatis,
1126 3185 1270 3254 quod
1301 3187 1616 3257 mysterium
1654 3186 1742 3239 ln-

169 3271 506 3324 carnationis
533 3271 796 3336 occuluit,
825 3275 891 3327 ab
917 3287 983 3328 eo
1013 3275 1104 3345 qui
1135 3286 1359 3330 sanatus
1395 3277 1595 3344 fuerat,
1629 3281 1742 3334 vult

169 3361 312 3414 sileri
353 3378 368 3414 :
406 3378 475 3414 ne
508 3363 739 3431 gloriam
770 3365 925 3433 quasi
960 3367 1118 3420 homo
1160 3382 1405 3435 qurerere
1441 3371 1738 3436 videretur,

163 3468 323 3520 quam
348 3455 457 3507 alio
487 3470 636 3510 more
659 3466 714 3509 et
745 3459 970 3527 mystica
998 3459 1206 3512 ratione
1229 3462 1493 3531 suscepit.
1524 3462 1656 3516 Nam
1683 3475 1741 3518 ut

168 3561 224 3598 se
254 3547 515 3600 ostendat
545 3550 839 3612 sacerdoti,
867 3560 921 3605 et
955 3565 1152 3605 munus
1185 3553 1294 3606 Deo
1322 3553 1538 3619 offerat,
1571 3556 1740 3622 impe-

169 3640 305 3691 r.ivit
339 3655 353 3690 :
387 3647 443 3692 et
471 3639 576 3692 hoc
603 3656 822 3707 munus,
850 3643 994 3711 quod
1021 3645 1277 3712 praecepit
1305 3643 1512 3716 Moyses
1572 3648 1624 3700 in
1661 3658 1740 3701 te-

168 3731 484 3784 stinionium
512 3730 640 3794 illis,
665 3743 721 3786 ut
749 3733 880 3787 dum
918 3745 1064 3790 tacet
1096 3737 1236 3803 quod
1271 3739 1423 3804 quasi
1461 3737 1603 3792 filitts
1639 3740 1736 3792 ho-

167 3823 327 3874 minis
363 3822 675 3889 imperavit,
711 3823 844 3893 legis
875 3829 1056 3894 potius
1093 3830 1341 3881 mandata
1374 3844 1531 3898 quam
1569 3831 1737 3901 Moysi

169 3911 308 3967 Deus
337 3912 459 3981 ipse
488 3914 659 3980 dedit,
682 3917 881 3971 elliciat
908 3933 926 3971 :
953 3927 1010 3972 ut
1038 3928 1091 3972 et
1116 3919 1242 3973 dum
1277 3921 1547 3975 hominem
1577 3938 1736 3991 quem

168 4009 214 4056 ιιι
253 4021 427 4060 carne
467 4007 677 4060 viderat
713 4009 936 4064 laudare
972 4010 1310 4079 prohibetur,
1351 4010 1516 4066 Demn
1557 4021 1735 4068 tamen

169 4101 214 4147 in
269 4099 515 4151 muneris
566 4099 841 4154 oblatione
896 4103 1224 4170 Inagniﬁcct.
1277 4101 1371 4156 Sic
1423 4103 1590 4172 gloria
1644 4107 1736 4160 lilii

166 4186 400 4239 hominis
430 4205 553 4256 qua:
581 4207 674 4258 per
696 4191 916 4257 jauuam
947 4193 1282 4260 prohibetur,
1311 4209 1408 4263 per
1433 4210 1492 4248 se
1523 4207 1735 4251 uterum

165 4275 371 4328 videtur
407 4276 631 4342 intrare,
668 4279 797 4331 dum
827 4293 932 4333 non
968 4279 1161 4352 [illam
1199 4282 1351 4354 vero]
1382 4284 1536 4353 quasi
1576 4288 1736 4340 homo

1853 1807 2070 1862 hibetur
2123 1809 2368 1864 illicitum
2405 1819 2541 1864 est:
2593 1826 2622 1863 a
2690 1811 2838 1864 nullo
2903 1824 2962 1864 se
3040 1810 3206 1864 voluit
3264 1812 3429 1879 digne

1849 1900 2116 1953 celebrari
2171 1901 2295 1952 dum
2341 1915 2371 1954 a
2416 1899 2550 1955 Juda
2586 1903 2910 1970 proderetur
2967 1904 3205 1972 indigne.
3258 1901 3426 1956 Jubet

1850 2001 1978 2056 ergo
2005 1987 2283 2056 discipulis
2331 2002 2396 2042 ne
2430 1990 2514 2042 cui
2548 1991 2754 2054 dicant,
2783 1993 2928 2058 quod
2981 1991 3092 2058 ipse
3123 2002 3205 2045 est
3256 1990 3421 2045 Clui-

1851 2088 1989 2132 Stus.
2038 2077 2234 2132 Tendit
2279 2080 2549 2134 sententia
2610 2080 2974 2135 iuterdictalis
3022 2083 3073 2134 in
3119 2082 3338 2148 ludam,
3375 2091 3428 2136 et

1851 2169 2137 2236 praevisum
2171 2170 2384 2240 jugulat
2417 2171 2774 2240 proditorem,
2819 2173 2935 2240 ipso
2971 2173 3137 2226 verbo
3171 2177 3424 2240 praecepti

1853 2261 2188 2328 majestatem
2211 2263 2452 2331 signans,
2474 2277 2595 2332 quae
2617 2274 2737 2317 erat
2762 2265 3095 2332 designanda
3133 2277 3425 2334 praecepto.

1851 2348 2037 2404 Refert
2068 2350 2406 2421 EVangclisla
2443 2353 2528 2408 bis
2561 2354 2739 2410 verbis
2768 2373 2782 2410 :
2820 2355 2966 2407 Tunc
2997 2357 3272 2424 imperavit
3337 2360 3424 2410 di-

1849 2443 2064 2510 scipulis
2083 2444 2218 2507 suis,
2246 2453 2302 2496 ut
2323 2445 2518 2498 nemini
2547 2447 2777 2498 dicerent
2816 2447 2954 2515 quod
2982 2447 3092 2513 ipse
3113 2457 3246 2499 esset
3268 2447 3430 2500 Chri-

1851 2547 1962 2587 stus
1999 2533 2160 2603 (Ibid.
2193 2535 2312 2599 20).
2344 2535 2412 2590 Ει
2441 2535 2609 2591 ludas
2639 2539 2882 2606 proditor
2914 2539 2998 2592 his
3029 2539 3124 2607 qui
3152 2554 3270 2592 cum
3307 2539 3427 2610 ipso

1853 2637 2108 2678 venerant
2135 2625 2211 2678 ait
2234 2643 2248 2678 :
2277 2624 2398 2695 Ipse
2425 2634 2523 2690 est,
2550 2636 2718 2680 tenete
2740 2643 2859 2682 eum
2887 2628 3105 2699 (Matth.
3132 2644 3281 2692 xxVI,
3307 2629 3422 2696 48).

1851 2715 1911 2768 ln
1949 2717 2168 2768 verbum
2201 2717 2583 2784 prohibitionis
2617 2717 2912 2773 declinatio
2937 2721 3420 2778 obsecundatiOnis

1851 2807 2102 2869 incurrit,
2125 2816 2180 2858 et
2205 2822 2270 2859 ue
2297 2808 2540 2862 obtentui
2574 2809 2641 2862 ad
2664 2812 3071 2865 excusationem
3097 2827 3217 2866 esse
3243 2827 3426 2880 posset

1849 2897 2069 2958 oblivio,
2116 2897 2304 2951 infelix
2349 2900 2608 2953 memoria
2661 2903 2711 2954 in
2763 2903 3106 2968 sacrilegium
3160 2903 3422 2960 volvenda

1851 2990 2140 3058 suggessit,
2169 2991 2292 3043 dum
2324 2991 2437 3060 ipse
2466 2993 2715 3060 proditur
2738 2994 2804 3048 de
2827 3010 3086 3049 sermone
3109 3011 3216 3064 quo
3243 3008 3420 3058 cavet,

1848 3080 1926 3134 sic
1971 3081 2183 3147 utrique
2230 3085 2368 3135 ratio
2413 3099 2518 3136 non
2563 3086 2830 3154 mquauda
2875 3087 3143 3140 subsistit.
3185 3085 3320 3142 Nam
3364 3099 3422 3144 et.

1847 3169 2102 3226 Dominus
2154 3174 2395 3228 ostendit
2453 3177 2532 3230 sic
2595 3191 2655 3231 se
2715 3178 3051 3247 prodendum
3113 3194 3234 3236 esse
3291 3181 3418 3236 dum

1846 3269 2046 3334 prodit.

1919 3356 1976 3410 V.
2015 3358 2119 3412 Sed
2152 3359 2394 3428 ignosce,
2427 3363 2567 3430 quod
2602 3361 2657 3416 in
2689 3361 2856 3416 alium
2895 3365 3167 3420 tramitem
3205 3367 3422 3435 exposi-

1846 3451 2008 3505 tionis
2045 3467 2237 3507 sensus
2272 3453 2363 3506 Dei
2405 3455 2571 3510 verbo
2607 3455 2885 3522 cupiosior
2914 3460 3170 3523 excessit,
3206 3459 3332 3514 licet
3365 3469 3418 3513 to

1842 3543 2075 3608 amplius
2123 3545 2454 3600 contristent
2495 3561 2788 3614 suppressa
2833 3563 2993 3616 quam
3046 3550 3258 3618 prodita
3315 3560 3418 3604 :et

1845 3634 2014 3700 Inagis
2049 3633 2116 3685 de
2143 3633 2225 3687 his
2256 3635 2419 3688 rebus
2461 3635 2622 3688 silere
2660 3636 2760 3689 tibi
2790 3651 2948 3704 quam
2989 3637 3097 3690 dici
3131 3639 3414 3706 copiosius

1847 3723 2124 3788 irascaris,
2154 3738 2271 3792 qua:
2301 3722 2515 3778 Domini
2541 3725 2747 3794 judicia
2777 3741 2874 3792 pro
2908 3740 3042 3780 auro
3074 3735 3128 3780 et
3163 3729 3418 3794 pretiosis

1843 3813 2114 3882 lapidibus
2139 3817 2503 3884 concupiscis,
2537 3816 2590 3870 in
2613 3819 2811 3886 quibus
2831 3817 2935 3872 mel
2994 3819 3087 3871 tibi
3123 3817 3416 3887 {avumque

1841 3919 2178 3974 compensas,
2211 3914 2265 3958 et
2297 3907 2689 3960 desideriorum
2719 3923 2823 3960 non
2859 3921 3012 3961 cares
3039 3908 3202 3962 etiam
3237 3908 3414 3976 pleni-

1845 3994 2048 4058 tudine,
2101 3996 2202 4049 elsi
2251 3997 2537 4051 satureris.
2583 3996 2660 4052 Ac
2706 3999 2934 4067 proinde
2982 3997 3184 4052 factum
3233 4001 3414 4054 adhuc

1841 4089 2146 4156 exemplum
2178 4089 2247 4144 ab
2282 4090 2398 4158 ipso
2431 4091 2659 4144 Domino
2689 4102 3018 4160 repetamus,
3049 4101 3106 4146 ut
3138 4091 3293 4161 juxta
3331 4093 3412 4147 le-

1841 4196 1958 4249 gem
1989 4181 2040 4232 in
2067 4195 2163 4233 ore
2189 4179 2421 4234 duorum
2449 4182 2534 4234 vel
2566 4182 2728 4235 trimn
2759 4183 2976 4237 testium
3003 4197 3163 4236 onme
3190 4183 3411 4238 verbum

1839 4273 2106 4327 consiSIat
2137 4272 2344 4343 (illatth.
2383 4289 2536 4338 xviii,
2571 4273 2701 4344 l6);
2731 4283 2783 4327 et
2815 4289 2971 4342 quem
3003 4275 3157 4344 prodi
3189 4290 3248 4330 se
3276 4276 3414 4330 dixi-

161 4366 540 4431 praadicaudus
572 4378 676 4432 est,
709 4370 794 4422 cui
825 4380 881 4424 ut
912 4370 1024 4425 Deo
1067 4383 1193 4428 sunt
1217 4375 1557 4429 curationum
1607 4387 1730 4432 vota
1765 4383 1811 4440 Ι)
1841 4379 1958 4418 "HIS
2002 4367 2264 4428 “0103558.
2299 4367 2458 4420 etiam
2493 4381 2554 4421 se
2585 4366 2756 4420 Videl‘i
2800 4367 3036 4420 νοιυίδδθ
3067 4368 3360 4423 άοοεεηιυε
3394 4386 3409 4423 ε

161 4456 423 4507 solvenda
451 4472 463 4508 :
496 4472 595 4509 nec
622 4459 674 4510 in
705 4459 1002 4526 platearum
1029 4461 1243 4530 angulis
1268 4465 1564 4519 carnaliter
1591 4467 1732 4520 cele-

161 4546 425 4608 brandus,
457 4548 550 4614 qui
576 4547 932 4615 spiritualiter
961 4551 1029 4604 sit
1060 4555 1368 4607 adorandus
1397 4555 1451 4609 in
1485 4556 1682 4624 templo
1718 4571 1732 4612 :

161 4645 216 4681 ut
264 4633 309 4684 si
359 4634 656 4687 secundum
707 4636 978 4691 h0minem
1023 4637 1100 4692 nil
1143 4643 1392 4709 requirit,
1435 4646 1733 4697 secundum

160 4723 328 4775 Deum
375 4726 573 4777 divinae
617 4727 838 4781 virtutis
880 4729 1102 4797 gloriam
1141 4742 1534 4799 promereatur.
1570 4734 1734 4787 Addit.

159 4813 280 4865 huic
304 4815 527 4875 similia,
556 4823 607 4866 ut
639 4815 837 4868 veritas
866 4816 1205 4885 locupletiori
1236 4821 1547 4875 testimonio
1575 4822 1732 4876 fulci-

160 4913 328 4956 retur.
360 4903 566 4968 Quaerit
600 4921 629 4958 a
660 4906 943 4975 discipulis
975 4910 1099 4976 quis
1131 4910 1393 4963 habeatur
1436 4913 1490 4965 in
1533 4915 1730 4982 populo

158 4995 409 5061 egregius
446 5011 458 5044 :
515 4993 594 5047 illi
634 4999 914 5049 nominant
952 4999 1264 5066 prophetas.
1301 4999 1439 5066 Quid
1473 5004 1572 5071 ipsi
1610 5020 1733 5057 sen-

162 5087 315 5149 tiant,
344 5085 614 5140 sollicitus
647 5090 870 5140 excutit.
904 5088 1000 5142 Cui
1037 5096 1224 5144 beatus
1252 5091 1442 5146 Petrus
1473 5111 1488 5150 :
1526 5093 1602 5146 Tu
1650 5111 1726 5161 es,

160 5174 350 5242 inquit,
387 5173 638 5228 Christus
681 5175 854 5230 Filius
899 5179 990 5231 Dei
1027 5182 1128 5234 vivi
1178 5179 1398 5248 (Matth.
1433 5198 1540 5246 xvr,
1579 5183 1666 5252 16)
1709 5200 1725 5236 :

157 5267 419 5320 exclamat
451 5267 716 5322 Deminus
749 5272 984 5335 beatum,
1017 5275 1103 5325 cui
1143 5288 1249 5328 non
1284 5288 1412 5328 caro
1453 5275 1595 5328 istud
1637 5292 1727 5328 rc-

157 5364 382 5414 velasset
407 5372 459 5413 et
487 5364 732 5430 sanguis,
755 5364 847 5416 sed
873 5363 1031 5418 Pater
1053 5366 1174 5434 ejus
1193 5368 1279 5436 qui
1308 5377 1452 5424 esset
1476 5369 1525 5422 in
1555 5369 1723 5424 caelis.

155 5451 301 5510 Tunc
334 5465 389 5508 et
421 5455 618 5509 Petrus
653 5468 876 5511 vocatur
924 5473 954 5512 a
1006 5459 1186 5526 Petra,
1218 5474 1504 5532 postquam
1556 5480 1726 5534 angu-

154 5549 314 5600 larem
366 5549 511 5599 illam
565 5557 772 5616 petram
812 5550 1020 5617 primus
1057 5555 1302 5623 agnovit.
1337 5553 1504 5610 Jubet
1543 5565 1726 5611 tamen

152 5652 264 5704 post
297 5642 498 5695 multas
529 5641 759 5696 donatas
791 5641 950 5698 Petro
981 5645 1390 5705 benedictiones
1422 5650 1720 5718 potentias-

1840 4468 1896 4510 ut
1927 4472 2028 4510 nor.
2055 4457 2123 4510 ab
2149 4458 2269 4513 aliis
2302 4474 2362 4514 se
2393 4460 2553 4512 modo
2580 4458 2835 4512 honorari
2866 4467 3144 4527 pateretur
3173 4477 3186 4513 :
3219 4475 3409 4512 verum

1837 4552 1998 4602 etiam
2033 4551 2146 4617 ipse
2169 4550 2275 4604 sibi
2303 4552 2355 4604 in
2381 4561 2640 4621 quantum
2675 4551 2786 4604 lieri
2819 4561 3030 4618 poterat
3054 4552 3286 4604 debitam
3313 4553 3410 4605 de-

1838 4636 2075 4688 traheret
2105 4637 2444 4705 dignitatcm.
2489 4637 2676 4691 Lazati
2707 4639 2864 4690 amici
2910 4641 2989 4692 sui
3039 4648 3264 4692 mortem
3299 4657 3406 4694 non

1836 4726 1984 4778 audit
2026 4736 2078 4779 et
2125 4731 2333 4780 utiutiat
2375 4728 2557 4797 (Joan.
2611 4746 2683 4792 xI,
2734 4730 2820 4797 ll)
2859 4746 2872 4782 :
2919 4730 3150 4783 faciebat
3195 4731 3296 4785 hoc
3341 4733 3409 4784 de

1834 4819 2064 4884 Deitate,
2087 4825 2214 4890 quid
2247 4822 2476 4874 mirum?
2501 4831 2556 4874 ut
2579 4838 2698 4875 cmn
2726 4822 2970 4876 localiter
3000 4821 3406 4889 perspiceretur
3449 4857 3456 4890 ι

1835 4915 1888 4967 in
1930 4916 2168 4980 homine,
2203 4929 2264 4966 ex
2305 4915 2585 4968 divinitate
2617 4928 2881 4982 nusquam
2925 4915 3116 4994 abesse
3152 4914 3408 4966 credere-
3456 4914 3470 4930 "

1837 5015 1939 5060 tur.
1977 5003 2220 5060 Festinat
2257 5007 2308 5058 in
2347 5005 2685 5067 Bctbaniam,
2717 5004 3232 5080 subinussitantibus
3267 5017 3407 5071 pene

1835 5093 2133 5162 discipulis,
2165 5097 2336 5164 pietas
2373 5095 2584 5150 factura
2623 5096 2938 5149 miraculum
2977 5112 2990 5148 :
3029 5095 3268 5149 defuncti
3309 5111 3404 5148 so-

1834 5201 1986 5240 rores
2011 5195 2365 5240 occurrerunt
2388 5199 2528 5242 tetro
2554 5188 2762 5253 habitu,
2784 5203 2877 5241 ore
2903 5189 3224 5256 lacrymoso,
3249 5188 3402 5241 crine

1833 5279 2131 5344 couscisso,
2165 5295 2300 5347 quas
2337 5281 2476 5334 bono
2509 5280 2690 5334 animo
2715 5280 2872 5349 jubet
2902 5297 3044 5341 esse,
3071 5279 3114 5332 si
3147 5280 3398 5332 credant.

1830 5368 2093 5424 Lazarum
2132 5371 2334 5431 vivere,
2367 5372 2410 5425 si
2451 5371 2552 5424 illa:
2582 5387 2690 5423 non
2725 5379 2852 5423 sunt
2894 5370 3238 5430 dubitaturm,
3271 5385 3404 5422 cou-

1832 5463 2013 5516 firmat
2038 5479 2053 5516 :
2089 5463 2233 5517 videt
2258 5465 2419 5517 etiam
2449 5461 2844 5517 multitudinem
2873 5461 3094 5514 Martha:
3113 5469 3164 5514 et
3189 5461 3400 5524 Mariae,

1829 5569 1948 5623 qua'
1979 5555 2046 5608 ad
2079 5555 2332 5609 solatium
2369 5569 2551 5608 comes
2594 5561 2939 5607 convenerat.
2974 5550 3280 5618 Infremuit,
3306 5553 3396 5604 in-

1829 5647 1950 5716 quit
1997 5648 2362 5714 Evangelism,
2410 5647 2625 5715 spiritu,
2659 5655 2704 5699 et
2741 5643 2980 5697 turbatus
3024 5652 3123 5709 est,
3172 5653 3226 5699 et
3273 5645 3346 5698 ait
3377 5659 3398 5701 ξ

3451 4877 3464 4920 i
