4012 6188
491 372 600 436 199

1448 377 1506 437 S.
1553 375 1996 435 ΗΙῖΞΙὶΟΝΥΜΙ
2040 374 2354 433 Ol‘EllUM
2399 375 2806 454 MANTlSSA.

3633 371 3746 432 €00
3795 417 3800 424 .

499 488 597 542 Ubi
630 484 913 542 enint'cum
940 489 1184 555 posuistis
1215 488 1396 556 (Joan.
1427 507 1500 556 χι,
1526 493 1616 553 53.
1646 493 1778 556 5’s)?
1811 495 1938 560 quid
1972 502 2047 543 est
2088 500 2126 552 Α
2161 491 2458 554 pomletent
2497 490 2714 558 (Matth.
2761 507 2844 542 xv:
2877 527 2891 550 ,
2931 487 3041 558 14).
3086 487 3237 542 lctus
3277 487 3534 540 scribitur
3559 505 3579 548 δ
3609 501 3730 538 cum

494 579 635 634 hoc?
658 594 776 648 quae
802 579 1136 634 confusionis
1161 582 1364 635 causa?
1394 597 1512 649 qua:
1543 583 1888 635 formidinis?
1915 583 2054 646 Quid

495 680 587 724 aut
617 670 891 724 erubescit
952 681 1045 724 aut
1080 674 1293 734 metuit,
1327 688 1446 727 cum
1487 683 1544 727 et
1575 676 1745 727 virtus
1787 676 1858 727 sit
1902 691 2058 739 pera-

495 775 646 818 ctnra
671 764 1014 828 miraculum,
1037 775 1089 819 et
1117 766 1287 820 deitas
1319 780 1426 819 non
1459 765 1529 819 sit
1557 767 1796 830 subjecta
1824 766 2058 820 terrori?

495 857 627 922 Quae
660 855 895 925 sepulcri
929 865 1035 909 tam
1067 856 1373 910 inconsulta
1400 857 1721 926 requisitio?
1744 856 1809 910 Ut
1837 858 2060 909 omnino

493 948 685 1004 credas
714 950 780 1003 de
809 949 1023 1012 turbato
1053 949 1391 1016 confusoque
1418 950 1715 1017 profectam
1752 967 1764 1003 :
1796 949 1890 1004 Ille
1921 950 2060 1003 Deus

496 1054 680 1098 noster
701 1042 790 1110 qui
814 1041 1090 1112 discipulis
1119 1053 1437 1097 cons'anter
1459 1042 1673 1096 dixerat
1693 1045 1759 1096 de
1784 1046 2008 1096 absente
2041 1059 2057 1094 :

493 1133 732 1188 Lazarus
762 1144 997 1188 mortuus
1019 1144 1092 1188 est
1127 1135 1312 1202 (Ibid.,
1345 1135 1434 1203 Η)
1461 1151 1477 1201 ;
1503 1137 1592 1203 qui
1625 1135 1908 1189 sororibus
1941 1136 2060 1200 eius

495 1225 826 1279 confidenter
875 1227 1206 1294 promiserat
1252 1228 1319 1280 de
1361 1235 1598 1289 mortuo,
1645 1234 2060 1280 resurrecturus

495 1325 579 1370 est
619 1332 635 1373 :
677 1317 776 1369 sub
821 1331 957 1369 nova
1004 1319 1190 1370 nescio
1237 1333 1343 1386 qua
1387 1317 1705 1371 confusione
1752 1317 2058 1380 sepulcrum

495 1411 710 1478 quaerit,
737 1409 892 1478 quasi
921 1410 1020 1464 hoc
1043 1412 1214 1465 solum
1243 1411 1335 1479 qui
1361 1411 1542 1464 omnia
1564 1421 1615 1463 et
1643 1421 1824 1464 nosset
1847 1421 1899 1464 et
1925 1425 2060 1477 prte-

495 1511 642 1554 stare
685 1511 912 1568 poterat,
959 1501 1173 1570 ignoret
1220 1518 1234 1555 :
1275 1517 1382 1555 non
1428 1501 1584 1570 plane
1622 1503 1723 1555 hoc
1759 1511 1838 1556 est
1883 1520 1896 1556 :
1936 1519 2058 1554 nam

497 1591 636 1644 alius
670 1590 972 1644 intellectus
1003 1592 1277 1646 occulitur
1325 1608 1340 1646 :
1377 1592 1427 1645 in
1463 1593 1622 1646 dictis
1672 1593 2063 1661 promissisque

496 1683 866 1751 superioribus
897 1683 1027 1738 Satis
1067 1698 1126 1737 se
1165 1683 1463 1737 divinitatis
1496 1684 1818 1753 publicaret.
1863 1686 2063 1737 Aderat

497 1776 652 1827 turba
701 1771 1031 1840 .lndacornm,
1074 1777 1234 1828 tantis
1274 1790 1488 1842 semper
1522 1791 1628 1830 non
1679 1777 1850 1829 amica
1894 1778 2061 1830 mira-

497 1864 656 1918 culis.
691 1865 748 1918 ln
795 1865 1036 1933 planum,
1071 1863 1209 1920 Dens
1243 1867 1288 1919 si
1332 1880 1437 1919 non
1508 1867 1708 1934 aliquid
1761 1866 2062 1918 secundum

500 1957 768 2008 hominem
800 1957 1071 2008 videretur
1101 1958 1365 2024 ignorare,
1396 1966 1758 2024 processerat.
1797 1955 2062 2012 Turbatus

498 2058 594 2111 est,
639 2049 836 2116 inquit.
878 2047 928 2100 id
963 2059 1065 2112 eSt,
1108 2049 1383 2102 fetulentia
1422 2051 1603 2103 carnis
1647 2051 1918 2124 divinitati
1958 2067 2064 2103 non

500 2137 793 2208 prodenda0
840 2140 1119 2204 miscetur,
1162 2148 1216 2192 et
1258 2140 1322 2190 ad
1368 2137 1726 2206 ignorantiam
1774 2141 2064 2194 humanam

501 2232 672 2285 deitas
696 2231 922 2284 velanda
950 2239 1256 2286 revocatur.
1285 2232 1377 2285 Sic
1411 2233 1660 2286 turbatur
1688 2243 1742 2288 et
1775 2233 1916 2296 loos,
1942 2251 2065 2288 cum

499 2324 769 2376 excitatus
791 2338 918 2376 casu
943 2323 1127 2391 aliquo
1147 2323 1333 2386 limus,
1354 2324 1644 2392 puritatem
1670 2321 1854 2393 liquidi
1877 2326 2066 2380 densat

498 2414 776 2476 elementi,
798 2422 850 2466 et
873 2413 1102 2466 duarum
1131 2429 1307 2467 rerum
1340 2429 1443 2466 una
1475 2401 1730 2468 confusio
1753 2417 2067 2470 discrimine

498 2496 892 2572 prOprietatum
932 2503 1058 2556 dmn
1101 2512 1386 2572 separatur
1419 2505 1748 2560 excluditur.
1787 2507 1878 2560 Ait
1911 2524 2066 2560 nam—

499 2609 626 2663 que,
647 2593 742 2646 ubi
769 2611 885 2647 eum
909 2591 1202 2660 posuistis?
1229 2595 1290 2648 Et
1319 2597 1406 2650 hic
1441 2577 1920 2670 tnrbatunghdzeis
1949 2599 2068 2653 dei-

501 2680 839 2742 tatem'celat
871 2675 1195 2753 inhomine,
1241 2698 1295 2744 et
1341 2679 1613 2759 splendorl
1663 2691 1961 2746 divinitatis
2011 2696 2063 2747 in

503 2789 666 2832 tanta:
713 2781 1046 2848 Operationis
1097 2784 1476 2836 coruscatione
1515 2783 1873 2853 ignorantiam
1917 2798 2066 2836 mor-

503 2870 722 2924 talitatis
743 2868 986 2935 obducit,
1013 2879 1071 2925 ut
1092 2885 1215 2925 cum
1242 2871 1410 2942 possit
1433 2874 1484 2926 in
1511 2875 1826 2929 suscitando
1857 2873 2064 2930 Lazaro

499 2961 644 3016 Deus
684 2954 922 3025 adcrari,
969 2963 1130 3018 homo
1185 2964 1239 3017 in
1298 2965 1530 3033 sepulcri
1569 2967 1686 3035 ejus
1725 2965 2066 3033 ignoratione

499 3051 742 3107 vilescat.
773 3052 860 3106 Sic
883 3053 1008 3106 dum
1034 3067 1060 3106 a
1085 3056 1244 3109 caecis
1261 3056 1494 3119 videtur,
1513 3066 1568 3109 et.
1587 3073 1614 3110 a
1634 3056 1938 3114 videntibus
1960 3074 2064 3112 non

499 3145 711 3198 videtur
742 3134 856 3198 :sie
881 3145 1006 3197 ilum
1031 3147 1095 3198 de
1120 3147 1386 3214 lapidibus
1409 3149 1637 3203 suscitat
1670 3150 1804 3202 filios
1835 3149 2064 3202 Abrahze

503 3234 724 3306 (.‘llatth.
774 3251 854 3300 ιιι,
877 3237 956 3306 9),
984 3237 1120 3291 ﬁlios
1156 3241 1476 3308 perditionis
1517 3243 1569 3294 in
1611 3242 1840 3310 lapidem
1891 3240 2063 3294 oll'en-

499 3329 668 3382 sionis
713 3329 961 3399 impingit
1001 3349 1014 3383 :
1056 3340 1109 3385 et
1152 3332 1280 3385 illud
1317 3333 1572 3401 mysterio
1621 3334 1846 3387 oet-nlla:
1876 3351 2068 3402 cpera-

503 3423 667 3475 tionis
695 3425 1036 3490 exsequitur,
1065 3419 1122 3474 ut
1149 3438 1270 3477 eum
1303 3423 1498 3476 inlirmi
1531 3440 1594 3478 ac
1619 3424 1825 3478 debiles
1849 3428 1911 3478 ad
1942 3443 2066 3494 pos-

501 3516 724 3568 cendam
750 3507 902 3582 opem
929 3515 1139 3579 salutis,
1169 3517 1313 3568 nullo
1337 3526 1698 3579 monstrante,
1717 3527 2066 3584 cognoscant,

500 3613 556 3655 et
601 3614 978 3669 persecutores
1013 3604 1094 3657 vel
1133 3605 1335 3658 inimici
1387 3621 1546 3672 quem
1586 3614 1771 3660 tenere
1814 3610 2068 3671 debeant,

501 3693 608 3747 nisi
651 3695 911 3762 prodatur
949 3696 1225 3762 ignorent.

573 3784 662 3839 VI.
701 3786 799 3841 Hic
829 3787 913 3841 est
942 3787 1033 3843 ille
1062 3789 1199 3843 liber
1227 3788 1374 3842 intus
1413 3800 1469 3845 et
1511 3789 1643 3844 foris
1683 3791 1942 3854 seriotus,
1985 3793 2071 3846 hie

501 3892 747 3932 secretus
779 3883 831 3932 et
861 3880 1130 3947 publicus,
1183 3883 1271 3935 hic
1319 3892 1540 3949 apertus
1584 3887 1637 3936 et
1683 3895 1928 3952 opertus,
1986 3885 2072 3938 hic

503 3971 710 4040 paginis
743 3972 1116 4040 superioribus
1147 3973 1432 4038 videndus,
1463 3975 1810 4045 interioribus
1849 3993 1952 4028 non
1988 3978 2070 4028 vi-

502 4060 731 4126 dendus,
761 4061 884 4126 quia
911 4063 1472 4131 incomprehe’nsibilis
1507 4068 1696 4136 (Apoc.
1729 4082 1778 4131 v,
1812 4067 1885 4137 Ι).
1922 4067 2072 4122 lntns

503 4151 772 4220 siquidem
807 4154 1070 4220 scriptum
1094 4166 1200 4220 est,
1228 4171 1348 4210 cum
1386 4159 1650 4224 Propheta
1678 4160 1822 4212 dicat
1866 4177 1880 4216 :
1910 4159 2071 4214 Gene-

505 4243 762 4294 ratiouem
812 4245 926 4310 eius
975 4245 1090 4310 quis
1134 4246 1402 4299 enarrabit
1457 4247 1595 4314 (Isa.
1636 4265 1754 4309 Lm.
1792 4251 1886 4319 8}?
1919 4250 2072 4303 Foris

503 4332 737 4400 Scriptus
767 4343 872 4398 est,
901 4348 1025 4387 cum
1051 4333 1390 4402 Evangelista
1427 4340 1502 4391 ait
1544 4357 1558 4393 :
1593 4338 1750 4393 Liber
1780 4348 2073 4409 generatio-

505 4427 586 4478 nis
618 4423 746 4478 Iesu
785 4425 1002 4489 Christi,
1029 4426 1127 4491 ﬁlii
1158 4427 1326 4480 David
1354 4469 1367 4490 ,
1410 4432 1508 4508 filii
1544 4433 1809 4485 Abraham
1847 4436 2066 4501 (Matth.

2167 579 2356 632 Petrus
2397 582 2703 634 exclamat:
2740 577 2817 632 Tu
2863 596 2916 633 es
2970 578 3208 633 Christus
3259 578 3426 630 Filius
3480 577 3585 630 Dei-
3625 577 3734 629 tibi
3789 589 3796 604 '

2164 670 2353 739 (Ibitl.,
2383 671 2493 739 16).
2529 672 2682 726 Unde
2732 679 2786 724 et
2827 671 2942 740 ipse
2980 670 3244 724 Dominus
3283 685 3296 722 :
3334 669 3454 721 Non
3484 669 3734 720 reuelauit
3774 687 3782 696 δ

2164 765 2279 825 tibi,
2319 763 2491 828 Putre,
2515 763 2710 830 inquit,
2741 763 2884 814 istud
2910 779 3034 814 caro
3066 772 3158 813 aut
3192 761 3430 829 sanguis,
3456 759 3545 812 sed
3569 759 3736 812 Pater

2164 869 2309 906 meus
2342 853 2429 923 qui
2468 853 2522 904 in
2551 852 2691 906 ralis
2719 861 2794 905 est
2818 851 3007 920 (lbid.,
3039 852 3145 922 Η).
3174 851 3340 921 Cujus
3373 865 3500 904 caro
3529 861 3578 903 et
3609 866 3734 903 sano
3793 875 3796 884 -

2164 944 2322 1014 guis?
2389 943 2774 1012 Nunquidnain
2822 943 2966 998 Petri
3022 944 3196 1012 ipsius
3245 959 3374 996 caro
3410 953 3463 996 et
3511 943 3738 1012 sanguis

2165 1039 2458 1092 obstabant
2493 1037 2622 1106 quin
2656 1035 2826 1091 Filius
2851 1037 2942 1089 Dei
2971 1036 3454 1098 diceretur?-Non,
3487 1036 3734 1102 inquam,

2165 1129 2276 1181 sed.
2307 1127 2476 1195 ipsius
2513 1126 2726 1179 Domini
2757 1141 2884 1180 caro
2910 1135 2965 1180 et
2998 1128 3218 1194 sanguis
3244 1165 3260 1190 ,
3293 1126 3348 1178 iu
3379 1127 3577 1194 quibus
3607 1129 3736 1178 dum
3795 1143 3802 1150 ’

2170 1221 2328 1272 homo
2356 1217 2598 1272 cernitur
2630 1219 2774 1287 quod
2810 1227 2931 1272 erat
2966 1218 3057 1271 Dei
3095 1217 3264 1272 Filius
3285 1258 3298 1278 ,
3327 1232 3438 1270 non
3475 1217 3740 1270 credeba-

2167 1317 2254 1361 tur
2279 1324 2401 1363 esse
2423 1309 2566 1378 quod
2601 1320 2735 1363 erat.
2771 1309 3109 1378 Impossibile
3137 1310 3280 1362 enim
3309 1307 3622 1362 hominibus
3657 1308 3741 1361 vi-

2167 1401 2397 1453 debatur
2427 1405 2594 1454 Deum
2625 1401 2852 1455 credere
2897 1416 3018 1454 cum
3056 1401 3330 1454 hominem
3357 1401 3608 1452 viderent
3635 1437 3651 1464 ,
3682 1409 3739 1452 et
3801 1418 3806 1426 ί

2167 1503 2369 1546 tantam
2416 1494 2558 1546 illam
2612 1493 2972 1562 majestatem,
3015 1492 3073 1545 in
3109 1507 3215 1560 qua
3246 1491 3516 1546 inhabitat
3554 1491 3737 1546 omnis
3797 1511 3804 1518 '

2168 1585 2444 1656 plenitudo
2471 1585 2793 1649 divinitatis,
2821 1598 2982 1652 quam
3010 1584 3127 1653 ipse
3161 1599 3268 1638 non
3299 1585 3442 1652 capit
3475 1585 3732 1646 nnmdus,

2167 1679 2220 1730 in
2262 1675 2587 1742 corpusculo
2627 1672 2899 1741 despecta:
2927 1673 3096 1728 etiam
3150 1673 3402 1740 imaginis
3446 1669 3734 1724 inclusum.

2166 1767 2256 1820 Ait
2301 1781 2612 1834 ergo,unon
2666 1767 2778 1819 haec
2810 1779 2946 1819 caro
2977 1781 3092 1818 mea
3131 1763 3232 1817 tibi
3276 1773 3331 1817 et
3373 1762 3614 1831 sanguis,
3637 1775 3740 1814 me

2099 1852 2139 1906 Β
2168 1871 2289 1910 esse
2320 1857 2407 1908 Dei
2438 1856 2629 1908 Filium
2688 1855 3060 1924 prodiderunt.
3087 1854 3220 1910 Nam
3258 1857 3360 1910 ista
3379 1871 3491 1909 non
3520 1855 3736 1924 patiun-

2168 1959 2257 2001 tur
2289 1965 2375 2001 me
2409 1948 2742 2002 lioc.credi..
2764 1947 3006 2016 Denique
3049 1935 3317 2016 propheta
3376 1946 3588 2000 dixerat
3618 1957 3637 1998 ι
3668 1943 3739 1998 Et

2167 2039 2320 2090 homo
2353 2049 2453 2100 est,
2484 2039 2681 2106 etquis
2731 2049 3020 2106 cognoscet
3058 2028 3176 2090 emit
3209 2036 3429 2106 (Jerem.
3471 2051 3602 2100 xvu,
3637 2035 3742 2106 9)?

2167 2129 2460 2182 Evidenter
2481 2143 2617 2197 ergo
2649 2129 2723 2182 illi
2756 2127 3058 2182 secundum
3090 2129 3364 2182 hominem
3409 2127 3490 2182 vel
3517 2127 3739 2182 oculum

2161 2220 2493 2290 judicautes,
2527 2234 2616 2273 me
2639 2230 2736 2273 aut
2766 2219 2960 2272 tiliam.
2985 2219 3327 2287 prophetam,
3349 2217 3741 2287 autc-aliquem
3811 2239 3814 2244 ·

2168 2328 2335 2366 unum
2379 2327 2443 2365 ex
2475 2313 2754 2380 prophetis
2790 2311 3106 2381 loquuntur,
3145 2311 3406 2380 quoniam
3455 2311 3732 2364 hominem

2167 2418 2256 2457 me
2288 2418 2412 2458 esse
2447 2403 2634 2457 habitu
2668 2405 2850 2458 carnis
2885 2413 3232 2472 agnoscunt,
3268 2405 3362 2458 sed
3397 2403 3496 2458 tibi
3529 2407 3740 2458 reret.-

2167 2498 2245 2550 vit
2271 2497 2430 2552 Pater
2457 2511 2636 2559 meus,
2667 2497 2768 2564 .qui
2804 2497 2856 2550 in
2884 2498 3039 2551 caelis
3065 2507 3166 2551 est.
3191 2483 3419 2562 Quando
3451 2497 3739 2550 I'CVCldvtl?

2167 2590 2302 2668 Quo”
2327 2600 2568 2658 tempore
2595 2589 2742 2643 Deus
2766 2603 2886 2642 cum
2921 2587 3082 2642 Petro
3121 2589 3334 2642 locutus
3366 2591 3488 2642 est?
3520 2587 3746 2641 [tere-ta-

2168 2681 2240 2733 uit
2265 2718 2281 2745 ,
2329 2680 2544 2749 inquit,
2601 2678 2762 2734 Pater
2797 2696 2940 2733 meus
2969 2682 3059 2749 qui
3088 2682 3146 2733 in
3175 2680 3320 2733 cretis
3357 2689 3434 2732 est
3465 2695 3484 2734 :
3517 2680 3618 2732 huc
3654 2693 3740 2734 cst

2169 2776 2377 2838 dicere,
2408 2772 2666 2842 operibus
2699 2754 2979 2828 credidisti
3023 2788 3142 2842 qua:
3194 2774 3492 2842 loquuntur
3540 2771 3738 2825 Filium

2170 2866 2286 2921 Dei.
2331 2866 2436 2919 Sed
2476 2875 2533 2919 ut
2581 2865 2960 2935 loquebamur,
3010 2866 3143 2920 foris
3190 2870 3432 2933 scriptus
3477 2875 3562 2918 est
3597 2867 3737 2918 liber

2171 2959 2296 3023 iste,
2350 2975 2474 3013 cum
2529 2959 2791 3015 Dominus
2839 2962 3053 3014 esurit:
3091 2960 3263 3014 intus"
3294 2958 3576 3019 scribitur,
3615 2974 3737 3010 t-ttttl

2169 3053 2410 3120 quinque
2456 3051 2686 3119 panibus
2732 3053 2897 3104 multa
2947 3051 3227 3105 hominum
3263 3051 3744 3105 millia'saturavit

2174 3143 2366 3197 Matth.
2402 3160 2510 3208 ειν,
2541 3146 2654 3213 20).
2689 3144 2845 3199 Foris
2877 3147 3156 3208 scribitur,
3205 3161 3330 3198 cum
3373 3145 3532 3198 amici
3569 3156 3742 3198 morte

2174 3238 2500 3307 iat'l'ylllallll'
2548 3237 2731 3307 (Joan.
2780 3254 2869 3300 xt,
2921 3238 3034 3306 55).
3092 3240 3236 3292 Intus
3292 3239 3572 3301 scribitur,
3621 3255 3743 3291 cunt

2174 3330 2346 3396 ipsum
2377 3345 2536 3399 quem
2565 3330 2729 3384 ﬂebat
2757 3334 3078 3385 exsuscitat.
3112 3330 3266 3384 Foris
3296 3331 3576 3392 scribitur,
3613 3346 3739 3383 cum

2173 3420 2408 3488 aﬂigilur
2437 3429 2623 3488 cruci;
2655 3424 3120 3488 intus-scribitur,
3158 3440 3282 3478 cum
3313 3425 3618 3492 paradisum
3652 3425 3736 3478 la-

2138 3516 2142 3520 '
2175 3510 2314 3564 troni
2348 3513 2615 3578 promintit
2648 3512 2701 3566 in
2738 3528 2920 3568 cruce.
2961 3513 3114 3567 Foris
3149 3514 3432 3578 scribitur,
3469 3528 3588 3566 eum
3632 3514 3745 3582 spi-

2174 3602 2333 3652 ritum
2369 3603 2607 3656 moriens
2635 3606 2937 3656 secundum
2973 3604 3239 3658 rationem
3272 3607 3522 3660 humana:
3551 3606 3734 3660 carnis

2173 3688 2365 3738 emittit
2394 3703 2409 3753 ;
2441 3692 2584 3741 intus
2605 3690 2893 3755 scribitur,
2925 3707 3046 3746 eum
3080 3694 3132 3746 in
3161 3696 3413 3758 passione
3455 3696 3537 3750 sol
3567 3698 3698 3760 fugit
3726 3735 3743 3761 ,

2173 3778 2288 3830 dies
2323 3778 2694 3844 absconditur,
2728 3786 3234 3840 terra-concutitur.
3271 3785 3429 3841 Foris
3458 3788 3741 3856 scribitur,

2173 3881 2299 3921 cum
2333 3872 2634 3938 sepelitur;
2667 3873 2812 3925 intus
2851 3876 3136 3940 scribitur,
3167 3891 3292 3930 cum
3332 3878 3489 3930 tertia
3514 3877 3622 3938 die,
3653 3887 3745 3931 se-

2175 3959 2353 4026 pulcri
2383 3959 2661 4014 liininibus
2693 3963 2936 4028 remotis,
2968 3965 3202 4033 erumpit
3233 3965 3284 4017 in
3315 3965 3490 4018 lucem
3522 3963 3745 4030 (Matth.

2177 4069 2364 4114 xxvm,
2404 4055 2482 4122 5).
2516 4054 2670 4107 Foris
2699 4059 2977 4124 scribitur,
3009 4073 3134 4112 cum
3173 4062 3434 4127 apostolis
3460 4062 3742 4114 clavorum

2176 4153 2226 4195 et
2264 4144 2819 4200 lancctevuluerihtts
2855 4154 3109 4211 08lcltel8,
3137 4164 3319 4203 escam
3359 4152 3523 4204 etiam
3556 4160 3747 4220 postu-

2176 4233 2251 4286 lat
2287 4231 2438 4298 (Luc.
2467 4250 2617 4298 xxiv,
2644 4237 2713 4290 40
2744 4237 2936 4306 seqq.);
2969 4240 3116 4293 intus
3145 4243 3423 4306 scribitur,
3455 4257 3578 4295 cum
3604 4241 3749 4296 inter

2174 4327 2393 4379 eosdem
2427 4330 2720 4393 apostolos,
2761 4332 2962 4385 clausis
2989 4332 3167 4395 ostiis,
3210 4335 3302 4401 qui
3340 4337 3548 4388 intrare
3596 4335 3766 4389 visus

2178 4432 2284 4470 non
2321 4429 2423 4480 εει,
2478 4431 2721 4486 apparet.
2777 4422 2880 4475 Sed
2931 4423 3090 4477 tltll‘O'
3126 4429 3283 4477 modo
3335 4440 3456 4479 Cum
3523 4426 3751 4480 interior

507 4532 545 4576 ι,
584 4517 654 4583 1).
687 4517 836 4570 Intus
862 4517 1140 4581 scribitur,
1168 4519 1300 4571 eum"
1325 4501 1460 4574 Deus
1480 4523 1611 4574 dicit
1644 4540 1657 4577 2
1688 4500 1957 4578 Eructavit
1983 4542 2073 4578 cor
2107 4550 2150 4604 ι)
2180 4509 2462 4576 Scriptura
2505 4511 2623 4564 hbri
2660 4514 2831 4578 magis
2877 4515 3108 4569 obscura
3157 4517 3246 4577 sit,
3297 4519 3528 4587 amplius
3572 4500 3752 4573 homi-

507 4623 676 4658 meum
708 4611 914 4658 verbum
952 4607 1143 4658 bonum
1170 4605 1342 4674 (Psal.
1383 4626 1524 4672 ηις,
1560 4613 1638 4680 2).
1689 4613 1842 4667 Foris
1872 4616 2070 4668 scribi-

507 4708 614 4762 tur,
664 4712 785 4749 cum
831 4696 997 4750 Isaias
1038 4698 1363 4752 vaticinatur
1401 4718 1416 4754 :
1450 4701 1588 4756 Ecce
1631 4708 1774 4769 virgo
1821 4706 2075 4772 concipiet

503 4802 551 4842 et
595 4791 761 4854 pariet
794 4783 959 4857 ﬁliuni
985 4827 1000 4853 ,
1042 4799 1090 4842 et
1126 4792 1324 4844 vocabis
1371 4811 1554 4847 nomen
1594 4797 1706 4862 ejus
1758 4797 2074 4850 Emmanuel

506 4881 645 4953 (Isa.
678 4901 772 4946 vu,
810 4885 918 4946 ll).
975 4885 1125 4938 Intus
1174 4889 1448 4956 scribitur.
1497 4907 1618 4944 cum
1670 4908 1762 4959 per
1808 4889 2071 4944 Joannem

509 4977 704 5029 dicitur
737 4995 748 5028 :
792 4975 855 5028 In
890 4978 1145 5043 principio
1199 4990 1308 5030 erat
1351 4979 1569 5032 Verbum
1610 4997 1654 5033 et
1704 4982 1923 5036 Verbum
1957 4992 2072 5035 erat

507 5068 647 5135 apud
683 5068 960 5128 Deum,et
995 5067 1129 5121 Dens
1182 5067 1397 5122 Verbum
1455 5073 1637 5140 (Joan.
1690 5092 1728 5136 ι.
1789 5075 1866 5140 1).
1921 5074 2074 5128 Foris

508 5158 764 5212 scribitur
811 5175 906 5226 per
939 5158 1248 5214 Mattltmttut
1294 5182 1305 5214 :
1349 5164 1548 5218 Christi
1582 5176 1757 5218 autem
1803 5169 2071 5234 generatio

507 5252 584 5303 sic
615 5259 726 5302 erat
760 5264 778 5304 :
817 5266 937 5302 cum
983 5259 1114 5303 esset
1160 5253 1476 5320 desponsata
1527 5268 1693 5310 mater
1737 5257 1850 5324 ejus
1896 5258 2072 5312 Maria

509 5337 698 5406 ,θυεερὴ
732 5337 952 5408 (Matth.
986 5356 998 5394 l
1029 5380 1044 5404 ,
1076 5340 1186 5408 18).
1225 5342 1374 5397 Intus
1409 5347 1661 5398 scribitur
1693 5363 1706 5400 :
1742 5345 1963 5400 Iuventa
1997 5358 2073 5401 cst

506 5432 561 5483 in
591 5441 739 5486 utero
760 5431 951 5486 habens
973 5435 1035 5486 tle
1057 5433 1258 5499 Spiritu
1287 5447 1467 5489 sancto
1498 5436 1710 5505 (lbitl.,).
1735 5439 1868 5503 Quid
1892 5443 2076 5507 utique

511 5522 756 5576 habens?
789 5521 1024 5578 Verbum
1059 5526 1292 5587 Domini,
1339 5527 1569 5582 Verbum
1617 5547 1834 5582 ('iil‘ltelll
1867 5530 2071 5585 iactum

509 5614 610 5668 sub
653 5614 785 5684 lege.
823 5615 979 5668 Foris
1011 5618 1285 5683 scribitur,
1310 5636 1428 5674 cum
1460 5623 1686 5689 apostoli
1722 5623 2068 5692 interrogati,

506 5707 633 5772 quis
655 5721 776 5760 esse
804 5705 1057 5760 Dominus
1082 5711 1372 5776 diceretur,
1397 5722 1449 5765 et
1477 5713 1568 5767 alii
1600 5714 1846 5768 dicereut
1875 5714 2071 5781 Ellam,

511 5797 604 5847 alii
637 5796 938 5849 Jercmiam
965 5835 979 5863 ,
1015 5801 1102 5850 alii
1135 5812 1309 5856 autem
1346 5819 1508 5857 unum
1539 5820 1605 5859 ex
1641 5807 1924 5876 prophetis
1963 5825 2075 5862 res-

2181 4617 2309 4654 nmn
2345 4612 2553 4655 mentes
2603 4603 2784 4657 turbat
2830 4609 3072 4660 exterior
3117 4617 3171 4662 et
3207 4609 3450 4665 videntes
3497 4611 3586 4664 illa
3632 4627 3752 4680 qua:

2178 4711 2277 4763 per
2313 4696 2586 4748 hominem
2621 4697 2788 4750 videri
2818 4715 2921 4751 non
2959 4711 3205 4769 possunt,
3237 4702 3339 4755 ista
3365 4719 3488 4772 quae
3521 4715 3754 4773 possunt

2179 4801 2278 4854 per
2331 4788 2604 4841 hominem
2639 4790 2833 4852 videri,
2890 4807 3026 4845 nova
3077 4794 3285 4846 ratione
3337 4810 3449 4848 non
3498 4806 3752 4849 cernunt.

2179 4879 2311 4932 Nam
2349 4878 2626 4931 Manichati
2671 4883 2816 4948 quod
2867 4883 3036 4936 videri
3075 4899 3180 4937 non
3233 4892 3410 4952 potest
3443 4886 3750 4950 credentes,

2181 4974 2230 5025 id
2269 4974 2410 5041 quod
2463 4983 2638 5041 potest
2691 4975 2859 5026 videri
2909 4991 3014 5026 non
3065 4977 3296 5030 credunt
3337 4992 3353 5035 :
3400 4991 3524 5030 cum
3563 4978 3755 5031 beatus

2179 5064 2417 5120 JOamIcs
2442 5067 2766 5120 iuvisrhilem
2791 5079 2844 5120 et
2867 5069 3136 5121 visibilem
3166 5069 3334 5124 Deum
3362 5080 3416 5123 et
3449 5071 3749 5132 hominem,

2180 5159 2327 5212 brevi
2380 5161 2533 5226 quasi
2582 5159 2900 5214 charactere
2955 5163 3288 5229 signaverit,
3322 5162 3403 5217 sic
3433 5165 3574 5216 enim
3617 5165 3695 5216 ait
3737 5179 3752 5217 :

2181 5249 2333 5311 Quod
2357 5247 2458 5315 fuit
2489 5249 2552 5299 ab
2583 5250 2757 5310 initio,
2789 5249 3005 5317 fratres,
3030 5255 3168 5320 quod
3200 5256 3494 5307 audivimus
3521 5253 3568 5323 (l
3589 5252 3755 5308 Joan.

2183 5355 2220 5404 I,
2261 5341 2331 5409 Ι).
2367 5340 2504 5392 Ecce
2538 5341 2663 5393 libri
2697 5342 2846 5396 illius
2881 5344 3188 5397 interiorem
3220 5356 3452 5413 partem.
3479 5345 3632 5410 Quod
3664 5362 3754 5401 se-

2183 5435 2368 5499 quitur
2409 5448 2422 5485 :
2455 5432 2520 5484 Et
2564 5435 2788 5486 vidimus
2823 5438 2987 5488 oculis
3017 5438 3232 5503 nostris,
3265 5448 3312 5490 et
3344 5455 3532 5490 manus
3561 5450 3758 5491 nostra:

2180 5525 2526 5591 palpuverunt
2555 5528 2616 5578 dc
2659 5526 2818 5580 Verbo
2847 5530 2968 5582 vita:
2988 5545 3006 5582 :
3031 5529 3166 5583 Ecce
3199 5530 3317 5583 libri
3347 5523 3471 5598 pars
3492 5530 3758 5594 exterior,

2182 5633 2301 5683 qua:
2332 5619 2502 5670 oculis
2530 5634 2589 5672 ac
2621 5621 2868 5676 manibus
2899 5622 3145 5689 subjecta
3174 5623 3478 5687 hominum,
3507 5633 3559 5676 et
3586 5621 3757 5676 videri

2183 5724 2234 5766 ct
2273 5713 2496 5766 tractari
2528 5723 2720 5782 potest.

2261 5805 2368 5856 \‘ll.
2409 5806 2556 5858 lianc
2592 5817 2796 5874 partem
2851 5809 2973 5862 lilni
3027 5806 3356 5862 Manichacus
3397 5808 3632 5878 ignorat,
3675 5809 3760 5862 vi-
