4012 6188
301 361 419 425 205

1125 349 1493 417 EPiS’l‘OlJt
1538 348 1693 420 th.
1745 350 1840 418 DE
1882 358 2084 418 ViiliA
2127 356 2761 416 Ciiit'ZUliClzilON".

3463 359 3574 422 206

310 477 469 530 Vim
498 471 713 540 vulgus,
756 485 864 523 non
902 467 1074 532 audit,
1108 479 1161 521 et
1202 469 1256 520 in
1288 467 1438 521 Isaia:
1489 482 1720 537 corpore
1769 478 1890 537 qua:
1926 492 1962 542 Α
1998 476 2082 521 tcr
2110 467 2276 536 possit
2309 466 2454 522 ferre
2497 472 2756 522 tentatur.
2789 464 2875 518 Fit
2911 480 3113 536 pauper
3141 478 3207 520 ex
3237 466 3445 523 dixitc:
3479 471 3576 528 scd

306 567 414 620 sibi
442 575 598 620 erant
630 575 855 618 ventura
883 562 1189 632 cognoscit.
1219 559 1305 617 Fit
1332 561 1543 630 signum
1569 561 1634 617 de
1658 571 1799 625 vate,
1829 572 1886 615 et

308 662 365 711 in
397 657 571 712 libero
599 656 776 709 adhuc
820 654 1022 723 populo
1072 653 1493 708 amaritudinem
1547 651 1713 707 sentit
1764 667 1887 721 prti—

309 752 470 819 pbeta
497 746 719 818 captivi.
752 743 843 800 Sic
874 745 1155 800 Abraham
1188 744 1437 816 designat
1477 747 1533 799 in
1560 758 1725 799 carne
1742 740 1885 815 quod

307 837 604 893 exercebat
638 837 690 891 in
751 845 952 897 mente,
998 844 1054 889 ct
1089 849 1187 903 per
1228 850 1426 888 nomen
1461 837 1694 890 membri
1740 838 1893 888 velut

310 940 571 985 virtutem
620 928 1064 984 eircutncisionis
1124 926 1400 996 intelligit,
1457 942 1564 981 non
1625 941 1719 995 per
1790 926 1889 979 ltnt‘

311 1026 528 1093 signum
560 1020 875 1091 exprimens
934 1020 1143 1087 carnis,
1180 1019 1275 1073 sed
1317 1021 1529 1088 signum
1557 1018 1700 1072 fidei.
1733 1019 1890 1072 itu-ni-

310 1131 419 1186 que
442 1124 565 1185 post
591 1115 736 1169 illam
756 1113 939 1168 carnis
968 1113 1447 1168 circumcisionctn
1497 1126 1628 1175 sum,
1676 1114 1719 1164 si
1771 1120 1890 1162 cmi.

311 1208 600 1276 plenitudo
646 1205 898 1276 jnstitiaa,
943 1218 1116 1274 quare
1161 1207 1367 1272 majora
1411 1205 1590 1257 adhuc
1644 1203 1787 1256 Deus
1837 1206 1887 1255 in

310 1295 591 1350 Abraham
630 1293 754 1348 iidei
781 1295 1161 1364 experimenta
1185 1292 1500 1361 quaerebat?
1517 1306 1616 1345 cur
1640 1297 1692 1343 in
1720 1302 1827 1360 pati
1844 1293 1893 1343 io

313 1387 662 1458 postmodum
692 1393 934 1439 tentatur
963 1382 1183 1447 aﬂectu,
1210 1385 1255 1437 si
1285 1382 1395 1452 jam
1428 1384 1483 1435 in
1520 1381 1609 1436 illa
1655 1386 1889 1434 circum-

313 1480 529 1535 cisione
546 1477 947 1533 benedictionis
963 1491 1172 1530 summa
1193 1476 1473 1529 tenebatur
1495 1473 1606 1545 [ΑΙ.
1622 1488 1888 1527 summam

318 1568 607 1639 tenebat]?
634 1565 743 1621 Sed
765 1566 1022 1636 quoniam
1058 1581 1161 1619 non
1188 1567 1276 1619 illa
1309 1567 1502 1627 virtus,
1536 1566 1631 1617 scd
1676 1566 1890 1629 signum

316 1659 613 1728 jubebatur
642 1671 766 1713 esse
796 1656 1036 1719 virtutis,
1077 1655 1343 1725 quaeritur
1371 1669 1398 1707 a
1445 1654 1710 1725 singulari
1752 1655 1889 1715 viro,

321 1764 579 1803 utrumne
619 1749 711 1818 qui
732 1748 846 1818 jam
874 1757 929 1801 et
963 1747 1149 1817 patria:
1180 1759 1229 1799 et
1251 1748 1561 1815 cogitationi
1594 1747 1897 1798 renuntinso

323 1850 425 1901 sd,
454 1849 509 1893 et
541 1837 856 1892 circumcidi
884 1850 945 1889 se
976 1850 1169 1903 passus
1196 1845 1365 1897 esset,
1399 1849 1508 1886 non
1543 1845 1789 1900 part-cret
1841 1842 1893 1882 et

326 1931 480 1985 lilio?
505 1930 675 1995 Quem
711 1930 804 1983 ubi
838 1931 903 1980 ad
940 1928 1215 1981 victimam
1248 1942 1351 1979 non
1405 1926 1579 1979 tristis
1622 1924 1897 1987 exhibuit,

326 2039 425 2093 pro
452 2024 614 2092 digna
647 2021 892 2091 pignoris
918 2022 1218 2087 impietate.
1258 2018 1319 2071 lit
1340 2019 1544 2071 carnali
1579 2018 1780 2083 pietate
1810 2031 1900 2067 sn-

330 2116 570 2168 blitnior.
604 2113 873 2166 Lucratur
893 2111 1210 2171 orbitatem,
1243 2109 1371 2163 dum
1394 2109 1742 2176 parricidium
1792 2120 1902 2160 tue-

327 2208 538 2261 ditatur
567 2221 584 2255 :
614 2212 672 2260 et
696 2218 822 2258 cum
851 2205 1013 2258 unico
1040 2216 1146 2256 non
1176 2203 1351 2269 parcit
1382 2201 1437 2255 in
1474 2201 1656 2264 terris,
1708 2200 1901 2253 stellas

328 2314 428 2368 pro
450 2299 580 2353 ﬁliis
609 2309 974 2350 annumerare
997 2295 1221 2364 jubetur
1249 2295 1305 2348 in
1329 2293 1488 2348 cmlis
1519 2294 1903 2360 :carnalisque

329 2400 624 2459 despector
650 2397 878 2450 naturas,
913 2387 966 2441 in
1004 2396 1200 2441 natura
1250 2384 1491 2440 siderum
1535 2385 1838 2439 collocatur
1884 2396 1901 2436 :

329 2493 386 2536 et
416 2481 643 2536 humani
665 2489 1007 2547 contemptor
1037 2476 1285 2540 seminis,
1312 2485 1464 2547 pater
1488 2487 1713 2531 vocatur
1730 2485 1904 2533 ιιειιο·

334 2589 481 2630 rum.
512 2572 605 2629 Sic
629 2573 804 2628 ﬁdelis
827 2590 930 2626 non
964 2572 1093 2636 ﬁlio,
1130 2571 1222 2625 sed
1252 2579 1543 2639 pract‘epto,
1571 2569 1695 2622 dum
1750 2583 1905 2620 man-

336 2674 520 2720 datum
554 2666 769 2721 Domini
795 2664 1108 2732 religionem
1130 2663 1284 2717 ducit
1323 2675 1468 2725 esse,
1517 2675 1623 2715 non
1673 2659 1901 2723 crimen,

334 2763 463 2811 dum
489 2756 689 2812 olerre
714 2755 883 2811 lilium
918 2755 1027 2808 Deo
1048 2753 1383 2807 sacrilicinm
1403 2750 1610 2821 judicat
1630 2764 1775 2813 esse,
1797 2765 1902 2802 non

337 2847 715 2919 parricidium,
741 2863 877 2918 pene
900 2850 1094 2901 meruit
1120 2846 1441 2914 pravidere,
1470 2842 1617 2909 quod
1647 2844 1813 2896 Deum
1837 2842 1904 2892 ad

338 2943 699 2997 mutationem
750 2938 1049 3008 probanda:
1092 2939 1290 2991 mentis
1341 2933 1691 3004 parricidium
1742 2936 1907 2989 voluit

334 3033 541 3095 oﬂet‘ri.
577 3032 673 3086 sed
703 3031 873 3086 noluit
905 3031 1137 3099 impleri.

1933 1812 1968 1858 ll

2005 559 2110 612 hoc
2148 558 2314 612 etiam
2348 558 2534 613 saeculi
2586 558 2835 611 homines
2885 565 3238 613 contemnere
3281 573 3572 618 iuuerunt.

2005 647 2104 703 Tot
2129 649 2454 705 orbitatibus
2479 649 2818 710 vultu-ratur,
2843 659 2974 717 quot
3000 651 3439 708 successionibus
3461 654 3581 720 glo-

2003 743 2266 797 rLbatur.
2301 741 2577 795 Exclamat
2612 742 2735 795 forti
2775 757 2927 807 voce,
2965 745 3141 798 nudus
3177 757 3369 813 censu,
3403 747 3580 802 nudus

2003 844 2050 883 et
2085 831 2231 898 liliis,
2270 834 2474 886 nudum
2502 846 2560 884 se
2593 830 2773 886 exisse
2804 834 2872 884 de
2901 845 3055 885 utero
3091 833 3284 890 matris
3317 850 3449 898 suae.
3478 852 3577 890 nn.

2002 925 2125 977 dntu
2157 925 2323 977 etiam
2362 924 2563 979 iturum
2608 925 2709 979 sub
2762 933 2959 987 terras,
3013 924 3300 979 Dominmn
3336 927 3578 991 dedisse,

2004 1015 2289 1071 Dominum
2320 1017 2609 1071 abstulisse
2657 1015 2779 1089 (Job
2814 1032 2852 1081 ι,
2884 1017 2998 1081 Ἦ).
3043 1018 3087 1070 il
3118 1017 3296 1072 virum
3329 1029 3579 1075 naturam

2005 1108 2185 1160 surculi
2222 1115 2567 1175 respuentem
2597 1108 2611 1159 !
2647 1121 2750 1159 non
2775 1120 2833 1160 sc
2860 1106 3135 1177 lacrymis,
3154 1121 3260 1160 non
3288 1122 3346 1163 se
3368 1111 3580 1177 gemiti-

2006 1200 2124 1261 bus,
2177 1213 2284 1253 non
2328 1213 2387 1253 se
2420 1197 2586 1253 etiam
2621 1198 2858 1253 tenebris
2897 1197 3210 1265 tradidisse,
3249 1201 3344 1253 sed
3394 1200 3576 1270 potius

2004 1291 2674 1358 detrimentaipignorum,
2711 1291 3022 1360 suscepisse
3055 1292 3364 1361 adjumcnta
3415 1293 3578 1347 uteri-

2002 1392 2180 1433 torum
2211 1381 2460 1434 dolorum
2490 1380 2683 1445 victor,
2717 1380 2882 1435 etiam
2911 1398 3075 1437 sensu
3116 1398 3342 1451 egenus,
3374 1384 3576 1439 ali‘ectu

2005 1476 2059 1523 lit
2094 1472 2286 1525 fortior
2316 1487 2440 1524 cum
2473 1473 2805 1536 inﬁrmatur,
2834 1482 2890 1528 et
2922 1474 2975 1525 in
3029 1473 3169 1528 valle
3215 1475 3619 1549 lacrytnarnm/

2007 1562 2197 1615 turriut
2253 1572 2484 1631 occupat
2540 1562 2857 1631 gloriarum.
2915 1563 3014 1618 Ubi
3061 1582 3121 1621 es
3144 1566 3196 1619 iu
3244 1567 3361 1623 sola
3419 1560 3609 1623 carne'

2005 1657 2329 1711 circumcisa
2356 1655 2580 1711 inda-al
2603 1656 2802 1712 Confer
2841 1672 2960 1711 cum
2993 1658 3095 1712 hoc
3130 1658 3244 1711 \‘ll’tt
3287 1659 3496 1725 pedem,
3528 1670 3585 1714 ct

2006 1749 2279 1803 contende
2300 1750 2468 1818 gloria
2514 1766 2529 1802 :
2556 1750 2746 1803 attolle
2768 1758 2819 1803 te
2848 1749 3114 1820 majorum
3140 1751 3372 1815 superba
3415 1753 3586 1805 virtte-

2002 1841 2147 1894 titms
2184 1856 2198 1896 :
2229 1841 2478 1908 latusque
2507 1850 2659 1895 tuum
2689 1843 2991 1895 benedictis
3026 1841 3295 1896 nobilium
3345 1844 3580 1912 patriar-

2001 1930 2225 1985 claurum
2255 1932 2634 2001 circnmcinge
2664 1932 2975 1988 nominibus
3000 1948 3015 1986 :
3046 1942 3104 1988 ut
3133 1933 3185 1986 in
3229 1943 3281 1987 te
3323 1932 3585 2003 justiﬂca-

2003 2026 2207 2077 tionum
2239 2035 2394 2077 vetus
2436 2024 2522 2076 illa
2552 2024 2724 2077 virtus
2750 2033 2801 2078 et
2833 2039 3057 2078 avorum
3108 2023 3367 2092 splendor
3412 2039 3581 2093 appa-

2004 2124 2137 2169 real.
2168 2114 2269 2169 Job
2299 2116 2588 2168 adversum
2619 2126 2671 2167 te
2704 2115 2948 2183 procedit
2972 2117 3027 2169 in
3060 2115 3324 2177 medium,
3355 2117 3579 2183 sangui-

2005 2208 2089 2260 nis
2114 2218 2369 2263 auctores
2407 2222 2516 2260 non
2554 2207 2910 2271 erubescens,
2934 2221 3034 2261 ucc
3068 2222 3162 2275 per
3197 2205 3338 2261 Esau
3393 2208 3585 2261 incon-

2002 2310 2218 2353 cessam
2241 2297 2637 2352 benedictionis
2668 2308 2873 2351 sortem
2895 2297 3266 2353 translusione
3301 2299 3583 2355 mentitus.

2003 2390 2139 2446 Nam
2204 2391 2316 2455 illa,
2383 2405 2482 2443 uec
2546 2391 2804 2459 prodesse
2860 2389 3131 2453 novimus,
3194 2405 3295 2444 nec
3362 2392 3582 2459 obesse,

2004 2482 2218 2534 dicente
2246 2482 2473 2537 Domino
2504 2496 2518 2535 :
2546 2483 2738 2535 Anima
2765 2483 2934 2551 patris
2959 2492 3009 2536 et
3029 2482 3208 2535 animo
3226 2482 3328 2550 filii
3346 2497 3460 2536 mea
3480 2490 3586 2538 est.

2005 2575 2197 2628 Anima
2220 2590 2338 2645 quis
2368 2576 2682 2641 peccaverit,
2716 2576 2831 2642 ipsa
2870 2576 3126 2629 morietur
3162 2564 3380 2644 (Eieclt.
3424 2588 3586 2642 xvttt,

2005 2668 2082 2738 4).
2118 2671 2195 2723 Ac
2219 2667 2449 2737 proinde
2480 2668 2531 2722 ei
2573 2683 2699 2738 spes
2729 2675 2832 2733 est,
2875 2669 3021 2738 quod
3063 2669 3116 2723 in
3168 2668 3255 2725 his
3306 2668 3484 2723 vincat
3533 2679 3587 2723 te

2006 2760 2283 2824 omnibus,
2335 2768 2391 2815 et
2418 2759 2663 2829 procedit
2698 2758 2818 2828 plus
2848 2759 2953 2813 sibi
2978 2758 3048 2814 de
3071 2758 3275 2815 virtute
3302 2758 3586 2815 vindicans

2008 2854 2249 2923 propria,
2311 2867 2419 2921 quo
2484 2854 2664 2905 minus
2710 2865 2778 2905 ea
2834 2850 3002 2921 gloria
3059 2850 3328 2921 promittit
3383 2852 3583 2907 aliena.

2013 2944 2250 3013 Denique
2277 2944 2609 3010 esspoliatus
2631 2941 2732 2997 Job
2751 2943 2906 3001 bouis,
2925 2942 3198 3008 omnibus,
3232 2942 3307 2996 nil
3336 2943 3583 3013 requirit.

2009 3036 2089 3091 Tu
2120 3034 2414 3107 .‘Egyptum
2443 3037 2496 3088 in
2526 3050 2713 3088 eremo
2741 3048 2859 3103 post
2892 3049 3084 3086 manna
3112 3034 3373 3088 deliciosa
3412 3037 3586 3105 suspi-

410 3125 503 3178 ΧΙ.
528 3124 615 3179 Ab
633 3124 737 3178 hac
757 3124 1001 3186 tetitale,
1023 3124 1197 3178 l’ornta
1221 3120 1459 3176 iudaice
1475 3117 1905 3174 circumcisionis

2016 3143 2125 3183 ras.
2147 3125 2301 3181 lilntn
2335 3126 2405 3180 ab
2434 3108 2530 3193 spe
2555 3127 2610 3180 in
2638 3124 2749 3179 Deo
2776 3124 2972 3198 posita,
3002 3132 3081 3177 tot
3108 3123 3376 3178 tnalorum
3407 3130 3587 3178 lettlae

339 3219 576 3273 admissa
612 3229 693 3272 est
722 3233 739 3270 :
772 3219 884 3271 haec
907 3202 1142 3271 nominis
1165 3223 1284 3269 erat
1303 3214 1492 3283 ligura,
1520 3227 1627 3267 non
1652 3209 1908 3263 membri.

340 3312 436 3363 δίο
468 3317 717 3364 naturam
746 3317 990 3363 nostrain
1025 3305 1166 3361 Dens
1193 3304 1363 3358 voluit
1388 3301 1678 3364 denudari,
1718 3310 1776 3353 ut
1801 3314 1907 3354 non

340 3404 395 3455 in
428 3400 588 3456 nobis
614 3411 711 3455 aut
730 3400 1001 3467 cupiditas
1027 3398 1268 3458 arderet,
1301 3408 1393 3451 aut
1419 3393 1644 3448 ambitio
1666 3392 1909 3453 sudaret,

341 3506 439 3550 aut
469 3493 703 3549 allectus
734 3507 967 3550 carnens
995 3492 1396 3562 praemineret.
1434 3492 1528 3544 sed
1562 3487 1630 3541 ab
1658 3486 1910 3540 oniuibus

340 3591 623 3658 praeputiis
648 3601 749 3642 nos
786 3586 881 3641 Dei
911 3599 1068 3639 amor
1097 3595 1150 3639 et
1177 3581 1524 3653 praesentium
1562 3584 1911 3645 contemptus

340 3690 589 3737 exueret.
612 3678 758 3733 Dixit
774 3678 993 3747 quidam
1014 3675 1285 3745 satyricus
1305 3672 1543 3742 gentium
1560 3681 1717 3738 poeta
1740 3682 1759 3722 :
1782 3665 1913 3720 Ρνοο

340 3774 482 3825 bitas
495 3770 750 3823 laudatur
772 3777 821 3824 et
843 3768 1005 3837 alget.
1025 3765 1418 3822 Testimonium
1449 3763 1551 3817 but:
1576 3776 1762 3815 verum
1785 3772 1868 3814 Cal
1895 3776 1908 3810 :

342 3864 528 3918 nullus
556 3876 678 3917 eam
715 3860 882 3931 stipat
910 3859 1163 3929 populus,
1201 3856 1349 3911 nulla
1385 3853 1677 3909 multitudo
1720 3852 1910 3916 ambit,

344 3960 512 4012 homo
541 3952 721 4010 nullus
747 3951 1095 4022 amplectitur
1128 3957 1220 4003 :et
1248 3949 1300 4002 iu
1329 3948 1530 4003 mundo
1558 3945 1663 4000 isto
1695 3944 1836 3998 velut
1859 3944 1911 3994 iu

342 4047 625 4106 novercali
655 4046 816 4100 domo
842 4046 1052 4107 horret,
1075 4043 1242 4097 etiam
1269 4039 1597 4097 necessariis
1630 4039 1910 4115 deoperta,

342 4140 589 4210 quandiu
640 4151 747 4194 non
787 4149 989 4192 vestem
1020 4150 1132 4191 sua:
1165 4134 1415 4190 habuerit
1454 4130 1757 4202 dignitatis.
1804 4131 1916 4195 Age

343 4234 396 4289 si
425 4233 859 4293 videtur.totunt
891 4228 1162 4283 tramitem
1180 4225 1429 4281 veritatis
1456 4238 1554 4294 per
1575 4221 1918 4291 patriarcha-

346 4344 471 4384 rum
498 4336 649 4398 gesta
675 4323 821 4379 velut
839 4338 933 4392 per
965 4325 1087 4376 viva
1111 4320 1335 4403 vestigia
1369 4319 1745 4380 decurramus,
1774 4322 1835 4367 ut
1862 4329 1915 4366 ill

347 4415 823 4475 circumcisionent
890 4426 1014 4481 qua
1078 4408 1385 4465 sanctificat
1456 4406 1915 4462 demonstremus.

2014 3229 2193 3274 menta
2243 3232 2349 3274 non
2397 3226 2686 3273 avocant:
2734 3225 2789 3271 t'e
2827 3218 2894 3270 ad
2947 3230 3071 3271 eam
3124 3230 3276 3286 spem
3317 3216 3584 3271 bonorum

2011 3310 2251 3365 omnium
2306 3310 2674 3365 blandimenta
2723 3323 2831 3363 non
2867 3314 3185 3379 provocant.
3232 3306 3327 3361 ille
3366 3322 3583 3363 manuni

2016 3401 2224 3457 υυιιιὶιιὶ
2245 3404 2488 3456 sentiens
2507 3400 2782 3456 benedixit
2807 3401 2861 3454 in
2894 3399 3122 3456 vulnere
3151 3416 3166 3453 :
3201 3407 3260 3453 tu
3292 3400 3587 3454 virtutibus

2012 3496 2078 3550 de
2118 3493 2423 3549 Pharaonis
2454 3493 2585 3564 iugo
2615 3501 2780 3549 exuta
2818 3507 2923 3548 non
2955 3494 3227 3565 subjuccs.
3264 3490 3400 3547 Hinc
3427 3491 3506 3546 illi
3530 3500 3589 3546 et

2014 3600 2113 3655 pro
2145 3584 2488 3639 circumcisis
2529 3586 2745 3638 veniam
2782 3585 3062 3653 postulare
3091 3584 3414 3639 cenceditur
3440 3598 3456 3641 :
3488 3586 3585 3639 tibi

2016 3675 2161 3729 velut
2187 3674 2587 3730 iucircumcisss
2613 3678 2965 3731 Amorrbteus
2986 3684 3141 3745 pater
3161 3656 3217 3730 et
3241 3688 3415 3730 mater
3438 3679 3589 3747 inge-

2016 3768 2155 3821 ritur
2179 3781 2301 3823 esse
2319 3766 2532 3823 Cethtea
2558 3782 2573 3822 :
2596 3776 2654 3821 ut
2674 3767 2963 3823 manifeste
2984 3766 3206 3836 liqueat,
3230 3776 3286 3821 et
3306 3766 3457 3821 illum
3489 3782 3586 3837 per

2017 3862 2244 3915 virtutes
2273 3873 2496 3928 operum
2526 3872 2631 3912 non
2674 3846 3086 3912 observantiam
3135 3856 3583 3912 circumcisionis

2016 3952 2450 4008 benedictionem
2482 3950 2584 4006 sibi
2620 3959 2961 4005 restaurasse
2987 3962 3150 4017 quam
3181 3962 3415 4018 proavus
3442 3949 3583 4003 arni-

2018 4048 2091 4101 sit
2124 4061 2139 4100 :
2169 4055 2225 4099 et
2241 4053 2295 4099 te
2312 4057 2409 4113 per
2428 4040 2749 4112 iactantiam
2765 4041 3204 4097 circumcisionis
3229 4041 3459 4096 virtutes
3486 4053 3585 4095 ne-

2017 4134 2331 4206 gligentem,
2372 4148 2492 4189 eam
2551 4132 3006 4199 benedictionem,
3051 4148 3213 4203 quam
3250 4132 3421 4189 Jacob
3472 4132 3588 4190 sola

2018 4228 2317 4284 subtilitate
2347 4228 2700 4297 acquisierat.
2736 4228 3061 4298 perdidisse.

2088 4318 2207 4374 χιι.
2240 4320 2381 4385 Quid
2414 4320 2560 4373 enim
2601 4320 2703 4374 sibi
2747 4315 3059 4372 Iudaeorum
3119 4316 3434 4386 arrogantia
3480 4330 3586 4372 non

2020 4412 2288 4481 usurpet?
2341 4407 2446 4465 Job
2491 4410 2595 4464 iste
2636 4410 2729 4480 qtti
2771 4410 2881 4465 Deo
2928 4407 3152 4479 placuit,
3191 4408 3590 4477 quodammodo

347 4509 597 4564 Transeo
624 4505 774 4561 Isaae
800 4504 1273 4575 peregrinantem;
1302 4497 1449 4568 quod
1476 4499 1657 4565 ipsum
1701 4499 1760 4553 in
1808 4495 1915 4549 cir-
1950 4503 1992 4557 [ι
2022 4503 2199 4569 gentis
2223 4511 2308 4556 est
2339 4517 2493 4567 mea,
2525 4511 2583 4557 et
2607 4503 2968 4556 circumcisus
2993 4509 3078 4555 est
3116 4499 3280 4565 forte,
3335 4501 3590 4569 quoniam

346 4598 707 4657 concisionis
731 4595 906 4653 forma
940 4592 1191 4649 consistit
1228 4589 1678 4658 :Rebeccatnquc
1693 4601 1919 4656 propter

349 4691 761 4748 l‘bilistinoruut
784 4687 1008 4742 insidias
1040 4697 1285 4739 sororem
1329 4681 1397 4736 de
1445 4695 1615 4735 uxore
1646 4682 1916 4734 dicentem

350 4782 511 4854 (Gen.
536 4794 685 4844 uva,
710 4779 765 4847 7)
798 4794 815 4833 :
842 4775 987 4846 quod
1014 4789 1166 4844 atque
1187 4787 1348 4843 quam
1384 4770 1563 4841 magni
1590 4769 1917 4827 sacramenti

350 4877 448 4938 ait,
494 4872 595 4927 tibi
639 4870 1063 4926 existimandum
1096 4867 1365 4934 relinquo.
1396 4861 1576 4919 Taceo
1608 4863 1777 4917 Jacob
1825 4876 1922 4930 per

352 4969 491 5023 duas
517 4977 785 5020 annorum
815 4961 1202 5025 hebdomadas,
1252 4964 1457 5011 matres
1484 4955 1769 5009 duodecim
1821 4956 1920 5005 tti-

352 5061 519 5116 buutn
541 5057 805 5111 servitute
829 5060 1190 5109 mercantetu.
1223 5050 1426 5106 Omitto
1455 5049 1571 5118 ejus
1598 5050 1757 5113 libus,
1783 5062 1922 5115 qtth

354 5165 453 5221 per
474 5146 705 5221 patriam
724 5144 1155 5201 benedictionem
1172 5142 1607 5203 etsauctitatem,
1662 5139 1923 5192 naturalis

352 5246 604 5314 quadam
632 5239 931 5295 necessitas
956 5234 1289 5290 continebat.
1312 5233 1394 5287 Ad
1431 5227 1535 5286 Iob
1598 5228 1834 5292 veniam,
1868 5231 1920 5280 in

354 5340 519 5391 altam
575 5329 944 5402 generationis
989 5328 1186 5382 lineam
1235 5325 1304 5380 de
1335 5323 1488 5379 Isaac
1526 5320 1770 5392 germine
1811 5335 1922 5387 tam

356 5428 695 5498 prolapsum,
724 5437 826 5476 nec
853 5422 996 5475 inter
1022 5418 1310 5475 duodecim
1337 5415 1510 5470 Jacob
1544 5415 1688 5469 lilios
1738 5414 1922 5468 hatre-

354 5520 612 5578 ditatum,
630 5527 728 5583 per
756 5511 901 5566 Esau
924 5510 1187 5579 genitura,
1216 5508 1503 5577 primitiva:
1526 5503 1926 5559 benedictionis

354 5618 657 5670 extorrem,
720 5603 1065 5675 primogeniti
1129 5599 1484 5669 dignitatibus
1537 5597 1927 5665 exspoliatuni,

360 5706 504 5754 inter
542 5698 709 5754 Edoni
750 5697 1021 5767 principes
1049 5692 1140 5763 qui
1184 5690 1295 5746 Deo
1339 5689 1576 5760 placeret
1625 5690 1926 5741 inventum.

360 5789 463 5844 llic
485 5798 666 5845 tamen
694 5802 763 5843 an
780 5785 1255 5843 circumcisionem
1280 5781 1581 5837 naturalem
1606 5782 1928 5848 aequanimi-

2025 4598 2091 4648 de
2120 4594 2260 4647 Esau
2274 4594 2601 4647 circumciso
2624 4591 2905 4661 hucusque
2921 4601 3245 4661 generatur:
3267 4591 3393 4647 licet
3414 4593 3468 4647 in
3492 4593 3595 4647 hoc
3641 4656 3646 4661 θ

2028 4700 2133 4739 non
2165 4685 2510 4740 circumcisio
2527 4683 3026 4754 fueritprtcdicata,
3055 4685 3150 4738 sed
3174 4682 3349 4739 virtus
3377 4698 3511 4739 :nec
3524 4698 3593 4737 an

2026 4780 2146 4831 sine
2171 4777 2436 4846 praeputio
2466 4775 2686 4841 vixerit,
2717 4775 2789 4830 sit
2811 4776 3193 4845 quaerendum,
3220 4774 3315 4830 scd
3341 4776 3486 4845 quod
3511 4775 3596 4828 ni-

2029 4869 2104 4923 hil
2138 4868 2294 4922 labiis
2319 4869 2436 4923 suis
2472 4868 2805 4936 peccaverit,
2836 4867 2910 4922 sit
2947 4866 3260 4920 tenendum.
3292 4866 3375 4920 Ad
3402 4866 3594 4921 alieni-
3671 4874 3685 4921 ε

2027 4977 2198 5032 genas
2216 4961 2283 5015 ad
2304 4975 2443 5031 quos
2457 4961 2778 5031 provocavit
2796 4960 3095 5023 veniamus,
3114 4950 3372 5027 quoniam
3393 4957 3594 5012 nullam

2033 5055 2188 5108 nobis
2216 5053 2468 5107 arborem
2498 5050 2868 5119 exemplorum
2920 5066 3051 5118 ager
3104 5050 3412 5107 dirinorntn
3444 5051 3598 5103 onini

2032 5145 2181 5214 ligno
2209 5134 2474 5199 feracium
2510 5141 2928 5213 plumariorum,
2960 5156 3058 5196 nec
3087 5141 3141 5195 in
3172 5154 3239 5195 eo
3264 5138 3506 5209 germina
3531 5142 3601 5193 de

2032 5240 2261 5301 vimine,
2317 5238 2412 5292 sed
2450 5236 2520 5291 de
2575 5242 2733 5305 truge
2781 5245 3097 5290 censentur.
3145 5230 3507 5287 Ostendamus
3546 5230 3600 5284 in

2035 5328 2197 5383 lsrael
2217 5327 2443 5396 gloriam
2468 5327 2811 5397 peregrinam
2842 5343 2858 5379 :
2889 5336 2941 5378 et
2967 5321 3358 5379 benedictionis
3378 5336 3605 5391 germen

2034 5418 2089 5472 in
2124 5418 2267 5486 ligno
2295 5415 2516 5473 ﬂuxisse
2550 5434 2658 5471 non
2686 5431 2809 5480 suo,
2844 5415 3078 5470 dicimus
3116 5411 3259 5465 Ruth
3311 5409 3504 5483 [Πανί.
3550 5410 3605 5463 in

2036 5512 2185 5579 ligno
2212 5508 2436 5569 ﬂuxisse
2465 5525 2565 5565 suo
2596 5526 2611 5562 :
2647 5524 2753 5563 non
2785 5507 3016 5562 dicimus
3048 5500 3246 5577 Ruth],
3288 5518 3397 5573 quo
3436 5502 3609 5570 magis

2038 5599 2444 5659 confundantur
2474 5602 2531 5655 in
2568 5603 2789 5656 ietnina.
2819 5598 3163 5655 Prontittitur
3191 5611 3287 5667 per
3314 5596 3609 5667 prophetas

2039 5693 2105 5745 de
2131 5693 2316 5755 radice
2334 5691 2490 5747 .Iesse
2514 5692 2664 5761 virga
2697 5706 2795 5761 pro
2811 5697 2998 5744 nostra
3021 5686 3201 5743 salute
3213 5686 3493 5769 proditum
3515 5700 3530 5738 :
3556 5700 3609 5738 tn

2041 5800 2204 5852 quam
2232 5783 2331 5842 nos
2355 5786 2774 5849 conscenderet,
2809 5784 2900 5855 qui
2923 5782 3078 5839 solus
3110 5780 3299 5850 utique
3322 5778 3466 5850 pleni
3495 5777 3616 5849 agri
