4004 6192
438 374 550 446 εστ

1402 368 1461 428 8.
1502 363 1950 428 BIERONYMI
1993 359 2317 421 OI’ERUM
2365 357 2770 418 MAN'I‘lSSA.

3587 345 3694 407 208

445 495 615 549 odore
639 491 908 560 l'ragraret
932 500 1027 554 pro
1051 481 1402 538 consortibus
1431 481 1547 535 suis
1581 499 1594 532 :
1626 495 1785 548 quem
1813 479 1864 530 in
1889 478 2019 528 odo-
2050 485 2096 538 Α
2131 472 2274 523 tenui
2306 471 2445 535 acie,
2481 468 2795 522 mortiferus
2826 478 3021 519 sensus
3059 460 3259 518 mentis
3285 457 3557 514 subtiliter
3579 456 3694 510 dis—

449 603 563 640 reu‘.
585 588 980 651 unguentorum
1009 591 1168 644 super
1193 575 1373 628 omnia
1398 579 1642 624 aromata
1675 568 1876 622 laetitiae
1896 565 2018 620 oleo

452 688 610 747 pater
635 673 898 727 misisset.
936 666 1033 720 Hic
1057 679 1238 720 tamen
1268 662 1424 719 Jesse
1455 661 1630 715 aviam
1662 676 1764 714 non
1801 657 2021 712 Israeli-

454 769 612 821 ticam
646 761 855 826 habuit,
881 758 976 812 Sed
1006 755 1325 809 Moabitam.
1363 752 1464 806 Cui
1490 760 1696 804 tantum
1723 748 2022 816 peregrinae

449 853 784 916 concediaur,
801 857 1064 919 quantum
1082 847 1228 898 nulla
1243 844 1307 896 tle
1321 841 1754 912 patriarcharum
1780 836 2022 907 germine

454 958 815 1018 promeretur,
846 952 902 994 ut
938 954 1037 992 suo
1083 947 1236 988 utero
1294 933 1578 988 destinatae
1628 927 2023 983 benedictionis

453 1054 637 1094 semen
677 1034 927 1103 accipiat,
971 1041 1023 1084 et
1074 1027 1264 1083 lsraeli
1310 1041 1418 1080 non
1461 1023 1705 1078 Israelita
1759 1019 2025 1090 parturiat

453 1130 766 1200 dignitatem
799 1137 1116 1192 :cornuquc
1145 1119 1326 1190 populi
1355 1117 1462 1182 sui,
1498 1116 1552 1170 in
1586 1115 1814 1167 alterius
1844 1110 2024 1182 populi

452 1217 921 1276 benedictionibus
962 1214 1136 1268 aliena
1191 1208 1462 1264 sustollat.
1509 1205 1657 1261 Unde
1698 1206 1861 1270 istud,
1905 1217 2023 1267 oro,

455 1308 850 1383 promeruerit?
870 1306 1070 1371 Credo,
1094 1306 1218 1372 quia
1252 1301 1580 1356 dicitsocrni
1608 1314 1721 1352 sua:
1749 1314 1762 1350 :
1792 1295 2025 1364 Populus

453 1419 597 1468 tuus,
626 1402 849 1472 populus
879 1415 1022 1452 meus
1054 1405 1168 1450 est:
1201 1403 1249 1450 et
1270 1393 1409 1447 Deus
1433 1403 1577 1456 tuus,
1610 1390 1749 1444 Deus
1776 1405 1920 1443 meus
1951 1398 2027 1440 est

457 1499 619 1570 (Ruth
678 1512 716 1558 ι.
747 1494 858 1564 16).
892 1491 935 1546 Ο
958 1491 1211 1544 virtutem
1249 1489 1380 1541 siris
1403 1486 1564 1539 etiam
1597 1480 2025 1554 prazl'erendaml

455 1593 686 1648 Abialia:
715 1588 871 1641 fidem
900 1581 1296 1639 incircumcisa:
1329 1578 1505 1651 gentis
1539 1578 1734 1632 mulier
1762 1577 2026 1639 imitatur,

458 1698 621 1752 quam
654 1679 827 1733 virilis
859 1674 1204 1730 circumcisio
1233 1671 1546 1740 dereliquit,
1595 1677 1650 1723 et
1702 1684 1799 1738 per
1855 1666 2032 1722 aliena

463 1773 688 1842 vestigia
711 1769 958 1824 meritum
989 1764 1396 1836 justiﬁcationis
1423 1759 1746 1830 ingreditur,
1773 1774 1803 1811 a
1836 1759 2032 1826 quibus

2120 566 2440 619 criminent.
2504 561 2862 618 Circumcidit
2919 573 3071 628 ergo,
3133 557 3187 610 ni
3240 554 3416 618 fallor,
3477 553 3529 605 in
3589 551 3699 605 illis

2127 655 2340 725 [Egvpti
2361 654 2709 718 desiderium,
2728 651 3237 712 murmurationem,
3265 643 3694 703 contumaciam,

2123 745 2393 802 idolorum
2427 745 2875 805 fornicationem,
2907 739 3367 795 consuetudinem
3405 734 3698 804 peccandi,

2125 855 2221 908 pro
2249 839 2446 906 quibus
2503 840 2639 890 iram
2679 834 2890 888 Domini
2925 846 3114 886 eorum
3165 843 3388 884 sensere
3440 825 3700 894 majores.

2125 931 2191 985 Et
2217 931 2322 984 illis
2348 931 2512 983 etiam
2542 929 2658 981 sine
2687 925 2855 979 dubio
2887 920 3239 976 circumcidit
3268 926 3470 972 metunt
3500 919 3704 984 posito-

2129 1039 2246 1077 rum
2277 1032 2404 1076 ante
2441 1022 2633 1074 faciem
2677 1018 3008 1087 praeliorum.
3070 1013 3203 1067 Nam
3246 1012 3359 1081 jam
3413 1019 3644 1076 anteqna
3674 1027 3700 1057 ιι

2129 1129 2303 1171 terras
2323 1115 2618 1176 promissas
2635 1111 2760 1173 sibi,
2781 1108 2908 1162 Jesn
2933 1107 3052 1161 illas
3075 1103 3700 1173 speculante,vidisseni,

2129 1210 2374 1279 gigantes
2408 1208 2478 1260 ibi
2514 1220 2638 1260 esse
2675 1203 3009 1257 fortissimos
3042 1198 3542 1267 conquerebantur.
3579 1208 3701 1245 cum

2129 1302 2333 1372 quibus
2365 1314 2558 1352 manus
2591 1311 2882 1351 conserere
2931 1293 3316 1348 formidarent.
3347 1287 3703 1341 Circumcidit

2131 1403 2185 1448 et
2219 1393 2427 1455 Oculos,
2470 1406 2537 1443 ne
2569 1389 3002 1457 alienigenarum
3041 1383 3295 1452 conjugia
3342 1388 3531 1435 contra
3583 1379 3704 1429 llt’l-

2135 1496 2244 1538 tttm
2297 1483 2745 1550 concupiscant:
2805 1479 3060 1546 aliudque
3115 1477 3166 1528 in
3223 1474 3332 1527 illis
3396 1471 3708 1540 regionibus

2137 1579 2302 1634 velint
2369 1577 2651 1645 possidere
2708 1589 2870 1642 quam
2923 1583 3120 1624 terras.
3158 1565 3277 1620 Non
3325 1567 3470 1618 enim
3528 1565 3570 1616 si
3601 1579 3706 1614 non

2136 1669 2622 1731 circumcidantur,
2681 1669 2773 1722 sed
2808 1667 2851 1720 si
2917 1671 3030 1718 haec
3089 1662 3390 1730 negligant,
3432 1673 3524 1726 per
3569 1657 3708 1708 iram

2141 1762 2349 1816 Domini
2379 1759 2687 1814 moriuntur
2716 1771 2731 1812 ;
2762 1759 3019 1826 quoniam
3061 1755 3189 1808 illud
3247 1754 3458 1820 signum
3486 1759 3568 1802 est
3620 1751 3712 1801 bc-

459 1861 728 1932 majoruni
755 1857 1198 1912 cacahaereditas
1223 1852 1477 1907 deviavit.
1504 1850 1645 1903 Deos
1663 1846 2033 1903 suosMoabita
2067 1865 2110 1919 Β
2141 1850 2362 1914 “edicti,
2401 1866 2505 1904 non
2537 1850 2791 1904 mem"...
2819 1845 3194 1902 benedicemu,

397 1942 399 1944 ’
460 1953 778 2017 contemnit,
808 1965 931 2004 cum
965 1957 1045 2012 tu,
1073 1946 1262 2009 Israel,
1291 1945 1572 1998 desideres
1602 1940 1832 1995 alienos.
1856 1938 1951 1992 Illa
1975 1938 2028 1992 in

463 2060 629 2102 unum
661 2042 831 2098 Deum
865 2054 1087 2095 suorum
1104 2038 1216 2106 jam
1240 2035 1409 2090 oblita
1441 2033 1712 2103 conjurat,
1743 2042 1798 2086 et
1828 2039 1880 2084 tu
1915 2037 2035 2100 post

463 2135 868 2192 multitudinem
902 2130 1196 2185 fornicaris
1226 2129 1495 2182 idolorum
1529 2141 1544 2180 :
1582 2125 1712 2178 hinc
1745 2121 1966 2194 cligitur
2004 2135 2034 2174 a

464 2207 714 2294 Domino,
752 2226 880 2281 hinc
912 2221 1228 2293 lit,lsraelita
1262 2228 1463 2285 mente,
1498 2233 1604 2272 non
1637 2229 1875 2286 genere;
1909 2214 2035 2279 llde,

468 2336 574 2375 non
607 2319 912 2389 sanguine;
945 2317 1170 2378 virtute,
1199 2327 1303 2366 non
1332 2313 1472 2366 tribu
1512 2325 1526 2363 :
1554 2311 1681 2364 hinc
1711 2322 1881 2377 usque
1906 2308 2040 2361 adeo

469 2413 830 2474 benedicitur,
863 2417 920 2464 ut
951 2406 1342 2477 prophetarum
1374 2413 1588 2457 tuorum
1619 2409 1795 2454 mater
1819 2407 2040 2454 vocetur

466 2515 521 2557 et
543 2515 753 2570 regum.
803 2495 972 2551 Lucet
999 2509 1226 2565 prorsus
1266 2493 1354 2548 die
1375 2491 1599 2554 clarius,
1623 2505 1848 2559 regnum
1874 2489 2042 2542 ctelo-

473 2611 590 2648 rutn
627 2593 734 2646 vim
760 2591 889 2660 puli,
923 2601 976 2643 et
1005 2603 1035 2641 a
1066 2588 1172 2640 vim
1223 2585 1548 2640 facientibus
1598 2581 1804 2647 invadi,
1853 2579 2038 2648 diripi,

463 2689 739 2759 possideri
769 2705 782 2740 :
807 2699 904 2738 nec
924 2681 1370 2752 iustiﬁcationem
1392 2677 1569 2748 gentis
1585 2691 1729 2742 esse,
1759 2675 1853 2730 sed
1880 2679 2000 2727 vitae
2025 2689 2039 2725 :

473 2783 689 2851 quando
720 2794 825 2833 non
866 2774 1180 2831 circumcisi
1217 2788 1312 2842 per
1343 2774 1552 2841 frugem
1587 2769 1893 2840 probitatis,
1939 2782 2044 2819 au-

473 2876 584 2929 lam
649 2867 1098 2926 sanctilicationis
1147 2867 1459 2929 introeunt;
1517 2872 1573 2915 et
1628 2859 1931 2916 circumcisi
1989 2862 2042 2910 in

472 2969 659 3020 eadem
695 2962 813 3016 aula
843 2959 1031 3030 geniti,
1061 2972 1158 3027 per
1189 2957 1436 3025 pudenda
1468 2963 1744 3024 gestorqu
1769 2961 2042 3020 sceptrum

479 3055 928 3114 Sanctilicationis
964 3055 1242 3106 amittunt.

546 3149 690 3206 χιιι.
725 3148 830 3204 Sed
863 3160 1076 3202 rursum
1111 3145 1177 3197 ad
1211 3141 1555 3198 benedictum
1589 3141 1731 3194 velut
1754 3141 2042 3194 duodecim

2202 1940 2345 2001 ΧΠ.
2379 1941 2484 1996 Sed
2525 1940 2670 2011 pleni
2702 1951 2834 1994 sunt
2857 1953 3048 1993 omnes
3071 1936 3220 2000 libri,
3249 1933 3406 2004 plena
3429 1929 3709 1999 exemplo-
3764 1955 3768 1957 »

2136 2051 2256 2092 rum
2301 2045 2567 2102 vetustas,
2599 2034 2743 2105 quod
2771 2048 2877 2087 non
2933 2029 3290 2102 praesectione
3343 2027 3526 2081 nescio
3560 2024 3714 2091 cujus

2138 2131 2390 2196 membri,
2416 2130 2512 2185 sed
2533 2140 2744 2182 naturae
2779 2139 2979 2182 nocua:
2999 2123 3424 2181 circumcisione
3450 2120 3718 2175 Doininus

2137 2225 2444 2278 delectatur
2473 2239 2491 2277 :
2521 2221 2574 2276 in
2598 2236 2705 2290 qua
2735 2235 2796 2274 se
2824 2235 2946 2274 cum
2971 2219 3136 2272 etiam
3165 2217 3252 2271 ille
3277 2216 3450 2284 major
3469 2215 3714 2267 Ollllllllllt

2141 2318 2532 2390 prophetarum
2585 2313 2828 2368 Joannes
2894 2310 3253 2370 circumcidit,
3311 2323 3418 2360 non
3489 2306 3720 2358 vestitur

2141 2412 2416 2475 mollibus,
2445 2424 2555 2462 non
2587 2407 2874 2476 exquisitis
2905 2405 2973 2459 ad
3003 2403 3184 2474 gulam
3234 2401 3468 2470 dapibus
3498 2399 3720 2469 sagina-

2143 2516 2232 2561 tur
2270 2520 2284 2562 :
2317 2507 2411 2559 sed
2437 2505 2487 2557 in
2522 2503 2626 2556 hoc
2657 2501 2858 2554 tnundo
2889 2513 3029 2570 pene
3058 2499 3178 2552 sine
3205 2495 3410 2550 mundo
3443 2502 3546 2557 est,
3581 2507 3720 2546 cun-

2143 2609 2286 2651 ctam
2344 2595 2740 2650 desideriorum
2773 2591 3035 2647 deserens
3086 2604 3273 2642 curam
3332 2585 3715 2645 mundialem;

2145 2699 2325 2746 setosa
2360 2691 2555 2743 durum
2589 2687 2763 2741 virum
2800 2684 3088 2739 horridant
3121 2683 3378 2750 tegmina,
3417 2694 3520 2730 non
3554 2677 3721 2729 deco-

2149 2793 2307 2847 rant;
2337 2781 2609 2834 huntifero
2638 2794 2756 2842 esu,
2791 2776 2987 2832 melleo
3018 2774 3250 2829 tenuiter
3282 2775 3484 2828 sudore
3507 2781 3728 2824 satura"

2149 2885 2268 2929 tur:
2297 2888 2416 2942 quae
2446 2873 2549 2926 alia
2591 2870 2938 2925 circumcisio
2973 2868 3323 2940 praestantior
3362 2863 3586 2918 debebit
3639 2863 3720 2913 in-

2148 2965 2618 3036 qniri'lDeniqne
2684 2964 2770 3016 hic
2831 2977 2936 3017 non
2997 2975 3196 3030 agnum
3254 2959 3401 3012 illum
3454 2972 3617 3024 quem
3669 2957 3722 3005 in

2151 3058 2338 3112 umbra
2395 3057 2643 3110 veritatis
2711 3054 2854 3108 soliti
2921 3063 3080 3108 erant
3123 3050 3290 3105 Judaei
3351 3050 3556 3102 habere
3627 3063 3727 3112 pio

2152 3150 2373 3218 [lilSthih
2427 3162 2522 3216 per
2567 3161 2728 3212 quem
2795 3147 2980 3198 mundi
3044 3153 3265 3212 peccata
3307 3157 3412 3194 non
3472 3150 3728 3207 poterant

477 3244 714 3297 tribuum
767 3239 1084 3309 sanguinem
1112 3239 1417 3298 redeamus,
1446 3243 1504 3288 ut
1527 3233 1589 3286 .iu
1649 3247 1714 3286 eo
1749 3233 1860 3300 jam
1914 3240 2040 3286 tunc

2153 3242 2356 3297 aboleri
2388 3259 2402 3296 :
2425 3242 2517 3296 sed
2543 3219 2693 3294 illum
2721 3254 2904 3293 verum
2937 3238 3175 3306 Agnum,
3199 3237 3354 3303 cujus
3373 3233 3552 3288 oninis
3575 3240 3730 3284 θεερι

480 3331 800 3402 praecedens
857 3326 1225 3382 ecclesiastici
1283 3325 1528 3395 mysterii
1566 3323 1814 3376 veritatis
1854 3323 2044 3376 umbra

479 3425 760 3495 probetur.
816 3421 1056 3488 Longum
1085 3429 1166 3474 est
1195 3418 1534 3490 singulorum
1579 3415 1788 3470 formas
1816 3430 2046 3469 enume-

483 3529 602 3570 rare
628 3521 964 3576 sanctorum,
993 3525 1293 3580 eorumque
1322 3519 1472 3581 gesta
1507 3510 1638 3574 tuis,
1677 3511 1781 3562 lilia
1801 3508 2046 3562 dilectis-

481 3609 642 3671 sima,
701 3619 956 3660 enarrare
984 3603 1280 3659 virtutibus
1311 3619 1328 3658 ς
1357 3603 1486 3671 quid
1531 3602 1602 3656 sit
1651 3606 1793 3671 quod
1846 3599 2048 3670 .loseph

478 3699 732 3755 dedomo
802 3695 1044 3767 Egyptii
1096 3697 1264 3764 regis,
1331 3703 1484 3749 veste
1545 3694 1806 3762 projects,
1870 3693 2050 3746 nudus

481 3786 752 3857 aul‘ngerit
779 3801 796 3853 ;
833 3787 959 3856 quid
996 3785 1226 3854 sitquod
1255 3784 1344 3839 hic
1374 3785 1606 3854 populus
1639 3798 1789 3837 mare
1819 3784 2052 3836 transie-

484 3883 576 3944 rit,
598 3893 653 3934 et
705 3879 1008 3934 Pharaonis
1032 3894 1138 3934 non
1174 3878 1394 3932 transiit
1421 3880 1721 3942 exercitus,
1753 3887 1806 3930 et
1839 3879 2052 3945 species

482 3976 718 4030 labentis
755 3984 968 4027 natura:
993 3973 1092 4027 sub
1136 3972 1416 4027 hominum
1449 3973 1589 4041 pede
1623 3981 1880 4025 mutatur.
1911 3968 2050 4034 Quid

483 4076 588 4130 est,
633 4068 776 4134 quod
830 4068 1006 4134 ipsum
1040 4081 1193 4118 mare
1225 4065 1588 4118 evadentibus
1635 4061 1928 4133 Egyptqu
1965 4063 2054 4116 Ja-

485 4163 587 4212 coh
615 4158 739 4211 ﬁliis
780 4157 1079 4210 occurrat?
1126 4155 1245 4210 Tibi
1303 4157 1414 4210 haec
1441 4167 1636 4210 cuncta
1669 4157 2052 4218 exiitninanda,

487 4261 540 4306 et
566 4252 722 4320 juxta
759 4258 902 4302 tuam
936 4250 1122 4312 vitam,
1171 4259 1225 4301 et
1275 4247 1426 4317 juxta
1485 4247 1740 4300 Ecclesia:
1799 4255 2054 4316 mysteria

488 4343 804 4408 derelinquo
843 4356 856 4392 :
897 4340 1027 4393 utin
1059 4340 1142 4392 his
1174 4341 1400 4393 veritate
1440 4339 1874 4393 circumcisiouis
1904 4355 2056 4392 arca-

491 4452 581 4497 na,
615 4447 775 4502 quam
807 4431 860 4484 in
890 4431 1183 4498 .Abraham
1243 4429 1468 4496 aspicis,
1509 4439 1790 4483 vacuatam
1827 4431 2054 4484 formam

2152 3337 2454 3391 mortalitas
2486 3349 2682 3390 cruore
2749 3333 3000 3386 salvanda
3029 3345 3048 3398 ;
3079 3331 3284 3384 relictis
3321 3328 3615 3395 nonaginta
3674 3338 3728 3377 ut

2153 3441 2346 3482 novem
2375 3425 2590 3487 ovibus,
2625 3439 2785 3478 unam
2827 3422 3024 3488 gestari
3059 3423 3301 3476 Pastoris
3331 3420 3444 3472 veri
3478 3416 3727 3470 humeris

2153 3520 2361 3585 primus
2387 3518 2626 3586 agnovit,
2657 3517 2886 3570 dicendo
2922 3532 2936 3567 :
2971 3513 3105 3566 Ecce
3131 3513 3312 3582 Agnus
3351 3510 3464 3574 Dei,
3492 3523 3611 3561 ecce
3633 3511 3724 3576 qui

2155 3607 2291 3662 tollit
2321 3619 2532 3675 peccata
2577 3607 2760 3658 mundt
2809 3605 2995 3675 (Joau.
3038 3621 3076 3669 t,
3105 3605 3219 3674 29).
3285 3603 3420 3657 lllud
3461 3605 3633 3657 etiam
3675 3603 3727 3651 in

2153 3717 2218 3756 eo
2248 3700 2548 3755 mirandum
2590 3710 2697 3763 est,
2746 3700 2892 3768 quod
2939 3713 3185 3752 eremttm
3234 3698 3480 3766 elegerit,
3514 3695 3733 3748 Domini

2155 3794 2545 3864 praedicaturus
2563 3793 2852 3845 adventum
2886 3807 2899 3856 ;
2928 3807 3034 3845 nou
3060 3789 3114 3843 in
3148 3790 3382 3859 templis,
3417 3804 3523 3840 non
3548 3789 3734 3855 loqui-

2157 3898 2244 3938 tur
2270 3887 2320 3936 in
2349 3885 2568 3953 plateis,
2604 3881 3008 3936 multitudinem
3037 3879 3373 3934 multitudini
3407 3879 3734 3946 profuturus

2159 3977 2427 4029 horrescit
2469 3983 2565 4030 :et
2600 3989 2696 4028 cur
2730 3987 2833 4025 vox
2866 3983 2950 4027 est
2978 3973 3286 4034 clamantis,
3325 3971 3369 4024 si
3421 3971 3736 4022 declinatur

2159 4067 2425 4123 auditor?
2461 4066 2607 4134 Opus
2657 4075 2740 4119 est
2797 4065 2982 4134 utique
3037 4064 3324 4118 multitudo
3375 4063 3613 4117 doctori.
3667 4061 3734 4114 Et

2158 4178 2277 4231 quae
2331 4161 2385 4214 in
2424 4175 2608 4213 eremo
2646 4159 2941 4212 multitudo
2968 4158 2991 4210 ?
3023 4157 3153 4211 Sine
3214 4157 3382 4209 dubio
3427 4156 3594 4208 nulla.
3663 4156 3735 4207 lit

2158 4255 2287 4325 quid
2320 4253 2485 4307 faciet
2530 4253 2811 4322 propheta,
2844 4252 2936 4320 qui
2970 4265 3072 4304 vox
3105 4259 3212 4314 est,
3253 4261 3308 4304 et
3348 4265 3446 4304 vox
3472 4251 3726 4303 claman-

2163 4348 2274 4401 tis?
2311 4345 2508 4415 Elegit,
2547 4345 2601 4399 ni
2637 4344 2816 4409 fallor,
2863 4345 3063 4407 locum,
3099 4359 3206 4397 non
3255 4343 3346 4397 ubi
3373 4359 3493 4397 eum
3552 4345 3734 4396 nullus

2159 4440 2361 4502 audiat,
2395 4438 2490 4492 sed
2526 4439 2592 4492 ad
2616 4453 2774 4507 quem
2829 4439 3057 4508 populos
3094 4441 3161 4492 de
3211 4447 3418 4492 natura:
3455 4449 3732 4503 corrupte

487 4525 630 4594 signi
661 4522 870 4578 Judaici
923 4537 1028 4575 non
1068 4523 1304 4575 mireris.
1339 4523 1503 4591 Igitur
1529 4527 1784 4591 quoniant
1818 4522 2043 4575 strictim

2160 4531 2575 4586 conversatione
2617 4531 2861 4595 reducat,
2911 4541 2970 4584 ut
3029 4531 3084 4584 in
3110 4530 3378 4600 Propheta
3413 4545 3607 4583 novam
3658 4533 3740 4583 \i-

492 4622 742 4672 universa
779 4615 1002 4670 dicenda
1031 4625 1182 4678 sunt,
1221 4627 1290 4668 ne
1314 4616 1366 4668 in
1394 4619 1611 4683 longum
1649 4628 1828 4668 sermo
1864 4629 2056 4684 proce-

491 4713 605 4775 dat,
655 4722 812 4778 seges
851 4709 982 4762 mihi
1017 4709 1194 4762 omnis
1246 4705 1500 4762 lsraelitae
1533 4711 1711 4777 gentis
1765 4721 1849 4762 est
1906 4708 2062 4761 inva-

490 4803 689 4864 denda,
723 4813 773 4853 et
807 4798 860 4852 iu
884 4815 945 4854 ea
1004 4801 1174 4866 ipsius
1230 4799 1666 4853 circumcisionis
1723 4801 2060 4853 ventilandus

489 4893 742 4949 elfectus.
799 4893 955 4947 Jesus
1010 4893 1158 4947 Nave
1223 4893 1454 4962 populos
1519 4894 1942 4946 haereditaturus
2005 4896 2058 4944 in

495 4991 684 5054 terris,
734 4988 884 5057 prius
918 4988 1006 5041 illa
1048 4987 1230 5040 omnia
1279 4991 1426 5040 velut
1469 4985 1670 5039 divina:
1721 4986 1891 5053 plebis
1948 4986 2060 5038 cir-

489 5084 805 5140 cumcidere
832 5080 1055 5149 jubetur
1088 5078 1338 5134 examina
1375 5097 1388 5131 :
1427 5080 1583 5147 quasi
1619 5094 1748 5131 vero
1801 5094 1908 5130 non
1950 5089 2060 5130 tota

491 5189 706 5230 oremus
727 5189 821 5242 per
860 5173 1037 5225 varias
1067 5172 1441 5240 peccaminum
1476 5171 1662 5240 plagas
1719 5172 2060 5224 circumcisae

487 5268 664 5336 gentis
692 5267 908 5321 ossibus
929 5266 1206 5318 albicaret.
1233 5264 1369 5327 Quid
1386 5278 1515 5330 ergo
1543 5262 1766 5330 jubebat
1793 5263 1894 5316 hoc
1920 5263 2059 5325 lieri,

488 5363 638 5430 quod
659 5360 862 5428 peccati
902 5360 1151 5412 rueritum
1177 5373 1280 5411 non
1313 5359 1584 5411 sanabat?
1615 5355 1752 5410 Dicit
1785 5357 2058 5418 Dominus,

491 5454 604 5507 Fac
634 5453 724 5506 tibi
759 5454 995 5506 cultellos
1019 5451 1251 5519 petriuos
1279 5450 1431 5504 nituit
1463 5460 1646 5500 acutos
1668 5447 1854 5513 (Iosue
1890 5464 1942 5512 ν,
1979 5449 2058 5512 2).

487 5550 629 5614 Quid
670 5559 775 5612 est,
829 5551 971 5615 quod
1028 5557 1310 5615 tantopere
1391 5556 1570 5606 cavet,
1621 5559 1690 5598 ne
1751 5545 2053 5598 habeantur

489 5640 670 5695 obtusi
695 5642 716 5691 ’ἒ
740 5638 940 5706 Nimis,
969 5640 1064 5704 ait,
1090 5647 1296 5702 acutos,
1323 5646 1380 5690 ut
1407 5636 1654 5690 videlicet
1683 5652 1786 5689 non
1819 5625 1907 5706 qui
1935 5652 2061 5705 par-

493 5733 712 5783 ticulam
746 5732 978 5798 aliquam
1009 5731 1318 5798 corpusculi
1369 5732 1449 5784 sui
1493 5747 1654 5783 sensu
1688 5732 1894 5784 doloris
1962 5735 2056 5783 ah-

489 5825 766 5885 scindanl,
799 5823 894 5876 sed
925 5822 1092 5875 multa
1128 5825 1254 5875 lima
1315 5836 1473 5893 atque
1523 5841 1617 5876 usu
1670 5829 1807 5876 cotis
1835 5829 2060 5877 assiduo

2165 4636 2272 4678 tam
2301 4627 2565 4691 videntes,
2597 4625 2835 4678 divinam
2869 4625 3053 4677 mirari
3103 4623 3333 4688 discant,
3363 4639 3529 4693 seque
3555 4627 3740 4676 omtti-

2165 4721 2264 4772 bus
2300 4719 2444 4772 vitiis
2497 4718 2857 4772 circumcisus
2908 4718 2961 4770 in
3022 4730 3207 4769 eremo
3258 4731 3379 4769 esse
3434 4715 3741 4782 patiamur.

2165 4810 2341 4863 Locus
2395 4825 2525 4877 ergo
2557 4811 2672 4878 ipse
2695 4809 2871 4863 forma
2901 4811 3161 4864 doctrinae
3197 4820 3303 4870 est,
3359 4821 3414 4862 et
3440 4813 3552 4876 ipsa
3601 4825 3742 4873 pra:-

2165 4903 2363 4956 dicatio
2399 4903 2639 4956 solitudo
2669 4916 2758 4958 est
2793 4903 3076 4956 virtutum.
3133 4902 3402 4970 Operatur
3443 4901 3739 4963 habitatio,

2163 4993 2290 5048 dum
2323 4994 2536 5047 urbium
2573 4994 2932 5064 frequentiam
2977 4993 3540 5060 sollicitusrelinquit
3574 4995 3735 5046 andi-

2165 5100 2268 5152 tor,
2303 5101 2355 5143 et
2389 5106 2630 5144 cremum
2663 5107 2691 5144 a
2715 5091 3037 5160 contagione
3069 5090 3252 5144 mundi
3289 5091 3433 5143 velut
3460 5104 3488 5140 a
3519 5091 3739 5141 theatro

2166 5182 2269 5236 hoc
2306 5183 2641 5251 voluptatum
2693 5183 2912 5234 avulsus
2947 5183 3268 5250 ingreditur.
3333 5179 3591 5233 Prohibet
3645 5185 3742 5232 dc-

2167 5273 2329 5340 nique
2392 5288 2458 5325 ne
2518 5272 2793 5326 Abraham
2857 5283 3010 5340 patre
3071 5271 3424 5336 glorientur;
3480 5271 3744 5322 VialcllCr'l

2166 5364 2306 5432 quod
2339 5347 2456 5429 ejus
2486 5364 2707 5431 vestigia
2745 5380 2848 5416 nou
2881 5374 3200 5432 sequantur.
3247 5363 3406 5415 Certe
3439 5361 3484 5414 si
3541 5362 3609 5413 ad
3635 5365 3749 5413 cii--

2170 5458 2558 5510 cumcisionem
2595 5455 2743 5509 illam
2781 5455 3072 5508 Judaicam
3122 5456 3424 5518 Veniamus,
3448 5454 3752 5506 circumci-

2168 5550 2358 5601 damur
2388 5558 2444 5599 ut
2469 5549 2742 5601 Abraham
2785 5548 2885 5600 fuit
2917 5549 3298 5600 circumcisus.
3329 5547 3383 5600 Si
3413 5547 3480 5598 ad
3514 5549 3746 5614 sangui-

2170 5657 2318 5702 nem,
2349 5657 2444 5692 cur
2475 5642 2568 5694 lilii
2604 5641 2834 5694 Abrahae
2875 5657 2982 5693 non
3040 5643 3290 5695 dicantur
3348 5655 3474 5695 CSse
3495 5645 3586 5708 qui
3652 5646 3749 5695 lilii

2169 5746 2297 5786 sunt
2329 5734 2350 5784 ?
2382 5733 2484 5786 Sed
2537 5744 2588 5787 et
2616 5734 2735 5786 ﬁdei
2775 5745 2931 5801 pater
2963 5752 3064 5786 non
3105 5745 3281 5803 potest
3331 5749 3452 5787 esse
3485 5735 3589 5788 nisi
3629 5752 3750 5788 cre-

2169 5830 2414 5881 dcntiun.
2456 5846 2467 5879 :
2503 5842 2554 5880 ct
2595 5831 2688 5880 lilii
2731 5846 2836 5881 non
2861 5829 2924 5882 dc
2969 5831 3124 5898 signo
3154 5829 3618 5895 circumcisionis,
3650 5832 3749 5884 Sed
