4012 6188
339 305 452 369 209

1174 319 1536 385 EPISTULA
1581 325 1741 386 XlX.
1787 329 1886 388 DE
1920 329 2116 389 VERA
2159 333 2784 402 CIRCUMCISIONE.

2683 140 2716 178 ς

3485 343 3600 412 2ἳο

341 428 414 478 de
448 427 632 495 operis
677 430 1042 494 similitudine
1098 451 1586 503 recognOscuntur.
1656 443 1752 497 llis
1795 461 1926 516 ergo
1956 451 2000 504 Δ
2030 463 2125 502 sua
2158 451 2247 502 dat
2288 453 2497 518 egenis,
2528 463 2580 507 et
2618 454 2659 506 si
2693 453 2778 509 cui
2827 453 2955 520 quid
3003 454 3296 519 fraudavit,
3329 457 3500 512 reddit
3542 460 3596 512 in

343 533 466 570 cum
507 520 882 586 inbibebatur,
925 544 990 579 ne
1012 542 1072 581 se
1105 527 1380 584 Abraham
1415 546 1642 600 parente.
1699 534 1924 606 jtfctita-

343 622 490 672 rent,
523 613 652 666 illud
704 618 1120 682 ostendebatur,
1177 637 1282 675 non
1345 625 1469 692 quia
1533 627 1747 696 signum
1801 630 1922 684 ﬁdei

343 703 512 765 illius,
544 706 639 757 sed
695 709 826 773 quia
883 711 1096 777 signum
1167 715 1406 781 patrium
1463 733 1567 770 non
1633 718 1921 774 baberent.

345 792 500 846 Tunc.
533 806 713 848 autem
750 800 854 851 rite.
887 801 982 852 lilii
1037 801 1268 856 Abrahae
1297 815 1423 857 sum
1465 808 1704 869 dicendi,
1754 810 1797 862 si
1855 813 1922 862 ad

347 883 578 937 formam
614 891 858 954 parentis
897 906 1000 942 nou
1053 893 1209 957 fat-ie,
1242 897 1335 948 sed
1373 898 1482 949 vita
1533 901 1918 966 respondeant.

345 975 404 1030 Si
429 977 495 1027 ad
525 979 746 1031 verbum
777 981 1013 1046 Domini,
1051 999 1150 1037 nec
1179 987 1352 1051 patria
1376 988 1661 1056 diligatur,
1697 1002 1750 1043 et
1782 992 1924 1046 ﬁlius

349 1071 522 1126 possit
547 1072 721 1124 occidi
757 1090 772 1126 :
808 1088 930 1126 cum
966 1075 1082 1143 ipse
1112 1077 1278 1130 etiam
1327 1089 1471 1131 totus
1501 1081 1664 1135 homo
1695 1083 1794 1146 illi,
1829 1085 1921 1154 qui

350 1179 444 1220 oro
472 1164 630 1218 nobis
667 1177 918 1220 mortuus
942 1179 1047 1231 est,
1091 1173 1207 1238 pari
1237 1171 1431 1226 debeat
1468 1175 1738 1230 charitate
1773 1193 1924 1231 com-

345 1269 508 1308 ιιιοιί.

420 1344 532 1401 XV.
571 1346 664 1399 Sic
687 1347 907 1403 Simeon
939 1366 1104 1406 senex
1137 1353 1328 1408 :Nuuc
1356 1358 1609 1418 dimittis,
1631 1360 1724 1426 ait,
1747 1361 1924 1416 Domi-

349 1453 432 1490 ne.
469 1454 676 1490 servant
707 1451 853 1493 tuum
883 1443 934 1494 in
977 1461 1108 1513 pace
1131 1461 1150 1500 :
1184 1447 1320 1512 Quia
1355 1451 1596 1505 viderunt
1634 1456 1772 1507 oculi
1824 1457 1924 1509 mei

345 1530 584 1583 salutare
613 1546 762 1584 ttmm
795 1534 946 1601 (Luc.
970 1553 1029 1601 It,
1061 1536 1130 1592 29
1163 1540 1206 1608 ).
1241 1539 1432 1595 Forma
1451 1553 1535 1599 est
1557 1548 1747 1616 utique
1781 1548 1922 1616 quod

346 1624 437 1688 qui
465 1624 749 1684 Christum
788 1628 954 1692 videt,
995 1629 1106 1697 jam
1154 1632 1220 1684 sit
1257 1635 1458 1688 saeculo
1488 1640 1802 1693 moriturus.
1857 1639 1924 1694 Et

346 1717 456 1767 luet:
483 1728 568 1769 est
618 1718 988 1782 circumcisio.
1024 1738 1128 1776 non
1189 1724 1367 1779 adhuc
1412 1729 1516 1782 sub
1571 1731 1921 1786 tabernaculo

347 1808 768 1875 signiﬁcationis
797 1813 1139 1876 adumbrata,
1184 1821 1277 1872 sed
1303 1821 1744 1889 pra-ﬁguratione
1779 1827 1919 1880 veri-

347 1903 472 1954 tatis
501 1905 798 1962 occultata,
823 1907 986 1959 etiam
1017 1907 1070 1961 in
1105 1909 1276 1964 lucem
1315 1913 1448 1968 facis
1479 1917 1708 1987 imagine
1723 1934 1916 1990 exspo-

347 1995 472 2049 liata
527 2000 825 2065 procedens
863 2015 1062 2068 :quam
1129 2003 1401 2061 Abraham
1444 2011 1680 2075 priorum
1719 2024 1918 2083 myste-

349 2093 550 2142 riorqu
613 2108 752 2160 pene
804 2097 1045 2148 omnium
1119 2099 1358 2153 initi-ator
1404 2105 1734 2166 ostenderat,
1796 2122 1916 2159 cum

346 2196 463 2250 post
496 2188 724 2239 verbum
758 2189 966 2242 Domini
1013 2195 1192 2245 locum
1226 2195 1329 2247 sibi
1357 2211 1384 2246 a
1434 2196 1557 2250 filiis
1597 2198 1759 2257 Ileth.
1807 2216 1915 2254 non

346 2279 436 2328 ubi
473 2279 706 2339 viveret.
770 2281 865 2335 sed
926 2284 1016 2336 ubi
1071 2297 1398 2350 moreretur,
1457 2293 1716 2360 acquirit.
1778 2294 1915 2361 Magi

344 2386 586 2437 quinque,
619 2375 845 2429 adorato
879 2376 1128 2444 Domino,
1179 2395 1245 2433 ne
1276 2383 1361 2434 cui
1409 2384 1577 2452 genti,
1631 2395 1688 2437 ut
1734 2389 1919 2442 docui-

347 2480 486 2527 mus,
514 2468 839 2532 pra'putium
873 2470 1154 2535 corporale
1182 2471 1362 2526 fraudi
1395 2486 1537 2528 esset
1573 2477 1636 2528 ad
1663 2480 1912 2543 gloriam,

346 2553 454 2604 suis
479 2569 537 2606 se
571 2554 1293 2618 aiiectihuscircumcidere.
1328 2575 1450 2612 cum
1488 2563 1759 2616 thesauris
1779 2567 1914 2624 suis.

349 2644 399 2694 id
463 2654 568 2707 est,
642 2648 874 2700 secretis
920 2649 1184 2702 mentium
1231 2651 1545 2718 patefactis,
1608 2656 1914 2709 animorum

349 2747 530 2790 motus
571 2748 879 2792 mactavere
908 2754 1006 2808 pl'O
1039 2756 1263 2796 11111091⁵8
1299 2758 1539 2810 ;eosque
1570 2748 1791 2800 morbos
1824 2765 1918 2816 per

347 2816 482 2891 quos
513 2829 718 2898 aliquid
751 2841 847 2884 attt
878 2834 1150 2901 cupimus,
1183 2842 1277 2886 aut
1317 2838 1633 2899 metuimus,
1690 2851 1781 2892 aut
1813 2842 1916 2893 do-

346 2912 543 2983 Ie‘mus,
599 2926 742 2975 velut
796 2934 922 2977 ante
973 2925 1190 2991 pietatis
1236 2941 1385 2981 aram
1419 2937 1473 2983 et
1528 2931 1918 2986 misericordia:

347 3019 520 3069 altare
548 3016 820 3080 fuderunt,
855 3029 912 3069 ut
943 3017 1025 3072 vel
1063 3020 1268 3072 inauro
1296 3023 1544 3082 avaritia.
1574 3025 1653 3077 vel
1685 3026 1736 3079 in
1761 3027 1916 3080 thure

349 3110 676 3174 idololatria,
723 3111 802 3162 vel
863 3112 912 3163 in
951 3112 1168 3182 myrrha
1207 3113 1359 3168 ﬂeret
1411 3115 1646 3170 Domino
1676 3119 1914 3183 subjecta
1947 3142 1990 3196 ο

348 3203 653 3256 mortalitas
675 3219 693 3256 :
722 3219 748 3254 a
781 3219 890 3272 quo
916 3207 1033 3272 eius
1063 3207 1251 3275 utique
1280 3212 1634 3277 eratcaptiva
1667 3213 1914 3268 ducenda

345 3294 632 3359 captivitas
661 3305 761 3348 :et
795 3295 847 3347 in
903 3295 1043 3350 hanc
1068 3307 1276 3366 petram
1300 3307 1352 3354 et
1383 3313 1534 3356 Sacra
1565 3307 1806 3374 pecunia:
1827 3321 1920 3360 cu-

347 3386 564 3450 piditas,
614 3396 668 3438 et
705 3385 926 3454 profana
958 3403 1203 3442 errorum
1240 3394 1578 3460 superstitio,
1627 3408 1683 3449 et
1731 3413 1916 3451 amara

349 3475 696 3529 mortalitatis
760 3478 1022 3543 conditio,
1098 3481 1244 3534 velut
1298 3483 1449 3538 illisze
1518 3499 1915 3542 morerentur:

341 3568 662 3634 jampridem
693 3567 947 3638 Babyloni
978 3570 1261 3626 Psalmista
1310 3576 1633 3645 praecinente
1669 3597 1684 3635 ~:
1722 3579 1917 3635 Beatus

342 3662 432 3721 qui
461 3663 652 3714 tenebit
678 3673 727 3714 et
778 3664 960 3718 allidet
1019 3673 1266 3735 parvulos
1302 3687 1426 3724 suos
1463 3669 1482 3742 [
1519 3672 1602 3726 Al.
1634 3686 1750 3729 tuos
1784 3674 1804 3746 ]
1849 3678 1916 3730 ad

345 3763 553 3818 petram
587 3749 762 3831 (ιξεαι.
821 3769 1038 3820 cxxxvl,
1065 3755 1142 3822 9).
1177 3757 1288 3811 Sub
1329 3759 1412 3811 his
1439 3774 1570 3828 ergo
1633 3760 1913 3831 Magorum

342 3858 393 3898 et
429 3829 745 3901 nominibus
789 3857 842 3901 et
879 3849 1272 3910 oblationibus.
1309 3829 1748 3910 omnimodeiille
1774 3856 1915 3911 divi-

343 3950 536 3988 norum
600 3951 824 4002 operum
885 3937 1260 4008 interpellator
1316 3946 1580 3997 exuitur:
1645 3945 1914 4010 Quoniam

347 4027 486 4080 Dens
515 4038 629 4080 erat
661 4028 714 4080 in
744 4029 951 4083 Christo
985 4033 1234 4084 mundum
1263 4035 1612 4094 reconcilians
1639 4039 1758 4092 sibi.
1785 4039 1918 4105 Quis

341 4118 485 4170 enim
518 4117 628 4186 jam
662 4131 978 4193 aut_anrum
1015 4122 1116 4175 sibi
1146 4124 1343 4178 audeat
1399 4127 1700 4192 possidere,
1737 4129 1780 4180 si
1818 4130 1916 4181 Do-

344 4211 478 4262 mini
512 4219 595 4263 cst
627 4211 651 4262 ?
689 4222 781 4264 aut
824 4213 985 4267 idolis
1019 4215 1172 4267 thura
1207 4231 1585 4280 concrcmare,
1621 4221 1664 4271 si
1709 4218 1911 4275 Christi

341 4302 416 4354 sit
444 4301 584 4354 Μαι
616 4314 885 4356 mortuum
923 4305 1022 4358 nisi
1057 4318 1303 4360 mortuus
1326 4308 1576 4375 sepelire,
1616 4311 1658 4364 si
1693 4312 1912 4380 myrrha

337 4394 450 4459 jam
482 4394 588 4446 vivi
616 4404 700 4447 est
729 4394 752 4445 ?
783 4394 1022 4466 Denique
1059 4408 1113 4452 et
1153 4414 1180 4450 ει
1219 4398 1435 4453 diabolo
1470 4402 1614 4455 velut
1649 4418 1742 4472 per
1775 4404 1913 4456 hanc

2028 542 2416 610 quadruplum.
2452 545 2546 598 Ille
2578 547 2762 614 utique
2792 547 2883 615 qui
2922 548 3216 602 Dominum
3247 565 3354 603 non
3384 558 3596 619 poterat

2027 633 2210 688 videre
2271 637 2393 688 dum
2428 637 2580 691 dives
2630 649 2796 700 esset,
2852 639 2955 694 nisi
3002 650 3287 710 postquam
3333 643 3398 696 de
3429 651 3596 705 terra,

2027 724 2078 778 in
2123 740 2226 793 qua
2264 741 2363 780 cor
2395 728 2568 792 ipsius
2618 729 2905 784 videbatur
2955 745 3077 784 esse
3135 747 3256 784 cum
3321 733 3635 802 thesauro,‘

2025 831 2362 886 sycomorum
2399 835 2503 886 qua
2565 820 2827 875 Dominus
2859 832 3005 877 esset
3042 823 3374 878 transiturus
3405 839 3598 879 ascen-

2025 909 2151 976 dit;
2185 919 2311 963 tunc
2338 909 2484 964 velut
2511 912 2574 965 de
2600 922 2827 982 cognata
2855 915 3188 969 necessitate
3206 931 3234 968 a
3263 916 3594 986 cruciﬁgen-

2025 999 2094 1053 du
2122 1012 2444 1069 conspectus
2475 1002 2527 1055 in
2561 1004 2756 1058 arbore
2785 1007 3161 1073 cognoscitur,
3201 1017 3255 1061 et
3285 1006 3427 1062 ﬁlius
3455 1008 3595 1061 dici-

2028 1105 2112 1148 tur
2145 1096 2400 1149 Abrahm.
2449 1096 2560 1151 Cu‘r
2591 1097 2792 1152 dicitur
2817 1101 2841 1153 ?
2871 1099 2926 1154 Si
2958 1108 3099 1165 erat,
3146 1102 3463 1156 testimonio
3490 1119 3594 1157 non

2025 1190 2236 1255 egebat.
2269 1187 2373 1242 Sed
2407 1190 2662 1256 quoniam
2687 1206 2793 1243 non
2825 1206 3012 1248 omnes
3030 1201 3185 1245 erant
3220 1191 3312 1246 ﬁlii
3341 1193 3595 1257 Abrahae,

2024 1279 2116 1346 qui
2153 1294 2271 1333 esse
2301 1279 2666 1333 credebantur
2718 1296 2732 1336 ξ
2766 1281 2851 1334 hic
2879 1282 2945 1334 de
2973 1297 3139 1350 opere
3172 1284 3485 1350 agnoscitur
3537 1281 3596 1337 li-

2025 1369 2148 1432 lius,
2189 1385 2289 1422 non
2321 1370 2388 1423 de
2435 1381 2593 1440 gente
2630 1386 2644 1424 :
2675 1371 2988 1437 et-‘virtute,
3065 1386 3168 1425 non
3196 1373 3261 1426 de
3312 1371 3594 1440 sanguine.

2026 1459 2118 1513 lla:
2170 1459 2630 1514 circumcisiones
2675 1469 2800 1514 sunt
2848 1470 2990 1516 nota:
3037 1462 3103 1515 de
3159 1461 3594 1522 circumcisiouis

2023 1549 2238 1603 elIectu.

2095 1641 2231 1696 XVI.
2265 1639 2454 1695 Jamne
2509 1641 2680 1707 vides,
2743 1637 3090 1708 lilia,jamne
3145 1641 3462 1695 consideras
3517 1649 3596 1695 to-

2027 1746 2133 1789 tam
2192 1735 2666 1790 circumcisionem
2721 1749 2815 1801 per
2851 1749 3086 1804 operum
3146 1733 3399 1794 formam,
3453 1733 3596 1790 velut

1955 1791 1997 1848 Β
2029 1843 2122 1896 per
2145 1827 2389 1895 quaedam
2429 1827 2800 1880 membrorum
2835 1825 3164 1880 lineamenta
3198 1825 3511 1886 deductam,
3543 1835 3594 1878 et

2027 1934 2123 1986 per
2150 1928 2362 1969 actuum
2395 1916 2770 1970 diversitatem
2821 1915 2977 1982 quasi
3035 1915 3278 1969 colorum
3330 1915 3596 1968 varietate

2025 2010 2290 2076 depictam
2321 2024 2333 2060 :
2361 2008 2376 2036 ¹
2401 2022 2562 2058 unum
2595 2014 2776 2058 tamen
2805 2004 3215 2074 jttstilicatfonis
3249 2005 3451 2073 apicem
3488 2003 3593 2057 vir-

2028 2109 2200 2152 tutum
2242 2097 2498 2165 gradibus
2551 2095 2827 2162 impletam
2864 2093 2888 2146 ἳ
2923 2094 3114 2148 Cernis
3165 2095 3327 2151 alium
3367 2095 3594 2161 patriam

2027 2193 2449 2259 relinqu~ntem,
2536 2204 2633 2242 nec
2709 2189 2774 2242 de
2833 2185 3131 2254 parricidio
3199 2185 3594 2242 dubitante-tt:

2025 2285 2190 2336 alium
2229 2283 2360 2336 tanti
2403 2297 2598 2335 census
2635 2278 2979 2348 naufragium
3019 2293 3125 2332 non
3158 2287 3461 2337 curantem,
3497 2292 3594 2330 nec

2027 2378 2078 2428 iu
2136 2373 2872 2442 orbitatibuslat-rymarum,
2913 2371 3022 2423 imo
3081 2380 3134 2421 et
3193 2369 3244 2421 in
3311 2369 3594 2438 putredine

2025 2469 2270 2534 corporis
2301 2468 2385 2520 sui
2427 2466 2493 2519 de
2519 2474 2744 2532 peccato
2771 2465 2953 2533 potius
2991 2463 3243 2534 conjugis
3271 2477 3430 2530 quam
3491 2477 3594 2518 suo

2027 2561 2252 2614 vulnere
2289 2562 2680 2623 suspiratttem.
2734 2556 2884 2610 Illam
2934 2555 3160 2624 populos
3192 2568 3323 2607 suos
3355 2552 3594 2620 deosque

2025 2657 2391 2716 deserentem,
2429 2669 2524 2707 nec
2561 2654 2612 2705 in
2650 2653 2879 2705 alienam
2908 2663 3126 2722 gentem
3172 2651 3386 2720 inopem
3420 2649 3591 2704 virilis

2025 2746 2208 2800 amilii
2260 2745 2445 2799 venire
2519 2755 2876 2798 metuentem.
2934 2742 3089 2796 llunc
3155 2742 3595 2811 repromissionis

2027 2841 2402 2905 ingressurum
2462 2847 2658 2899 terras,
2723 2834 3082 2908 Cttllellosqtte
3139 2836 3445 2892 animorum
3483 2847 3590 2888 non

2025 2931 2077 2982 iu
2114 2945 2242 2982 ense
2282 2940 2594 2997 potzentem,
2631 2926 2724 2981 sed
2761 2926 2828 2980 de
2859 2938 3016 2980 caute
3079 2925 3392 2988 facientem,
3440 2934 3496 2976 ut
3528 2939 3592 2978 ex

2025 3037 2081 3075 se
2112 3021 2300 3073 habeat
2335 3020 2600 3088 pett-inus,
2653 3017 2794 3086 quod
2833 3016 3038 3070 ferreus
3091 3015 3322 3086 acquirit
3354 3016 3593 3070 aliunde.

2025 3113 2201 3164 Alium
2248 3114 2300 3165 in
2331 3110 2626 3163 solitudine
2656 3111 2797 3162 viam
2833 3107 3043 3163 Domini
3073 3117 3493 3178 praeparantem,
3538 3116 3594 3160 et

2026 3216 2202 3258 rectas
2258 3205 2481 3256 semitas
2539 3203 2589 3255 in
2627 3216 2810 3255 eremo
2845 3199 3162 3255 facientem.
3197 3201 3374 3254 Alium
3428 3215 3592 3269 porro

2026 3298 2222 3352 dimitti
2261 3296 2328 3350 de
2363 3298 2562 3350 sazcuio
2594 3295 3001 3364 deprecantem,
3029 3305 3085 3349 et
3142 3310 3328 3364 pacem
3378 3293 3594 3348 Domini

2024 3390 2182 3444 malle
2217 3405 2376 3457 quam
2413 3388 2620 3441 mundi.
2654 3387 2760 3440 llos
2799 3403 2927 3442 vero
2969 3389 3082 3440 suis
3149 3385 3438 3450 aﬂ'ectibtts
3463 3403 3588 3454 spo-

2024 3483 2202 3549 liatos,
2241 3483 2294 3534 in
2358 3496 2513 3547 auro,
2551 3479 2708 3536 thure
2755 3488 2810 3533 et
2839 3478 3054 3549 myrrha
3110 3478 3590 3544 conversatiopum

2023 3575 2220 3628 itinere
2262 3581 2488 3638 mutato,
2553 3571 2642 3640 qui
2699 3585 2797 3640 per
2843 3568 3109 3624 llerodeut
3157 3578 3439 3633 venerant,
3498 3583 3594 3640 per

2021 3667 2270 3736 angelum
2335 3664 2652 3727 redeuntes.
2713 3663 2880 3730 Istum
2943 3663 3105 3718 etiam
3164 3678 3310 3726 nunc
3363 3677 3593 3716 acervos

2021 3757 2293 3817 fraudium
2347 3772 2468 3810 cum
2507 3754 2694 3809 fenore
2729 3765 3120 3818 removentem,
3157 3766 3209 3808 et
3247 3754 3476 3810 Abrahae
3534 3753 3593 3807 ii-

2023 3853 2151 3905 Iium
2187 3866 2288 3904 non
2317 3860 2523 3902 uatum:
2550 3846 2840 3910 beneficio,
2880 3846 2974 3904 sed
3020 3844 3594 3914 gestorum'Sun‘ragio

2021 3950 2388 4010 nuncupatum
2429 3955 2443 3992 :
2479 3947 2538 3991 ut
2571 3937 2858 3992 evidenter
2881 3945 3166 4006 appareret
3189 3950 3404 3998 omnem
3435 3951 3593 3990 mun-

2021 4035 2070 4088 di
2143 4043 2388 4086 uaturam
2459 4047 2556 4102 per
2607 4030 2942 4101 singulorum
3007 4027 3356 4108 operationes
3425 4027 3592 4096 fuisse

2019 4126 2334 4180 demissam.

2090 4216 2258 4272 XVII.
2331 4215 2439 4270 Sed
2499 4213 2757 4285 quoniam
2829 4223 3085 4282 tanquam
3137 4213 3279 4268 circa
3335 4209 3592 4280 nuptialis

2019 4309 2248 4363 convivii
2294 4307 2477 4372 linem,
2523 4321 2659 4376 pene
2688 4308 2874 4359 vinum
2932 4305 3072 4372 quod
3124 4319 3221 4373 per
3256 4303 3593 4372 patriarchas

2020 4401 2436 4456 tuiuistrabatur
2521 4397 2905 4467 expendimus,
2969 4407 3020 4449 et
3063 4410 3271 4462 novum
3322 4395 3590 4462 cmpimus

343 4488 512 4539 trium
547 4487 718 4541 aleam
769 4497 1106 4544 tesserarum
1170 4491 1429 4548 Dominus
1479 4495 1591 4564 ipse
1655 4506 1912 4550 tentatur.

2022 4507 2284 4562 aquarum
2316 4491 2678 4544 conversione
2703 4489 2894 4554 iibare,
2922 4487 2988 4540 de
3019 4487 3176 4541 novis
3207 4500 3424 4554 quoque
3455 4485 3592 4538 utri-

341 4577 478 4632 Nam
511 4592 562 4632 et
590 4580 926 4634 continentia
960 4582 1010 4633 iu
1045 4583 1212 4644 fame,
1239 4593 1289 4636 et
1317 4584 1507 4653 religio
1529 4586 1584 4639 in
1613 4587 1914 4651 adorando,

340 4683 394 4724 et
435 4673 544 4726 vita
578 4672 631 4725 in
661 4673 958 4742 prmcipitio
991 4674 1355 4740 periclitatur.
1394 4677 1498 4730 Sed
1533 4676 1694 4730 facile
1721 4687 1914 4732 cuncta

337 4767 640 4833 superavit,
674 4767 796 4835 quia
824 4775 976 4834 pater
1008 4777 1063 4820 et
1097 4782 1190 4822 rex
1227 4771 1491 4822 bonorum
1525 4770 1766 4824 omnium
1799 4773 1917 4826 the-

338 4873 650 4915 saurorum,
709 4867 763 4910 et
809 4859 1064 4912 sacerdos
1118 4860 1482 4927 repositorum
1539 4872 1666 4914 ante
1712 4863 1910 4917 sarcula

347 4968 378 5000 ιι
402 4947 754 5017 ysteriorum,
788 4958 842 5001 et
890 4951 1217 5005 resurrectio
1257 4952 1564 5008 destinatus
1622 4952 1723 5006 fuit
1763 4970 1912 5007 mor-

347 5052 585 5091 tuorum.
621 5039 759 5108 Magi
791 5051 968 5095 tamen
1001 5057 1065 5095 ex
1098 5043 1190 5096 illo
1250 5045 1450 5098 veteris
1482 5044 1606 5098 vita:
1642 5046 1912 5114 reliQItere

345 5129 574 5196 vestigia
613 5145 628 5183 :
661 5145 968 5199 novumque
997 5130 1100 5184 iter
1144 5132 1394 5200 ingressi,
1457 5135 1610 5186 vacui
1660 5135 1916 5201 sarcinis,

341 5236 452 5273 non
493 5219 648 5271 vacui
700 5220 1100 5286 benedictione,
1164 5234 1524 5277 cantaverunt
1568 5242 1580 5278 :
1622 5225 1912 5291 Revertere,

339 5311 526 5362 anima
547 5325 684 5370 mea,
732 5311 786 5362 in
814 5310 1040 5380 requiem
1071 5322 1238 5374 tuam,
1259 5313 1385 5380 quia
1424 5312 1680 5366 Dominus
1710 5314 1917 5381 benefa-

339 5403 412 5454 cit
447 5402 544 5453 tibi
591 5402 765 5471 (Psal.
797 5417 947 5468 cxiv,
983 5402 1059 5467 7).
1083 5402 1194 5458 Nec
1230 5419 1335 5458 nou
1395 5405 1485 5458 ille
1517 5405 1583 5458 ad
1619 5421 1780 5473 quem
1815 5405 1914 5458 Do-

339 5494 523 5546 minus
555 5494 830 5559 ingressus
848 5505 951 5556 est,
987 5496 1133 5550 omni
1165 5495 1369 5549 dicitur
1400 5499 1664 5566 pra‘putio
1683 5499 1914 5558 circum-

333 5589 490 5638 cisus
523 5587 780 5640 vitiorum
823 5603 838 5643 ;
875 5602 999 5640 nam
1041 5598 1093 5642 ct
1153 5587 1432 5662 dimidium
1483 5605 1546 5643 ex
1609 5589 1912 5643 substantia

2021 4585 2124 4638 bus
2165 4584 2342 4652 aliqua
2385 4581 2727 4651 proferamus
2755 4598 2768 4635 :
2795 4589 2851 4633 ut
2881 4579 3041 4646 quale
3077 4579 3147 4632 sit
3174 4579 3318 4648 quod
3359 4591 3583 4643 recepe-

2020 4687 2166 4737 runt,
2205 4675 2269 4728 de
2295 4689 2358 4728 eo
2390 4676 2532 4742 quod
2566 4672 2669 4740 ipsi
2724 4670 2971 4724 redolent
2995 4668 3348 4724 :estimcmus.
3398 4665 3592 4722 Fervet

2017 4769 2232 4836 quidem
2260 4764 2610 4820 uuiformiter
2638 4779 2730 4833 per
2759 4766 3002 4818 omnium
3040 4761 3411 4831 apostolorum
3441 4772 3591 4812 mene

2024 4871 2103 4916 tes
2131 4859 2305 4928 plenis
2339 4867 2517 4911 musto
2560 4855 2893 4924 pectoribus,
2954 4863 3008 4906 et
3045 4866 3356 4906 mensuram
3393 4865 3589 4919 corpo-

2026 4967 2172 5006 ream
2207 4949 2488 5004 inundatio
2509 4947 2806 5016 spiritualis
2827 4945 3453 5007 excedens,ebrietatem
3480 4957 3584 4994 non

2023 5043 2164 5098 celat
2193 5041 2507 5111 gloriosam.
2568 5037 2732 5092 Nobis
2782 5045 2960 5090 tamen
2992 5036 3060 5086 ab
3088 5033 3182 5090 illo
3210 5041 3294 5086 est
3322 5031 3588 5095 incipien-

2025 5137 2149 5187 dum
2180 5151 2205 5184 a
2235 5147 2342 5201 quo
2374 5129 2659 5184 hauriendi
2695 5127 2816 5181 sitis
2847 5136 2930 5180 est
2967 5126 3218 5180 inchoata
3255 5137 3269 5173 :
3306 5130 3364 5174 ut
3397 5135 3460 5172 ex
3491 5119 3588 5172 de-

2021 5225 2206 5280 siderii
2241 5222 2638 5298 magnitudine,
2675 5235 2842 5274 sacrae
2878 5216 3166 5270 infusiouis
3198 5212 3588 5282 plenitudinem

2019 5318 2314 5370 doceamus
2371 5329 2435 5367 ex
2489 5325 2597 5364 uno
2647 5309 2792 5363 sitim
2853 5307 3077 5376 parilem
3135 5305 3431 5361 sociorum,
3473 5319 3579 5362 non

2017 5422 2178 5461 avara
2207 5404 2403 5458 divinat
2429 5402 2741 5456 sobrietatis
2766 5399 3126 5468 propinatam.
3153 5395 3292 5450 Ecce
3323 5395 3582 5465 inclytam

2019 5497 2381 5549 sodalitatem.
2419 5496 2722 5564 Augustum
2763 5499 2924 5558 eaput
2950 5488 3142 5541 Petrus
3175 5487 3392 5553 extulit,
3461 5486 3586 5547 ιιιιιπῆ

2024 5588 2251 5658 signifer
2285 5586 2592 5640 testamenti
2620 5596 2672 5638 et
2701 5584 2752 5636 in
2789 5583 3066 5645 creatione
3089 5581 3208 5648 ejus
3235 5579 3542 5651 primitivus
3569 5591 3588 5634 ς

413 5745 428 5774 ⁸
455 5743 539 5797 Ab
567 5744 668 5798 hoc
695 5753 902 5814 septem
934 5761 1120 5800 versus
1171 5744 1562 5816 subsequent--s
1600 5749 1648 5800 iu
1683 5765 1773 5814 nu,
1797 5766 1886 5802 cra
1921 5748 2049 5803 edit.
2089 5749 2483 5805 desiderantur.
