4012 6188
375 310 489 373 213

1191 321 1560 383 EPISTULA
1599 323 1764 385 XIX.
1806 324 1904 384 DE
1945 326 2150 385 VERA
2194 325 2820 388 CIRCUMCISIONE.

3531 323 3634 386 21L

380 431 510 480 ret:
542 427 700 480 modo
733 427 800 481 ad
849 445 973 484 eum
1025 447 1230 503 sequax
1265 451 1418 489 mens
1468 438 1640 494 amica
1673 439 1958 496 voluntate
1989 445 2032 502 Α
2065 436 2243 508 ipsum
2266 452 2324 492 se
2354 436 2774 490 ministrandum
2794 437 3072 507 discipulis
3095 437 3464 492 ministraret:
3496 440 3638 504 quod

381 519 764 580 convertatur,
819 519 871 572 in
923 521 1042 574 solo
1091 524 1743 594 invenietplenitudinem
1800 546 1960 597 quam

327 649 334 654 .
383 605 636 669 guttatim
667 623 761 676 per
781 609 1026 678 singulos
1051 615 1356 682 colligebat.
1387 617 1594 674 Octavo
1617 621 1704 675 die
1722 623 1960 676 circnm-

385 698 608 762 riditur,
638 717 666 754 a
704 711 877 756 matre
907 707 1097 774 utique
1128 710 1282 777 quasi
1342 713 1504 768 homo
1533 715 1624 781 qui
1659 717 1963 785 promissus

387 785 572 844 fuerat
611 791 714 862 ipsi
747 795 1004 860 Abrahae.
1037 814 1160 852 cum
1189 802 1254 854 de
1279 803 1704 862 circumcisione
1735 808 1961 862 docere-

389 892 500 940 tur.
537 882 753 938 dicente
782 887 1007 942 Domino
1033 907 1050 947 :
1081 892 1148 946 Et
1171 895 1270 948 erit
1299 904 1669 952 testamentum
1701 916 1872 955 meum
1908 902 1962 952 in

386 990 546 1026 carne
573 985 745 1031 uestra
787 983 842 1032 in
885 991 1192 1041 testamento
1252 1000 1449 1043 teret-no
1485 991 1634 1060 (Gen.
1682 1009 1815 1059 svn,
1873 996 1961 1059 10,

390 1067 504 1135 ti).
539 1069 629 1123 Dei
667 1081 1049 1131 testamentum
1074 1078 1128 1132 in
1159 1091 1344 1136 nostra
1369 1101 1537 1139 carae
1565 1102 1704 1153 esse,
1733 1088 1963 1145 Domino

385 1160 440 1213 in
487 1173 667 1218 nostra
691 1182 857 1224 carne
907 1171 1190 1240 dignante,
1225 1178 1347 1245 quis
1397 1179 1657 1237 dubitat?
1713 1183 1962 1254 illudque

386 1263 769 1312 testamentum
787 1273 1048 1318 aeternum
1083 1267 1274 1333 videri,
1308 1275 1450 1340 quod
1475 1275 1703 1332 citharis
1727 1287 1782 1332 et
1818 1280 1960 1348 psal-

386 1347 537 1400 teriis
571 1352 914 1418 ps-tlleretur.
949 1357 1118 1427 Cujus
1177 1363 1254 1418 rei
1311 1367 1570 1430 quoniam
1621 1371 1827 1438 prolixa
1876 1383 1960 1428 est

382 1435 706 1507 disputatio,
757 1451 810 1496 et
841 1451 1153 1503 necessaria
1197 1451 1412 1508 videtur
1446 1471 1569 1511 esse
1601 1435 1957 1525 transcursio,

381 1545 452 1582 ue
483 1546 582 1598 per
625 1549 899 1592 ramorum
953 1543 1167 1610 copiam
1206 1546 1374 1601 robur
1431 1549 1604 1620 ipsum
1667 1555 1960 1622 proposita

382 1625 628 1677 materim
678 1627 1086 1698 derelinquens,
1135 1639 1460 1710 incastigata
1512 1657 1657 1700 erret
1707 1647 1956 1707 effusio:

379 1719 682 1779 przesertim
713 1736 836 1776 cum
868 1726 999 1781 mihi
1020 1727 1293 1787 diliicilius
1318 1735 1388 1787 sit
1426 1746 1677 1792 naturam
1715 1738 1833 1804 eius
1859 1742 1959 1794 int-

2069 528 2310 593 apertius
2350 529 2693 596 postmodum
2730 528 2782 580 in
2810 528 2898 580 illa
2937 529 3198 599 unguenti
3244 529 3512 584 effusione
3546 545 3640 595 pa-

2069 619 2276 681 tefecit,
2309 620 2588 675 dicendo:
2643 619 2728 674 Me
2774 630 2952 676 autem
3003 639 3105 676 non
3145 637 3346 687 semper
3391 621 3642 676 habebitis

2069 711 2287 781 (Matth.
2327 729 2475 777 sui.
2520 715 2636 784 tl).
2669 716 2933 771 irascitur
2965 731 3096 786 ergo
3138 730 3260 770 cum
3311 730 3436 770 eum
3471 716 3641 783 magi-

2069 817 2240 858 strum
2276 807 2386 859 vita
2417 807 2662 861 docenda
2716 824 2826 861 non
2875 809 3060 878 eligat,
3095 812 3186 880 qui
3237 827 3357 866 eam
3410 822 3638 866 tnatrcm

2068 911 2166 963 per
2199 897 2462 967 virginem
2501 899 2888 967 parturiendus
2919 901 3104 970 elegit,
3151 910 3204 956 ct
3251 918 3350 955 cur
3397 907 3463 957 ad
3515 919 3639 958 eum

2065 1004 2225 1056 quem
2251 990 2494 1043 extranei
2521 991 2684 1043 etiam
2714 998 2822 1046 tam
2842 991 3001 1047 facile
3030 993 3374 1060 interpellare.
3401 1004 3641 1063 possent,

2069 1089 2245 1135 mater
2284 1080 2448 1134 nollet
2511 1081 2717 1135 intrare
2755 1098 2770 1138 ε
2807 1097 2930 1137 nam
2996 1084 3196 1138 fratres
3246 1084 3364 1152 ejus
3409 1082 3640 1137 necdum

2066 1172 2364 1228 credebant
2394 1172 2445 1226 in
2475 1175 2672 1242 ipsum.
2712 1175 2848 1241 Quis
2895 1176 2986 1230 hic
3016 1176 3144 1240 erit,
3172 1191 3324 1244 rogo,
3353 1179 3442 1246 qui
3473 1194 3640 1232 excu-

2067 1264 2622 1332 s::tionennprzet'erat
2648 1277 2741 1320 aut
2775 1268 2984 1335 gratim,
3016 1279 3108 1321 aut
3135 1270 3345 1322 amori?
3374 1271 3418 1323 si
3448 1280 3496 1321 et
3529 1269 3634 1322 Ma-

2067 1353 2200 1405 riam
2235 1355 2432 1409 merito
2492 1355 2634 1408 nulla
2687 1356 2876 1424 vincit,
2910 1368 2967 1412 et
3025 1359 3304 1414 Christum
3353 1359 3637 1414 Dominum

2065 1455 2313 1500 nostrum
2342 1461 2502 1500 nemo
2528 1459 2748 1517 superat
2775 1449 2994 1518 pietate.
3031 1450 3121 1505 Illa
3155 1462 3326 1505 mater
3353 1453 3497 1506 enim
3548 1468 3645 1504 ne-

2061 1551 2224 1609 gatur
2267 1557 2295 1595 a
2333 1542 2494 1605 Filio,
2539 1555 2597 1599 ut
2632 1559 2766 1599 vera
2801 1545 2890 1600 illa
2920 1543 3034 1617 [AL
3075 1547 3263 1620 etiam]
3297 1549 3638 1602 circumcisio

2062 1631 2322 1686 doceatur
2354 1651 2368 1688 :
2399 1638 2653 1703 quoniam
2689 1639 2942 1707 magister
2975 1650 3030 1694 et
3065 1656 3264 1710 parens
3295 1642 3416 1693 vine
3448 1639 3636 1693 debuit

2069 1723 2268 1782 vivere.
2305 1735 2466 1792 prout
2514 1726 2746 1781 docebat
2788 1742 2910 1781 esse
2945 1729 3256 1782 vivendum.
3305 1727 3400 1782 llic
3433 1735 3514 1780 est
3549 1727 3636 1780 ille

377 1809 547 1873 plere,
581 1827 742 1878 quam
783 1829 1049 1884 quaerere,
1083 1833 1138 1876 et
1175 1825 1308 1878 satis
1345 1827 1678 1896 superﬂuum
1715 1848 1952 1888 niteren-

2059 1816 2268 1886 gladius
2303 1819 2606 1882 femoralis,
2655 1836 2763 1890 quo
2796 1821 2996 1876 Levita:
3051 1838 3180 1878 suos
3213 1822 3547 1892 propinquos
3577 1830 3633 1874 et

379 1903 524 1956 tibus
553 1905 797 1964 brachiis
822 1909 1103 1982 laborare,
1125 1931 1442 1985 quanquam
1467 1921 1637 1990 ipsam
1667 1926 1948 1978 materiam

383 1998 594 2063 gracile
639 2017 745 2055 tton
795 2014 1070 2061 sustentet
1115 2009 1387 2078 ingenium
1423 2031 1438 2073 ;
1469 2026 1523 2070 et
1579 2021 1948 2073 necessarium

378 2105 515 2154 pene
543 2092 634 2156 sit,
673 2105 729 2146 ut
764 2105 816 2148 et
843 2098 1311 2165 disputationibus
1342 2106 1618 2176 aliquibus
1653 2112 1950 2168 circumci-

373 2183 587 2248 dat-tur,
630 2188 754 2239 dunt
790 2188 858 2243 de
901 2191 1319 2253 circumcisione
1372 2209 1694 2267 tractamus,
1733 2209 1950 2272 quando

373 2279 529 2332 nobis
561 2281 627 2332 ad
672 2288 1034 2343 excusandam
1083 2292 1247 2347 etiam
1309 2296 1631 2364 imperitiam
1683 2311 1948 2364 nostram,

371 2375 833 2438 opportunitatem
874 2384 1114 2438 materize
1141 2385 1317 2454 ipsius
1361 2400 1577 2457 prtestet
1625 2399 1947 2451 auctoritas.

445 2463 584 2558 XIX.
617 2465 785 2537 Igitur
811 2472 877 2525 at!
906 2477 1237 2544 propositum
1274 2482 1587 2547 redeuntes,
1645 2487 1948 2558 interroge-

377 2572 496 2610 mus
523 2555 694 2626 ipsum
747 2563 1022 2621 hominem
1077 2585 1434 2627 suum:nam
1485 2575 1554 2631 de
1606 2578 1836 2635 Domino
1858 2555 1949 2637 “lo-

372 2649 700 2714 qut-bantur,
737 2653 866 2722 ipso
897 2657 986 2722 qui
1043 2669 1162 2712 erat
1213 2659 1266 2715 in
1323 2662 1544 2720 hmuine
1595 2668 1946 2737 circumciso,

373 2755 494 2792 cum
544 2740 656 2809 jam
690 2749 987 2803 secundum
1021 2753 1191 2820 legem
1225 2756 1584 2816 circumcisus
1634 2762 1946 2828 haberetur.

373 2832 570 2886 clamat
593 2845 650 2887 ut
684 2840 1012 2906 evangelista
1053 2854 1285 2900 testatur
1322 2866 1335 2902 :
1383 2849 1573 2920 Vulpes
1616 2853 1793 2922 foveas
1849 2858 1946 2910 ha-

373 2924 490 2978 bent
517 2936 566 2980 et
601 2929 830 2986 volucres
883 2934 1004 2987 caeli
1044 2939 1196 2992 nidos
1242 2957 1390 3006 suos,
1425 2945 1516 2998 ubi
1562 2948 1896 3015 requiescant
1927 2967 1946 3005 :

373 3015 552 3073 Filius
601 3033 776 3076 autem
843 3027 1071 3081 hominis
1111 3047 1216 3086 non
1261 3035 1414 3088 habet
1449 3039 1537 3090 ubi
1581 3052 1740 3109 caput
1791 3061 1944 3097 suum

371 3113 586 3167 reclinet
619 3113 835 3184 (Matth.
872 3135 992 3180 vnt,
1018 3120 1135 3191 20).
1182 3124 1330 3193 Rogo
1369 3130 1452 3184 hic
1485 3132 1574 3186 ubi
1612 3135 1713 3186 sub
1742 3135 1945 3206 Cyrino

371 3219 568 3262 census
605 3209 990 3280 investigatio?
1025 3217 1112 3271 ubi
1146 3221 1385 3275 edictum
1426 3225 1709 3281 Caesaris?
1741 3229 1826 3281 ubi
1851 3245 1947 3282 ne-

368 3299 596 3354 cessitas
651 3305 984 3368 proﬁtendi?
1044 3313 1133 3364 ubi
1194 3311 1401 3381 .Ioseph
1470 3317 1585 3388 ipsa
1641 3319 1951 3385 professio?

365 3388 516 3444 Nova
549 3395 689 3448 ratio
719 3396 829 3451 illic
875 3399 1037 3455 habet
1096 3405 1231 3457 nihil
1266 3407 1410 3473 quod
1446 3409 1758 3476 descriptor
1790 3414 1948 3468 inve-

367 3486 508 3547 niat,
539 3497 595 3540 et
626 3504 771 3544 vere.
812 3489 967 3546 Nulla
996 3495 1141 3550 enim
1180 3497 1466 3554 Deminttm
1494 3505 1693 3558 smculo
1733 3509 1942 3563 manci~

367 3585 489 3645 pata
526 3578 815 3647 delectant,
875 3601 971 3640 nec
1022 3589 1125 3640 sibi
1179 3602 1406 3660 usurpat
1467 3597 1763 3665 quidquam
1800 3602 1943 3670 quod

364 3673 446 3723 vel
470 3671 693 3736 Ctesari,
727 3676 811 3730 vel
845 3680 1042 3734 mundo
1067 3684 1235 3737 voluit
1266 3701 1386 3740 esse
1414 3690 1684 3756 captivum
1713 3693 1947 3748 :docens

363 3764 572 3818 nullum
603 3765 818 3824 duobus
844 3771 1078 3828 dominis
1115 3791 1275 3844 posse
1310 3780 1537 3836 servire.
1583 3781 1946 3838 Circumcidi-

362 3865 454 3912 tur
473 3875 603 3928 ergo
631 3862 950 3918 haereditate
970 3866 1173 3934 Joseph
1201 3880 1253 3924 et
1290 3871 1458 3926 Maria
1499 3889 1513 3930 :
1558 3875 1804 3945 nihilque
1838 3877 1944 3931 sibi

358 3951 430 4005 de
472 3954 839 4011 mundialibus
899 3960 1132 4016 vindicat
1183 3967 1285 4017 sub
1332 3965 1561 4030 tributo,
1608 3970 1700 4037 qui
1752 3980 1944 4039 utique

359 4046 443 4098 eis
491 4046 702 4101 dixerat
753 4067 766 4104 :
813 4050 1044 4106 Nescitis
1071 4057 1195 4122 quia
1243 4067 1450 4126 Oportet
1502 4077 1582 4113 me
1622 4063 1674 4115 in
1710 4064 1943 4131 paternis

359 4137 488 4188 meis
519 4137 631 4190 esse
667 4138 820 4200 (Luc.
851 4159 910 4207 ll,
945 4146 1036 4211 49)
1064 4146 1087 4198 ?
1119 4147 1328 4202 scilicet
1359 4149 1410 4202 in
1458 4153 1679 4220 templo,
1733 4169 1838 4208 non
1887 4155 1939 4208 in

358 4228 559 4281 saeculo
591 4247 606 4284 ε
635 4230 686 4282 iu
721 4232 1112 4288 sacriﬁciorum
1173 4238 1470 4307 mysterio,
1522 4256 1626 4294 non
1680 4241 1730 4296 in
1782 4245 1940 4298 mali-

356 4317 638 4385 gtmttittnt
661 4322 925 4387 concilio;
966 4323 1018 4376 in
1053 4327 1293 4393 paternis
1319 4329 1506 4394 utique
1535 4330 1940 4401 spiritualibus;

358 4425 484 4462 nam
519 4419 726 4478 patrem
760 4412 814 4465 in
841 4416 1148 4470 carnalibus
1171 4433 1276 4472 non
1312 4418 1573 4477 habebat.
1615 4421 1852 4492 Denique
1874 4426 1940 4481 de

2057 1911 2329 1976 proximos
2362 1913 2680 1966 occiderunt
2713 1930 2726 1967 :
2763 1929 2870 1981 quo
2918 1913 3082 1968 etiam
3119 1913 3383 1967 Dominus
3440 1914 3550 1981 ipse
3596 1929 3624 1964 a

2055 2002 2215 2054 Patre
2270 2003 2493 2070 jubetur
2537 2005 2743 2074 accingi
2783 2022 2978 2076 :quem
3019 2023 3210 2063 omnes
3249 2009 3473 2077 capiunt
3539 2008 3628 2072 qui

2053 2095 2262 2160 seipsos
2316 2106 2694 2151 castraveruut
2748 2111 2968 2167 propter
3027 2116 3250 2168 regnum
3301 2101 3558 2155 cmlormn
3605 2116 3621 2154 :

2054 2201 2212 2254 quem
2247 2186 2482 2255 gladium
2539 2187 2802 2243 Dominus
2833 2191 2997 2245 mittit
3033 2193 3084 2244 in
3131 2202 3326 2256 terras,
3359 2202 3415 2246 ut
3457 2193 3627 2246 lilium

2053 2290 2267 2348 separet
2291 2295 2318 2332 a
2347 2292 2521 2349 patre,
2551 2281 2712 2336 lilium
2741 2298 2770 2336 a
2813 2291 2984 2337 matre
3018 2299 3139 2347 sua,
3183 2301 3382 2338 nurum
3410 2301 3437 2337 a
3467 2300 3628 2339 socru

2052 2387 2170 2426 sua.
2205 2371 2316 2426 lloc
2371 2374 2548 2444 gladio
2618 2375 2782 2429 etiam
2839 2376 3030 2430 beatus
3069 2379 3264 2430 Paulus
3319 2376 3618 2432 Ecclesiam

2051 2466 2416 2528 circumcidit,
2453 2466 2640 2520 dicens
2674 2484 2688 2521 :
2723 2466 3000 2534 lie-'iquum
3046 2480 3148 2534 est,
3183 2478 3240 2522 ut
3295 2472 3386 2539 qui
3432 2472 3630 2524 habent

2052 2574 2266 2623 uxores,
2295 2569 2551 2629 tanquam
2592 2579 2694 2614 non
2724 2562 2971 2616 habentes
3001 2564 3106 2616 sint
3139 2579 3156 2617 :
3195 2573 3245 2616 et
3294 2563 3386 2632 qui
3426 2576 3627 2628 emunt,

2053 2664 2304 2724 tanquam
2342 2672 2446 2708 non
2481 2654 2800 2720 possidentes
2858 2657 2961 2709 sint
2992 2674 3009 2710 :
3043 2668 3092 2710 et
3145 2660 3234 2726 qui
3279 2667 3504 2711 utuntur
3537 2658 3631 2712 hoc

2051 2744 2268 2809 mundo,
2329 2755 2581 2814 tanquam
2631 2763 2730 2799 non
2772 2758 2996 2801 utantur
3027 2747 3079 2815 (l
3117 2748 3239 2802 Cor.
3280 2764 3373 2813 vn,
3402 2749 3491 2812 ‘29,
3543 2750 3630 2814 50,

2051 2838 2164 2904 51).
2197 2837 2292 2891 Hic
2327 2838 2494 2893 totius
2522 2840 2745 2910 justitia:
2775 2841 2967 2903 virtus.
3003 2844 3088 2896 hic
3123 2843 3260 2895 ratio
3283 2850 3366 2895 est
3401 2843 3634 2895 circum-

2052 2930 2162 2982 cisa
2189 2930 2336 2984 omni
2358 2947 2542 2995 came,
2574 2930 2626 2986 id
2653 2942 2760 2993 est,
2797 2943 3102 3001 parentum.
3140 2935 3394 2995 fratrum,
3425 2949 3627 3004 cogna-

2055 3025 2284 3090 tiouum,
2322 3024 2670 3087 atliaitatum,
2725 3025 2929 3079 nullum
2961 3027 3194 3094 amplius
3243 3042 3425 3081 amare
3457 3043 3621 3096 quam

2059 3116 2390 3174 Dominum:
2424 3128 2482 3171 ut
2520 3119 2585 3173 ad
2625 3121 2811 3175 crucis
2840 3121 3134 3190 imaginem
3169 3121 3260 3174 Dei
3297 3120 3483 3183 verbo,
3522 3136 3626 3175 non

2056 3210 2121 3261 ad
2145 3211 2353 3278 aliquos
2394 3212 2576 3265 mundi
2612 3222 2791 3277 actus,
2849 3228 3169 3267 moneantur
3207 3212 3349 3266 afﬁxi
3399 3221 3625 3269 matrem

2053 3304 2442 3357 commendare
2480 3303 2768 3372 discipulo.
3521 3287 3528 3294 .

2126 3392 2244 3447 XX.
2273 3393 2379 3448 Res
2409 3395 2648 3464 loquitur
2679 3397 2818 3465 ipsa,
2851 3412 2950 3452 cur
2987 3399 3076 3451 illa
3107 3413 3168 3468 pa
3183 3415 3234 3454 rs
3265 3400 3513 3469 corporis
3535 3416 3629 3469 per

2051 3503 2212 3556 quam
2239 3485 2456 3542 Iudaeus
2475 3505 2533 3544 se
2566 3489 3136 3560 autumatjustilicari,
3159 3492 3442 3546 defectioni
3473 3492 3626 3560 adjuo

2053 3579 2232 3631 dicata
2267 3578 2517 3632 videatur
2545 3596 2560 3636 :
2591 3581 2724 3635 adeo
2752 3591 2809 3634 ut
2861 3582 3140 3638 dilIicilius
3192 3583 3348 3638 fuerit
3405 3583 3624 3636 modmu

2050 3670 2364 3724 adhibuisse
2384 3671 2646 3737 sermoni,
2671 3687 2834 3740 quam
2866 3685 3182 3742 argumenta
3209 3675 3499 3742 requisisse
3533 3692 3547 3731 :
3574 3684 3627 3728 et

2050 3763 2191 3818 hanc
2210 3779 2391 3818 veram
2424 3779 2543 3818 esse
2573 3766 3072 3830 circumcisionem,
3094 3767 3137 3820 si
3168 3767 3614 3823 abremmtiaotes

2050 3855 2273 3918 mundo,
2297 3869 2366 3910 es
2401 3855 2677 3924 quojusta
2707 3870 2926 3909 carnem
2973 3867 3156 3910 nostra
3200 3865 3394 3911 natura
3427 3868 3532 3923 est,
3572 3869 3622 3912 et

2049 3945 2389 4015 parentibus,
2422 3956 2476 4000 et
2510 3962 2633 4017 quae
2656 3946 2775 4000 lidei
2806 3947 3125 4002 scandalum
3160 3947 3364 4004 faciunt
3391 3950 3623 4004 circum-

2047 4039 2194 4100 cisis.
2227 4039 2384 4094 oculo
2420 4039 2582 4094 etiam
2602 4049 2832 4094 etmanu
2857 4050 2907 4093 et
2931 4041 3090 4110 pede,
3125 4041 3254 4094 nudi
3278 4050 3332 4094 et
3367 4041 3490 4105 soli,
3520 4041 3616 4095 de-

2049 4131 2182 4186 biles
2213 4131 2399 4195 etiam,
2438 4131 2483 4184 si
2540 4132 2654 4185 lleri
2711 4140 2911 4200 potest,
2971 4132 3260 4186 Dominum
3323 4141 3618 4196 sectemur,

2047 4233 2330 4278 Cantantes
2369 4239 2493 4278 vere
2529 4240 2542 4280 :
2571 4225 2834 4289 Quoniam
2874 4232 3024 4291 pater
3053 4241 3198 4278 meus
3226 4233 3275 4278 et
3302 4235 3469 4278 mater
3511 4241 3624 4278 mea

2046 4317 2434 4386 dereliqueruut
2465 4333 2546 4370 me
2567 4315 2737 4387 (Psal.
2776 4332 2920 4379 sxvt,
2961 4315 3083 4381 10);
3114 4323 3171 4370 ut
3201 4333 3229 4369 a
3267 4316 3494 4371 Domino
3515 4333 3627 4371 me-

2048 4424 2264 4462 reamur
2303 4409 2527 4472 assumi,
2553 4418 2606 4461 et
2637 4421 2896 4476 corporea
2917 4407 3182 4461 denudati
3211 4419 3426 4470 natura,
3461 4409 3621 4473 Spiri-

354 4517 424 4555 eo
449 4503 650 4572 templo
667 4515 717 4559 et
735 4522 864 4559 oves
895 4508 1420 4576 abegitetboves.“
1445 4529 1938 4572 ηιεηεειεηυιηηω,
1974 4506 2016 4559 lt
2049 4503 2232 4555 talium
2282 4501 2616 4555 indumentis
2670 4514 2889 4554 actuum
2948 4501 3244 4571 gloriosius
3294 4501 3620 4562 vestiantur,

355 4596 646 4656 Iariorum.
681 4605 734 4650 et
762 4599 1052 4654 cathedras
1082 4603 1434 4657 vendentium
1459 4604 1739 4660 columbas
1772 4623 1937 4662 ever-

356 4689 422 4743 tit
447 4687 668 4758 (Hatth.
703 4707 814 4754 ut,
837 4690 946 4757 12).
973 4691 1063 4748 Sic
1095 4695 1350 4762 templum
1377 4697 1540 4749 etiam
1569 4697 1766 4765 ipsum,
1793 4700 1948 4770 quod

359 4781 531 4850 ﬁgura
559 4793 643 4837 est
674 4783 920 4852 corporis
955 4786 1061 4850 sui,
1099 4787 1305 4840 carnali
1355 4788 1798 4856 concupiscentia
1826 4790 1934 4844 cir-

351 4875 636 4940 cumcidit,
675 4885 732 4928 ut
791 4877 1112 4944 intelligeret
1161 4879 1343 4944 homo,
1400 4883 1514 4935 haec
1566 4883 1668 4936 sibi
1729 4883 1781 4936 in
1831 4899 1931 4936 sua

356 4975 538 5018 mente
566 4980 687 5018 esse
723 4964 966 5019 facienda
1008 4983 1023 5022 :
1050 4983 1147 5021 nec
1180 4985 1314 5023 sane
1343 4970 1465 5025 suis
1511 4972 1686 5040 parcit
1717 4973 1936 5026 affecti-

354 5058 652 5112 bus:nam
702 5073 824 5110 eum
880 5058 1116 5126 gladium
1157 5078 1268 5131 quo
1320 5063 1456 5116 alios
1504 5063 1936 5119 circumcidebat

353 5150 600 5204 docendo
634 5165 649 5204 :
682 5147 739 5202 Si
763 5151 878 5219 quis
905 5153 1161 5204 amaverit
1192 5162 1396 5230 putrth
1424 5163 1473 5206 et
1507 5166 1728 5208 matrem
1768 5173 1932 5220 supra

353 5257 453 5302 me,
480 5256 583 5294 non
615 5250 691 5294 est
727 5257 807 5294 me
831 5241 1021 5312 dignus
1058 5242 1279 5314 (Matth.
1319 5262 1370 5306 κ,
1418 5248 1532 5313 57),
1575 5262 1601 5302 s
1624 5264 1669 5299 na
1702 5261 1934 5300 coth-r—

356 5332 418 5386 tit
455 5331 510 5385 in
545 5334 781 5394 viscera,
817 5345 869 5386 et
920 5334 1026 5386 sibi
1076 5336 1176 5404 ipsi
1229 5336 1362 5389 facit
1390 5341 1530 5405 quod
1579 5340 1934 5394 credentibus

352 5437 434 5479 est
468 5424 713 5480 facturus
746 5444 864 5480 cum
896 5429 1026 5482 dicit
1061 5449 1074 5484 :
1116 5431 1250 5494 (λειω
1279 5442 1356 5483 est
1387 5447 1558 5484 mater
1592 5449 1730 5490 mea.
1763 5445 1810 5486 et
1839 5437 1930 5503 qui

350 5524 474 5569 sunt
505 5517 700 5581 fratres
753 5521 851 5572 mei
873 5519 1090 5590 (Matth.
1149 5539 1247 5585 XII,
1311 5523 1401 5582 48)
1429 5526 1451 5578 ?
1484 5524 1528 5579 Ο
1563 5527 1884 5596 mysterium
1914 5529 1926 5581 !

351 5619 584 5664 matrem
615 5609 840 5664 Mariam
877 5613 976 5666 sibi
1033 5615 1291 5668 Dominus
1323 5617 1558 5686 abjurat,
1603 5635 1725 5671 cum
1777 5630 1927 5674 extra

351 5702 499 5754 verbi
537 5712 685 5756 esset
724 5704 1053 5759 audientiam
1083 5711 1404 5770 constituta.
1461 5726 1526 5764 eo
1584 5711 1930 5777 potissimum

355 5805 618 5855 tempore.
671 5811 777 5857 quo
831 5799 1053 5858 verbum
1112 5802 1496 5860 praedicaretur
1553 5820 1584 5858 a
1649 5804 1845 5866 Vctbo.
1880 5816 1933 5861 ct

2045 4594 2280 4648 scientes
2306 4595 2561 4661 quoniam
2584 4592 2806 4664 quodde
2830 4609 2996 4647 carne
3026 4594 3290 4658 nascitur,
3324 4609 3454 4648 caro
3485 4607 3567 4647 est
3601 4613 3614 4648 :

2041 4695 2095 4738 et
2127 4687 2270 4751 quod
2299 4687 2362 4738 de
2397 4685 2611 4754 spiritu,
2641 4685 2869 4753 spiritus
2899 4695 2976 4738 est
3006 4702 3022 4750 ;
3051 4685 3266 4740 dicente
3324 4685 3581 4754 Apostolo
3606 4703 3617 4736 :

2046 4779 2115 4834 Et
2147 4781 2193 4831 si
2225 4781 2557 4847 cognovimus
2603 4779 2875 4839 Christum
2927 4779 3217 4832 secundum
3248 4796 3478 4840 carnem,
3530 4796 3618 4833 ve-

2045 4890 2159 4926 rum
2179 4875 2295 4943 jam
2335 4891 2438 4926 non
2467 4874 2707 4926 novimus
2742 4872 2827 4944 (11
2879 4873 3002 4927 (ἔον.
3041 4890 3091 4939 v,
3133 4873 3218 4944 16)
3254 4875 3346 4938 ;in
3384 4891 3486 4941 quo
3519 4891 3620 4926 non

2045 4972 2298 5030 novimus,
2357 4967 2411 5018 in
2435 4982 2534 5034 quo
2602 4965 2749 5019 nobis
2785 4969 3012 5020 mundus
3073 4967 3360 5035 cruci/itus
3419 4977 3518 5029 est,
3567 4978 3618 5018 et

2044 5075 2138 5110 nos
2171 5061 2364 5110 mundo
2392 5059 2594 5128 (Colat.
2624 5074 2700 5122 γι,
2739 5058 2823 5130 Μ)
2859 5075 2872 5114 :
2909 5071 2966 5112 ut
3009 5060 3306 5128 pra'putiis.
3338 5073 3456 5125 qme
3494 5068 3619 5109 sunt

2041 5151 2094 5204 in
2134 5152 2420 5219 superﬁcie
2455 5152 2904 5216 conversationis,
2957 5151 3209 5215 abscisis,
3243 5152 3448 5204 nudum
3485 5148 3614 5202 illud

2037 5255 2091 5298 et
2127 5243 2298 5297 solum
2326 5253 2523 5298 nostra:
2579 5245 2944 5312 generationis
3001 5253 3301 5305 svcretum,
3352 5243 3497 5310 quod
3527 5258 3616 5294 su-

2043 5337 2261 5406 perﬂuis
2311 5338 2614 5407 tegebatur,
2649 5349 2929 5406 appareat.
2976 5335 3039 5390 Si
3089 5337 3223 5389 enim
3257 5334 3453 5404 [mnum
3482 5339 3618 5404 quod

2040 5432 2194 5484 hodie
2249 5440 2348 5493 est,
2405 5439 2454 5483 et
2501 5447 2622 5482 cras
2674 5431 2729 5482 in
2760 5430 3026 5482 clibaunm
3069 5429 3318 5490 mittitur,
3360 5428 3498 5482 Deus
3541 5430 3618 5482 sic

2041 5525 2206 5586 vestit,
2230 5532 2420 5593 quanto
2455 5526 2621 5592 magis
2649 5540 2740 5575 nos
2769 5524 2979 5591 (Matth.
3015 5537 3086 5586 Vt,
3115 5521 3228 5588 30).
3248 5523 3290 5575 si
3313 5520 3414 5574 [ide
3441 5523 3583 5574 modi
3605 5551 3616 5560 -

2038 5633 2129 5671 Cos
2178 5633 2282 5670 non
2325 5631 2444 5670 esse
2475 5613 2815 5684 prarvidcrit!
2881 5613 3115 5667 Cultello
3169 5614 3349 5682 itaque
3406 5614 3616 5681 petriuo

2039 5709 2285 5777 corporis
2337 5709 2508 5760 nostri
2565 5705 3004 5761 circumcidenda
3053 5717 3138 5760 est
3173 5717 3365 5759 natura
3410 5723 3421 5760 :
3459 5705 3611 5759 Petra

2039 5817 2218 5860 autem
2270 5801 2522 5855 Clnislus
2558 5797 2852 5867 cstzcojts
2883 5799 3131 5854 cultellus
3183 5817 3331 5854 amor
3364 5813 3468 5866 est,
3507 5817 3614 5870 quo
