4004 6192
412 322 518 391 915

1342 327 1404 387 S.
1447 326 1891 390 HIERONYMI
1939 329 2258 393 OdERUM
2302 330 2697 393 MANTISSA.

3534 329 3641 395 216

390 450 673 501 crescente
730 440 783 494 in
830 439 1000 503 nobis,
1053 439 1235 518 saeculi
1283 442 1550 498 desideria
1603 442 1947 499 decrescent.
1980 456 2018 506 Α
2050 445 2315 501 elementa
2352 462 2366 500 :
2397 446 2521 501 hinc
2545 445 2819 503 montibus
2870 445 3153 503 scrobibus
3208 444 3484 511 fodiendo,
3514 445 3645 501 biue

395 532 565 601 Quem
606 533 697 600 Qui
718 533 1005 598 amaverit,
1027 532 1155 588 dicit
1181 534 1343 603 patri,
1380 549 1485 588 non
1518 534 1642 590 novi
1676 543 1728 592 te
1763 545 1959 591 :natu-

393 638 623 690 tantque
672 622 1071 679 circumcidens
1089 640 1263 689 suam,
1297 639 1396 680 nec
1422 634 1481 680 ut
1506 634 1710 695 patrem
1734 626 1963 694 sepeliat

395 724 692 775 mortuum,
732 714 1074 782 separabitur
1127 729 1156 769 ιι
1208 714 1476 772 Christo:
1519 723 1576 772 et
1625 717 1960 786 exspoliatus

394 814 630 865 veterem
664 806 930 861 hominem
961 821 1082 862 eum
1130 808 1340 862 actibus
1373 806 1520 873 suis,
1565 808 1707 877 quod
1741 823 1960 877 praepu-

397 899 529 952 tium
560 907 663 963 est,
699 897 859 953 aliam
894 907 1138 954 naturam
1174 912 1285 953 sua:
1313 899 1515 954 videbit
1550 914 1672 958 esse
1699 900 1957 955 substan-

371 978 482 1043 tiae
513 986 600 1045 :id
628 994 736 1051 cst,
765 994 825 1041 ut
846 986 987 1042 sicut
1011 988 1216 1058 primus
1237 987 1401 1043 homo
1434 998 1683 1045 ter-renus
1714 1006 1742 1042 a
1770 998 1913 1043 terra
1932 1031 1949 1056 ,

390 1076 468 1133 ita
499 1079 770 1134 secundus
803 1080 1041 1135 cmlestis
1090 1079 1314 1149 incipiat
1369 1095 1492 1136 esse
1543 1096 1609 1135 es
1642 1082 1781 1137 cado
1808 1098 1823 1137 :
1853 1097 1960 1138 nec

389 1169 532 1229 dicet
565 1170 674 1241 jam
728 1170 894 1241 cujus
944 1171 1272 1227 circumcisa
1328 1181 1414 1227 est
1476 1182 1668 1228 natura
1729 1184 1958 1244 patrem,

391 1270 589 1329 praeter
612 1275 735 1315 eum
770 1261 864 1331 qui
895 1261 951 1316 in
992 1262 1148 1318 cmlis
1195 1271 1300 1329 est,
1333 1278 1391 1317 se
1417 1264 1618 1317 habere
1646 1280 1662 1318 :
1698 1264 1790 1318 sed
1820 1278 1959 1334 prae-

388 1362 547 1419 cepto
579 1352 787 1408 Domini
829 1353 1033 1411 lucido.
1068 1354 1386 1411 illuminatis
1420 1353 1614 1418 oculis,
1645 1356 1838 1409 sedere
1889 1355 1955 1408 ad

391 1443 672 1504 dexteram
707 1444 926 1499 virtutis
948 1443 1141 1502 Filium
1192 1444 1429 1498 hominis
1459 1455 1734 1514 agnoscet.
1779 1444 1957 1500 Obte-

391 1533 572 1607 rendae
618 1541 749 1613 sunt
777 1549 974 1591 omnes
1023 1535 1187 1589 animi
1222 1535 1547 1605 voluptates,
1606 1535 1955 1605 relinquenda

392 1623 572 1679 studia
600 1624 1042 1690 delcctationum,
1073 1625 1330 1694 quoniam
1397 1626 1485 1679 hic
1526 1625 1957 1681 circumcisionis

388 1727 472 1771 est
507 1717 732 1782 veritas,
787 1731 893 1771 non
928 1718 1121 1786 ﬁgura.
1169 1714 1462 1771 Nitendum
1513 1717 1566 1772 in
1603 1732 1840 1777 summa.
1884 1728 1947 1772 ut

2065 537 2235 592 valles
2268 537 2767 593 substructionibus
2797 539 3087 607 opplendo,
3123 537 3253 593 hinc
3284 537 3453 592 maria
3485 536 3642 591 moli-

2064 628 2165 682 bus
2194 629 2419 693 arando,
2451 644 2597 684 nunc
2635 631 2788 685 arida
2832 630 3050 699 irriguis
3102 629 3463 694 fecundando,
3497 643 3646 682 nunc

2064 729 2254 789 stagna
2314 720 2647 791 paludesque
2697 722 2973 788 siccando,
3014 722 3097 777 vel
3149 735 3369 790 campos
3414 719 3647 775 consitis

2065 810 2382 864 nemoribus
2409 812 2712 876 vestienda,
2743 826 2806 864 ac
2832 810 3154 866 sllvosorum
3190 810 3453 864 montium
3510 808 3643 877 juga

2062 901 2294 956 vetustis
2322 901 2643 956 nemoribus
2664 900 3007 965 denudando,
3068 910 3126 955 ιιι
3181 914 3318 969 pene
3364 899 3644 954 dominam

2063 1003 2124 1045 se
2157 1000 2360 1046 naturae
2388 1005 2510 1047 esse
2544 1006 2651 1046 non
2707 993 2912 1055 credat,
2965 990 3009 1046 si
3039 991 3230 1047 iecerit
3261 991 3441 1046 aliter.
3473 990 3646 1061 Cujus

2063 1089 2270 1136 natura!
2299 1083 2679 1146 concussione,
2721 1095 2914 1139 natura
2949 1093 3134 1138 nostra
3161 1083 3245 1136 bis
3274 1081 3647 1137 meditationi-

2063 1170 2167 1227 bus
2197 1172 2435 1243 agitatur
2465 1190 2480 1227 :
2519 1175 2711 1228 durum
2744 1186 2826 1230 est
2860 1178 2974 1229 vias
3002 1173 3212 1227 Domini
3261 1173 3553 1235 custodire,
3584 1172 3639 1223 in

2063 1264 2260 1333 quibus
2295 1279 2399 1319 non
2427 1266 2834 1335 experimentis,
2860 1264 2959 1321 sed
2987 1262 3333 1319 detrimentis
3385 1261 3643 1330 potentiae

2063 1354 2398 1410 desudatur:
2435 1373 2534 1411 nec
2566 1359 2824 1424 quaeritur
2882 1365 2941 1410 nt
2969 1370 3130 1426 supra
3178 1369 3276 1409 nos
3317 1353 3456 1424 quod
3494 1362 3644 1407 amat

2061 1446 2312 1501 universa
2336 1449 2661 1511 mortalitas,
2696 1449 2793 1504 sed
2831 1458 2893 1502 ιιι
2925 1438 3045 1502 θυι)⁹
3092 1461 3190 1502 nos
3222 1446 3330 1500 vita
3392 1443 3642 1509 ducatur,

2061 1551 2130 1590 ne
2150 1539 2380 1606 amplius
2404 1553 2501 1593 nos
2517 1538 2881 1595 existimando
2908 1552 3067 1609 quam
3090 1552 3299 1597 sumus,
3322 1535 3646 1602 incipiamus

2058 1639 2158 1678 nec
2195 1626 2244 1677 id
2278 1626 2520 1680 obtinere
2545 1627 2685 1696 quod
2729 1641 2940 1690 sumus,
2996 1639 3120 1679 cum
3177 1640 3272 1693 per
3315 1625 3418 1677 hoc
3464 1624 3643 1692 ipsum

2060 1719 2106 1771 si
2129 1717 2358 1772 velimus
2379 1717 2681 1786 despicere.
2707 1717 2848 1787 quod
2876 1731 3085 1778 sumus,
3107 1729 3415 1770 mercamur
3437 1714 3491 1768 in
3521 1727 3646 1767 me-

392 1809 603 1869 runctis
631 1808 964 1864 naturalibus
1009 1809 1334 1877 amputatis,
1371 1810 1717 1866 conversatio
1770 1819 1955 1864 nostra
1988 1790 2027 1844 Β
2057 1808 2161 1864 lius
2189 1824 2309 1863 esse
2341 1824 2502 1877 quam
2533 1823 2744 1875 sumus,
2778 1809 2990 1862 dicente
3029 1807 3273 1870 Domino,
3335 1814 3391 1859 et
3445 1813 3648 1859 nostra:

394 1899 579 1953 tendat
630 1899 683 1957 in
735 1899 956 1967 ctelum,
1020 1901 1107 1954 ubi
1143 1898 1394 1957 Christus
1445 1910 1529 1955 est
1563 1901 1629 1955 ad
1674 1900 1956 1956 dexteram

396 1992 486 2050 Dei
531 1991 671 2063 (Col.
705 2007 790 2058 ιιι,
841 1994 915 2061 1).
942 1992 1097 2059 Quod
1152 1993 1227 2048 ita
1258 2008 1453 2049 verum
1491 1994 1616 2058 erit,
1660 1994 1704 2047 si
1740 1994 1875 2058 ludi,
1912 1995 1958 2049 si

388 2080 568 2150 jncus,
614 2082 658 2137 si
700 2082 1042 2147 convivium,
1077 2082 1123 2137 si
1178 2097 1360 2139 sermo
1419 2099 1559 2153 pene
1610 2083 1979 2164 fatniliarlum.

394 2175 718 2227 deserantur
739 2191 753 2227 :
773 2183 824 2228 et
859 2182 1037 2227 tamen
1069 2173 1158 2242 qui
1189 2174 1651 2230 circumciduntur
1682 2185 1957 2237 arescunt.

394 2274 452 2317 ιιι
487 2278 593 2319 non
614 2279 711 2317 nos
738 2268 960 2328 mundo,
1003 2248 1100 2334 qui
1137 2264 1262 2322 vitae
1290 2265 1556 2336 imagines
1588 2280 1804 2331 sumus,
1866 2265 1962 2319 sed

394 2358 625 2411 mundus
651 2355 807 2411 nobis
856 2364 1102 2412 mortuus
1128 2371 1248 2412 esse
1291 2358 1544 2412 credatur
1582 2374 1599 2412 :
1655 2373 1754 2413 uec
1782 2357 1964 2428 aggln.

396 2444 558 2505 tiuari
592 2459 779 2503 eorum
834 2445 1014 2515 aliqua
1045 2459 1166 2519 quae
1198 2445 1523 2500 circumcisa
1580 2454 1710 2500 sunt
1758 2446 1961 2501 inimici

397 2545 516 2599 arte
549 2537 802 2592 sinantur
837 2553 852 2602 ;
882 2536 978 2592 sed
1019 2536 1338 2600 clamemus,
1402 2537 1543 2589 sedit
1593 2537 1814 2605 sanguis
1856 2539 1964 2591 cir-

396 2626 752 2687 cutncisiouis
787 2644 802 2681 :
838 2636 892 2690 ut
946 2641 1070 2684 cum
1112 2625 1166 2680 in
1216 2626 1381 2685 nobis
1428 2629 1551 2683 vita:
1582 2627 1821 2682 calculus
1855 2644 1968 2684 coe-

384 2702 542 2788 ‘perit
586 2719 930 2787 Operari,-in
985 2735 1095 2788 quo
1136 2734 1333 2783 nomen
1386 2735 1579 2775 novum
1637 2721 1785 2775 solus
1821 2722 1969 2776 novit

398 2813 509 2874 ille.
544 2813 635 2882 qui
664 2815 899 2883 accepit.
936 2829 1045 2871 non
1082 2814 1395 2879 timeamus,
1432 2816 1484 2868 in
1519 2815 1636 2870 loco
1682 2818 1967 2873 revelatio-

398 2906 483 2957 nis
515 2905 687 2959 occidi
720 2923 733 2960 :
770 2906 901 2975 quin
944 2906 1056 2960 imo
1084 2916 1137 2959 et
1184 2907 1510 2973 imputantes
1557 2907 1733 2978 aliqua
1784 2900 1969 2962 nostro

401 2998 633 3062 Dmnino
666 3014 761 3068 per
804 3013 1045 3053 amorem
1080 3015 1094 3053 :
1127 3014 1248 3052 nam
1280 3008 1334 3053 et
1371 2998 1655 3065 operarius
1698 3001 1769 3054 ibi
1825 3002 1856 3055 b
1879 3002 1968 3057 ~ni-

2063 1898 2138 1953 illi
2168 1898 2503 1965 imputationi
2555 1915 2713 1968 quam
2765 1898 3168 1970 pra-sumimus,
3219 1896 3647 1955 subscribente:

2061 1994 2223 2046 Amen
2253 1991 2369 2046 dico
2406 1991 2567 2056 vobis,
2601 2006 2750 2044 nemo
2808 2001 2884 2045 est
2942 1990 3035 2057 qui
3083 1988 3348 2059 relinquat
3400 1988 3642 2050 domum,

2062 2092 2156 2135 aut
2177 2092 2439 2150 parentes,
2461 2090 2553 2135 aut
2581 2083 2798 2151 fratres,
2832 2090 2924 2133 aut
2943 2095 3177 2143 uxorem,
3201 2089 3293 2133 aut
3327 2078 3465 2146 ﬁlios
3517 2093 3649 2147 pro-

2067 2185 2182 2244 pter
2211 2192 2425 2243 regnum
2455 2173 2570 2241 Dei,
2606 2175 2697 2244 qui
2724 2190 2823 2227 non
2848 2174 3064 2242 recipiat
3098 2172 3394 2241 centuplum
3427 2173 3480 2223 in
3507 2179 3649 2224 tem-

2061 2287 2189 2345 pore
2220 2271 2338 2330 hoc,
2360 2279 2409 2323 et
2436 2270 2488 2322 in
2513 2269 2706 2323 sitcqu
2733 2277 2950 2321 venturo
2973 2268 3135 2321 vitam
3170 2272 3423 2319 mternam
3481 2264 3655 2319 liere-

2064 2361 2247 2421 ditobit
2273 2360 2490 2431 (Matth.
2534 2376 2645 2422 xix,
2677 2360 2788 2429 99).
2827 2359 2889 2413 Et
2926 2359 3131 2412 talibus
3191 2356 3656 2426 promissionibus

2067 2459 2163 2507 vim
2188 2453 2303 2525 [ΑΙ.
2335 2451 2483 2523 vitae]
2532 2452 2636 2510 ilhc
2672 2451 2842 2514 dune,
2868 2465 3002 2517 quas
3041 2448 3112 2504 ob
3167 2448 3387 2502 verbum
3433 2445 3655 2503 Domini

2067 2545 2343 2600 custodire
2370 2558 2592 2597 necesse
2619 2552 2724 2606 est,
2757 2542 3090 2599 molliuntur.
3123 2538 3181 2595 lu
3203 2552 3436 2607 quarum
3463 2548 3655 2593 cuSto-

2068 2637 2155 2689 dia
2195 2636 2377 2703 utique
2400 2634 2565 2687 multa
2594 2633 2879 2688 retributio
2904 2640 3009 2688 est.

2138 2725 2306 2781 XXII.
2342 2725 2437 2779 His
2471 2724 2814 2781 mercedibus
2853 2725 3168 2786 invitamur,
3200 2734 3337 2790 quos
3363 2714 3657 2788 oportebat

2071 2829 2123 2869 ct
2148 2818 2289 2887 cogi,
2317 2815 2443 2870 dum
2478 2816 2614 2871 velle
2638 2830 2734 2869 nos
2763 2813 2934 2875 ambit
2957 2814 3096 2883 quod
3127 2820 3334 2882 poterat
3359 2820 3411 2864 et
3436 2808 3653 2879 jubere.

2073 2908 2313 2976 Denique
2345 2922 2469 2965 cum
2499 2905 2723 2965 verbum
2760 2905 2882 2959 vitae
2911 2905 3102 2957 durum
3125 2904 3366 2957 dicereut
3391 2914 3511 2954 esse
3532 2914 3654 2952 ser~

2074 3013 2308 3059 nionem,
2333 3007 2385 3051 et
2409 2998 2477 3051 ob
2510 2999 2609 3053 hoc
2629 2997 2827 3052 turbati
2860 3010 3049 3052 omnes
3078 2995 3168 3064 qui
3202 3010 3325 3047 eum
3351 2989 3659 3060 sequebano

396 3104 538 3161 guns
565 3092 893 3155 admittitur,
924 3100 979 3143 ιιι
1021 3090 1272 3160 Superius
1308 3090 1362 3144 in
1398 3091 1557 3146 beato
1610 3090 1772 3146 Petro
1809 3108 1964 3146 novae

2078 3102 2162 3146 Iur
2210 3092 2559 3145 abscederent
2599 3107 2614 3144 :
2651 3091 2946 3158 respiciens
2981 3088 3279 3153 discipulos
3312 3099 3466 3156 suos,
3496 3098 3655 3136 num-

396 3181 583 3248 gratite
608 3190 925 3250 susceptare
950 3180 1247 3245 didicimus
1285 3198 1299 3235 :
1350 3190 1460 3236 tota
1500 3183 1834 3237 credulitatis
1869 3200 1965 3236 un-

400 3285 528 3327 strte
560 3272 839 3327 harmonia
898 3272 1116 3327 intortis
1149 3272 1521 3329 vehementius
1554 3288 1649 3342 per
1705 3287 1876 3330 artem
1910 3274 1971 3329 lio

397 3364 560 3418 dibus
592 3362 915 3418 rcsultemus
941 3381 954 3417 :
981 3362 1203 3430 Propter
1236 3365 1391 3417 verba
1441 3364 1698 3419 labiorum
1739 3375 1969 3433 tuorum,

403 3452 646 3520 Domine,
677 3468 770 3523 ego
800 3453 1059 3506 custodioi
1090 3455 1200 3506 vias
1225 3454 1391 3507 duras
1425 3453 1599 3523 (Psal.
1630 3471 1740 3521 xvr,
1788 3455 1864 3515 4).

479 3542 617 3610 XXI.
644 3543 800 3604 Anne
830 3552 912 3599 est
951 3543 1152 3613 aliquid
1193 3554 1300 3597 tam
1350 3545 1696 3608 durum,tam
1740 3547 1974 3601 ferreum

402 3649 565 3711 quam
593 3648 898 3715 repugnare
935 3638 1187 3690 naturae?
1213 3634 1277 3690 Et
1309 3651 1433 3691 cum
1465 3637 1725 3692 omniain
1773 3638 1978 3694 mundo

403 3744 499 3811 per
532 3727 696 3795 Deum
725 3727 880 3786 nobis
907 3729 1017 3785 sint
1046 3728 1207 3792 facta,
1236 3729 1385 3800 ipsos
1419 3745 1539 3793 nos,
1574 3730 1724 3785 velut
1757 3746 1863 3784 non
1884 3747 1980 3786 no-

401 3833 512 3876 stra
547 3821 923 3893 circumstent,
959 3821 1240 3890 repellere,
1271 3838 1375 3881 non
1410 3824 1592 3879 videre
1632 3839 1648 3881 :
1692 3826 1980 3880 mundum-

401 3928 506 3985 que
540 3913 714 3981 ipsum
739 3912 895 3968 nobis
919 3927 979 3981 se
1000 3928 1123 3969 cum
1149 3916 1400 3973 omnibus
1431 3915 1633 3971 divitiis
1660 3926 1714 3971 et
1738 3916 1982 3987 pulchri-

409 4005 686 4077 tudinibus
715 4002 832 4077 suis
881 4004 1210 4076 ingerentem
1238 4022 1399 4061 manu
1434 4007 1669 4077 quadam
1701 4010 1986 4078 repudiare

406 4094 644 4162 virtutis,
669 4097 1046 4173 obseratisque
1075 4097 1327 4159 onmibus
1386 4101 1638 4161 sensibus
1683 4101 1882 4171 quibus
1915 4102 1983 4157 ad

404 4187 641 4258 animam
673 4188 973 4245 substantia
1007 4188 1187 4247 vitalis
1220 4190 1450 4256 accedit,
1504 4206 1639 4261 pene
1678 4192 1746 4247 ad
1792 4192 1987 4265 imagi-

408 4293 530 4331 nem
556 4278 899 4347 obrigescere
919 4289 1257 4344 mortuorum
1286 4297 1304 4341 :
1340 4297 1443 4339 non
1468 4285 1607 4349 visu,
1643 4300 1750 4343 non
1777 4286 1985 4347 auditu.

409 4386 517 4425 non
546 4376 732 4438 odore,
763 4388 871 4426 non
895 4381 1065 4440 tactu,
1102 4389 1206 4427 non
1236 4390 1427 4442 sapore
1462 4375 1605 4445 capi,
1627 4385 1680 4430 et
1710 4375 1762 4435 in
1795 4386 1986 4430 natura

2074 3187 2330 3254 Quidnam
2370 3196 2423 3238 et
2459 3185 2560 3254 ipsi
2597 3186 2749 3237 abire
2778 3183 2999 3248 vellent,
3034 3179 3254 3249 inquirit
3288 3166 3657 3231 iratttsiadeo

2072 3278 2213 3346 eligit
2250 3279 2430 3347 potius
2463 3292 2520 3330 se
2554 3276 2713 3331 nobis
2740 3276 2880 3331 bona
2922 3274 3103 3329 omnia
3159 3271 3376 3334 debere,
3402 3269 3446 3324 si
3501 3268 3657 3321 volu-

2077 3384 2217 3425 mus.
2252 3384 2412 3437 quam
2446 3369 2713 3434 imperare
2738 3368 2782 3420 si
2813 3367 3076 3437 cogimur,
3103 3364 3309 3419 dicente
3341 3359 3599 3430 Apostolo
3630 3372 3649 3416 ι

2076 3460 2132 3516 Si
2166 3461 2302 3515 cnim
2334 3460 2503 3517 volens
2531 3462 2626 3517 hoc
2658 3475 2780 3529 ago,
2812 3456 3096 3511 mercedem
3129 3455 3330 3523 occipio
3359 3468 3379 3507 :
3404 3453 3450 3505 si
3475 3458 3657 3507 autem

2074 3554 2291 3615 inritus,
2323 3553 2645 3622 dispensatio
2672 3552 2799 3604 mihi
2825 3551 3025 3607 credita
3058 3558 3137 3605 est
3167 3545 3221 3615 (I
3244 3547 3370 3607 Cor,
3431 3559 3507 3607 ix,
3540 3541 3657 3607 Π),

2080 3644 2201 3698 llaec
2237 3643 2485 3697 voluntas
2507 3638 2782 3699 iemoralis
2818 3642 2964 3695 illius
3002 3640 3193 3707 vagina
3250 3635 3451 3695 cultelli
3504 3642 3589 3688 est
3629 3651 3647 3693 ;

2079 3753 2198 3807 quas
2233 3738 2321 3790 ubi
2354 3737 2407 3790 in
2433 3750 2493 3790 se
2516 3750 2754 3789 amorem
2781 3732 2897 3798 Dei,
2922 3748 3083 3803 quem
3117 3730 3391 3786 cultellum
3424 3740 3542 3782 esse
3576 3725 3666 3780 di-

2082 3831 2283 3892 ximus,
2336 3829 2623 3896 receperit,
2679 3828 2976 3881 merebitur
3018 3823 3315 3893 intell'gere
3368 3817 3661 3873 Dominum

2080 3934 2204 3973 vera
2228 3918 2548 3987 praedicasse
2572 3934 2587 3971 :
2609 3914 2802 3984 Iugum
2821 3916 2960 3967 enim
2983 3928 3152 3965 meum
3177 3926 3332 3965 suave
3351 3916 3450 3972 est,
3475 3917 3521 3960 et
3543 3920 3666 3958 sar-

2084 4013 2206 4066 cina
2237 4028 2350 4064 mea
2381 4009 2504 4063 leris
2529 4017 2607 4062 est
2642 4006 2862 4079 (Matth.
2896 4023 2969 4063 II.
3001 4004 3117 4065 50),
3163 4002 3416 4072 quoniam
3471 4011 3667 4066 super-

2085 4098 2205 4152 lluis
2230 4098 2483 4151 omnibus
2513 4098 2827 4162 amputatis,
2883 4105 2938 4150 et
2979 4096 3194 4147 cunctis
3246 4089 3507 4144 oneribus
3548 4086 3665 4140 cir-

2085 4188 2334 4254 cumcisi,
2366 4188 2555 4243 belluas
2580 4186 2815 4257 quadam
2840 4181 3126 4238 sarcinalis
3157 4179 3391 4248 imagine
3418 4185 3665 4240 tenuata,

2087 4296 2211 4335 vcre
2238 4280 2399 4333 etiam
2433 4293 2530 4331 nos
2581 4291 2702 4331 cum
2748 4273 3037 4328 Psalmista
3061 4269 3313 4333 dicimus,
3338 4266 3428 4338 qui
3453 4267 3535 4320 vel
3569 4282 3670 4334 per

2090 4370 2337 4438 glaciem,
2361 4368 2443 4427 vel
2469 4382 2563 4437 per
2595 4365 2846 4433 liquidam
2869 4363 3030 4418 etiam
3064 4358 3386 4425 mollemque
3414 4355 3672 4411 substan-

413 4463 660 4533 corporis
682 4473 930 4531 naturam
956 4480 1274 4535 corpoream
1309 4481 1412 4519 non
1440 4466 1979 4535 httbere,homiuem.
2020 4466 2060 4522 D
2092 4467 2216 4515 tiam
2251 4470 2535 4530 angustum
2568 4457 2701 4512 illud
2740 4472 2870 4510 actis
2906 4454 3147 4507 t‘oratnen
3210 4450 3443 4504 transire
3470 4462 3667 4511 possu-

411 4568 515 4621 que
539 4568 597 4607 se
624 4554 765 4632 quod
797 4558 957 4622 homo
981 4554 1051 4608 sit
1071 4555 1319 4621 oblivisci
1357 4574 1370 4609 :
1407 4573 1529 4621 eum
1553 4568 1727 4625 tamen
1748 4558 1848 4613 hoc
1874 4559 1990 4626 ipso

410 4646 550 4719 quod
582 4642 786 4714 ambiat
815 4661 920 4713 non
955 4648 1149 4712 teneri,
1197 4648 1321 4716 quia
1351 4663 1476 4703 vere
1523 4650 1665 4718 quod
1723 4648 1883 4702 homo
1917 4651 1991 4703 sit

411 4746 613 4807 teneat,
649 4746 701 4791 et
725 4753 789 4792 eo
816 4738 985 4811 magis
1005 4739 1269 4810 despiciat
1296 4755 1375 4804 se,
1401 4755 1512 4810 quo
1536 4755 1594 4793 se
1626 4739 1796 4815 magis
1816 4755 1988 4809 agno-

413 4831 591 4903 verit:
622 4841 734 4889 tum
767 4832 892 4899 quia
919 4835 1112 4885 durum
1150 4840 1233 4888 est
1262 4834 1546 4903 pra>sentia
1580 4832 1685 4885 sibi
1735 4832 1988 4890 abdicare

414 4922 541 4974 dum
571 4921 740 4995 vivit,
775 4932 829 4977 et
854 4922 1031 4995 futura
1058 4939 1280 4993 sperare
1303 4934 1423 4994 post
1461 4925 1644 4981 vitam.
1675 4922 1798 4991 Haec
1829 4931 1989 4981 natu-

418 5032 473 5087 ra
503 5017 771 5085 corporis,
810 5017 931 5081 hoc,
982 5026 1039 5071 ιιι
1069 5017 1325 5087 diximus,
1359 5016 1465 5072 nisi
1520 5016 1842 5086 circumcisa
1884 5031 1988 5087 non

412 5114 616 5191 patitur
647 5129 663 5169 :
699 5111 963 5180 facileque
985 5127 1044 5166 se
1071 5111 1231 5182 gestit
1257 5111 1463 5180 jactare
1487 5110 1538 5164 in
1567 5109 1704 5173 suis,
1739 5108 1840 5163 sibi
1869 5125 1990 5161 ccr-

416 5216 551 5269 nens
576 5213 772 5268 terres,
803 5202 903 5256 sibi
933 5201 1130 5269 maria,
1151 5200 1255 5255 sibi
1280 5199 1468 5254 videns
1495 5199 1664 5253 solem
1693 5207 1746 5252 et
1773 5199 1991 5255 univer-

419 5309 477 5345 sa
512 5296 631 5346 ιτσειί
663 5304 807 5348 astra
842 5295 1054 5350 servire
1089 5309 1103 5360 ;
1138 5304 1193 5347 et
1223 5292 1440 5362 quando
1471 5306 1531 5346 se
1562 5291 1799 5346 fraudari
1830 5306 1856 5343 a
1886 5300 1989 5345 lcr-

424 5385 685 5445 rcstribns
717 5387 972 5461 patietur,
1004 5402 1126 5439 cum
1161 5384 1469 5455 dominetur
1497 5391 1552 5437 et
1588 5383 1724 5437 caelo
1746 5383 1768 5436 ?
1794 5381 1994 5455 Tanto-

424 5488 540 5525 rum
563 5490 693 5545 ergo
729 5476 1120 5536 elcmcntorum
1159 5485 1265 5528 tam
1291 5474 1600 5549 importuno
1625 5473 1992 5528 circumvcnta

422 5565 704 5633 lattmlatu,
733 5584 899 5634 usque
926 5569 990 5624 ad
1030 5567 1357 5623 oblivionem
1386 5582 1496 5621 suae
1540 5564 1865 5618 conditionis
1913 5567 1996 5616 in-

421 5659 677 5714 ducitur:
729 5672 780 5713 et
830 5663 884 5714 in
932 5662 1186 5740 dcsprcltt
1240 5660 1406 5729 totius
1451 5657 1739 5715 sublimata
1791 5658 2001 5719 mundi,

424 5746 642 5800 vincere
669 5749 781 5816 ipsa
821 5766 884 5803 cx
913 5768 977 5809 co
1005 5752 1147 5818 quod
1194 5750 1292 5805 sibi
1323 5749 1695 5816 obqummlur
1721 5748 2000 5819 prtcsttmit

2096 4567 2235 4613 mus,
2272 4553 2415 4621 quod
2446 4550 2673 4604 introire
2702 4548 2793 4618 qui
2826 4547 2879 4599 in
2898 4545 3052 4614 equis
3074 4553 3299 4612 sperant
3319 4552 3374 4597 et
3392 4542 3671 4606 curribus,

2093 4658 2199 4696 non
2236 4642 2507 4705 valui-unt,
2539 4640 2792 4709 quoniam
2827 4638 2963 4691 tales
2993 4637 3158 4690 etiam
3186 4636 3274 4686 via
3302 4633 3389 4688 illa
3420 4630 3672 4700 qnmlata

2096 4744 2180 4790 est
2206 4743 2261 4788 et
2307 4734 2563 4807 spatiosa,
2599 4733 2685 4784 vix
2721 4732 2924 4799 Capiet.
2955 4729 3225 4785 Laborum
3258 4726 3438 4796 itaque
3464 4725 3675 4784 arduos

2096 4836 2308 4880 nentes
2334 4837 2387 4878 et
2409 4823 2781 4878 difﬁcultatum
2817 4820 3200 4890 propemodum
3232 4833 3438 4881 muros,
3469 4815 3673 4885 quibus

2095 4919 2338 4976 cmleslia
2379 4916 2447 4971 ab
2475 4914 2725 4969 humanis
2750 4910 3185 4981 velutprovincia
3218 4908 3499 4978 cujusdam
3525 4907 3679 4960 limi.

2098 5015 2245 5066 tibus
2285 5019 2630 5076 separantur,
2663 5005 2844 5060 divina
2882 5001 3158 5059 invitatrix
3192 4999 3567 5054 muniﬁcentia
3599 4999 3674 5052 li-

2098 5103 2465 5172 beralitasque
2498 5100 2767 5171 deplanat.
2802 5098 2870 5153 Et
2899 5098 3039 5151 sicut
3074 5093 3215 5148 tubis
3246 5090 3676 5146 sacerdotalibus

2102 5213 2288 5252 nuros
2320 5196 2461 5249 illius
2483 5194 2703 5249 Jericbo
2736 5211 2750 5247 :
2784 5192 2855 5243 ita
2886 5187 3268 5259 prophetarum
3299 5184 3516 5239 vocibus
3550 5193 3674 5235 tur-

2103 5290 2205 5344 rim
2241 5288 2410 5343 nostri
2444 5286 2698 5341 interitus
2725 5283 2908 5344 elidet,
2940 5283 2985 5336 si
3016 5279 3177 5334 modo
3207 5286 3398 5332 contra
3428 5289 3578 5344 spem
3613 5274 3673 5327 in

2104 5396 2199 5449 Spe
2230 5380 2534 5443 credentes,
2570 5386 2622 5429 et
2687 5375 2922 5446 quodam
2959 5370 3353 5426 concitatorum
3386 5365 3674 5427 luminum,

2092 5471 2318 5571 g‘idendi
2347 5468 2573 5524 saliente
2607 5477 2941 5535 transpectu,
2972 5464 3024 5516 in
3056 5461 3296 5517 irattdem
3328 5456 3674 5526 praesentium

2189 5561 2200 5571 ι
2619 5559 2631 5570 ι
2768 5569 2773 5571 .
2948 5569 2957 5571 _
3008 5570 3014 5571 ,
3056 5551 3295 5571 ,,___,2L_--
3326 5549 3429 5571 ΞΑ...
3474 5560 3639 5571 -.ιιι-Α

2104 5558 2430 5615 ὶοιιιιιιοοιιιιιι
2463 5559 2725 5630 promissa
2765 5569 3024 5624 tanquam
3055 5551 3298 5605 manibtts
3319 5549 3431 5620 jam
3472 5560 3673 5614 appre-

2106 5653 2268 5703 hensa
2305 5649 2562 5703 miremur
2597 5666 2611 5702 :
2644 5655 2698 5702 et
2723 5646 2823 5699 hac
2848 5641 3152 5698 circumcisi
3181 5648 3368 5693 natura
3392 5636 3446 5689 in
3473 5635 3673 5688 aliam-

2105 5756 2208 5810 que
2241 5753 2488 5807 naturam
2526 5736 2859 5807 transposui,
2890 5742 3067 5789 mente
3095 5732 3182 5785 illa
3209 5739 3260 5784 et
3288 5728 3468 5787 animo
3490 5736 3677 5789 tenea-
