4012 6188
327 303 439 368 ΞΠ

1344 305 1714 367 EPISTULA
1750 306 1942 366 XXII.
1989 307 2071 367 IN
2117 310 2322 374 PSAL.
2357 315 2589 378 CXVII.

3474 333 3582 398 €18

331 441 478 484 nius,
505 438 624 490 qut?
655 438 748 476 nec
775 423 957 477 oculus
985 424 1135 491 vidit,
1170 439 1257 477 nec
1288 426 1434 476 auris
1464 425 1685 489 audivit,
1719 435 1829 477 nec'
1855 425 1906 476 i'n
2014 432 2121 495 l‘ur,
2161 432 2460 500 ingressum
2491 437 2710 490 Domino
2739 449 3101 507 premi-antes
3127 461 3140 498 ε
3176 443 3362 498 Leonte
3381 459 3582 510 ρςηοιιιδ,

329 535 428 572 car
451 520 676 571 hominis
705 518 1076 582 ascenderunt,
1131 533 1246 584 qua:
1279 518 1600 584 prwparaoit
1654 516 1908 570 Dominus

329 614 398 664 iis
424 611 749 680 quidiligunt
770 625 884 662 eum
911 608 962 678 (Ι
994 607 1115 664 Cor.
1141 624 1198 670 ll,
1226 609 1316 671 9):
1345 614 1409 662 de
1431 623 1658 676 quorum
1681 621 1910 660 numero

329 722 442 758 non
473 715 576 766 est,
613 703 715 757 nisi
765 703 853 770 qui
883 717 976 769 per
1026 703 1448 754 demonstratam
1504 701 1756 769 superius
1798 701 1908 752 cir-

327 797 722 852 cumcisionem
752 795 891 848 velut
918 809 1042 849 cum
1075 795 1305 849 Domino
1346 794 1592 847 confixus
1640 793 1692 846 in
1724 806 1906 864 cruce,

329 903 549 954 semper
587 888 826 956 peccatis
851 887 967 940 suis
995 886 1250 954 passione
1287 893 1370 939 est
1400 885 1611 953 dignus.
1655 883 1747 937 Ille
1779 897 1906 936 vero

331 981 618 1032 Dominum
645 988 890 1032 nostrum
916 980 1134 1046 dignum
1164 976 1254 1029 tali
1285 978 1532 1044 passione
1553 992 1658 1030 non
1680 978 1907 1030 credens

328 1073 529 1126 dixerit
571 1090 584 1124 :
626 1071 866 1129 Domine.
909 1085 1107 1124 memor
1145 1081 1253 1123 esto
1285 1070 1384 1123 mei
1437 1086 1556 1122 cum
1608 1071 1801 1122 veneris
1850 1069 1904 1120 in

326 1181 544 1233 regnum
582 1177 722 1217 tuum
761 1162 914 1231 (Luc.
979 1179 1139 1227 util,
1171 1164 1281 1229 4‘2).
1315 1161 1508 1227 Quem,
1540 1161 1667 1215 dum
1728 1163 1907 1214 adhuc

326 1259 593 1324 loquitur,
630 1259 745 1325 ipse
781 1257 1038 1309 Dominus
1071 1264 1354 1323 promptus
1393 1253 1904 1322 interpellautisau-

325 1351 474 1402 ditor
506 1349 796 1410 censolari,
820 1359 881 1401 ut
905 1349 1209 1420 censuevit,
1247 1364 1340 1416 pro
1371 1364 1466 1400 sua
1495 1348 1692 1415 pietate
1719 1345 1906 1413 digna-

325 1442 498 1503 bitur,
530 1441 758 1494 dicendo
791 1457 804 1493 :
848 1437 1002 1492 Forti
1035 1442 1211 1492 animo
1238 1449 1345 1491 esto
1366 1454 1387 1493 :
1412 1440 1573 1492 Amen
1625 1437 1742 1490 dico
1783 1439 1898 1494 tibi.

323 1533 481 1586 hodie
514 1549 716 1586 mecum
747 1535 849 1585 eris
879 1534 932 1584 in
963 1535 1212 1600 paradiso
1242 1531 1402 1598 (Ibid.
1437 1532 1550 1600 65).

855 1645 1185 1700 EPISTULA
1261 1645 1379 1705 XX.

561 1757 656 1796 Slili
688 1759 737 1796 IN
772 1758 1039 1796 SCbANNAll
1080 1760 1277 1796 LAI’aAM
1316 1758 1661 1800 DBJUIIGATIO.

2012 527 2292 592 principes,
2325 539 2542 590 uestras,
2569 539 2616 582 et
2650 531 2945 596 elevamini,
2995 544 3160 603 porta
3182 537 3476 598 teternales,
3535 549 3584 590 ot

2008 617 2243 672 introibit
2276 635 2367 671 rea:
2392 621 2574 688 gloria.
2601 619 2776 688 (Psal.
2823 639 2981 688 unt,
3011 625 3063 689 7,
3094 625 3172 692 9).
3202 625 3307 680 Sed
3359 628 3582 696 pulchre

2011 710 2457 779 levarijubentnr
2481 722 2669 780 portae,
2697 723 2751 768 et
2799 715 2852 767 in
2917 716 3145 772 sublime
3189 719 3342 786 erigi.
3402 718 3580 788 Siqui-

2009 801 2130 854 dem
2161 802 2313 867 juxta
2337 803 2798 871 dispensationem
2851 809 3050 870 carnis,
3085 818 3139 861 et
3170 812 3484 880 mysterium
3523 821 3578 864 et

2010 893 2289 946 victoriam
2320 895 2522 957 crucis,
2553 895 2726 961 major
2763 898 3065 965 regreditur
3095 901 3161 951 ad
3190 901 3376 964 cados,
3412 918 3572 970 quam

2006 983 2072 1034 ad
2099 993 2271 1037 terras
2300 995 2544 1040 venerat.
2571 985 2700 1040 Htec
2725 997 2875 1057 porta
2901 988 3128 1055 Domini,
3153 991 3280 1055 iusti
3301 993 3576 1046 intrabunt

2006 1092 2099 1144 per
2136 1092 2272 1129 eam.
2321 1077 2423 1130 Per
2460 1079 2601 1130 banc
2655 1091 2862 1148 portam
2915 1081 3188 1150 ingressus
3229 1093 3314 1137 est
3362 1085 3572 1152 Petrus,

2007 1169 2285 1230 ingressus
2321 1178 2403 1223 est
2434 1168 2653 1233 Paulus,
2683 1172 2907 1238 ingressi
2941 1186 3069 1227 sunt
3099 1189 3285 1228 omnes
3315 1179 3570 1245 apostoli,

2007 1259 2230 1328 ingrcssi
2257 1269 2382 1313 sunt
2411 1270 2464 1313 et
2498 1273 2780 1331 martyres,
2820 1275 2871 1315 et
2900 1263 3141 1333 quotidie
3169 1267 3341 1319 sancti
3371 1267 3576 1334 quique

2005 1350 2403 1418 ingrediuntur.
2434 1351 2539 1405 Per
2571 1351 2708 1406 banc
2753 1362 2963 1421 portam
3007 1353 3212 1422 primus
3258 1353 3396 1408 latro
3445 1371 3568 1410 cum

2007 1443 2231 1496 Domino
2260 1443 2532 1512 ingressus
2556 1455 2659 1499 est.

2072 1535 2140 1588 ll.
2182 1534 2444 1589 Halietote
2479 1535 2756 1599 fiduciam,
2780 1547 2834 1589 et
2865 1553 2959 1591 vos
2994 1547 3208 1606 sperate
3234 1539 3450 1592 similia.
3478 1539 3569 1593 Sic

2002 1627 2143 1678 enim
2184 1628 2296 1694 ipse.
2344 1627 2635 1694 Apostolus
2683 1628 2941 1683 dixit:Si
2995 1634 3398 1687 camuri-existis
3452 1649 3567 1686 cum

2003 1719 2234 1783 Christo,
2265 1735 2380 1785 quit!
2416 1735 2628 1773 sursum
2659 1733 2778 1774 sunt
2821 1724 3053 1789 quict'itc,
3090 1723 3178 1775 ubi
3229 1722 3470 1776 Christus
3516 1723 3568 1774 in

389 1837 525 1896 (Ilaec
558 1838 784 1903 epistola,
807 1851 915 1898 quze
938 1841 1349 1903 nouunanlmiter
1368 1838 1430 1903 ab
1455 1839 1739 1903 auctoribus
1758 1841 1889 1903 adju-

2003 1813 2211 1865 dextera
2246 1812 2338 1865 Dei
2367 1815 2506 1867 sedet
2532 1812 2756 1882 (Coloss.
2780 1825 2863 1880 ut,
2900 1816 2970 1883 l).
3001 1816 3113 1871 Non
3146 1817 3273 1870 dicit
3310 1817 3395 1870 hic
3427 1817 3568 1884 psal-

324 1898 479 1946 dicata
503 1906 581 1945 est
605 1899 927 1957 Hieronymo,
955 1899 1124 1946 multis
1153 1911 1324 1947 revera
1339 1901 1492 1960 signis
1521 1901 1685 1949 verius
1706 1898 1893 1950 esse'S.

325 1962 569 2006 Ambrosii
596 1959 808 2022 videtur.
836 1961 1016 2022 Quare,
1046 1959 1403 2008 Benediclinos’
1436 1965 1613 2022 secuti,
1653 1975 1758 2011 eam
1801 1966 1894 2021 jam

322 2023 570 2068 edidimus
594 2019 897 2083 iiiterAOpera
923 2020 972 2067 S.
1001 2025 1246 2082 episcopi;
1274 2024 1353 2068 ubi
1381 2019 1618 2083 viilesis,t
1636 2061 1646 2071 .
1674 2023 1772 2072 XVI
1801 2019 1895 2070 ἠο-

325 2097 436 2128 Sita‘
470 2083 650 2150 l'atrol.
677 2081 773 2130 col.
799 2081 911 2138 365,
934 2083 1025 2131 sub
1049 2086 1138 2132 hoc
1177 2081 1348 2142 tit-alo,
1387 2085 1449 2132 de
1493 2081 1650 2146 Lapsa
1692 2085 1896 2150 virginis

320 2152 624 2192 (aitsecratw.
636 2149 650 2200 )
1645 2175 1651 2182 ε

858 2227 1186 2283 EPISTOLA
1223 2229 1366 2290 XXI,

630 2337 726 2376 εει]
759 2338 1093 2377 ΕΚΡΙΑΝΔΤΙΟ
1122 2340 1171 2377 ΙΝ
1198 2340 1438 2378 ιτελιυωι
1473 2340 1582 2378 ΧΗ.

416 2410 661 2472 (Habetnr
681 2413 829 2460 etiam
853 2416 977 2474 apud
1003 2416 1328 2475 Augustinum
1353 2415 1400 2462 in
1445 2416 1729 2476 Appendice
1774 2417 1889 2476 torni

324 2473 404 2526 νι,
429 2478 663 2534 inscripta
686 2477 860 2522 Sermo
880 2473 928 2523 in
947 2473 1198 2523 Psatnmm
1224 2489 1317 2528 λιι.
1348 2475 1414 2524 ad
1439 2481 1482 2526 Ν
1490 2473 1732 2538 eopliytos.
1779 2475 1892 2525 Era-

321 2549 457 2581 smus
474 2543 567 2584 ait:
595 2543 813 2596 Apparet
838 2537 929 2583 hoc
953 2539 1274 2596 fragmentum
1300 2550 1412 2585 esse
1436 2552 1494 2587 ex
1529 2537 1749 2585 Homiliis
1798 2543 1893 2585 ati-

320 2597 462 2654 cnjus
485 2600 531 2658 in
556 2599 766 2658 psalmos
792 2603 1050 2658 mysticus:
1074 2605 1211 2645 certe
1235 2600 1352 2645 nihil
1378 2599 1526 2647 habet
1548 2600 1890 2658 Hieronymia-

324 2672 459 2706 ιιιιω.
486 2657 677 2706 Videsis
703 2672 827 2720 ergo
851 2665 939 2707 loc.
963 2662 1070 2720 cit.)

461 2760 774 2816 MONITUM
803 2763 864 2815 IN
896 2762 1277 2818 EPISTOLAM
1309 2764 1742 2830 SEQUENTE“.

389 2863 443 2908 ln
479 2854 766 2908 Veroncnsi
801 2871 900 2909 ms.
934 2858 1024 2924 qui
1054 2872 1253 2910 nonum
1281 2871 1427 2911 certe.
1453 2859 1704 2910 sn-culnm
1737 2871 1887 2911 ante-

319 2930 478 2988 redit,
509 2926 856 2992 subjnngitnr
897 2927 1055 2992 paulo
1108 2937 1226 2992 post
1278 2933 1509 2980 sermoni
1562 2930 1651 2996 qui
1682 2929 1744 2981 de
1778 2929 1888 2981 Esu

323 2997 460 3063 Agni
494 2997 830 3047 inscribitur.
864 2996 1118 3054 Erasmus
1146 2999 1212 3049 de
1245 2999 1349 3051 isto
1384 3003 1478 3060 ait,
1517 3000 1764 3064 Ejusdem
1807 3009 1889 3052 est

320 3065 530 3127 farinae,
560 3080 709 3136 cum,
753 3068 992 3127 humilia,
1030 3083 1148 3136 qua:
1199 3069 1438 3136 proxime
1497 3074 1792 3136 praecessit,
1831 3076 1885 3120 et

318 3137 567 3188 eumdem
595 3134 738 3202 83le
771 3134 1071 3190 auctorem.

839 3246 1170 3302 EPISTOLA
1199 3248 1360 3311 XXII,

596 3357 696 3397 εευ
723 3356 1052 3396 ΕἚΡΙΑΝΔἸῚΟ
1084 3357 1134 3395 IN
1167 3358 1410 3396 ιιεΑωιωι
1442 3357 1607 3398 CXVII.

387 3462 429 3514 Ι.
462 3459 522 3514 In
557 3459 705 3512 omni
732 3459 940 3526 psalmo
971 3457 1229 3513 Dominus
1259 3469 1442 3513 noster
1459 3457 1614 3514 Iesus
1643 3459 1890 3514 Christus

317 3554 672 3621 proplietatur
727 3561 890 3618 atque
942 3551 1173 3605 canitur.
1243 3549 1520 3619 Siquidem
1574 3553 1688 3620 ipse
1737 3553 1888 3604 habet

315 3649 515 3699 rlarem
543 3629 713 3698 Da'vid
742 3660 857 3715 qua:
876 3645 1046 3710 aperit
1069 3654 1114 3698 ct
1148 3660 1300 3698 nemo
1324 3644 1549 3711 claudit,
1581 3645 1781 3702 claudit
1837 3655 1887 3702 et

311 3752 464 3790 nemo
499 3738 668 3802 aperit
687 3737 875 3805 (Apoc.
906 3751 985 3801 tu,
1015 3736 1093 3806 7).
1121 3735 1225 3790 Sed
1253 3737 1521 3804 prarcipue
1573 3735 1624 3788 in
1657 3738 1890 3799 eenlesis-

319 3845 408 3884 mo
433 3829 644 3882 decimo
673 3829 903 3894 septimo
927 3829 1158 3896 psalmo,
1187 3829 1276 3898 qui
1302 3843 1453 3890 nunc,
1477 3827 1754 3896 psallendo
1806 3826 1887 3881 le-

310 3940 340 3974 e
371 3939 435 3977 ns
472 3931 578 3986 est,
611 3921 1024 3976 resurrectionis
1055 3922 1368 3992 mysterium
1418 3921 1758 3990 praedicatur.
1792 3917 1890 3974 llic

312 4014 457 4065 enim
490 4013 750 4082 psalmus,
785 4013 838 4065 in
890 4029 998 4082 quo
1035 4028 1063 4068 a
1096 4012 1302 4083 Spiritu
1337 4021 1528 4067 sancto
1583 4012 1885 4082 prsesignati

313 4115 580 4157 Vocantur
608 4106 674 4156 ad
702 4105 1063 4158 confitendum
1109 4104 1332 4158 Domino
1357 4105 1410 4156 in
1458 4104 1656 4157 laude:
1691 4105 1771 4157 vel
1821 4107 1887 4156 ad

313 4194 715 4246 confessionem
743 4195 982 4260 gentium
1013 4195 1123 4246 veri
1156 4193 1416 4249 Israelita:
1468 4194 1522 4247 in
1571 4193 1887 4262 poenitentia

314 4286 428 4339 reri
465 4285 771 4340 sacerdOtis
790 4287 969 4338 Aaron
1002 4286 1214 4350 domus,
1246 4288 1386 4354 quod
1407 4296 1492 4340 est
1517 4285 1567 4338 in
1595 4285 1834 4340 Ecclesia
1867 4303 1882 4340 :

307 4380 430 4432 sive
464 4379 791 4445 generaliter
841 4392 1028 4430 omnes
1079 4379 1330 4432 timentes
1379 4377 1545 4431 Deum
1599 4389 1744 4433 recte
1792 4394 1888 4444 pro

2004 1920 2141 1968 inus,
2178 1905 2277 1958 soli
2305 1906 2557 1974 apostoli,
2578 1906 2677 1960 soli
2713 1908 2988 1975 pr0phetie
3022 1919 3077 1962 et
3109 1919 3376 1978 martyres
3403 1912 3570 1963 intra-

2001 1997 2132 2048 bunt
2159 2012 2252 2062 per
2286 2012 2404 2050 eam
2446 2014 2459 2050 :
2497 1998 2589 2051 sed
2614 1997 2743 2068 juSIi
2777 1999 3078 2054 introibunt
3116 2017 3211 2068 per
3263 2017 3405 2056 eam.
3441 2003 3573 2068 Qni-

2000 2101 2217 2154 cunque
2267 2086 2558 2157 ergojuste
2592 2091 2725 2158 agit,
2761 2101 2811 2144 et
2840 2091 2980 2145 inter
3004 2091 3182 2162 justos
3202 2092 3413 2147 Domini
3446 2109 3568 2147 esse

1999 2180 2219 2242 meruit,
2248 2180 2572 2234 ﬁducialiter
2598 2192 2719 2250 agat
2745 2184 2888 2236 ineo
2909 2198 3155 2251 sperans,
3189 2186 3313 2252 quia
3343 2187 3567 2239 intrabit

1998 2285 2093 2338 per
2132 2271 2272 2323 hanc
2301 2281 2530 2340 portam.
2570 2270 2706 2336 Quia
2735 2271 2997 2328 Dominus
3041 2289 3145 2327 non
3196 2277 3386 2342 quaerit
3440 2293 3567 2331 san-

1996 2361 2212 2428 guinem
2245 2364 2616 2416 conlitentium
2657 2379 2670 2416 :
2710 2364 2801 2417 sed
2838 2364 3020 2430 fidem,
3067 2381 3163 2433 pro
3192 2381 3296 2434 qua
3346 2368 3566 2436 sanguis

1995 2452 2291 2505 eti‘unditur
2337 2456 2690 2508 tredentinm.
2749 2454 2803 2507 Si
2851 2455 3199 2509 habuerimus
3241 2457 3396 2510 fidem
3447 2473 3566 2526 qua:

1995 2551 2172 2610 potest
2211 2545 2527 2611 sanguinem
2579 2544 2834 2610 fundere,
2887 2544 3244 2614 imputabitur
3296 2547 3452 2602 nobis
3510 2559 3564 2601 et

1993 2633 2206 2688 cruoris
2240 2633 2451 2690 ellnsio.
2498 2633 2542 2690 Ο
2575 2652 2701 2689 vere
2753 2637 2997 2692 infelices
3044 2636 3215 2692 Judaei
3243 2639 3256 2691 ι
3289 2653 3321 2688 o
3379 2639 3562 2693 miseri

1994 2733 2154 2793 atque
2182 2725 2554 2779 miserabiles!
2592 2726 2821 2794 lapidem
2877 2727 2966 2796 qui
2997 2743 3091 2794 per
3119 2727 3315 2782 Isaiam
3379 2744 3568 2798 reproa

1993 2815 2195 2868 tnissus
2219 2826 2321 2881 est,
2353 2819 2493 2884 quod
2534 2828 2822 2886 poneretur
2881 2821 2932 2872 in
2986 2819 3350 2874 fundamentis
3410 2820 3564 2884 Sion,

1989 2917 2046 2961 et
2076 2908 2326 2976 populum
2356 2919 2644 2978 utrumque
2679 2909 3054 2980 coniungeret,
3102 2923 3222 2964 esse
3273 2909 3561 2964 Dominum

1993 2997 2354 3064 Salvatorem,
2387 3017 2507 3056 esse
2535 3001 2729 3056 Filium
2773 3003 2889 3067 Dei,
2923 3018 3028 3057 non
3060 3001 3380 3072 agnovistis.
3408 3002 3564 3057 llunc

1991 3107 2087 3147 vos
2137 3093 2495 3162 reprobastis,
2527 3093 2858 3147 aedificantes
2886 3093 3155 3161 quondam
3190 3093 3563 3161 congregatio-

1912 3161 1953 3216 (ἶ
1996 3201 2114 3237 nem
2151 3161 2384 3249 Domini,
2417 3197 2472 3239 et
2527 3185 2712 3252 templi
2747 3183 2838 3236 Dei
2871 3184 3128 3253 mysteria
3161 3180 3561 3238 custodientes:

1993 3279 2080 3346 qui
2112 3277 2430 3344 reprobatus
2452 3293 2480 3330 a
2515 3277 2691 3341 vobis,
2723 3276 2899 3330 fat-tus
2935 3286 3014 3329 est
3062 3275 3114 3328 iu
3148 3282 3308 3342 caput
3334 3272 3516 3342 anguli
3546 3288 3563 3328 :

1993 3381 2044 3424 et
2071 3373 2294 3438 primam
2331 3371 2622 3425 Ecclesiam
2647 3370 2714 3426 de
2761 3368 3068 3423 Iudaeorum
3106 3367 3302 3436 populo
3336 3380 3564 3435 congre-

1991 3472 2192 3530 gatam,
2225 3472 2279 3518 et
2311 3462 2597 3518 credentes
2623 3476 2685 3515 ex
2725 3461 3037 3514 nationibus
3063 3460 3116 3514 in
3151 3475 3312 3512 unum
3345 3471 3558 3528 gregem

1991 3563 2045 3606 et
2071 3553 2428 3607 ministerium
2450 3553 2750 3607 ftederavit.
2770 3553 2812 3604 A
2843 3551 3065 3604 Domino
3083 3551 3280 3618 factum
3302 3558 3376 3602 est
3399 3545 3561 3601 illud:

1990 3645 2086 3696 hoc
2117 3653 2194 3698 est
2227 3645 2469 3701 mirabile
2497 3647 2552 3698 in
2586 3643 2753 3697 oculis
2815 3644 3008 3696 nostris
3031 3658 3049 3695 .'
3080 3652 3136 3694 ut
3167 3654 3264 3693 nos
3291 3639 3382 3708 qui
3435 3648 3562 3696 ante

1992 3734 2294 3801 passionem
2325 3732 2535 3786 Domini
2569 3734 2685 3790 sine
2716 3741 3041 3784 testamento
3071 3743 3293 3784 eramus
3319 3727 3557 3795 exlegcs,

1991 3828 2380 3896 adoptaremur
2422 3824 2474 3877 in
2508 3824 2647 3876 filios
2675 3823 2765 3876 Dei
2793 3838 2808 3876 :
2840 3832 2889 3876 et
2915 3821 3080 3889 priori
3121 3819 3339 3888 cingulo
3378 3829 3560 3886 putre.

1989 3926 2196 3981 scente,
2229 3917 2376 3972 aliud
2407 3915 2509 3970 sibi
2555 3915 2693 3969 Deus
2726 3914 2970 3968 lumbare
3024 3920 3364 3973 contexeret,
3392 3910 3556 3964 alium

1990 4007 2240 4076 populum
2263 4015 2612 4076 praepararet.

2061 4100 2138 4154 Ill.
2180 4099 2283 4154 Vos
2306 4114 2455 4168 ergo,
2483 4096 2676 4162 Judaei,
2695 4097 2908 4152 habetis
2929 4096 3289 4166 Scripturam,
3313 4112 3408 4151 vos
3430 4095 3559 4166 legi-

1991 4193 2060 4246 tis
2090 4193 2278 4257 libros,
2311 4201 2364 4246 et
2398 4191 2574 4246 uosin
2629 4197 2755 4246 eum
2811 4191 2898 4259 qui
2951 4193 3003 4244 in
3063 4191 3141 4245 eis
3198 4191 3430 4258 scriptus
3477 4200 3559 4243 est

1989 4283 2168 4348 libris,
2201 4285 2380 4353 ipsum
2416 4286 2724 4348 adorantes,
2761 4284 3051 4338 credimus.
3090 4282 3196 4337 Vos
3243 4284 3438 4336 tenetis
3466 4298 3558 4351 pa-

1991 4377 2163 4440 ginas,
2229 4389 2326 4430 nos
2380 4389 2600 4430 sensum
2657 4369 2994 4444 paginarum.
3058 4373 3163 4428 Vos
3223 4374 3559 4440 complicatis

311 4479 476 4522 lalllls
507 4468 814 4523 muneribus
848 4467 1063 4536 pictatis
1099 4469 1272 4522 Patris
1317 4469 1406 4538 qni
1451 4467 1592 4523 Filio
1633 4487 1730 4523 suo
1782 4486 1881 4524 non
1907 4493 1962 4554 Β
1995 4467 2338 4531 membranas
2359 4466 2674 4519 animalium
2705 4475 3057 4528 mortuorum,
3088 4480 3186 4520 nos
3218 4466 3558 4532 possidemus

306 4562 557 4628 pepercit,
590 4563 681 4614 sed
706 4577 799 4629 pro
825 4563 970 4614 nobis
995 4561 1236 4614 omnibus
1267 4562 1488 4615 tradidit
1525 4562 1675 4614 illum
1709 4561 1878 4622 (Rom.

305 4671 427 4716 viil,
459 4655 573 4723 32),
616 4670 644 4706 a
673 4653 1011 4707 confessione
1063 4653 1340 4718 incipitur.
1399 4655 1660 4718 Quoniam
1701 4656 1882 4720 bonus,

304 4749 559 4817 quoniam
599 4747 651 4800 in
690 4747 943 4801 iaculum
995 4747 1355 4804 misericordia
1398 4748 1530 4818 eius.
1563 4749 1694 4814 Quis
1741 4750 1883 4802 enim

307 4847 556 4891 nostrum
585 4838 781 4906 poterit
812 4853 934 4897 esse
963 4840 1320 4893 considerans
1345 4854 1407 4893 ca
1438 4857 1554 4908 quae
1588 4842 1640 4894 in
1664 4857 1728 4895 eo
1751 4857 1885 4910 quo-

305 4930 440 4982 tidie
476 4929 756 4981 exsultans
789 4930 936 4980 canit
975 4927 1216 4984 Ecclesia
1251 4947 1266 4982 :
1303 4931 1406 4984 hoc
1438 4940 1543 4993 est,
1573 4931 1880 5000 passionem

308 5019 856 5074 DomintSalratoris
917 5019 1374 5074 resurrectionem
1434 5021 1551 5076 sive
1605 5025 1883 5078 ascmsio-

305 5125 428 5162 nem
471 5125 487 5166 ;
521 5119 574 5161 et
603 5125 706 5162 non
739 5111 908 5178 magis
930 5121 1180 5180 erumpat
1205 5112 1254 5163 in
1281 5126 1488 5178 vocem,
1521 5127 1742 5182 compos
1771 5113 1878 5188 [ΑΙ.

303 5202 559 5273 mnsors]
587 5205 804 5257 illorum
839 5204 1188 5274 parvulorum
1220 5204 1466 5272 effectus,
1499 5206 1724 5260 Domino
1757 5224 1877 5262 cum

302 5295 472 5346 ramis
507 5303 561 5346 ct
587 5293 779 5360 palmis
799 5295 1206 5359 essultantiuin,
1247 5294 1290 5350 0
1325 5295 1565 5360 Domine,
1591 5299 1760 5350 saltos
1784 5315 1878 5350 nos

301 5387 412 5450 fac,
457 5401 487 5437 o
519 5385 761 5447 Domne,
801 5387 924 5439 bene
945 5403 1276 5454 prosperare.
1316 5386 1467 5442 Unde
1497 5397 1548 5441 et
1570 5390 1682 5456 ipse
1707 5390 1878 5442 vietor

303 5495 332 5526 ει
361 5483 371 5523 t
399 5475 608 5528 Patrem
635 5478 931 5530 ascendens
959 5477 1187 5542 imperat
1235 5479 1457 5544 angelis,
1484 5479 1667 5532 dicens
1698 5495 1712 5530 :
1743 5481 1782 5531 .4
1824 5498 1875 5531 e-

303 5571 406 5619 rite
436 5567 760 5632 miltiportas
796 5570 1070 5633 justitiic:
1128 5570 1392 5636 ingressus
1449 5572 1500 5622 in
1539 5587 1648 5638 eas,
1711 5574 1874 5639 con/i-

299 5663 450 5711 tc’bor
486 5660 730 5712 Domino.
771 5660 859 5713 Ila:
884 5651 1017 5714 sunt
1054 5671 1240 5728 porte,
1273 5665 1336 5714 de
1365 5663 1563 5730 quibus
1598 5666 1648 5718 in
1678 5667 1862 5720 vicesi-

301 5771 390 5808 mo
425 5752 586 5807 tertio
609 5753 816 5821 psalmo
844 5755 983 5807 inter
1015 5770 1072 5809 se
1104 5755 1330 5808 invicuu
1368 5758 1536 5826 angeli
1574 5757 1867 5828 loqueban-

1994 4558 2242 4624 Spiritum
2274 4554 2654 4612 viviﬁcantem.
2688 4555 2826 4622 Quid
2858 4558 3158 4611 mirabilius
3210 4568 3385 4627 potest
3437 4574 3560 4612 esse

1993 4649 2295 4704 istiusmodi
2354 4649 2737 4703 sacramento?
2783 4649 2921 4714 Quid
2962 4651 3064 4702 hac
3107 4650 3194 4703 die
3235 4649 3462 4713 felicius,
3503 4651 3556 4704 in

1992 4759 2095 4810 qua
2139 4740 2402 4795 Dominus
2431 4741 2632 4796 .Ind:eis
2665 4752 2909 4794 mortuus
2939 4749 3040 4804 est,
3077 4739 3232 4794 nobis
3283 4740 3562 4794 surrexit?

1991 4835 2168 4905 inqua
2190 4833 2487 4906 Synagogaa
2515 4836 2691 4888 cultus
2720 4837 2993 4898 occubuit,
3023 4841 3076 4886 et
3097 4845 3182 4888 est
3208 4846 3358 4888 ortus
3379 4835 3562 4888 Eccle-

1989 4930 2082 4982 sizc
2114 4945 2128 4980 :
2163 4928 2214 4980 in
2269 4943 2373 4994 qua
2409 4942 2506 4981 nos
2563 4927 2808 4980 homines
2861 4928 2987 4981 fecit
3016 4943 3196 4982 secum
3227 4943 3471 4997 Surgere,
3506 4938 3556 4980 et

1991 5023 2192 5080 vivere,
2229 5031 2280 5074 et
2313 5023 2501 5074 sedere
2536 5021 2588 5072 in
2644 5023 2975 5074 cmlestilms.
3029 5020 3094 5073 Et
3142 5021 3416 5086 impletum
3477 5027 3561 5072 est

1990 5113 2119 5166 illu-I
2155 5112 2296 5180 quod
2333 5113 2444 5181 ipse
2489 5111 2625 5164 dixit
2684 5112 2735 5164 iu
2797 5111 3131 5182 Evangelia:
3191 5113 3324 5166 Cum
3381 5124 3555 5167 autent

1985 5205 2246 5257 excitatus
2281 5204 2430 5273 fuero
2457 5221 2489 5256 a
2517 5215 2677 5268 terra,
2708 5207 2883 5257 omnia
2915 5205 3121 5258 trahant
3157 5207 3226 5258 ad
3256 5222 3336 5258 tne
3371 5207 3552 5277 (Joan.

1986 5313 2085 5360 xu,
2123 5297 2232 5365 '52).
2263 5295 2388 5350 Ilaec
2421 5306 2502 5350 est
2523 5297 2639 5349 dies
2666 5312 2825 5366 qnam
2859 5297 2982 5351 fecit
3013 5298 3286 5360 Dominus,
3319 5300 3559 5354 exsulte-

1987 5405 2106 5442 mus
2136 5401 2188 5442 et
2221 5389 2463 5442 laetemur
2496 5394 2546 5440 in
2568 5404 2654 5442 ea.
2681 5389 2878 5443 Omnes
2903 5391 3019 5443 dies
3047 5390 3260 5457 quidem
3291 5391 3420 5444 fecit
3452 5391 3560 5444 Do-

1985 5487 2181 5548 minus,
2213 5482 2305 5534 sed
2332 5483 2510 5535 caeteri
2543 5483 2659 5535 dies
2681 5495 2902 5550 possunt
2933 5497 3052 5536 esse
3073 5482 3404 5551 Iudaeorum,
3439 5501 3559 5554 pos-

1982 5587 2098 5626 sunt
2133 5588 2252 5625 esse
2291 5574 2690 5636 haereticorum,
2722 5584 2946 5640 possunt
2976 5589 3094 5626 esse
3113 5577 3414 5643 gentilium.

2055 5663 2137 5715 IV.
2175 5663 2297 5716 D.cs
2327 5661 2601 5714 Dominica
2639 5665 2753 5715 lIiCS
2792 5665 3228 5726 resurrectionis,
3251 5666 3365 5720 dies
3400 5667 3559 5722 Chri-

1980 5761 2301 5818 s-ianurntn,
2335 5758 2447 5811 dics
2487 5768 2666 5810 nostra
2700 5766 2800 5809 cst.
2845 5755 2992 5811 Unde
3020 5770 3071 5811 et
3110 5760 3384 5817 Dominica
3415 5766 3554 5828 ilict-
