4012 6188
471 339 576 400 219

1419 338 1478 398 S.
1519 341 1966 402 HiEHONY-Ml
2013 345 2332 405 OPEltUM
2379 346 2780 406 MANTISSA.

3623 346 3730 412 230

473 460 599 506 tur:
632 450 754 520 quia
783 450 836 504 in
871 466 929 505 ea
966 451 1226 505 Dominus
1260 451 1430 506 victor
1452 457 1696 510 ascendit
1722 460 1784 510 ad
1812 458 2050 514 Patrem.
2087 469 2125 522 Α
2161 472 2400 517 montem
2437 459 2654 528 Oliveti,
2683 471 2737 516 et
2767 462 3002 529 amplius
3033 461 3214 517 sonitu
3242 462 3552 526 audiuntur,
3586 480 3733 518 rom-

469 543 620 606 Quod
650 544 693 597 si
723 558 751 595 a
784 543 1072 613 gentilibus
1103 544 1219 598 dies
1249 546 1379 599 solis
1408 557 1655 612 vocatur,
1682 557 1736 603 et
1799 551 1900 604 hoc
1953 569 2049 606 nos

469 633 830 689 lilientiSsitnc
861 635 1206 690 conﬁtemur.
1241 634 1408 690 liodie
1436 639 1578 691 enim
1614 640 1696 692 lus
1725 657 1850 695 mou
1876 641 1908 695 Pi
1934 654 2047 695 orta

467 740 569 781 est.
609 728 768 779 hodie.
796 727 885 781 Sol
906 727 1132 796 justitia:
1160 741 1312 784 ortus
1341 740 1442 789 est.
1483 732 1534 783 in
1561 732 1716 800 cujus
1747 735 1935 802 pennis
1969 745 2051 787 est

466 817 689 870 sanitas.
727 817 1001 885 Numquid
1045 819 1126 872 sol
1183 836 1386 888 pennas
1413 821 1626 875 habet?
1669 821 2050 892 Respondaant

465 907 739 979 .ludaeiuet
765 910 855 978 qui
884 920 1093 963 tantum
1129 911 1430 967 secundum
1470 915 1680 970 litteras
1729 915 2048 984 Scripturas

468 999 771 1069 intelligunt
801 1000 1006 1054 similes
1034 1000 1365 1056 Jud:eornm.
1407 1003 1519 1059 Nos
1579 1015 1758 1060 autem
1791 1007 2043 1069 dicimus.

463 1090 777 1160 quicunque
817 1090 916 1145 sub
957 1091 1058 1146 alis
1095 1093 1249 1146 istius
1277 1094 1406 1148 solis
1435 1093 1621 1156 fuerit,
1667 1097 1758 1166 qui
1810 1098 1948 1153 dixit
1991 1098 2044 1153 in

463 1182 800 1252 Evangelia:
842 1184 1059 1248 Quoties
1124 1188 1263 1240 volui
1331 1204 1648 1256 congregare
1705 1191 1844 1258 ﬁlios
1907 1202 2042 1256 tuos,

461 1275 616 1342 quasi
641 1274 841 1343 gallina
871 1277 1043 1342 pullos
1070 1294 1193 1330 suos
1219 1281 1313 1332 sub
1342 1279 1478 1342 alas,
1505 1291 1558 1334 et
1580 1282 1797 1336 noluisti
1825 1282 2039 1348 (Matth.

464 1380 616 1427 χχιιι,
650 1365 777 1434 37)!
819 1367 919 1422 iste
955 1383 1182 1424 securus
1220 1372 1328 1424 erit
1363 1373 1430 1424 ab
1481 1373 1739 1441 accipitre
1800 1375 2040 1439 diabolo,

459 1459 526 1508 ab
548 1457 744 1526 aquilis
772 1459 1080 1516 volantibus
1110 1461 1166 1515 in
1198 1462 1506 1531 Ezechiele,
1539 1477 1592 1518 et
1625 1470 1807 1520 omnia
1849 1483 2042 1536 pecca-

462 1561 636 1604 torum
667 1551 786 1621 ejus
816 1553 1038 1607 vulnera
1072 1558 1431 1612 sanabuntur.

531 1644 595 1699 V.
634 1643 703 1698 Ut
729 1655 909 1700 autem
939 1648 1146 1714 sciatis,
1206 1649 1403 1706 fratres
1454 1653 1583 1718 mei,
1640 1659 1784 1726 quod
1825 1661 2040 1729 proprie

459 1737 696 1803 psalmus
727 1738 829 1794 iste
857 1742 922 1793 de
951 1741 1180 1797 Domino
1216 1747 1448 1813 scriptus
1480 1755 1598 1806 est:
1627 1760 1680 1803 et
1707 1751 1758 1805 in
1795 1751 2038 1824 Evange-

459 1830 532 1883 lio
560 1833 710 1899 pueri
749 1833 887 1887 sicut
916 1838 1288 1900 meminimus.
1321 1840 1409 1906 qui
1468 1840 1706 1897 intrante
1764 1843 2040 1918 Jerosoly-

461 1937 602 1974 mam
629 1923 908 1979 Salvatore
943 1928 1145 1994 palmas
1177 1929 1437 1990 levantes.
1467 1933 1837 1988 clamaverunt
1875 1949 2041 2006 atque

458 2014 713 2068 dixerunt
745 2033 759 2068 :
796 2016 1053 2071 "osanna
1085 2023 1136 2071 in
1167 2021 1406 2084 excelsis,
1440 2023 1738 2078 benedictus
1788 2030 1877 2096 qui
1901 2031 2038 2084 venit

453 2107 508 2158 in
537 2108 742 2161 nomine
773 2109 1004 2174 Domini,
1045 2109 1296 2166 Hosanna
1321 2115 1373 2166 in
1405 2116 1623 2169 excelsis
1657 2119 1848 2184 (Marc.
1881 2140 1952 2186 si,
1979 2124 2033 2189 9,

458 2198 682 2262 l0):de
725 2209 1024 2257 centesimo
1083 2206 1299 2260 decimo
1347 2210 1582 2276 so'plitno
1638 2213 1843 2278 psalmo
1903 2216 2036 2272 istos

457 2294 749 2348 versiculos
777 2309 1184 2362 assumpserunt
1211 2319 1223 2352 :
1263 2298 1307 2353 0
1332 2300 1570 2368 Domine,
1588 2305 1790 2360 salvum
1815 2324 1895 2361 nte
1927 2310 2034 2378 fac.

453 2384 508 2438 ln
544 2386 767 2442 ilehrzeo
801 2391 1081 2452 scribitur,
1139 2409 1387 2448 nasutus.
1461 2396 1614 2452 Unde
1640 2410 1692 2451 et
1719 2397 1888 2455 Jndtci
1930 2403 2033 2456 im-

454 2476 723 2542 patienter
762 2477 997 2533 ferentes
1049 2482 1236 2535 volunt
1291 2485 1578 2551 prohibere
1627 2491 1928 2554 parvulos:
1967 2495 2035 2547 de

455 2571 652 2635 quibus
677 2571 730 2624 in
772 2572 910 2626 lsaia
968 2572 1286 2642 loquebatur
1342 2575 1602 2632 Dominus
1641 2597 1654 2634 :
1697 2581 1828 2635 Ecce
1859 2602 1950 2652 ego
1985 2598 2030 2638 et

449 2664 600 2728 pueri
632 2665 732 2716 mei
757 2680 885 2734 quos
920 2667 1048 2718 nti/ti
1097 2666 1238 2720 dedit
1291 2669 1546 2725 Dominus
1571 2675 1705 2741 (Isa.
1737 2691 1855 2737 vm,
1921 2677 2027 2746 18).

451 2752 781 2812 Tacentibus
811 2758 952 2811 enim
983 2759 1202 2813 senibus
1236 2769 1290 2815 et
1329 2762 1543 2818 invidia:
1589 2765 1762 2819 livore
1814 2770 2028 2821 crucia-

453 2854 544 2912 tls,
571 2851 778 2918 parvuli
806 2852 1062 2918 clamant,
1093 2864 1142 2906 et
1186 2853 1463 2909 Christtun
1511 2858 1722 2927 parvuli
1764 2859 2028 2914 conﬁten-

453 2940 746 3008 tur.,Quod
776 2942 819 2996 si
855 2953 908 2998 et
936 2945 1009 2998 illi
1045 2945 1364 3013 tacuissent,
1389 2947 1587 3014 lapides
1613 2949 1801 3019 utique
1829 2952 2029 3005 clama-

451 3045 594 3098 rent,
622 3036 672 3090 id
695 3046 797 3095 est.
832 3037 1112 3107 gentilium
1144 3041 1372 3109 p0pulus
1409 3057 1423 3094 τ
1454 3043 1520 3095 de
1546 3044 1821 3110 quibusin
1853 3043 2027 3098 Evan-

2158 557 2440 626 probatur.

2201 647 2300 701 .ll.
2335 647 2455 699 [tuo
2486 661 2685 714 genera
2714 645 2904 713 organi
2943 659 2970 696 a
3003 643 3278 715 plerisque
3305 658 3427 698 esse
3454 644 3727 702 dicuntur.

2155 737 2392 791 Primum
2427 751 2531 802 est,
2585 739 2729 808 quod
2788 737 3164 806 praediximus.
3221 743 3276 790 et
3307 735 3452 790 aliud
3477 737 3623 804 quod
3658 738 3730 792 de

2153 831 2592 899 peregrinatione
2646 828 2926 883 lsraelitici
2967 829 3145 898 populi
3209 832 3350 898 apud
3407 829 3728 900 Babylonios

2152 921 2487 975 inscribitur:
2512 920 2682 990 Super
2702 914 2926 991 [lumina
2948 921 3232 991 Babylonis
3254 915 3480 990 (Psalm'.
3506 937 3726 986 exuri,

2153 1015 2226 1084 ι),
2257 1023 2308 1068 et
2337 1024 2554 1070 caetera.
2595 1014 2705 1070 l-loc
2741 1025 2914 1068 totum
2943 1013 3248 1084 ﬁguraliter
3278 1029 3342 1068 ac
3374 1014 3727 1082 spiritualiter

2153 1107 2422 1178 signiﬁcat
2457 1106 2810 1179 Evangelium
2843 1107 3066 1172 Christi,
3095 1108 3238 1177 quod
3271 1117 3322 1160 et
3353 1106 3482 1161 illud
3515 1108 3726 1160 duabus

2149 1201 2400 1270 pellibus,
2428 1201 2480 1255 id
2520 1212 2627 1265 est,
2655 1201 2885 1255 duarum
2911 1201 3089 1269 legum
3129 1201 3421 1268 asperitate
3441 1201 3727 1268 conjungi‘

2148 1302 2235 1347 tur
2267 1308 2364 1362 per
2392 1293 2701 1362 quindecim
2737 1292 3036 1348 suiﬂaloria
3062 1291 3357 1355 fabrorum,
3409 1291 3460 1344 id
3493 1301 3598 1353 est,
3629 1306 3725 1357 per

2147 1386 2492 1454 patriarchas
2537 1401 2602 1440 ac
2648 1386 2984 1455 prophetas:
3027 1400 3123 1455 per
3175 1383 3456 1438 duodecim
3514 1382 3722 1436 cicutas

2144 1493 2340 1542 aereas,
2373 1478 2427 1532 id
2462 1486 2564 1542 est,
2593 1492 2693 1548 per
2720 1476 2995 1544 apostolos
3018 1490 3210 1530 sonum
3245 1475 3470 1528 nimium
3499 1474 3720 1535 emittit,

2145 1572 2284 1627 sicut
2315 1573 2579 1642 scriptum
2611 1580 2730 1627 est:
2799 1570 2862 1624 In
2914 1585 3114 1624 onmem
3141 1581 3334 1622 terram
3365 1568 3525 1622 exivit
3559 1581 3721 1621 sonus

2142 1679 2323 1716 rarum
2351 1662 2580 1732 (Psalm.
2620 1678 2774 1726 xvut,
2815 1662 2893 1731 5),
2926 1668 2982 1716 et
3035 1660 3241 1729 rellqna
3306 1657 3459 1724 Quod
3516 1667 3604 1712 est
3665 1659 3717 1710 in

2145 1755 2364 1808 modum
2394 1755 2644 1818 Ionitrui,
2682 1753 2735 1808 id
2768 1763 2870 1818 est,
2906 1767 3004 1807 vos
3044 1750 3318 1819 Evangelii
3361 1751 3415 1806 in
3448 1751 3562 1803 toto
3590 1749 3721 1803 orbe

2145 1859 2436 1911 terrarum,
2467 1847 2614 1900 sicut
2673 1847 3090 1912 scriptnmest:
3170 1844 3279 1894 Vox
3345 1843 3567 1895 tonitrui
3615 1845 3717 1908 tui,

2145 1936 2305 2000 Deus,
2349 1938 2402 1990 in
2437 1948 2550 1990 rota
2583 1936 2814 2004 (Psalm.
2857 1949 3036 1999 Lxxvt,
3073 1931 3191 2001 19).
3250 1930 3352 1985 Per
3410 1930 3556 1984 mille
3592 1946 3718 2000 pas-

2142 2050 2256 2095 sus,
2287 2034 2336 2086 id
2367 2045 2449 2086 est
2479 2031 2772 2101 perfectum
2808 2044 3090 2082 numerum
3144 2025 3357 2090 decem,
3425 2025 3714 2090 verborum

2141 2125 2276 2191 legis
2309 2124 2560 2193 impletur
2587 2140 2602 2179 :
2637 2138 2800 2177 sonus
2838 2119 2947 2192 [AL
2977 2116 3186 2188 sensus]
3207 2117 3321 2187 ejus
3357 2118 3410 2170 in
3440 2115 3713 2176 salicibus,

2141 2217 2192 2271 id
2225 2227 2331 2278 est,
2357 2231 2451 2284 per
2480 2217 2716 2271 laborem
2743 2213 3161 2282 uniuscujusque
3185 2208 3424 2266 doctoris
3450 2209 3713 2262 labiorunt

2140 2307 2492 2376 Evangelium
2528 2309 2876 2377 prtedicatur.

2208 2399 2299 2454 lll.
2333 2401 2480 2454 Tuba
2508 2404 2710 2470 itaque,
2742 2401 2808 2453 de
2835 2415 2938 2468 qua
2976 2399 3029 2452 in
3055 2396 3274 2451 Daniele
3306 2395 3570 2465 scriptum
3603 2403 3711 2455 est,

2136 2491 2268 2546 Cum
2299 2494 2583 2546 audieritis
2622 2509 2796 2546 vocem
2845 2493 3004 2554 tubte,
3033 2488 3251 2558 ﬁstula,
3281 2487 3497 2542 cithara:
3549 2485 3707 2556 (Dan.

2138 2603 2218 2650 tu,
2262 2586 2371 2650 15),
2409 2596 2462 2639 ει
2495 2585 2723 2653 reliqua,
2763 2584 2995 2638 diversis
3020 2583 3202 2649 figuris
3234 2597 3297 2636 ac
3321 2580 3512 2648 formis
3545 2577 3711 2632 elﬁci-

2137 2685 2244 2729 tur.
2288 2677 2458 2730 Aliter
2509 2676 2653 2730 enim
2699 2681 2786 2730 est
2839 2677 2964 2730 tuba
3007 2673 3447 2745 congregationis
3502 2670 3704 2739 populi,

2133 2769 2290 2824 aliter
2321 2767 2726 2832 conductionis,
2791 2767 2951 2822 aliter
3002 2767 3262 2830 victoriae,
3316 2765 3470 2818 aliter
3519 2777 3704 2832 perse-

2131 2863 2331 2931 quendi
2363 2861 2634 2926 inimicos,
2683 2861 2840 2915 aliter
2870 2858 3244 2914 concuss-iouis
3299 2857 3578 2911 civitatmu
3611 2872 3625 2908 :
3655 2865 3707 2908 et

2133 2956 2366 3024 reliqua.
2421 2954 2572 3008 Tuba
2631 2963 2810 3007 autem
2863 2950 3273 3007 consuetudinis
3327 2951 3466 3018 apud
3525 2964 3705 3006 rerum

2131 3048 2494 3117 peritissimos
2531 3046 2631 3100 hoc.
2660 3044 2819 3098 modo
2856 3043 3217 3110 intelligitur:
3278 3042 3452 3095 tribus
3516 3039 3707 3095 ﬁstulis

448 3127 588 3195 gelio
615 3128 876 3197 scriptum
903 3139 986 3183 est
1017 3147 1032 3184 :
1067 3133 1261 3184 Potens
1292 3144 1366 3186 est
1397 3133 1652 3188 Dominus
1677 3137 1740 3189 de
1764 3135 2024 3205 lapidibus
2051 3152 2096 3210 α
2129 3139 2287 3194 areis
2317 3138 2370 3191 in
2395 3137 2576 3207 capite
2615 3144 2844 3205 angusto
2898 3133 3214 3202 inspiratur.
3273 3133 3330 3188 in
3385 3133 3562 3202 capite
3611 3148 3706 3202 per

448 3220 563 3274 istis
599 3223 854 3274 suscitare
884 3221 1024 3289 ﬁlios
1051 3223 1278 3279 Abraltat
1306 3224 1524 3292 (Matth.
1555 3241 1631 3286 ιιι.
1666 3225 1718 3295 9)
1751 3243 1768 3284 :
1799 3243 1894 3280 nos
1950 3229 2026 3282 si-

448 3311 713 3381 gniﬁcans
745 3316 837 3382 qui
897 3313 1036 3368 duro
1091 3320 1364 3384 quondam
1429 3320 1595 3372 corde
1649 3319 1895 3374 fuimus:
1933 3323 2026 3374 sed

451 3419 593 3458 nunc
623 3406 908 3459 credentes
941 3405 990 3458 in
1027 3406 1245 3460 Christo
1275 3407 1403 3462 J--su
1463 3410 1515 3462 in
1572 3410 1710 3463 ﬁlios
1753 3410 2025 3465 Abraham

448 3495 561 3569 [ΑΙ.
595 3508 730 3552 tacet
755 3499 807 3552 in
836 3499 974 3554 ﬁlios
1001 3501 1319 3573 Abraham],
1377 3504 1430 3556 in
1465 3504 1598 3556 ﬁlios
1633 3503 1726 3557 Dei
1783 3505 2027 3573 omnipo-

447 3591 636 3654 tentis,
665 3593 901 3660 adoptati
940 3609 1127 3649 sumus
1191 3612 1284 3663 per
1354 3596 1527 3661 ipsum
1587 3595 2024 3653 Dominumzcui

444 3685 716 3754 estgloria
753 3685 804 3738 in
835 3687 1028 3739 saecula
1090 3686 1433 3740 saeculorum.
1476 3689 1669 3744 Amen.

549 3797 871 3854 MONITUM
935 3800 1004 3854 lN
1040 3798 1430 3855 EPISTULA.“
1469 3802 1914 3868 SEQUENTE“.

518 3912 782 3985 Erasmus
820 3914 897 3968 ait
930 3932 942 3966 :
977 3914 1086 3966 lloc
1138 3915 1280 3969 haud
1305 3915 1421 3970 scio
1443 3916 1595 3982 cujus
1633 3916 2020 3985 fragmentum,

449 3983 535 4034 \ix
572 3983 791 4050 dignum
835 3994 917 4037 est
945 3987 1024 4037 vri
1075 3988 1176 4039 hoc
1237 3987 1447 4040 Ordine.
1492 3983 1741 4041 Talttuut—
1761 3989 1916 4043 abest
1964 4002 2022 4044 ut

445 4050 778 4122 Hieronymo
817 4055 890 4108 sit
945 4056 1313 4108 tribuendum.

945 4167 1290 4224 Ei’lS'l‘OLA
1342 4168 1530 4226 ΧΧΗΙ.

1031 4295 1096 4335 ΑΙ)
1130 4295 1438 4336 βληωιιιπιι.

728 4393 800 4447 De
832 4393 1049 4446 diversis
1073 4395 1348 4464 generibus
1399 4397 1736 4454 musicorum.

2131 3239 2363 3301 quatuor
2388 3228 2707 3283 vociductus
2741 3241 2931 3292 aereos,
2988 3227 3078 3298 qui
3143 3241 3240 3292 per
3267 3240 3468 3280 meum
3522 3226 3708 3278 funda-

2132 3333 2370 3375 mentum
2395 3327 2692 3388 quaternas
2725 3333 2888 3373 voces
2932 3317 3260 3386 producunt,
3313 3317 3570 3387 mugitum
3624 3316 3704 3372 ni-

2131 3411 2296 3465 minrn
2329 3409 2974 3478 vehementissimomque
3001 3407 3226 3476 profert.
3251 3407 3326 3462 Ita
3357 3407 3702 3475 Evangelium

2129 3510 2280 3557 terna
2313 3499 2655 3556 confessione
2689 3501 2852 3554 trium
2887 3513 3246 3569 personarum
3294 3509 3494 3554 sanch
3523 3497 3700 3552 Trini-

2129 3594 2331 3648 tatisin
2373 3592 2546 3659 capite
2605 3600 2857 3657 angusto,
2890 3590 2941 3644 id
2997 3602 3081 3644 est
3143 3592 3196 3643 in
3235 3590 3514 3675 nativjtate
3543 3590 3704 3643 Chri—

2127 3683 2222 3746 sti,
2260 3682 2541 3736 divinitate
2597 3679 2932 3750 iuSpiratur:
2967 3690 3018 3733 et
3074 3695 3168 3748 per
3226 3693 3458 3748 quatuor
3492 3683 3702 3734 vocidu-

2127 3784 2270 3838 ctus,
2328 3774 2379 3829 id
2434 3782 2520 3828 est
2574 3784 2812 3841 quatuor
2866 3771 3260 3842 Evangelistas,
3315 3789 3409 3841 per
3459 3789 3746 3847 cretuum‘

2130 3866 2542 3920 fundamentum
2581 3865 2936 3918 stabilitatem
2971 3865 3092 3918 ﬁdei
3139 3875 3193 3918 et
3246 3879 3468 3933 operum
3502 3865 3555 3918 in
3589 3875 3703 3920 toto

2126 3960 2256 4012 orbe
2292 3973 2420 4013 voce
2476 3957 2643 4011 nitnia
2693 3957 2989 4020 clamores,
3026 3973 3163 4026 quos
3198 3958 3250 4011 in
3308 3961 3524 4010 modmu
3559 3961 3703 4012 tuba:

2127 4046 2564 4117 congregationis
2597 4047 2813 4101 fortiter
2846 4048 3066 4102 emittit.

2199 4140 2289 4195 IV.
2324 4138 2527 4195 Fistula
2573 4151 2832 4210 praeterea
2877 4141 3011 4193 artis
3066 4155 3187 4194 esse
3243 4141 3502 4210 mysticae,
3560 4138 3703 4192 sicut

2127 4231 2340 4288 fusores
2414 4246 2603 4285 earum
2665 4247 2848 4285 rerum
2913 4231 3222 4296 affirmant,
3278 4232 3548 4301 reperitur
3603 4233 3697 4286 ita.

2126 4325 2445 4378 Bombulum
2476 4340 2675 4378 aereum
2707 4325 2906 4378 ductile
2964 4325 3285 4394 quiadratum
3341 4323 3699 4378 latissimum-

2127 4432 2251 4484 que,
2285 4416 2441 4486 quasi
2484 4417 2536 4470 in
2589 4418 2804 4470 modum
2839 4432 3057 4470 coronae
3087 4433 3208 4470 cum
3268 4417 3493 4471 fisoculo
3557 4431 3699 4471 aereo

520 4509 563 4561 1.
600 4508 776 4578 Cogor
804 4525 832 4564 a
865 4521 938 4570 te,
969 4518 1025 4562 ut
1054 4507 1170 4573 tihi,
1207 4508 1479 4576 Dardano,
1510 4511 1574 4563 de
1626 4513 1894 4581 aliquibus
1926 4532 2018 4583 ge-
2046 4531 2098 4594 D
2129 4511 2412 4578 terr-eoque
2469 4511 2762 4562 commisto
2785 4548 2798 4572 ,
2842 4521 3006 4577 atque
3054 4509 3108 4561 in
3177 4508 3354 4564 medio
3409 4523 3697 4573 concusso,
3731 4535 3740 4542 -

446 4605 670 4657 neu-ibus
705 4603 1055 4663 tnitsicorum,
1089 4602 1230 4656 si-nt
1287 4611 1372 4657 res
1425 4603 1606 4667 docet,
1646 4605 1725 4658 vel
1791 4606 2014 4672 visione,

447 4697 528 4749 t-i-l
558 4697 742 4748 auditu
775 4695 922 4750 brevi
977 4711 1233 4750 sermone
1291 4699 1665 4766 respondeam.
1696 4698 1812 4752 Alia
1874 4701 2016 4753 enim

442 4792 512 4849 ad
545 4789 780 4842 lucidmn
815 4787 1059 4856 proferre
1087 4804 1191 4840 non
1218 4803 1432 4856 possum
1460 4807 1473 4843 :
1529 4792 1655 4857 quia
1687 4805 2020 4860 ttuaqua‘quc

451 4895 538 4934 res
575 4879 871 4931 secundum
908 4878 1180 4947 ingenium
1205 4877 1325 4947 ejus
1359 4889 1441 4933 est
1470 4889 1488 4931 :
1528 4896 1646 4948 quae
1679 4891 1859 4934 autem
1892 4897 2019 4952 pos-

444 4982 570 5031 5ntll
595 4970 859 5032 enarrari,
895 4969 1124 5023 libenter
1151 4969 1589 5037 explicabuntur.
1625 4969 1863 5024 Primum
1905 4989 2019 5026 om-

445 5067 590 5116 nium
625 5063 691 5115 ad
732 5078 1013 5129 organum,
1055 5077 1119 5114 eo
1156 5061 1298 5127 quod
1331 5062 1506 5130 majus
1529 5077 1650 5115 esse
1691 5063 1774 5116 his
1831 5063 1882 5116 in
1933 5080 2019 5118 so-

445 5161 664 5217 nitu,et
699 5155 1015 5208 fortitudine
1066 5153 1230 5236 nim‘ia
1283 5163 1675 5221 computantur
1727 5153 2017 5216 clamores,

447 5252 678 5304 mnium.
717 5249 786 5300 De.
820 5246 1029 5301 duabus
1083 5247 1496 5316 elephantorum
1556 5245 1787 5313 pellibus
1817 5261 2018 5300 c0nca-

450 5358 574 5394 \'tlttl
617 5341 983 5410 coniungitur,
1017 5349 1070 5393 et
1115 5355 1210 5408 per
1237 5340 1545 5408 quindecim
1599 5339 1875 5392 fabrorum
1907 5339 2021 5392 suf—

448 5433 656 5485 llttoria
727 5433 1256 5502 Compt'ehcusatur:
1322 5446 1417 5498 per
1478 5431 1761 5484 duodecim
1816 5431 2021 5484 cicutas

449 5539 617 5576 aereas
648 5527 697 5576 in
731 5525 966 5579 sonitum
1001 5523 1248 5588 nimium,
1291 5537 1428 5591 quos
1457 5522 1509 5574 in
1538 5522 1767 5575 .tnodunt
1801 5523 2020 5574 lonitrni

449 5614 728 5670 cottcitat:
765 5627 820 5668 ut
851 5631 945 5684 per
985 5616 1129 5669 mille
1171 5630 1431 5682 passuum
1483 5613 1655 5682 Spatia
1710 5615 1827 5666 sine
1862 5615 2023 5666 dubio

451 5708 988 5776 scnsibiliteruuque
1032 5719 1086 5762 ct
1116 5709 1342 5774 amplius
1374 5708 1646 5769 audiatur,
1701 5707 1839 5761 sicut
1883 5708 2024 5774 apud

458 5800 715 5857 Hebraeos
747 5805 810 5857 de
847 5806 1064 5870 organis
1105 5820 1222 5874 qua:
1277 5805 1340 5858 ah
1368 5801 1688 5866 .lcrusal-.-m,
1755 5816 1924 5870 usque
1959 5802 2024 5854 ad

2125 4601 2268 4668 quod
2299 4599 2354 4654 in
2386 4599 2532 4669 ligno
2569 4601 2680 4654 alto
2711 4600 3065 4669 spatiosaque
3099 4600 3386 4656 formatum
3419 4601 3699 4670 superiore

2125 4693 2304 4760 capite
2332 4691 2762 4760 constringitur:
2792 4692 3023 4746 alterum
3054 4692 3225 4746 altero
3242 4692 3416 4756 capite
3438 4693 3697 4747 detnisso:

2124 4781 2217 4836 sed
2250 4793 2449 4837 terram
2486 4799 2592 4835 non
2632 4785 2773 4850 tangi
2815 4796 2842 4836 a
2879 4785 3156 4853 pleriSque
3205 4793 3446 4851 putatur,
3486 4795 3541 4839 et
3603 4800 3699 4855 per

2125 4876 2340 4946 singula
2373 4877 2542 4930 latera
2584 4876 2872 4930 duodecim
2921 4876 3171 4931 bomliula
3203 4892 3364 4942 aerea,
3387 4875 3692 4931 'duodecim

2127 4969 2320 5024 ﬁstulis
2357 4971 2410 5024 in
2444 4973 2618 5024 medio
2643 4970 2855 5039 pusitis,
2892 4970 2944 5021 in
2971 4980 3160 5022 catena
3199 4970 3318 5024 lixis
3367 4971 3695 5038 dependent.

2124 5064 2198 5118 lta
2238 5065 2335 5118 tria
2376 5065 2626 5119 bombula
2658 5064 2710 5116 in
2744 5078 2854 5117 uno
2883 5062 3048 5116 latere
3079 5077 3173 5130 per
3197 5063 3542 5116 circumitum
3590 5064 3696 5115 uti-

2124 5173 2228 5225 que
2257 5158 2511 5226 ﬁguntur,
2553 5167 2609 5212 et
2641 5158 2917 5210 concitato
2948 5155 3128 5225 primo
3159 5154 3434 5218 bombnlo,
3484 5166 3537 5210 et
3569 5172 3698 5210 cou-

2125 5251 2307 5303 citatis
2370 5249 2660 5303 duodecim
2713 5248 3092 5303 bomhulorum
3156 5248 3350 5302 fistulis
3405 5248 3457 5301 in
3520 5249 3696 5301 medio

2127 5339 2340 5409 positis,
2398 5339 2690 5393 clamorem
2732 5355 2980 5407 magnum
3043 5339 3420 5408 l’ragoremque
3471 5339 3694 5392 nimium

2125 5446 2290 5493 supra
2323 5431 2539 5484 modum
2566 5429 2733 5484 simul
2769 5429 3076 5510 proferunt.

2201 5523 2261 5579 V.
2298 5524 2620 5578 Bombuluut
2653 5524 2833 5590 itaque
2861 5540 2981 5577 cum
3017 5521 3231 5587 fislulis,
3284 5523 3333 5577 id
3364 5533 3469 5587 est,
3505 5527 3696 5579 dat-tor

2129 5618 2179 5670 iu
2216 5617 2392 5671 medio
2418 5616 2670 5670 Ecclesia:
2703 5625 2805 5680 est,
2838 5631 2958 5668 cum
3011 5614 3211 5683 Spiritu
3251 5629 3466 5671 sancto.
3495 5622 3582 5685 qui
3615 5619 3697 5671 lo-

2127 5710 2310 5777 quitur
2348 5709 2397 5761 in
2430 5725 2534 5762 eo:
2577 5711 2970 5777 constringitur
3002 5710 3054 5763 in
3116 5710 3262 5778 ligno
3314 5712 3422 5766 alto
3449 5751 3462 5772 ,
3501 5713 3550 5765 id
3610 5721 3696 5766 est

2127 5801 2370 5863 Christo,
2405 5802 2492 5868 qui
2529 5817 2558 5855 ει
2592 5801 2926 5870 sapientibus
2957 5804 3102 5871 ligno
3137 5803 3256 5858 \‘iltl!
3300 5812 3649 5872 comparatur
3678 5819 3695 5861 :
