  <div class='ocr_page' id='page_1' title='image "/cluster/home/n/w/nwhite01/storage/ocr_20150623/30/hvd.32044096580527/116.png"; bbox 0 0 4004 6192; ppageno 0'>
   <div class='ocr_carea' id='block_1_1' title="bbox 315 333 428 402">
    <p class='ocr_par' dir='ltr' id='par_1_1' title="bbox 315 333 428 402">
     <span class='ocr_line' id='line_1_1' title="bbox 315 333 428 402; baseline -0.027 0"><span class='ocrx_word' id='word_1_1' title='bbox 315 333 428 402; x_wconf 71' lang='lat'><strong>221</strong></span> 
     </span>
    </p>
   </div>
   <div class='ocr_carea' id='block_1_2' title="bbox 1035 329 2850 397">
    <p class='ocr_par' dir='ltr' id='par_1_2' title="bbox 1035 329 2850 397">
     <span class='ocr_line' id='line_1_2' title="bbox 1035 329 2850 397; baseline -0.002 -5"><span class='ocrx_word' id='word_1_2' title='bbox 1035 329 1400 392; x_wconf 63' lang='lat' dir='ltr'><strong>EPISTOIA</strong></span> <span class='ocrx_word' id='word_1_3' title='bbox 1439 331 1648 397; x_wconf 76' lang='lat' dir='ltr'><strong>XXIV.</strong></span> <span class='ocrx_word' id='word_1_4' title='bbox 1696 331 1792 390; x_wconf 88' lang='lat' dir='ltr'><strong>DE</strong></span> <span class='ocrx_word' id='word_1_5' title='bbox 1839 329 2498 392; x_wconf 70' lang='lat' dir='ltr'><strong>RE’SURREIITIONE</strong></span> <span class='ocrx_word' id='word_1_6' title='bbox 2539 331 2850 392; x_wconf 82' lang='lat' dir='ltr'><strong>DOMINI.</strong></span> 
     </span>
    </p>
   </div>
   <div class='ocr_carea' id='block_1_3' title="bbox 3475 329 3583 393">
    <p class='ocr_par' dir='ltr' id='par_1_3' title="bbox 3475 329 3583 393">
     <span class='ocr_line' id='line_1_3' title="bbox 3475 329 3583 393; baseline 0 -1"><span class='ocrx_word' id='word_1_7' title='bbox 3475 329 3583 393; x_wconf 68' lang='lat'><strong>2‘22</strong></span> 
     </span>
    </p>
   </div>
   <div class='ocr_carea' id='block_1_4' title="bbox 318 442 3575 519">
    <p class='ocr_par' dir='ltr' id='par_1_4' title="bbox 318 442 3575 519">
     <span class='ocr_line' id='line_1_4' title="bbox 318 442 3575 519; baseline -0.004 -13"><span class='ocrx_word' id='word_1_8' title='bbox 318 461 379 512; x_wconf 88' lang='lat' dir='ltr'><strong>in</strong></span> <span class='ocrx_word' id='word_1_9' title='bbox 443 463 663 519; x_wconf 89' lang='lat' dir='ltr'><strong>catena,</strong></span> <span class='ocrx_word' id='word_1_10' title='bbox 703 451 754 507; x_wconf 88' lang='lat' dir='ltr'><strong>id</strong></span> <span class='ocrx_word' id='word_1_11' title='bbox 787 463 872 506; x_wconf 84' lang='lat' dir='ltr'><strong>est</strong></span> <span class='ocrx_word' id='word_1_12' title='bbox 905 451 955 504; x_wconf 89' lang='lat' dir='ltr'><strong>in</strong></span> <span class='ocrx_word' id='word_1_13' title='bbox 993 451 1137 506; x_wconf 85' lang='lat' dir='ltr'><strong>fide:</strong></span> <span class='ocrx_word' id='word_1_14' title='bbox 1176 463 1229 507; x_wconf 81' lang='lat' dir='ltr'><strong>et</strong></span> <span class='ocrx_word' id='word_1_15' title='bbox 1265 465 1372 504; x_wconf 89' lang='lat' dir='ltr'><strong>non</strong></span> <span class='ocrx_word' id='word_1_16' title='bbox 1401 453 1566 519; x_wconf 74' lang='lat' dir='ltr'><strong>tangit</strong></span> <span class='ocrx_word' id='word_1_17' title='bbox 1601 458 1821 514; x_wconf 85' lang='lat' dir='ltr'><strong>terram,</strong></span> <span class='ocrx_word' id='word_1_18' title='bbox 1855 448 1907 504; x_wconf 85' lang='lat' dir='ltr'><strong>id</strong></span> <span class='ocrx_word' id='word_1_19' title='bbox 1941 452 1980 506; x_wconf 74' lang='grc' dir='ltr'><strong>Α</strong></span> <span class='ocrx_word' id='word_1_20' title='bbox 2012 447 2166 514; x_wconf 82' lang='lat' dir='ltr'><strong>pellis</strong></span> <span class='ocrx_word' id='word_1_21' title='bbox 2200 462 2318 498; x_wconf 84' lang='lat' dir='ltr'><strong>cum</strong></span> <span class='ocrx_word' id='word_1_22' title='bbox 2359 447 2567 500; x_wconf 86' lang='lat' dir='ltr'><strong>duabus</strong></span> <span class='ocrx_word' id='word_1_23' title='bbox 2595 448 2790 502; x_wconf 83' lang='lat' dir='ltr'><strong>cicutis</strong></span> <span class='ocrx_word' id='word_1_24' title='bbox 2849 445 3042 503; x_wconf 63' lang='lat' dir='ltr'><strong>aereis:</strong></span> <span class='ocrx_word' id='word_1_25' title='bbox 3107 453 3161 500; x_wconf 87' lang='lat' dir='ltr'><strong>et</strong></span> <span class='ocrx_word' id='word_1_26' title='bbox 3193 459 3287 514; x_wconf 85' lang='lat' dir='ltr'><strong>per</strong></span> <span class='ocrx_word' id='word_1_27' title='bbox 3347 442 3575 512; x_wconf 85' lang='lat' dir='ltr'><strong>primam</strong></span> 
     </span>
    </p>
   </div>
   <div class='ocr_carea' id='block_1_5' title="bbox 321 542 1906 614">
    <p class='ocr_par' dir='ltr' id='par_1_5' title="bbox 321 542 1906 614">
     <span class='ocr_line' id='line_1_5' title="bbox 321 542 1906 614; baseline -0.003 -13"><span class='ocrx_word' id='word_1_28' title='bbox 321 556 410 601; x_wconf 88' lang='lat' dir='ltr'><strong>est</strong></span> <span class='ocrx_word' id='word_1_29' title='bbox 469 559 634 614; x_wconf 83' lang='lat' dir='ltr'><strong>opera</strong></span> <span class='ocrx_word' id='word_1_30' title='bbox 691 543 974 598; x_wconf 83' lang='lat' dir='ltr'><strong>carnalia:</strong></span> <span class='ocrx_word' id='word_1_31' title='bbox 1027 544 1312 598; x_wconf 79' lang='lat' dir='ltr'><strong>duodecim</strong></span> <span class='ocrx_word' id='word_1_32' title='bbox 1368 542 1662 604; x_wconf 79' lang='lat' dir='ltr'><strong>bomhula,</strong></span> <span class='ocrx_word' id='word_1_33' title='bbox 1723 543 1772 594; x_wconf 91' lang='lat' dir='ltr'><strong>id</strong></span> <span class='ocrx_word' id='word_1_34' title='bbox 1823 552 1906 596; x_wconf 84' lang='lat' dir='ltr'><strong>est</strong></span> 
     </span>
    </p>
   </div>
   <div class='ocr_carea' id='block_1_6' title="bbox 323 633 1906 704">
    <p class='ocr_par' dir='ltr' id='par_1_6' title="bbox 323 633 1906 704">
     <span class='ocr_line' id='line_1_6' title="bbox 323 633 1906 704; baseline -0.004 -14"><span class='ocrx_word' id='word_1_35' title='bbox 323 639 616 692; x_wconf 86' lang='lat' dir='ltr'><strong>duodecim</strong></span> <span class='ocrx_word' id='word_1_36' title='bbox 647 635 917 704; x_wconf 85' lang='lat' dir='ltr'><strong>apostoli:</strong></span> <span class='ocrx_word' id='word_1_37' title='bbox 945 650 1066 688; x_wconf 92' lang='lat' dir='ltr'><strong>cum</strong></span> <span class='ocrx_word' id='word_1_38' title='bbox 1101 634 1316 699; x_wconf 88' lang='lat' dir='ltr'><strong>llstulis,</strong></span> <span class='ocrx_word' id='word_1_39' title='bbox 1350 634 1401 688; x_wconf 88' lang='lat' dir='ltr'><strong>itl</strong></span> <span class='ocrx_word' id='word_1_40' title='bbox 1437 643 1521 688; x_wconf 87' lang='lat' dir='ltr'><strong>est</strong></span> <span class='ocrx_word' id='word_1_41' title='bbox 1566 633 1769 688; x_wconf 80' lang='lat' dir='ltr'><strong>divinis</strong></span> <span class='ocrx_word' id='word_1_42' title='bbox 1795 634 1906 686; x_wconf 84' lang='lat' dir='ltr'><strong>elo-</strong></span> 
     </span>
    </p>
   </div>
   <div class='ocr_carea' id='block_1_7' title="bbox 325 727 1908 796">
    <p class='ocr_par' dir='ltr' id='par_1_7' title="bbox 325 727 1908 796">
     <span class='ocr_line' id='line_1_7' title="bbox 325 727 1908 796; baseline -0.002 -15"><span class='ocrx_word' id='word_1_43' title='bbox 325 730 492 796; x_wconf 91' lang='lat' dir='ltr'><strong>quiis.</strong></span> <span class='ocrx_word' id='word_1_44' title='bbox 551 728 771 785; x_wconf 79' lang='lat' dir='ltr'><strong>Cithara</strong></span> <span class='ocrx_word' id='word_1_45' title='bbox 839 729 905 782; x_wconf 91' lang='lat' dir='ltr'><strong>de</strong></span> <span class='ocrx_word' id='word_1_46' title='bbox 963 744 1065 796; x_wconf 89' lang='lat' dir='ltr'><strong>qua</strong></span> <span class='ocrx_word' id='word_1_47' title='bbox 1105 727 1155 782; x_wconf 92' lang='lat' dir='ltr'><strong>in</strong></span> <span class='ocrx_word' id='word_1_48' title='bbox 1215 727 1636 794; x_wconf 68' lang='lat' dir='ltr'><strong>quadragesimo</strong></span> <span class='ocrx_word' id='word_1_49' title='bbox 1671 727 1908 780; x_wconf 87' lang='lat' dir='ltr'><strong>secundo</strong></span> 
     </span>
    </p>
   </div>
   <div class='ocr_carea' id='block_1_8' title="bbox 323 820 1907 890">
    <p class='ocr_par' dir='ltr' id='par_1_8' title="bbox 323 820 1907 890">
     <span class='ocr_line' id='line_1_8' title="bbox 323 820 1907 890; baseline 0 -18"><span class='ocrx_word' id='word_1_50' title='bbox 323 824 537 888; x_wconf 68' lang='lat' dir='ltr'><strong>psalmo</strong></span> <span class='ocrx_word' id='word_1_51' title='bbox 590 823 854 890; x_wconf 75' lang='lat' dir='ltr'><strong>scriptum</strong></span> <span class='ocrx_word' id='word_1_52' title='bbox 891 831 1016 875; x_wconf 88' lang='lat' dir='ltr'><strong>est:</strong></span> <span class='ocrx_word' id='word_1_53' title='bbox 1081 821 1389 890; x_wconf 79' lang='lat' dir='ltr'><strong>Conﬁtebor</strong></span> <span class='ocrx_word' id='word_1_54' title='bbox 1440 820 1534 874; x_wconf 85' lang='lat' dir='ltr'><strong>tibi</strong></span> <span class='ocrx_word' id='word_1_55' title='bbox 1579 822 1634 874; x_wconf 85' lang='lat' dir='ltr'><strong>in</strong></span> <span class='ocrx_word' id='word_1_56' title='bbox 1679 820 1907 881; x_wconf 80' lang='lat' dir='ltr'><strong>cithara.</strong></span> 
     </span>
    </p>
   </div>
   <div class='ocr_carea' id='block_1_9' title="bbox 331 914 1910 984">
    <p class='ocr_par' dir='ltr' id='par_1_9' title="bbox 331 914 1910 984">
     <span class='ocr_line' id='line_1_9' title="bbox 331 914 1910 984; baseline -0.002 -17"><span class='ocrx_word' id='word_1_57' title='bbox 331 915 496 978; x_wconf 80' lang='lat' dir='ltr'><strong>Deus,</strong></span> <span class='ocrx_word' id='word_1_58' title='bbox 529 919 670 969; x_wconf 82' lang='lat' dir='ltr'><strong>Deus</strong></span> <span class='ocrx_word' id='word_1_59' title='bbox 694 932 842 970; x_wconf 83' lang='lat' dir='ltr'><strong>mens</strong></span> <span class='ocrx_word' id='word_1_60' title='bbox 866 915 1038 982; x_wconf 85' lang='lat' dir='ltr'><strong>(Psal.</strong></span> <span class='ocrx_word' id='word_1_61' title='bbox 1073 931 1205 980; x_wconf 78' lang='lat' dir='ltr'><strong>xui,</strong></span> <span class='ocrx_word' id='word_1_62' title='bbox 1239 915 1319 984; x_wconf 74' lang='grc'><strong>4).</strong></span> <span class='ocrx_word' id='word_1_63' title='bbox 1352 914 1585 982; x_wconf 73' lang='lat' dir='ltr'><strong>prepriae</strong></span> <span class='ocrx_word' id='word_1_64' title='bbox 1613 923 1910 966; x_wconf 81' lang='lat' dir='ltr'><strong>consuetu-</strong></span> 
     </span>
    </p>
   </div>
   <div class='ocr_carea' id='block_1_10' title="bbox 329 1004 1909 1074">
    <p class='ocr_par' dir='ltr' id='par_1_10' title="bbox 329 1004 1909 1074">
     <span class='ocr_line' id='line_1_10' title="bbox 329 1004 1909 1074; baseline 0.001 -19"><span class='ocrx_word' id='word_1_65' title='bbox 329 1005 474 1060; x_wconf 87' lang='lat' dir='ltr'><strong>diuis</strong></span> <span class='ocrx_word' id='word_1_66' title='bbox 511 1015 594 1060; x_wconf 80' lang='lat' dir='ltr'><strong>est</strong></span> <span class='ocrx_word' id='word_1_67' title='bbox 629 1007 766 1074; x_wconf 86' lang='lat' dir='ltr'><strong>apud</strong></span> <span class='ocrx_word' id='word_1_68' title='bbox 807 1005 1082 1069; x_wconf 67' lang='lat' dir='ltr'><strong>Hebraeos,</strong></span> <span class='ocrx_word' id='word_1_69' title='bbox 1130 1021 1252 1072; x_wconf 58' lang='lat' dir='ltr'><strong>quas</strong></span> <span class='ocrx_word' id='word_1_70' title='bbox 1281 1021 1404 1060; x_wconf 85' lang='lat' dir='ltr'><strong>cum</strong></span> <span class='ocrx_word' id='word_1_71' title='bbox 1447 1006 1664 1058; x_wconf 78' lang='lat' dir='ltr'><strong>chordis</strong></span> <span class='ocrx_word' id='word_1_72' title='bbox 1720 1004 1909 1073; x_wconf 72' lang='lat' dir='ltr'><strong>viginti</strong></span> 
     </span>
    </p>
   </div>
   <div class='ocr_carea' id='block_1_11' title="bbox 275 1095 1915 1172">
    <p class='ocr_par' dir='ltr' id='par_1_11' title="bbox 275 1095 1915 1172">
     <span class='ocr_line' id='line_1_11' title="bbox 275 1095 1915 1172; baseline -0.002 -22"><span class='ocrx_word' id='word_1_73' title='bbox 275 1169 278 1172; x_wconf 19' lang='lat'><strong><em>.</em></strong></span> <span class='ocrx_word' id='word_1_74' title='bbox 329 1109 588 1163; x_wconf 83' lang='lat' dir='ltr'><strong>quatuor.</strong></span> <span class='ocrx_word' id='word_1_75' title='bbox 615 1111 738 1165; x_wconf 62' lang='lat' dir='ltr'><strong>qua:</strong></span> <span class='ocrx_word' id='word_1_76' title='bbox 784 1097 838 1150; x_wconf 93' lang='lat' dir='ltr'><strong>in</strong></span> <span class='ocrx_word' id='word_1_77' title='bbox 871 1098 1084 1150; x_wconf 90' lang='lat' dir='ltr'><strong>modum</strong></span> <span class='ocrx_word' id='word_1_78' title='bbox 1126 1097 1292 1152; x_wconf 69' lang='lat' dir='ltr'><strong>Delta:</strong></span> <span class='ocrx_word' id='word_1_79' title='bbox 1327 1097 1544 1157; x_wconf 65' lang='lat' dir='ltr'><strong>litterae.</strong></span> <span class='ocrx_word' id='word_1_80' title='bbox 1599 1095 1738 1150; x_wconf 92' lang='lat' dir='ltr'><strong>sicut</strong></span> <span class='ocrx_word' id='word_1_81' title='bbox 1769 1095 1915 1162; x_wconf 77' lang='lat' dir='ltr'><strong>peri-</strong></span> 
     </span>
    </p>
   </div>
   <div class='ocr_carea' id='block_1_12' title="bbox 326 1189 1913 1256">
    <p class='ocr_par' dir='ltr' id='par_1_12' title="bbox 326 1189 1913 1256">
     <span class='ocr_line' id='line_1_12' title="bbox 326 1189 1913 1256; baseline 0.001 -16"><span class='ocrx_word' id='word_1_82' title='bbox 326 1189 527 1242; x_wconf 79' lang='lat' dir='ltr'><strong>ti-simi</strong></span> <span class='ocrx_word' id='word_1_83' title='bbox 564 1189 804 1255; x_wconf 82' lang='lat' dir='ltr'><strong>tradunt,</strong></span> <span class='ocrx_word' id='word_1_84' title='bbox 838 1189 1025 1256; x_wconf 92' lang='lat' dir='ltr'><strong>utique</strong></span> <span class='ocrx_word' id='word_1_85' title='bbox 1056 1189 1444 1255; x_wconf 86' lang='lat' dir='ltr'><strong>componitur:</strong></span> <span class='ocrx_word' id='word_1_86' title='bbox 1485 1198 1539 1244; x_wconf 89' lang='lat' dir='ltr'><strong>et</strong></span> <span class='ocrx_word' id='word_1_87' title='bbox 1573 1204 1669 1256; x_wconf 90' lang='lat' dir='ltr'><strong>per</strong></span> <span class='ocrx_word' id='word_1_88' title='bbox 1715 1189 1913 1253; x_wconf 72' lang='lat' dir='ltr'><strong>digitos</strong></span> 
     </span>
    </p>
   </div>
   <div class='ocr_carea' id='block_1_13' title="bbox 336 1283 1915 1355">
    <p class='ocr_par' dir='ltr' id='par_1_13' title="bbox 336 1283 1915 1355">
     <span class='ocr_line' id='line_1_13' title="bbox 336 1283 1915 1355; baseline -0.002 -17"><span class='ocrx_word' id='word_1_89' title='bbox 336 1283 562 1338; x_wconf 82' lang='lat' dir='ltr'><strong>Pindari</strong></span> <span class='ocrx_word' id='word_1_90' title='bbox 595 1284 762 1338; x_wconf 86' lang='lat' dir='ltr'><strong>variis</strong></span> <span class='ocrx_word' id='word_1_91' title='bbox 794 1285 1018 1340; x_wconf 88' lang='lat' dir='ltr'><strong>vocibus</strong></span> <span class='ocrx_word' id='word_1_92' title='bbox 1049 1285 1277 1340; x_wconf 90' lang='lat' dir='ltr'><strong>tinnnlis</strong></span> <span class='ocrx_word' id='word_1_93' title='bbox 1308 1285 1614 1355; x_wconf 84' lang='lat' dir='ltr'><strong>ictibusque</strong></span> <span class='ocrx_word' id='word_1_94' title='bbox 1646 1285 1698 1338; x_wconf 87' lang='lat' dir='ltr'><strong>in</strong></span> <span class='ocrx_word' id='word_1_95' title='bbox 1736 1283 1915 1338; x_wconf 62' lang='lat' dir='ltr'><strong>diver-r</strong></span> 
     </span>
    </p>
   </div>
   <div class='ocr_carea' id='block_1_14' title="bbox 328 1376 1644 1432">
    <p class='ocr_par' dir='ltr' id='par_1_14' title="bbox 328 1376 1644 1432">
     <span class='ocr_line' id='line_1_14' title="bbox 328 1376 1644 1432; baseline -0.006 0"><span class='ocrx_word' id='word_1_96' title='bbox 328 1381 406 1432; x_wconf 71' lang='lat' dir='ltr'><strong>sis</strong></span> <span class='ocrx_word' id='word_1_97' title='bbox 445 1377 615 1430; x_wconf 84' lang='lat' dir='ltr'><strong>modis</strong></span> <span class='ocrx_word' id='word_1_98' title='bbox 645 1376 971 1432; x_wconf 83' lang='lat' dir='ltr'><strong>concitatur.</strong></span> <span class='ocrx_word' id='word_1_99' title='bbox 1631 1399 1644 1424; x_wconf 69' lang='grc' dir='ltr'>ι</span> 
     </span>
    </p>
   </div>
   <div class='ocr_carea' id='block_1_15' title="bbox 412 1456 1912 1534">
    <p class='ocr_par' dir='ltr' id='par_1_15' title="bbox 412 1456 1912 1534">
     <span class='ocr_line' id='line_1_15' title="bbox 412 1456 1912 1534; baseline 0.001 -12"><span class='ocrx_word' id='word_1_100' title='bbox 412 1467 500 1524; x_wconf 83' lang='lat' dir='ltr'><strong>Vl.</strong></span> <span class='ocrx_word' id='word_1_101' title='bbox 529 1456 749 1524; x_wconf 80' lang='lat' dir='ltr'><strong>Cithara</strong></span> <span class='ocrx_word' id='word_1_102' title='bbox 775 1478 953 1523; x_wconf 87' lang='lat' dir='ltr'><strong>autem</strong></span> <span class='ocrx_word' id='word_1_103' title='bbox 987 1469 1054 1523; x_wconf 88' lang='lat' dir='ltr'><strong>de</strong></span> <span class='ocrx_word' id='word_1_104' title='bbox 1086 1484 1190 1534; x_wconf 88' lang='lat' dir='ltr'><strong>qua</strong></span> <span class='ocrx_word' id='word_1_105' title='bbox 1221 1484 1400 1523; x_wconf 83' lang='lat' dir='ltr'><strong>sermo</strong></span> <span class='ocrx_word' id='word_1_106' title='bbox 1428 1477 1532 1527; x_wconf 72' lang='lat' dir='ltr'><strong>est.</strong></span> <span class='ocrx_word' id='word_1_107' title='bbox 1565 1468 1801 1522; x_wconf 77' lang='lat' dir='ltr'><strong>Fcclesia</strong></span> <span class='ocrx_word' id='word_1_108' title='bbox 1831 1479 1912 1523; x_wconf 76' lang='lat' dir='ltr'><strong>est</strong></span> 
     </span>
    </p>
   </div>
   <div class='ocr_carea' id='block_1_16' title="bbox 335 1561 1911 1631">
    <p class='ocr_par' dir='ltr' id='par_1_16' title="bbox 335 1561 1911 1631">
     <span class='ocr_line' id='line_1_16' title="bbox 335 1561 1911 1631; baseline -0.004 -15"><span class='ocrx_word' id='word_1_109' title='bbox 335 1561 702 1626; x_wconf 72' lang='lat' dir='ltr'><strong>spiritualiter</strong></span> <span class='ocrx_word' id='word_1_110' title='bbox 728 1577 744 1614; x_wconf 91' lang='lat'><strong>:</strong></span> <span class='ocrx_word' id='word_1_111' title='bbox 779 1576 901 1626; x_wconf 72' lang='lat' dir='ltr'><strong>quas</strong></span> <span class='ocrx_word' id='word_1_112' title='bbox 924 1575 1045 1615; x_wconf 89' lang='lat' dir='ltr'><strong>cum</strong></span> <span class='ocrx_word' id='word_1_113' title='bbox 1074 1571 1305 1629; x_wconf 81' lang='lat' dir='ltr'><strong>quatuor</strong></span> <span class='ocrx_word' id='word_1_114' title='bbox 1333 1569 1386 1614; x_wconf 87' lang='lat' dir='ltr'><strong>et</strong></span> <span class='ocrx_word' id='word_1_115' title='bbox 1419 1561 1604 1631; x_wconf 79' lang='lat' dir='ltr'><strong>viginti</strong></span> <span class='ocrx_word' id='word_1_116' title='bbox 1643 1561 1911 1614; x_wconf 84' lang='lat' dir='ltr'><strong>seniorum</strong></span> 
     </span>
    </p>
   </div>
   <div class='ocr_carea' id='block_1_17' title="bbox 335 1652 1917 1720">
    <p class='ocr_par' dir='ltr' id='par_1_17' title="bbox 335 1652 1917 1720">
     <span class='ocr_line' id='line_1_17' title="bbox 335 1652 1917 1720; baseline -0.001 -15"><span class='ocrx_word' id='word_1_117' title='bbox 335 1654 686 1713; x_wconf 73' lang='lat' dir='ltr'><strong>dogmatibus</strong></span> <span class='ocrx_word' id='word_1_118' title='bbox 733 1653 937 1718; x_wconf 81' lang='lat' dir='ltr'><strong>trinam</strong></span> <span class='ocrx_word' id='word_1_119' title='bbox 974 1652 1202 1706; x_wconf 82' lang='lat' dir='ltr'><strong>formam</strong></span> <span class='ocrx_word' id='word_1_120' title='bbox 1242 1653 1468 1715; x_wconf 79' lang='lat' dir='ltr'><strong>habens,</strong></span> <span class='ocrx_word' id='word_1_121' title='bbox 1513 1653 1667 1720; x_wconf 85' lang='lat' dir='ltr'><strong>quasi</strong></span> <span class='ocrx_word' id='word_1_122' title='bbox 1704 1653 1754 1705; x_wconf 89' lang='lat' dir='ltr'><strong>in</strong></span> <span class='ocrx_word' id='word_1_123' title='bbox 1799 1667 1917 1705; x_wconf 91' lang='lat' dir='ltr'><strong>mo-</strong></span> 
     </span>
    </p>
   </div>
   <div class='ocr_carea' id='block_1_18' title="bbox 335 1745 1967 1836">
    <p class='ocr_par' dir='ltr' id='par_1_18' title="bbox 335 1745 1967 1836">
     <span class='ocr_line' id='line_1_18' title="bbox 335 1745 1967 1836; baseline 0 -40"><span class='ocrx_word' id='word_1_124' title='bbox 335 1747 468 1799; x_wconf 84' lang='lat' dir='ltr'><strong>dum</strong></span> <span class='ocrx_word' id='word_1_125' title='bbox 516 1745 677 1800; x_wconf 63' lang='lat' dir='ltr'><strong>Delta!</strong></span> <span class='ocrx_word' id='word_1_126' title='bbox 705 1746 922 1808; x_wconf 64' lang='lat' dir='ltr'><strong>litterae.</strong></span> <span class='ocrx_word' id='word_1_127' title='bbox 951 1760 1047 1814; x_wconf 86' lang='lat' dir='ltr'><strong>per</strong></span> <span class='ocrx_word' id='word_1_128' title='bbox 1074 1746 1232 1799; x_wconf 83' lang='lat' dir='ltr'><strong>iidem</strong></span> <span class='ocrx_word' id='word_1_129' title='bbox 1262 1754 1463 1799; x_wconf 59' lang='lat' dir='ltr'><strong>sancta».</strong></span> <span class='ocrx_word' id='word_1_130' title='bbox 1494 1745 1772 1798; x_wconf 79' lang='lat' dir='ltr'><strong>Trinitatis</strong></span> <span class='ocrx_word' id='word_1_131' title='bbox 1805 1760 1912 1796; x_wconf 84' lang='lat' dir='ltr'><strong>ma-</strong></span> <span class='ocrx_word' id='word_1_132' title='bbox 1951 1785 1967 1836; x_wconf 63' lang='grc' dir='ltr'><strong>Ι</strong></span> 
     </span>
    </p>
   </div>
   <div class='ocr_carea' id='block_1_19' title="bbox 343 1837 1914 1906">
    <p class='ocr_par' dir='ltr' id='par_1_19' title="bbox 343 1837 1914 1906">
     <span class='ocr_line' id='line_1_19' title="bbox 343 1837 1914 1906; baseline -0.004 -13"><span class='ocrx_word' id='word_1_133' title='bbox 343 1839 697 1893; x_wconf 76' lang='lat' dir='ltr'><strong>nifestissime</strong></span> <span class='ocrx_word' id='word_1_134' title='bbox 732 1839 850 1892; x_wconf 91' lang='lat' dir='ltr'><strong>sine</strong></span> <span class='ocrx_word' id='word_1_135' title='bbox 913 1837 1078 1890; x_wconf 86' lang='lat' dir='ltr'><strong>dubio</strong></span> <span class='ocrx_word' id='word_1_136' title='bbox 1129 1837 1447 1906; x_wconf 77' lang='lat' dir='ltr'><strong>signiﬁcat:</strong></span> <span class='ocrx_word' id='word_1_137' title='bbox 1489 1848 1541 1890; x_wconf 84' lang='lat' dir='ltr'><strong>et</strong></span> <span class='ocrx_word' id='word_1_138' title='bbox 1593 1852 1687 1906; x_wconf 87' lang='lat' dir='ltr'><strong>per</strong></span> <span class='ocrx_word' id='word_1_139' title='bbox 1725 1851 1914 1888; x_wconf 80' lang='lat' dir='ltr'><strong>manus</strong></span> 
     </span>
    </p>
   </div>
   <div class='ocr_carea' id='block_1_20' title="bbox 343 1923 1913 1995">
    <p class='ocr_par' dir='ltr' id='par_1_20' title="bbox 343 1923 1913 1995">
     <span class='ocr_line' id='line_1_20' title="bbox 343 1923 1913 1995; baseline -0.004 -14"><span class='ocrx_word' id='word_1_140' title='bbox 343 1931 468 1993; x_wconf 67' lang='lat' dir='ltr'><strong>viri.</strong></span> <span class='ocrx_word' id='word_1_141' title='bbox 500 1929 644 1984; x_wconf 84' lang='lat' dir='ltr'><strong>Petri</strong></span> <span class='ocrx_word' id='word_1_142' title='bbox 690 1927 942 1994; x_wconf 81' lang='lat' dir='ltr'><strong>apostoli,</strong></span> <span class='ocrx_word' id='word_1_143' title='bbox 980 1927 1067 1995; x_wconf 89' lang='lat' dir='ltr'><strong>qui</strong></span> <span class='ocrx_word' id='word_1_144' title='bbox 1099 1927 1424 1994; x_wconf 72' lang='lat' dir='ltr'><strong>praedicator</strong></span> <span class='ocrx_word' id='word_1_145' title='bbox 1458 1925 1603 1978; x_wconf 90' lang='lat' dir='ltr'><strong>illius</strong></span> <span class='ocrx_word' id='word_1_146' title='bbox 1635 1934 1716 1977; x_wconf 87' lang='lat' dir='ltr'><strong>est</strong></span> <span class='ocrx_word' id='word_1_147' title='bbox 1749 1925 1800 1976; x_wconf 91' lang='lat' dir='ltr'><strong>in</strong></span> <span class='ocrx_word' id='word_1_148' title='bbox 1831 1923 1913 1974; x_wconf 86' lang='lat' dir='ltr'><strong>di-</strong></span> 
     </span>
    </p>
   </div>
   <div class='ocr_carea' id='block_1_21' title="bbox 337 2016 1916 2081">
    <p class='ocr_par' dir='ltr' id='par_1_21' title="bbox 337 2016 1916 2081">
     <span class='ocr_line' id='line_1_21' title="bbox 337 2016 1916 2081; baseline -0.002 -10"><span class='ocrx_word' id='word_1_149' title='bbox 337 2036 530 2076; x_wconf 72' lang='lat' dir='ltr'><strong>versos</strong></span> <span class='ocrx_word' id='word_1_150' title='bbox 563 2020 808 2075; x_wconf 85' lang='lat' dir='ltr'><strong>modulos</strong></span> <span class='ocrx_word' id='word_1_151' title='bbox 837 2019 1053 2074; x_wconf 79' lang='lat' dir='ltr'><strong>Veteris</strong></span> <span class='ocrx_word' id='word_1_152' title='bbox 1087 2027 1142 2074; x_wconf 88' lang='lat' dir='ltr'><strong>et</strong></span> <span class='ocrx_word' id='word_1_153' title='bbox 1172 2018 1306 2072; x_wconf 84' lang='lat' dir='ltr'><strong>Novi</strong></span> <span class='ocrx_word' id='word_1_154' title='bbox 1355 2017 1707 2081; x_wconf 83' lang='lat' dir='ltr'><strong>Testamenti,</strong></span> <span class='ocrx_word' id='word_1_155' title='bbox 1759 2016 1916 2068; x_wconf 83' lang='lat' dir='ltr'><strong>aliter</strong></span> 
     </span>
    </p>
   </div>
   <div class='ocr_carea' id='block_1_22' title="bbox 337 2109 1807 2176">
    <p class='ocr_par' dir='ltr' id='par_1_22' title="bbox 337 2109 1807 2176">
     <span class='ocr_line' id='line_1_22' title="bbox 337 2109 1807 2176; baseline -0.007 -8"><span class='ocrx_word' id='word_1_156' title='bbox 337 2116 392 2170; x_wconf 90' lang='lat' dir='ltr'><strong>in</strong></span> <span class='ocrx_word' id='word_1_157' title='bbox 428 2115 628 2173; x_wconf 78' lang='lat' dir='ltr'><strong>littera.</strong></span> <span class='ocrx_word' id='word_1_158' title='bbox 661 2113 820 2166; x_wconf 89' lang='lat' dir='ltr'><strong>aliter</strong></span> <span class='ocrx_word' id='word_1_159' title='bbox 849 2112 904 2165; x_wconf 89' lang='lat' dir='ltr'><strong>in</strong></span> <span class='ocrx_word' id='word_1_160' title='bbox 947 2126 1110 2165; x_wconf 89' lang='lat' dir='ltr'><strong>sensu</strong></span> <span class='ocrx_word' id='word_1_161' title='bbox 1149 2109 1445 2176; x_wconf 75' lang='lat' dir='ltr'><strong>ﬁguraliter</strong></span> <span class='ocrx_word' id='word_1_162' title='bbox 1473 2109 1807 2162; x_wconf 84' lang='lat' dir='ltr'><strong>concutitur.</strong></span> 
     </span>
    </p>
   </div>
   <div class='ocr_carea' id='block_1_23' title="bbox 416 2197 1902 2270">
    <p class='ocr_par' dir='ltr' id='par_1_23' title="bbox 416 2197 1902 2270">
     <span class='ocr_line' id='line_1_23' title="bbox 416 2197 1902 2270; baseline -0.003 -16"><span class='ocrx_word' id='word_1_163' title='bbox 416 2204 527 2258; x_wconf 73' lang='grc' dir='ltr'><strong>Ἧι.</strong></span> <span class='ocrx_word' id='word_1_164' title='bbox 565 2204 836 2258; x_wconf 87' lang='lat' dir='ltr'><strong>Sambuca</strong></span> <span class='ocrx_word' id='word_1_165' title='bbox 881 2202 1064 2270; x_wconf 86' lang='lat' dir='ltr'><strong>itaque</strong></span> <span class='ocrx_word' id='word_1_166' title='bbox 1095 2217 1213 2270; x_wconf 66' lang='lat' dir='ltr'><strong>quat</strong></span> <span class='ocrx_word' id='word_1_167' title='bbox 1240 2201 1377 2267; x_wconf 88' lang='lat' dir='ltr'><strong>apud</strong></span> <span class='ocrx_word' id='word_1_168' title='bbox 1425 2201 1781 2268; x_wconf 77' lang='lat' dir='ltr'><strong>peritissimos</strong></span> <span class='ocrx_word' id='word_1_169' title='bbox 1808 2197 1902 2251; x_wconf 82' lang='lat' dir='ltr'><strong>lie-</strong></span> 
     </span>
    </p>
   </div>
   <div class='ocr_carea' id='block_1_24' title="bbox 340 2290 1916 2363">
    <p class='ocr_par' dir='ltr' id='par_1_24' title="bbox 340 2290 1916 2363">
     <span class='ocr_line' id='line_1_24' title="bbox 340 2290 1916 2363; baseline -0.006 -11"><span class='ocrx_word' id='word_1_170' title='bbox 340 2299 611 2352; x_wconf 64' lang='lat' dir='ltr'><strong>brmorum</strong></span> <span class='ocrx_word' id='word_1_171' title='bbox 638 2297 820 2363; x_wconf 75' lang='lat' dir='ltr'><strong>ignota</strong></span> <span class='ocrx_word' id='word_1_172' title='bbox 851 2309 937 2348; x_wconf 89' lang='lat' dir='ltr'><strong>res</strong></span> <span class='ocrx_word' id='word_1_173' title='bbox 967 2304 1069 2358; x_wconf 84' lang='lat' dir='ltr'><strong>est,</strong></span> <span class='ocrx_word' id='word_1_174' title='bbox 1127 2293 1367 2358; x_wconf 78' lang='lat' dir='ltr'><strong>antiquis</strong></span> <span class='ocrx_word' id='word_1_175' title='bbox 1413 2291 1746 2358; x_wconf 80' lang='lat' dir='ltr'><strong>temporibus</strong></span> <span class='ocrx_word' id='word_1_176' title='bbox 1776 2290 1916 2358; x_wconf 85' lang='lat' dir='ltr'><strong>apud</strong></span> 
     </span>
    </p>
   </div>
   <div class='ocr_carea' id='block_1_25' title="bbox 337 2383 1914 2452">
    <p class='ocr_par' dir='ltr' id='par_1_25' title="bbox 337 2383 1914 2452">
     <span class='ocr_line' id='line_1_25' title="bbox 337 2383 1914 2452; baseline -0.008 -6"><span class='ocrx_word' id='word_1_177' title='bbox 337 2389 626 2446; x_wconf 74' lang='lat' dir='ltr'><strong>Chaldzeos</strong></span> <span class='ocrx_word' id='word_1_178' title='bbox 674 2385 846 2440; x_wconf 87' lang='lat' dir='ltr'><strong>fuisse</strong></span> <span class='ocrx_word' id='word_1_179' title='bbox 907 2386 1228 2452; x_wconf 82' lang='lat' dir='ltr'><strong>reperitur:</strong></span> <span class='ocrx_word' id='word_1_180' title='bbox 1284 2384 1424 2438; x_wconf 82' lang='lat' dir='ltr'><strong>sicut</strong></span> <span class='ocrx_word' id='word_1_181' title='bbox 1481 2383 1739 2448; x_wconf 86' lang='lat' dir='ltr'><strong>scriptum</strong></span> <span class='ocrx_word' id='word_1_182' title='bbox 1795 2389 1914 2435; x_wconf 83' lang='lat' dir='ltr'><strong>est:</strong></span> 
     </span>
    </p>
   </div>
   <div class='ocr_carea' id='block_1_26' title="bbox 336 2473 1917 2544">
    <p class='ocr_par' dir='ltr' id='par_1_26' title="bbox 336 2473 1917 2544">
     <span class='ocr_line' id='line_1_26' title="bbox 336 2473 1917 2544; baseline -0.006 -11"><span class='ocrx_word' id='word_1_183' title='bbox 336 2481 472 2533; x_wconf 78' lang='lat' dir='ltr'><strong>Cum</strong></span> <span class='ocrx_word' id='word_1_184' title='bbox 503 2477 781 2530; x_wconf 78' lang='lat' dir='ltr'><strong>audieritis</strong></span> <span class='ocrx_word' id='word_1_185' title='bbox 817 2493 986 2530; x_wconf 78' lang='lat' dir='ltr'><strong>vocem</strong></span> <span class='ocrx_word' id='word_1_186' title='bbox 1017 2477 1174 2536; x_wconf 75' lang='lat' dir='ltr'><strong>tubw.</strong></span> <span class='ocrx_word' id='word_1_187' title='bbox 1221 2475 1436 2544; x_wconf 60' lang='lat' dir='ltr'><strong>ﬁstulis.</strong></span> <span class='ocrx_word' id='word_1_188' title='bbox 1498 2473 1731 2536; x_wconf 74' lang='lat' dir='ltr'><strong>cit/torte.</strong></span> <span class='ocrx_word' id='word_1_189' title='bbox 1775 2490 1917 2527; x_wconf 82' lang='lat' dir='ltr'><strong>smn-</strong></span> 
     </span>
    </p>
   </div>
   <div class='ocr_carea' id='block_1_27' title="bbox 333 2565 1914 2632">
    <p class='ocr_par' dir='ltr' id='par_1_27' title="bbox 333 2565 1914 2632">
     <span class='ocr_line' id='line_1_27' title="bbox 333 2565 1914 2632; baseline -0.007 -9"><span class='ocrx_word' id='word_1_190' title='bbox 333 2570 485 2623; x_wconf 62' lang='grc' dir='ltr'><strong>ιιι-ιε</strong></span> <span class='ocrx_word' id='word_1_191' title='bbox 509 2567 672 2621; x_wconf 86' lang='lat' dir='ltr'><strong>(Dan.</strong></span> <span class='ocrx_word' id='word_1_192' title='bbox 707 2582 787 2627; x_wconf 85' lang='lat' dir='ltr'><strong>In,</strong></span> <span class='ocrx_word' id='word_1_193' title='bbox 818 2566 904 2624; x_wconf 77' lang='grc'><strong>15)</strong></span> <span class='ocrx_word' id='word_1_194' title='bbox 944 2583 960 2621; x_wconf 89' lang='lat'><strong>:</strong></span> <span class='ocrx_word' id='word_1_195' title='bbox 987 2576 1040 2618; x_wconf 90' lang='lat' dir='ltr'><strong>et</strong></span> <span class='ocrx_word' id='word_1_196' title='bbox 1074 2566 1298 2632; x_wconf 89' lang='lat' dir='ltr'><strong>reliqua.</strong></span> <span class='ocrx_word' id='word_1_197' title='bbox 1329 2565 1501 2619; x_wconf 88' lang='lat' dir='ltr'><strong>Bucca</strong></span> <span class='ocrx_word' id='word_1_198' title='bbox 1532 2573 1758 2617; x_wconf 79' lang='lat' dir='ltr'><strong>vocatur</strong></span> <span class='ocrx_word' id='word_1_199' title='bbox 1790 2567 1914 2616; x_wconf 88' lang='lat' dir='ltr'><strong>tuba</strong></span> 
     </span>
    </p>
   </div>
   <div class='ocr_carea' id='block_1_28' title="bbox 333 2655 1917 2726">
    <p class='ocr_par' dir='ltr' id='par_1_28' title="bbox 333 2655 1917 2726">
     <span class='ocr_line' id='line_1_28' title="bbox 333 2655 1917 2726; baseline 0 -14"><span class='ocrx_word' id='word_1_200' title='bbox 333 2661 478 2718; x_wconf 78' lang='lat' dir='ltr'><strong>apud</strong></span> <span class='ocrx_word' id='word_1_201' title='bbox 507 2657 804 2714; x_wconf 60' lang='lat' dir='ltr'><strong>Hebraeos:</strong></span> <span class='ocrx_word' id='word_1_202' title='bbox 861 2656 1058 2712; x_wconf 87' lang='lat' dir='ltr'><strong>deinde</strong></span> <span class='ocrx_word' id='word_1_203' title='bbox 1100 2673 1196 2726; x_wconf 87' lang='lat' dir='ltr'><strong>per</strong></span> <span class='ocrx_word' id='word_1_204' title='bbox 1225 2657 1646 2712; x_wconf 89' lang='lat' dir='ltr'><strong>diminutionem</strong></span> <span class='ocrx_word' id='word_1_205' title='bbox 1690 2655 1917 2712; x_wconf 78' lang='lat' dir='ltr'><strong>buccina</strong></span> 
     </span>
    </p>
   </div>
   <div class='ocr_carea' id='block_1_29' title="bbox 333 2748 1917 2824">
    <p class='ocr_par' dir='ltr' id='par_1_29' title="bbox 333 2748 1917 2824">
     <span class='ocr_line' id='line_1_29' title="bbox 333 2748 1917 2824; baseline -0.007 -15"><span class='ocrx_word' id='word_1_206' title='bbox 333 2755 558 2810; x_wconf 86' lang='lat' dir='ltr'><strong>dicitur.</strong></span> <span class='ocrx_word' id='word_1_207' title='bbox 589 2752 858 2808; x_wconf 82' lang='lat' dir='ltr'><strong>Sambnca</strong></span> <span class='ocrx_word' id='word_1_208' title='bbox 912 2763 1095 2806; x_wconf 85' lang='lat' dir='ltr'><strong>autem</strong></span> <span class='ocrx_word' id='word_1_209' title='bbox 1129 2752 1207 2806; x_wconf 90' lang='lat' dir='ltr'><strong>sol</strong></span> <span class='ocrx_word' id='word_1_210' title='bbox 1266 2751 1405 2818; x_wconf 89' lang='lat' dir='ltr'><strong>apud</strong></span> <span class='ocrx_word' id='word_1_211' title='bbox 1441 2748 1695 2824; x_wconf 67' lang='lat' dir='ltr'><strong>Hebrreos</strong></span> <span class='ocrx_word' id='word_1_212' title='bbox 1751 2748 1917 2801; x_wconf 89' lang='lat' dir='ltr'><strong>inter-</strong></span> 
     </span>
    </p>
   </div>
   <div class='ocr_carea' id='block_1_30' title="bbox 336 2837 1914 2908">
    <p class='ocr_par' dir='ltr' id='par_1_30' title="bbox 336 2837 1914 2908">
     <span class='ocr_line' id='line_1_30' title="bbox 336 2837 1914 2908; baseline -0.003 -14"><span class='ocrx_word' id='word_1_213' title='bbox 336 2850 608 2903; x_wconf 85' lang='lat' dir='ltr'><strong>oretalnr,</strong></span> <span class='ocrx_word' id='word_1_214' title='bbox 645 2841 788 2896; x_wconf 92' lang='lat' dir='ltr'><strong>sicut</strong></span> <span class='ocrx_word' id='word_1_215' title='bbox 820 2842 1082 2908; x_wconf 85' lang='lat' dir='ltr'><strong>scriptum</strong></span> <span class='ocrx_word' id='word_1_216' title='bbox 1111 2848 1192 2894; x_wconf 86' lang='lat' dir='ltr'><strong>est</strong></span> <span class='ocrx_word' id='word_1_217' title='bbox 1231 2856 1247 2894; x_wconf 91' lang='lat'><strong>:</strong></span> <span class='ocrx_word' id='word_1_218' title='bbox 1309 2837 1532 2893; x_wconf 78' lang='lat' dir='ltr'><strong>Samson</strong></span> <span class='ocrx_word' id='word_1_219' title='bbox 1576 2837 1659 2893; x_wconf 89' lang='lat' dir='ltr'><strong>sol</strong></span> <span class='ocrx_word' id='word_1_220' title='bbox 1711 2853 1914 2891; x_wconf 85' lang='lat' dir='ltr'><strong>eorum.</strong></span> 
     </span>
    </p>
   </div>
   <div class='ocr_carea' id='block_1_31' title="bbox 337 2930 1914 3002">
    <p class='ocr_par' dir='ltr' id='par_1_31' title="bbox 337 2930 1914 3002">
     <span class='ocr_line' id='line_1_31' title="bbox 337 2930 1914 3002; baseline -0.006 -14"><span class='ocrx_word' id='word_1_221' title='bbox 337 2933 634 3002; x_wconf 86' lang='lat' dir='ltr'><strong>Pr0pterea</strong></span> <span class='ocrx_word' id='word_1_222' title='bbox 683 2941 862 2987; x_wconf 86' lang='lat' dir='ltr'><strong>autem</strong></span> <span class='ocrx_word' id='word_1_223' title='bbox 920 2931 1063 2996; x_wconf 86' lang='lat' dir='ltr'><strong>apud</strong></span> <span class='ocrx_word' id='word_1_224' title='bbox 1119 2946 1214 2986; x_wconf 88' lang='lat' dir='ltr'><strong>eos</strong></span> <span class='ocrx_word' id='word_1_225' title='bbox 1271 2932 1528 2984; x_wconf 87' lang='lat' dir='ltr'><strong>samhnca</strong></span> <span class='ocrx_word' id='word_1_226' title='bbox 1576 2930 1914 2993; x_wconf 80' lang='lat' dir='ltr'><strong>inscribitur,</strong></span> 
     </span>
    </p>
   </div>
   <div class='ocr_carea' id='block_1_32' title="bbox 335 3025 1916 3096">
    <p class='ocr_par' dir='ltr' id='par_1_32' title="bbox 335 3025 1916 3096">
     <span class='ocr_line' id='line_1_32' title="bbox 335 3025 1916 3096; baseline -0.002 -20"><span class='ocrx_word' id='word_1_227' title='bbox 335 3026 467 3096; x_wconf 90' lang='lat' dir='ltr'><strong>quia</strong></span> <span class='ocrx_word' id='word_1_228' title='bbox 500 3026 658 3080; x_wconf 90' lang='lat' dir='ltr'><strong>multi</strong></span> <span class='ocrx_word' id='word_1_229' title='bbox 686 3026 942 3091; x_wconf 75' lang='lat' dir='ltr'><strong>corticem</strong></span> <span class='ocrx_word' id='word_1_230' title='bbox 974 3025 1187 3079; x_wconf 87' lang='lat' dir='ltr'><strong>arboris</strong></span> <span class='ocrx_word' id='word_1_231' title='bbox 1212 3039 1337 3079; x_wconf 87' lang='lat' dir='ltr'><strong>esse</strong></span> <span class='ocrx_word' id='word_1_232' title='bbox 1375 3034 1590 3090; x_wconf 86' lang='lat' dir='ltr'><strong>putant,</strong></span> <span class='ocrx_word' id='word_1_233' title='bbox 1617 3033 1667 3074; x_wconf 78' lang='lat' dir='ltr'><strong>et</strong></span> <span class='ocrx_word' id='word_1_234' title='bbox 1696 3039 1792 3087; x_wconf 87' lang='lat' dir='ltr'><strong>per</strong></span> <span class='ocrx_word' id='word_1_235' title='bbox 1824 3038 1916 3076; x_wconf 87' lang='lat' dir='ltr'><strong>so-</strong></span> 
     </span>
    </p>
   </div>
   <div class='ocr_carea' id='block_1_33' title="bbox 339 3108 1984 3182">
    <p class='ocr_par' dir='ltr' id='par_1_33' title="bbox 339 3108 1984 3182">
     <span class='ocr_line' id='line_1_33' title="bbox 339 3108 1984 3182; baseline -0.006 -10"><span class='ocrx_word' id='word_1_236' title='bbox 339 3117 609 3172; x_wconf 82' lang='lat' dir='ltr'><strong>liditatem</strong></span> <span class='ocrx_word' id='word_1_237' title='bbox 648 3116 847 3182; x_wconf 83' lang='lat' dir='ltr'><strong>mellis,</strong></span> <span class='ocrx_word' id='word_1_238' title='bbox 897 3131 961 3169; x_wconf 90' lang='lat' dir='ltr'><strong>ac</strong></span> <span class='ocrx_word' id='word_1_239' title='bbox 1008 3116 1152 3170; x_wconf 88' lang='lat' dir='ltr'><strong>venti</strong></span> <span class='ocrx_word' id='word_1_240' title='bbox 1196 3114 1632 3180; x_wconf 81' lang='lat' dir='ltr'><strong>mutabilitatem,</strong></span> <span class='ocrx_word' id='word_1_241' title='bbox 1676 3115 1828 3179; x_wconf 80' lang='lat' dir='ltr'><strong>quasi</strong></span> <span class='ocrx_word' id='word_1_242' title='bbox 1862 3115 1912 3165; x_wconf 83' lang='lat' dir='ltr'><strong>in</strong></span> <span class='ocrx_word' id='word_1_243' title='bbox 1943 3108 1984 3162; x_wconf 87' lang='lat' dir='ltr'><strong>C</strong></span> 
     </span>
    </p>
   </div>
   <div class='ocr_carea' id='block_1_34' title="bbox 338 3206 1912 3275">
    <p class='ocr_par' dir='ltr' id='par_1_34' title="bbox 338 3206 1912 3275">
     <span class='ocr_line' id='line_1_34' title="bbox 338 3206 1912 3275; baseline -0.003 -13"><span class='ocrx_word' id='word_1_244' title='bbox 338 3211 559 3264; x_wconf 88' lang='lat' dir='ltr'><strong>modum</strong></span> <span class='ocrx_word' id='word_1_245' title='bbox 589 3209 730 3264; x_wconf 64' lang='lat' dir='ltr'><strong>tuba</strong></span> <span class='ocrx_word' id='word_1_246' title='bbox 765 3207 833 3263; x_wconf 91' lang='lat' dir='ltr'><strong>de</strong></span> <span class='ocrx_word' id='word_1_247' title='bbox 865 3221 1016 3261; x_wconf 80' lang='lat' dir='ltr'><strong>ramo</strong></span> <span class='ocrx_word' id='word_1_248' title='bbox 1049 3207 1261 3261; x_wconf 82' lang='lat' dir='ltr'><strong>arboris</strong></span> <span class='ocrx_word' id='word_1_249' title='bbox 1292 3207 1497 3261; x_wconf 79' lang='lat' dir='ltr'><strong>moveri</strong></span> <span class='ocrx_word' id='word_1_250' title='bbox 1540 3214 1758 3275; x_wconf 82' lang='lat' dir='ltr'><strong>potest:</strong></span> <span class='ocrx_word' id='word_1_251' title='bbox 1793 3206 1912 3258; x_wconf 82' lang='lat' dir='ltr'><strong>idco</strong></span> 
     </span>
    </p>
   </div>
   <div class='ocr_carea' id='block_1_35' title="bbox 336 3297 1911 3368">
    <p class='ocr_par' dir='ltr' id='par_1_35' title="bbox 336 3297 1911 3368">
     <span class='ocr_line' id='line_1_35' title="bbox 336 3297 1911 3368; baseline -0.001 -14"><span class='ocrx_word' id='word_1_252' title='bbox 336 3299 600 3354; x_wconf 81' lang='lat' dir='ltr'><strong>sambuca</strong></span> <span class='ocrx_word' id='word_1_253' title='bbox 626 3298 850 3360; x_wconf 83' lang='lat' dir='ltr'><strong>dicitur,</strong></span> <span class='ocrx_word' id='word_1_254' title='bbox 880 3299 1006 3368; x_wconf 83' lang='lat' dir='ltr'><strong>quia</strong></span> <span class='ocrx_word' id='word_1_255' title='bbox 1042 3297 1251 3351; x_wconf 68' lang='lat' dir='ltr'><strong>aestatis</strong></span> <span class='ocrx_word' id='word_1_256' title='bbox 1275 3307 1517 3365; x_wconf 86' lang='lat' dir='ltr'><strong>tempore</strong></span> <span class='ocrx_word' id='word_1_257' title='bbox 1548 3297 1662 3352; x_wconf 83' lang='lat' dir='ltr'><strong>fieri</strong></span> <span class='ocrx_word' id='word_1_258' title='bbox 1715 3307 1911 3365; x_wconf 82' lang='lat' dir='ltr'><strong>potest.</strong></span> 
     </span>
    </p>
   </div>
   <div class='ocr_carea' id='block_1_36' title="bbox 334 3386 1914 3459">
    <p class='ocr_par' dir='ltr' id='par_1_36' title="bbox 334 3386 1914 3459">
     <span class='ocr_line' id='line_1_36' title="bbox 334 3386 1914 3459; baseline -0.007 -12"><span class='ocrx_word' id='word_1_259' title='bbox 334 3400 394 3447; x_wconf 84' lang='lat' dir='ltr'><strong>et</strong></span> <span class='ocrx_word' id='word_1_260' title='bbox 419 3396 590 3459; x_wconf 75' lang='lat' dir='ltr'><strong>usque</strong></span> <span class='ocrx_word' id='word_1_261' title='bbox 615 3391 682 3444; x_wconf 86' lang='lat' dir='ltr'><strong>ad</strong></span> <span class='ocrx_word' id='word_1_262' title='bbox 716 3389 936 3458; x_wconf 75' lang='lat' dir='ltr'><strong>frigoris</strong></span> <span class='ocrx_word' id='word_1_263' title='bbox 974 3397 1190 3456; x_wconf 88' lang='lat' dir='ltr'><strong>tempus</strong></span> <span class='ocrx_word' id='word_1_264' title='bbox 1220 3387 1418 3440; x_wconf 88' lang='lat' dir='ltr'><strong>durare</strong></span> <span class='ocrx_word' id='word_1_265' title='bbox 1467 3396 1664 3453; x_wconf 85' lang='lat' dir='ltr'><strong>potest.</strong></span> <span class='ocrx_word' id='word_1_266' title='bbox 1703 3386 1914 3440; x_wconf 74' lang='lat' dir='ltr'><strong>Arcsrit</strong></span> 
     </span>
    </p>
   </div>
   <div class='ocr_carea' id='block_1_37' title="bbox 337 3478 1909 3546">
    <p class='ocr_par' dir='ltr' id='par_1_37' title="bbox 337 3478 1909 3546">
     <span class='ocr_line' id='line_1_37' title="bbox 337 3478 1909 3546; baseline -0.001 -13"><span class='ocrx_word' id='word_1_267' title='bbox 337 3481 484 3536; x_wconf 76' lang='lat' dir='ltr'><strong>enim</strong></span> <span class='ocrx_word' id='word_1_268' title='bbox 518 3481 816 3536; x_wconf 87' lang='lat' dir='ltr'><strong>secundum</strong></span> <span class='ocrx_word' id='word_1_269' title='bbox 854 3494 1196 3534; x_wconf 88' lang='lat' dir='ltr'><strong>communem</strong></span> <span class='ocrx_word' id='word_1_270' title='bbox 1227 3479 1695 3534; x_wconf 79' lang='lat' dir='ltr'><strong>consuetudinem.</strong></span> <span class='ocrx_word' id='word_1_271' title='bbox 1726 3478 1909 3546; x_wconf 85' lang='lat' dir='ltr'><strong>Typns</strong></span> 
     </span>
    </p>
   </div>
   <div class='ocr_carea' id='block_1_38' title="bbox 337 3573 1906 3644">
    <p class='ocr_par' dir='ltr' id='par_1_38' title="bbox 337 3573 1906 3644">
     <span class='ocr_line' id='line_1_38' title="bbox 337 3573 1906 3644; baseline -0.006 -11"><span class='ocrx_word' id='word_1_272' title='bbox 337 3593 527 3633; x_wconf 83' lang='lat' dir='ltr'><strong>eorum</strong></span> <span class='ocrx_word' id='word_1_273' title='bbox 551 3576 780 3644; x_wconf 46' lang='lat' dir='ltr'><strong>estrqui</strong></span> <span class='ocrx_word' id='word_1_274' title='bbox 807 3574 1088 3628; x_wconf 91' lang='lat' dir='ltr'><strong>Dominum</strong></span> <span class='ocrx_word' id='word_1_275' title='bbox 1120 3575 1170 3628; x_wconf 90' lang='lat' dir='ltr'><strong>in</strong></span> <span class='ocrx_word' id='word_1_276' title='bbox 1196 3574 1354 3628; x_wconf 86' lang='lat' dir='ltr'><strong>bonis</strong></span> <span class='ocrx_word' id='word_1_277' title='bbox 1383 3574 1636 3642; x_wconf 82' lang='lat' dir='ltr'><strong>operibus</strong></span> <span class='ocrx_word' id='word_1_278' title='bbox 1666 3573 1906 3636; x_wconf 85' lang='lat' dir='ltr'><strong>laudant,</strong></span> 
     </span>
    </p>
   </div>
   <div class='ocr_carea' id='block_1_39' title="bbox 339 3663 1916 3736">
    <p class='ocr_par' dir='ltr' id='par_1_39' title="bbox 339 3663 1916 3736">
     <span class='ocr_line' id='line_1_39' title="bbox 339 3663 1916 3736; baseline -0.003 -14"><span class='ocrx_word' id='word_1_279' title='bbox 339 3668 480 3722; x_wconf 82' lang='lat' dir='ltr'><strong>etin</strong></span> <span class='ocrx_word' id='word_1_280' title='bbox 521 3676 768 3736; x_wconf 89' lang='lat' dir='ltr'><strong>tempore</strong></span> <span class='ocrx_word' id='word_1_281' title='bbox 825 3667 1068 3734; x_wconf 74' lang='lat' dir='ltr'><strong>frigoris.</strong></span> <span class='ocrx_word' id='word_1_282' title='bbox 1103 3664 1154 3718; x_wconf 90' lang='lat' dir='ltr'><strong>id</strong></span> <span class='ocrx_word' id='word_1_283' title='bbox 1210 3673 1317 3727; x_wconf 90' lang='lat' dir='ltr'><strong>est.</strong></span> <span class='ocrx_word' id='word_1_284' title='bbox 1369 3664 1780 3718; x_wconf 84' lang='lat' dir='ltr'><strong>tribulationum</strong></span> <span class='ocrx_word' id='word_1_285' title='bbox 1831 3663 1916 3717; x_wconf 87' lang='lat' dir='ltr'><strong>vel</strong></span> 
     </span>
    </p>
   </div>
   <div class='ocr_carea' id='block_1_40' title="bbox 339 3757 1918 3824">
    <p class='ocr_par' dir='ltr' id='par_1_40' title="bbox 339 3757 1918 3824">
     <span class='ocr_line' id='line_1_40' title="bbox 339 3757 1918 3824; baseline -0.001 -14"><span class='ocrx_word' id='word_1_286' title='bbox 339 3759 759 3822; x_wconf 77' lang='lat' dir='ltr'><strong>persecutioais,</strong></span> <span class='ocrx_word' id='word_1_287' title='bbox 815 3757 1040 3812; x_wconf 86' lang='lat' dir='ltr'><strong>laudare</strong></span> <span class='ocrx_word' id='word_1_288' title='bbox 1078 3771 1200 3809; x_wconf 87' lang='lat' dir='ltr'><strong>eum</strong></span> <span class='ocrx_word' id='word_1_289' title='bbox 1250 3771 1354 3810; x_wconf 90' lang='lat' dir='ltr'><strong>non</strong></span> <span class='ocrx_word' id='word_1_290' title='bbox 1391 3764 1640 3823; x_wconf 88' lang='lat' dir='ltr'><strong>possunt,</strong></span> <span class='ocrx_word' id='word_1_291' title='bbox 1699 3767 1918 3824; x_wconf 87' lang='lat' dir='ltr'><strong>propter</strong></span> 
     </span>
    </p>
   </div>
   <div class='ocr_carea' id='block_1_41' title="bbox 339 3848 1918 3907">
    <p class='ocr_par' dir='ltr' id='par_1_41' title="bbox 339 3848 1918 3907">
     <span class='ocr_line' id='line_1_41' title="bbox 339 3848 1918 3907; baseline -0.003 -1"><span class='ocrx_word' id='word_1_292' title='bbox 339 3851 721 3907; x_wconf 76' lang='lat' dir='ltr'><strong>inﬁdelitatem</strong></span> <span class='ocrx_word' id='word_1_293' title='bbox 749 3849 874 3906; x_wconf 65' lang='lat' dir='ltr'><strong>vita</strong></span> <span class='ocrx_word' id='word_1_294' title='bbox 897 3859 948 3904; x_wconf 90' lang='lat' dir='ltr'><strong>et</strong></span> <span class='ocrx_word' id='word_1_295' title='bbox 987 3849 1375 3906; x_wconf 83' lang='lat' dir='ltr'><strong>abundantiam</strong></span> <span class='ocrx_word' id='word_1_296' title='bbox 1427 3848 1737 3902; x_wconf 88' lang='lat' dir='ltr'><strong>divitiarum</strong></span> <span class='ocrx_word' id='word_1_297' title='bbox 1791 3863 1918 3902; x_wconf 64' lang='lat' dir='ltr'><strong>sua.</strong></span> 
     </span>
    </p>
   </div>
   <div class='ocr_carea' id='block_1_42' title="bbox 344 3960 492 3998">
    <p class='ocr_par' dir='ltr' id='par_1_42' title="bbox 344 3960 492 3998">
     <span class='ocr_line' id='line_1_42' title="bbox 344 3960 492 3998; baseline -0.014 0"><span class='ocrx_word' id='word_1_298' title='bbox 344 3961 408 3998; x_wconf 86' lang='lat' dir='ltr'><strong>ru</strong></span> <span class='ocrx_word' id='word_1_299' title='bbox 417 3960 467 3994; x_wconf 90' lang='lat' dir='ltr'><strong>m</strong></span> <span class='ocrx_word' id='word_1_300' title='bbox 477 3984 492 3996; x_wconf 85' lang='lat'><strong>.</strong></span> 
     </span>
    </p>
   </div>
   <div class='ocr_carea' id='block_1_43' title="bbox 415 4029 1918 4102">
    <p class='ocr_par' dir='ltr' id='par_1_43' title="bbox 415 4029 1918 4102">
     <span class='ocr_line' id='line_1_43' title="bbox 415 4029 1918 4102; baseline -0.002 -15"><span class='ocrx_word' id='word_1_301' title='bbox 415 4033 552 4087; x_wconf 79' lang='lat' dir='ltr'><strong>Vlll.</strong></span> <span class='ocrx_word' id='word_1_302' title='bbox 576 4033 900 4089; x_wconf 85' lang='lat' dir='ltr'><strong>Psalterium</strong></span> <span class='ocrx_word' id='word_1_303' title='bbox 928 4047 1147 4102; x_wconf 89' lang='lat' dir='ltr'><strong>quoque</strong></span> <span class='ocrx_word' id='word_1_304' title='bbox 1169 4031 1433 4086; x_wconf 85' lang='lat' dir='ltr'><strong>llebraice</strong></span> <span class='ocrx_word' id='word_1_305' title='bbox 1468 4030 1696 4095; x_wconf 79' lang='lat' dir='ltr'><strong>Nablou,</strong></span> <span class='ocrx_word' id='word_1_306' title='bbox 1733 4029 1918 4086; x_wconf 67' lang='lat' dir='ltr'><strong>Graece</strong></span> 
     </span>
    </p>
   </div>
   <div class='ocr_carea' id='block_1_44' title="bbox 341 4121 1920 4192">
    <p class='ocr_par' dir='ltr' id='par_1_44' title="bbox 341 4121 1920 4192">
     <span class='ocr_line' id='line_1_44' title="bbox 341 4121 1920 4192; baseline -0.007 -13"><span class='ocrx_word' id='word_1_307' title='bbox 341 4130 528 4179; x_wconf 56' lang='lat' dir='ltr'><strong>annm</strong></span> <span class='ocrx_word' id='word_1_308' title='bbox 564 4124 900 4192; x_wconf 81' lang='lat' dir='ltr'><strong>psalterium.</strong></span> <span class='ocrx_word' id='word_1_309' title='bbox 933 4123 1121 4178; x_wconf 81' lang='lat' dir='ltr'><strong>Latine</strong></span> <span class='ocrx_word' id='word_1_310' title='bbox 1155 4134 1337 4177; x_wconf 89' lang='lat' dir='ltr'><strong>autem</strong></span> <span class='ocrx_word' id='word_1_311' title='bbox 1389 4123 1750 4177; x_wconf 87' lang='lat' dir='ltr'><strong>laudatorinm</strong></span> <span class='ocrx_word' id='word_1_312' title='bbox 1782 4121 1920 4176; x_wconf 80' lang='lat' dir='ltr'><strong>dici-</strong></span> 
     </span>
    </p>
   </div>
   <div class='ocr_carea' id='block_1_45' title="bbox 345 4209 1921 4284">
    <p class='ocr_par' dir='ltr' id='par_1_45' title="bbox 345 4209 1921 4284">
     <span class='ocr_line' id='line_1_45' title="bbox 345 4209 1921 4284; baseline -0.003 -17"><span class='ocrx_word' id='word_1_313' title='bbox 345 4226 458 4268; x_wconf 88' lang='lat' dir='ltr'><strong>tur.</strong></span> <span class='ocrx_word' id='word_1_314' title='bbox 503 4213 579 4268; x_wconf 87' lang='lat' dir='ltr'><strong>De</strong></span> <span class='ocrx_word' id='word_1_315' title='bbox 609 4229 717 4283; x_wconf 87' lang='lat' dir='ltr'><strong>quo</strong></span> <span class='ocrx_word' id='word_1_316' title='bbox 766 4214 819 4268; x_wconf 91' lang='lat' dir='ltr'><strong>in</strong></span> <span class='ocrx_word' id='word_1_317' title='bbox 853 4215 1305 4284; x_wconf 69' lang='lat' dir='ltr'><strong>quinquagesimo</strong></span> <span class='ocrx_word' id='word_1_318' title='bbox 1359 4222 1516 4267; x_wconf 74' lang='lat' dir='ltr'><strong>sexto</strong></span> <span class='ocrx_word' id='word_1_319' title='bbox 1546 4211 1756 4280; x_wconf 84' lang='lat' dir='ltr'><strong>psalmo</strong></span> <span class='ocrx_word' id='word_1_320' title='bbox 1787 4209 1921 4263; x_wconf 61' lang='lat' dir='ltr'><strong>dicis-</strong></span> 
     </span>
    </p>
   </div>
   <div class='ocr_carea' id='block_1_46' title="bbox 345 4304 1917 4376">
    <p class='ocr_par' dir='ltr' id='par_1_46' title="bbox 345 4304 1917 4376">
     <span class='ocr_line' id='line_1_46' title="bbox 345 4304 1917 4376; baseline -0.003 -16"><span class='ocrx_word' id='word_1_321' title='bbox 345 4320 477 4360; x_wconf 89' lang='lat' dir='ltr'><strong>tttr:</strong></span> <span class='ocrx_word' id='word_1_322' title='bbox 513 4305 776 4374; x_wconf 72' lang='lat' dir='ltr'><strong>Exsurge.</strong></span> <span class='ocrx_word' id='word_1_323' title='bbox 800 4307 1132 4376; x_wconf 74' lang='lat' dir='ltr'><strong>psalterium.</strong></span> <span class='ocrx_word' id='word_1_324' title='bbox 1165 4324 1284 4360; x_wconf 84' lang='lat' dir='ltr'><strong>cum</strong></span> <span class='ocrx_word' id='word_1_325' title='bbox 1319 4307 1546 4360; x_wconf 83' lang='lat' dir='ltr'><strong>cithara.</strong></span> <span class='ocrx_word' id='word_1_326' title='bbox 1599 4304 1693 4358; x_wconf 85' lang='lat' dir='ltr'><strong>Est</strong></span> <span class='ocrx_word' id='word_1_327' title='bbox 1737 4313 1917 4357; x_wconf 89' lang='lat' dir='ltr'><strong>autem</strong></span> 
     </span>
    </p>
   </div>
   <div class='ocr_carea' id='block_1_47' title="bbox 342 4394 1920 4465">
    <p class='ocr_par' dir='ltr' id='par_1_47' title="bbox 342 4394 1920 4465">
     <span class='ocr_line' id='line_1_47' title="bbox 342 4394 1920 4465; baseline -0.003 -13"><span class='ocrx_word' id='word_1_328' title='bbox 342 4414 470 4452; x_wconf 83' lang='lat' dir='ltr'><strong>eum</strong></span> <span class='ocrx_word' id='word_1_329' title='bbox 501 4398 722 4452; x_wconf 89' lang='lat' dir='ltr'><strong>chordis</strong></span> <span class='ocrx_word' id='word_1_330' title='bbox 743 4399 950 4463; x_wconf 87' lang='lat' dir='ltr'><strong>decem,</strong></span> <span class='ocrx_word' id='word_1_331' title='bbox 975 4399 1114 4453; x_wconf 88' lang='lat' dir='ltr'><strong>sicut</strong></span> <span class='ocrx_word' id='word_1_332' title='bbox 1145 4399 1404 4465; x_wconf 86' lang='lat' dir='ltr'><strong>scriptum</strong></span> <span class='ocrx_word' id='word_1_333' title='bbox 1431 4406 1547 4450; x_wconf 87' lang='lat' dir='ltr'><strong>est:</strong></span> <span class='ocrx_word' id='word_1_334' title='bbox 1578 4394 1642 4450; x_wconf 83' lang='lat' dir='ltr'><strong>In</strong></span> <span class='ocrx_word' id='word_1_335' title='bbox 1670 4395 1920 4464; x_wconf 83' lang='lat' dir='ltr'><strong>psalterio</strong></span> 
     </span>
    </p>
   </div>
   <div class='ocr_carea' id='block_1_48' title="bbox 341 4487 1918 4560">
    <p class='ocr_par' dir='ltr' id='par_1_48' title="bbox 341 4487 1918 4560">
     <span class='ocr_line' id='line_1_48' title="bbox 341 4487 1918 4560; baseline 0.002 -19"><span class='ocrx_word' id='word_1_336' title='bbox 341 4491 549 4557; x_wconf 29' lang='lat' dir='ltr'><strong>decem.</strong></span> <span class='ocrx_word' id='word_1_337' title='bbox 578 4487 894 4542; x_wconf 82' lang='lat' dir='ltr'><strong>chordarum</strong></span> <span class='ocrx_word' id='word_1_338' title='bbox 929 4490 1157 4560; x_wconf 75' lang='lat' dir='ltr'><strong>psallam</strong></span> <span class='ocrx_word' id='word_1_339' title='bbox 1217 4489 1307 4543; x_wconf 84' lang='lat' dir='ltr'><strong>tibi</strong></span> <span class='ocrx_word' id='word_1_340' title='bbox 1361 4487 1540 4552; x_wconf 86' lang='lat' dir='ltr'><strong>(Psal.</strong></span> <span class='ocrx_word' id='word_1_341' title='bbox 1597 4502 1785 4547; x_wconf 80' lang='lat' dir='ltr'><strong>chtn.</strong></span> <span class='ocrx_word' id='word_1_342' title='bbox 1816 4488 1868 4549; x_wconf 87' lang='lat'><strong>9)</strong></span> <span class='ocrx_word' id='word_1_343' title='bbox 1903 4502 1918 4544; x_wconf 87' lang='lat'><strong>:</strong></span> 
     </span>
    </p>
   </div>
   <div class='ocr_carea' id='block_1_49' title="bbox 345 4579 1918 4650">
    <p class='ocr_par' dir='ltr' id='par_1_49' title="bbox 345 4579 1918 4650">
     <span class='ocr_line' id='line_1_49' title="bbox 345 4579 1918 4650; baseline -0.003 -16"><span class='ocrx_word' id='word_1_344' title='bbox 345 4587 526 4634; x_wconf 79' lang='lat' dir='ltr'><strong>forma</strong></span> <span class='ocrx_word' id='word_1_345' title='bbox 598 4581 889 4650; x_wconf 83' lang='lat' dir='ltr'><strong>quadrata.</strong></span> <span class='ocrx_word' id='word_1_346' title='bbox 949 4581 1278 4635; x_wconf 87' lang='lat' dir='ltr'><strong>Psalterium</strong></span> <span class='ocrx_word' id='word_1_347' title='bbox 1343 4581 1528 4649; x_wconf 89' lang='lat' dir='ltr'><strong>itaque</strong></span> <span class='ocrx_word' id='word_1_348' title='bbox 1559 4594 1680 4632; x_wconf 91' lang='lat' dir='ltr'><strong>cum</strong></span> <span class='ocrx_word' id='word_1_349' title='bbox 1734 4579 1918 4633; x_wconf 87' lang='lat' dir='ltr'><strong>decem</strong></span> 
     </span>
    </p>
   </div>
   <div class='ocr_carea' id='block_1_50' title="bbox 342 4672 1922 4739">
    <p class='ocr_par' dir='ltr' id='par_1_50' title="bbox 342 4672 1922 4739">
     <span class='ocr_line' id='line_1_50' title="bbox 342 4672 1922 4739; baseline -0.003 -11"><span class='ocrx_word' id='word_1_350' title='bbox 342 4673 591 4736; x_wconf 89' lang='lat' dir='ltr'><strong>chordis,</strong></span> <span class='ocrx_word' id='word_1_351' title='bbox 629 4672 680 4727; x_wconf 90' lang='lat' dir='ltr'><strong>id</strong></span> <span class='ocrx_word' id='word_1_352' title='bbox 713 4681 816 4739; x_wconf 84' lang='lat' dir='ltr'><strong>cst,</strong></span> <span class='ocrx_word' id='word_1_353' title='bbox 871 4687 993 4726; x_wconf 91' lang='lat' dir='ltr'><strong>cum</strong></span> <span class='ocrx_word' id='word_1_354' title='bbox 1031 4675 1219 4728; x_wconf 84' lang='lat' dir='ltr'><strong>decem</strong></span> <span class='ocrx_word' id='word_1_355' title='bbox 1253 4672 1436 4726; x_wconf 81' lang='lat' dir='ltr'><strong>verbis</strong></span> <span class='ocrx_word' id='word_1_356' title='bbox 1485 4672 1621 4738; x_wconf 76' lang='lat' dir='ltr'><strong>legis</strong></span> <span class='ocrx_word' id='word_1_357' title='bbox 1673 4672 1922 4726; x_wconf 85' lang='lat' dir='ltr'><strong>contritis</strong></span> 
     </span>
    </p>
   </div>
   <div class='ocr_carea' id='block_1_51' title="bbox 342 4764 1922 4834">
    <p class='ocr_par' dir='ltr' id='par_1_51' title="bbox 342 4764 1922 4834">
     <span class='ocr_line' id='line_1_51' title="bbox 342 4764 1922 4834; baseline 0.002 -22"><span class='ocrx_word' id='word_1_358' title='bbox 342 4771 536 4816; x_wconf 78' lang='lat' dir='ltr'><strong>contra</strong></span> <span class='ocrx_word' id='word_1_359' title='bbox 615 4777 833 4834; x_wconf 67' lang='lat' dir='ltr'><strong>omnem</strong></span> <span class='ocrx_word' id='word_1_360' title='bbox 897 4764 1168 4828; x_wconf 65' lang='lat' dir='ltr'><strong>haeresim,</strong></span> <span class='ocrx_word' id='word_1_361' title='bbox 1230 4764 1496 4833; x_wconf 85' lang='lat' dir='ltr'><strong>quadrata</strong></span> <span class='ocrx_word' id='word_1_362' title='bbox 1543 4777 1638 4831; x_wconf 86' lang='lat' dir='ltr'><strong>per</strong></span> <span class='ocrx_word' id='word_1_363' title='bbox 1688 4773 1922 4831; x_wconf 86' lang='lat' dir='ltr'><strong>quatuor</strong></span> 
     </span>
    </p>
   </div>
   <div class='ocr_carea' id='block_1_52' title="bbox 345 4852 1136 4924">
    <p class='ocr_par' dir='ltr' id='par_1_52' title="bbox 345 4852 1136 4924">
     <span class='ocr_line' id='line_1_52' title="bbox 345 4852 1136 4924; baseline 0.006 -18"><span class='ocrx_word' id='word_1_364' title='bbox 345 4852 645 4922; x_wconf 62' lang='lat' dir='ltr'><strong>Errngelia</strong></span> <span class='ocrx_word' id='word_1_365' title='bbox 679 4863 859 4923; x_wconf 89' lang='lat' dir='ltr'><strong>potest</strong></span> <span class='ocrx_word' id='word_1_366' title='bbox 889 4855 1136 4924; x_wconf 76' lang='lat' dir='ltr'><strong>intelligi.</strong></span> 
     </span>
    </p>
   </div>
   <div class='ocr_carea' id='block_1_53' title="bbox 425 4943 1921 5015">
    <p class='ocr_par' dir='ltr' id='par_1_53' title="bbox 425 4943 1921 5015">
     <span class='ocr_line' id='line_1_53' title="bbox 425 4943 1921 5015; baseline 0.002 -19"><span class='ocrx_word' id='word_1_367' title='bbox 425 4943 513 4998; x_wconf 81' lang='lat' dir='ltr'><strong>IX.</strong></span> <span class='ocrx_word' id='word_1_368' title='bbox 579 4944 914 5015; x_wconf 80' lang='lat' dir='ltr'><strong>Tympanum</strong></span> <span class='ocrx_word' id='word_1_369' title='bbox 977 4949 1161 5013; x_wconf 88' lang='lat' dir='ltr'><strong>paucis</strong></span> <span class='ocrx_word' id='word_1_370' title='bbox 1213 4945 1390 4999; x_wconf 84' lang='lat' dir='ltr'><strong>verbis</strong></span> <span class='ocrx_word' id='word_1_371' title='bbox 1441 4946 1698 5012; x_wconf 76' lang='lat' dir='ltr'><strong>explicari</strong></span> <span class='ocrx_word' id='word_1_372' title='bbox 1747 4957 1921 5014; x_wconf 82' lang='lat' dir='ltr'><strong>potest</strong></span> 
     </span>
    </p>
   </div>
   <div class='ocr_carea' id='block_1_54' title="bbox 341 5038 1922 5106">
    <p class='ocr_par' dir='ltr' id='par_1_54' title="bbox 341 5038 1922 5106">
     <span class='ocr_line' id='line_1_54' title="bbox 341 5038 1922 5106; baseline 0.002 -18"><span class='ocrx_word' id='word_1_373' title='bbox 341 5053 473 5106; x_wconf 76' lang='lat' dir='ltr'><strong>qua:</strong></span> <span class='ocrx_word' id='word_1_374' title='bbox 530 5038 754 5092; x_wconf 85' lang='lat' dir='ltr'><strong>minima</strong></span> <span class='ocrx_word' id='word_1_375' title='bbox 789 5053 876 5091; x_wconf 86' lang='lat' dir='ltr'><strong>res</strong></span> <span class='ocrx_word' id='word_1_376' title='bbox 907 5051 1011 5102; x_wconf 88' lang='lat' dir='ltr'><strong>est.</strong></span> <span class='ocrx_word' id='word_1_377' title='bbox 1042 5052 1108 5092; x_wconf 91' lang='lat' dir='ltr'><strong>eo</strong></span> <span class='ocrx_word' id='word_1_378' title='bbox 1168 5039 1312 5105; x_wconf 88' lang='lat' dir='ltr'><strong>quod</strong></span> <span class='ocrx_word' id='word_1_379' title='bbox 1371 5039 1422 5092; x_wconf 92' lang='lat' dir='ltr'><strong>in</strong></span> <span class='ocrx_word' id='word_1_380' title='bbox 1461 5055 1635 5100; x_wconf 77' lang='lat' dir='ltr'><strong>manu</strong></span> <span class='ocrx_word' id='word_1_381' title='bbox 1685 5039 1922 5091; x_wconf 85' lang='lat' dir='ltr'><strong>mulieris</strong></span> 
     </span>
    </p>
   </div>
   <div class='ocr_carea' id='block_1_55' title="bbox 343 5128 1923 5200">
    <p class='ocr_par' dir='ltr' id='par_1_55' title="bbox 343 5128 1923 5200">
     <span class='ocr_line' id='line_1_55' title="bbox 343 5128 1923 5200; baseline 0.001 -22"><span class='ocrx_word' id='word_1_382' title='bbox 343 5128 556 5194; x_wconf 72' lang='lat' dir='ltr'><strong>portari</strong></span> <span class='ocrx_word' id='word_1_383' title='bbox 595 5129 767 5196; x_wconf 87' lang='lat' dir='ltr'><strong>possit</strong></span> <span class='ocrx_word' id='word_1_384' title='bbox 797 5145 812 5185; x_wconf 86' lang='lat'><strong>:</strong></span> <span class='ocrx_word' id='word_1_385' title='bbox 845 5129 981 5184; x_wconf 84' lang='lat' dir='ltr'><strong>sicut</strong></span> <span class='ocrx_word' id='word_1_386' title='bbox 1009 5130 1271 5200; x_wconf 86' lang='lat' dir='ltr'><strong>scriptum</strong></span> <span class='ocrx_word' id='word_1_387' title='bbox 1305 5141 1388 5185; x_wconf 85' lang='lat' dir='ltr'><strong>est</strong></span> <span class='ocrx_word' id='word_1_388' title='bbox 1422 5131 1472 5184; x_wconf 89' lang='lat' dir='ltr'><strong>in</strong></span> <span class='ocrx_word' id='word_1_389' title='bbox 1504 5130 1727 5184; x_wconf 81' lang='lat' dir='ltr'><strong>Exodo:</strong></span> <span class='ocrx_word' id='word_1_390' title='bbox 1765 5129 1923 5184; x_wconf 85' lang='lat' dir='ltr'><strong>Sum-</strong></span> 
     </span>
    </p>
   </div>
   <div class='ocr_carea' id='block_1_56' title="bbox 343 5221 1921 5290">
    <p class='ocr_par' dir='ltr' id='par_1_56' title="bbox 343 5221 1921 5290">
     <span class='ocr_line' id='line_1_56' title="bbox 343 5221 1921 5290; baseline -0.001 -16"><span class='ocrx_word' id='word_1_391' title='bbox 343 5223 460 5286; x_wconf 85' lang='lat' dir='ltr'><strong>psit</strong></span> <span class='ocrx_word' id='word_1_392' title='bbox 489 5229 665 5274; x_wconf 82' lang='lat' dir='ltr'><strong>autem</strong></span> <span class='ocrx_word' id='word_1_393' title='bbox 700 5221 876 5273; x_wconf 74' lang='lat' dir='ltr'><strong>Maria</strong></span> <span class='ocrx_word' id='word_1_394' title='bbox 912 5221 1186 5288; x_wconf 71' lang='lat' dir='ltr'><strong>prophetes</strong></span> <span class='ocrx_word' id='word_1_395' title='bbox 1218 5237 1371 5275; x_wconf 89' lang='lat' dir='ltr'><strong>soror</strong></span> <span class='ocrx_word' id='word_1_396' title='bbox 1402 5223 1575 5277; x_wconf 79' lang='lat' dir='ltr'><strong>Aaron</strong></span> <span class='ocrx_word' id='word_1_397' title='bbox 1617 5232 1921 5290; x_wconf 82' lang='lat' dir='ltr'><strong>tympanum</strong></span> 
     </span>
    </p>
   </div>
   <div class='ocr_carea' id='block_1_57' title="bbox 343 5312 1936 5390">
    <p class='ocr_par' dir='ltr' id='par_1_57' title="bbox 343 5312 1936 5390">
     <span class='ocr_line' id='line_1_57' title="bbox 343 5312 1936 5390; baseline -0.001 -24"><span class='ocrx_word' id='word_1_398' title='bbox 343 5318 408 5366; x_wconf 85' lang='lat' dir='ltr'><strong>in</strong></span> <span class='ocrx_word' id='word_1_399' title='bbox 441 5329 600 5365; x_wconf 76' lang='lat' dir='ltr'><strong>manu</strong></span> <span class='ocrx_word' id='word_1_400' title='bbox 621 5329 718 5390; x_wconf 76' lang='lat' dir='ltr'><strong>sua</strong></span> <span class='ocrx_word' id='word_1_401' title='bbox 754 5312 950 5381; x_wconf 71' lang='lat' dir='ltr'><strong>(Exod.</strong></span> <span class='ocrx_word' id='word_1_402' title='bbox 982 5329 1070 5374; x_wconf 72' lang='lat' dir='ltr'><strong>xv.</strong></span> <span class='ocrx_word' id='word_1_403' title='bbox 1095 5314 1184 5381; x_wconf 78' lang='lat'><strong>20)</strong></span> <span class='ocrx_word' id='word_1_404' title='bbox 1218 5330 1230 5367; x_wconf 93' lang='lat'><strong>:</strong></span> <span class='ocrx_word' id='word_1_405' title='bbox 1262 5323 1316 5365; x_wconf 92' lang='lat' dir='ltr'><strong>et</strong></span> <span class='ocrx_word' id='word_1_406' title='bbox 1344 5323 1428 5368; x_wconf 88' lang='lat' dir='ltr'><strong>est</strong></span> <span class='ocrx_word' id='word_1_407' title='bbox 1466 5313 1682 5366; x_wconf 89' lang='lat' dir='ltr'><strong>minima</strong></span> <span class='ocrx_word' id='word_1_408' title='bbox 1709 5312 1936 5378; x_wconf 84' lang='lat' dir='ltr'><strong>sapien--</strong></span> 
     </span>
    </p>
   </div>
   <div class='ocr_carea' id='block_1_58' title="bbox 343 5401 1922 5473">
    <p class='ocr_par' dir='ltr' id='par_1_58' title="bbox 343 5401 1922 5473">
     <span class='ocr_line' id='line_1_58' title="bbox 343 5401 1922 5473; baseline 0 -17"><span class='ocrx_word' id='word_1_409' title='bbox 343 5407 428 5456; x_wconf 78' lang='lat' dir='ltr'><strong>tia</strong></span> <span class='ocrx_word' id='word_1_410' title='bbox 455 5401 614 5471; x_wconf 71' lang='lat' dir='ltr'><strong>Legio</strong></span> <span class='ocrx_word' id='word_1_411' title='bbox 662 5404 863 5458; x_wconf 83' lang='lat' dir='ltr'><strong>veteris</strong></span> <span class='ocrx_word' id='word_1_412' title='bbox 917 5404 970 5458; x_wconf 93' lang='lat' dir='ltr'><strong>in</strong></span> <span class='ocrx_word' id='word_1_413' title='bbox 1020 5420 1182 5457; x_wconf 90' lang='lat' dir='ltr'><strong>manu</strong></span> <span class='ocrx_word' id='word_1_414' title='bbox 1240 5402 1572 5460; x_wconf 72' lang='lat' dir='ltr'><strong>Judzcorum.</strong></span> <span class='ocrx_word' id='word_1_415' title='bbox 1629 5402 1922 5473; x_wconf 69' lang='lat' dir='ltr'><strong>Synagogm</strong></span> 
     </span>
    </p>
   </div>
   <div class='ocr_carea' id='block_1_59' title="bbox 340 5494 1919 5565">
    <p class='ocr_par' dir='ltr' id='par_1_59' title="bbox 340 5494 1919 5565">
     <span class='ocr_line' id='line_1_59' title="bbox 340 5494 1919 5565; baseline 0.001 -19"><span class='ocrx_word' id='word_1_416' title='bbox 340 5517 356 5546; x_wconf 88' lang='lat'><strong>.-</strong></span> <span class='ocrx_word' id='word_1_417' title='bbox 383 5511 425 5547; x_wconf 74' lang='grc' dir='ltr'><strong><em>η</em></strong></span> <span class='ocrx_word' id='word_1_418' title='bbox 456 5494 597 5561; x_wconf 85' lang='lat' dir='ltr'><strong>iquis</strong></span> <span class='ocrx_word' id='word_1_419' title='bbox 634 5495 648 5524; x_wconf 80' lang='grc'>⁸</span> <span class='ocrx_word' id='word_1_420' title='bbox 689 5496 1020 5564; x_wconf 88' lang='lat' dir='ltr'><strong>temporibtts</strong></span> <span class='ocrx_word' id='word_1_421' title='bbox 1053 5495 1150 5549; x_wconf 87' lang='lat' dir='ltr'><strong>fttit</strong></span> <span class='ocrx_word' id='word_1_422' title='bbox 1181 5497 1381 5550; x_wconf 85' lang='lat' dir='ltr'><strong>chorus</strong></span> <span class='ocrx_word' id='word_1_423' title='bbox 1435 5510 1648 5565; x_wconf 83' lang='lat' dir='ltr'><strong>quoque.</strong></span> <span class='ocrx_word' id='word_1_424' title='bbox 1690 5495 1919 5564; x_wconf 62' lang='lat' dir='ltr'><strong>simple-rt</strong></span> 
     </span>
    </p>
   </div>
   <div class='ocr_carea' id='block_1_60' title="bbox 432 5689 1920 5761">
    <p class='ocr_par' dir='ltr' id='par_1_60' title="bbox 432 5689 1920 5761">
     <span class='ocr_line' id='line_1_60' title="bbox 432 5689 1920 5761; baseline 0.001 -18"><span class='ocrx_word' id='word_1_425' title='bbox 432 5692 445 5719; x_wconf 85' lang='lat'><em>‘</em></span> <span class='ocrx_word' id='word_1_426' title='bbox 481 5689 783 5761; x_wconf 30' lang='lat' dir='ltr'><strong>Utres‘illos</strong></span> <span class='ocrx_word' id='word_1_427' title='bbox 833 5693 1104 5761; x_wconf 71' lang='lat' dir='ltr'><strong>intelligit,</strong></span> <span class='ocrx_word' id='word_1_428' title='bbox 1133 5709 1268 5760; x_wconf 85' lang='lat' dir='ltr'><strong>quos</strong></span> <span class='ocrx_word' id='word_1_429' title='bbox 1318 5694 1479 5747; x_wconf 85' lang='lat' dir='ltr'><strong>etiam</strong></span> <span class='ocrx_word' id='word_1_430' title='bbox 1530 5709 1671 5746; x_wconf 89' lang='lat' dir='ltr'><strong>nunc</strong></span> <span class='ocrx_word' id='word_1_431' title='bbox 1731 5691 1920 5744; x_wconf 66' lang='lat' dir='ltr'><strong>indunt</strong></span> 
     </span>
    </p>
   </div>
   <div class='ocr_carea' id='block_1_61' title="bbox 339 5758 1917 5827">
    <p class='ocr_par' dir='ltr' id='par_1_61' title="bbox 339 5758 1917 5827">
     <span class='ocr_line' id='line_1_61' title="bbox 339 5758 1917 5827; baseline 0 -11"><span class='ocrx_word' id='word_1_432' title='bbox 339 5761 566 5816; x_wconf 77' lang='lat' dir='ltr'><strong>rustici.</strong></span> <span class='ocrx_word' id='word_1_433' title='bbox 601 5758 915 5817; x_wconf 75' lang='lat' dir='ltr'><strong>Utricularii</strong></span> <span class='ocrx_word' id='word_1_434' title='bbox 952 5758 1100 5827; x_wconf 84' lang='lat' dir='ltr'><strong>dicti,</strong></span> <span class='ocrx_word' id='word_1_435' title='bbox 1142 5758 1194 5816; x_wconf 85' lang='lat' dir='ltr'><strong>et</strong></span> <span class='ocrx_word' id='word_1_436' title='bbox 1225 5765 1413 5819; x_wconf 72' lang='lat' dir='ltr'><strong>Grmce</strong></span> <span class='ocrx_word' id='word_1_437' title='bbox 1450 5764 1741 5818; x_wconf 56' lang='lat' dir='ltr'><strong>donatum.</strong></span> <span class='ocrx_word' id='word_1_438' title='bbox 1781 5764 1917 5816; x_wconf 80' lang='lat' dir='ltr'><strong>lltnc</strong></span> 
     </span>
    </p>
   </div>
   <div class='ocr_carea' id='block_1_62' title="bbox 2010 535 3579 610">
    <p class='ocr_par' dir='ltr' id='par_1_62' title="bbox 2010 535 3579 610">
     <span class='ocr_line' id='line_1_62' title="bbox 2010 535 3579 610; baseline -0.004 -18"><span class='ocrx_word' id='word_1_439' title='bbox 2010 542 2327 606; x_wconf 80' lang='lat' dir='ltr'><strong>inspiratur,</strong></span> <span class='ocrx_word' id='word_1_440' title='bbox 2351 555 2448 610; x_wconf 81' lang='lat' dir='ltr'><strong>pt-r</strong></span> <span class='ocrx_word' id='word_1_441' title='bbox 2477 542 2772 594; x_wconf 88' lang='lat' dir='ltr'><strong>secundam</strong></span> <span class='ocrx_word' id='word_1_442' title='bbox 2810 555 2998 593; x_wconf 81' lang='lat' dir='ltr'><strong>vocem</strong></span> <span class='ocrx_word' id='word_1_443' title='bbox 3025 537 3242 593; x_wconf 92' lang='lat' dir='ltr'><strong>emittit.</strong></span> <span class='ocrx_word' id='word_1_444' title='bbox 3277 535 3460 606; x_wconf 86' lang='lat' dir='ltr'><strong>Typus</strong></span> <span class='ocrx_word' id='word_1_445' title='bbox 3482 551 3579 604; x_wconf 83' lang='lat' dir='ltr'><strong>po-</strong></span> 
     </span>
    </p>
   </div>
   <div class='ocr_carea' id='block_1_63' title="bbox 2008 621 3582 702">
    <p class='ocr_par' dir='ltr' id='par_1_63' title="bbox 2008 621 3582 702">
     <span class='ocr_line' id='line_1_63' title="bbox 2008 621 3582 702; baseline -0.006 -16"><span class='ocrx_word' id='word_1_446' title='bbox 2008 632 2118 701; x_wconf 92' lang='lat' dir='ltr'><strong>puli</strong></span> <span class='ocrx_word' id='word_1_447' title='bbox 2150 633 2369 698; x_wconf 87' lang='lat' dir='ltr'><strong>prioris,</strong></span> <span class='ocrx_word' id='word_1_448' title='bbox 2400 633 2492 702; x_wconf 88' lang='lat' dir='ltr'><strong>qui</strong></span> <span class='ocrx_word' id='word_1_449' title='bbox 2527 641 2810 702; x_wconf 72' lang='lat' dir='ltr'><strong>angustam</strong></span> <span class='ocrx_word' id='word_1_450' title='bbox 2881 628 3295 699; x_wconf 76' lang='lat' dir='ltr'><strong>intelligentiam</strong></span> <span class='ocrx_word' id='word_1_451' title='bbox 3329 627 3463 696; x_wconf 73' lang='lat' dir='ltr'><strong>legis</strong></span> <span class='ocrx_word' id='word_1_452' title='bbox 3483 621 3582 677; x_wconf 83' lang='lat' dir='ltr'><strong>&#39;ac-</strong></span> 
     </span>
    </p>
   </div>
   <div class='ocr_carea' id='block_1_64' title="bbox 2009 717 3582 794">
    <p class='ocr_par' dir='ltr' id='par_1_64' title="bbox 2009 717 3582 794">
     <span class='ocr_line' id='line_1_64' title="bbox 2009 717 3582 794; baseline -0.008 -15"><span class='ocrx_word' id='word_1_453' title='bbox 2009 735 2229 789; x_wconf 83' lang='lat' dir='ltr'><strong>ceperat</strong></span> <span class='ocrx_word' id='word_1_454' title='bbox 2261 740 2276 782; x_wconf 92' lang='lat'><strong>:</strong></span> <span class='ocrx_word' id='word_1_455' title='bbox 2311 734 2364 778; x_wconf 91' lang='lat' dir='ltr'><strong>et</strong></span> <span class='ocrx_word' id='word_1_456' title='bbox 2408 740 2507 794; x_wconf 90' lang='lat' dir='ltr'><strong>per</strong></span> <span class='ocrx_word' id='word_1_457' title='bbox 2534 733 2820 794; x_wconf 76' lang='lat' dir='ltr'><strong>angustam</strong></span> <span class='ocrx_word' id='word_1_458' title='bbox 2871 723 3200 777; x_wconf 87' lang='lat' dir='ltr'><strong>voluntatem</strong></span> <span class='ocrx_word' id='word_1_459' title='bbox 3237 717 3582 788; x_wconf 70' lang='lat' dir='ltr'><strong>praedicatio-</strong></span> 
     </span>
    </p>
   </div>
   <div class='ocr_carea' id='block_1_65' title="bbox 2014 813 3580 883">
    <p class='ocr_par' dir='ltr' id='par_1_65' title="bbox 2014 813 3580 883">
     <span class='ocr_line' id='line_1_65' title="bbox 2014 813 3580 883; baseline -0.008 -11"><span class='ocrx_word' id='word_1_460' title='bbox 2014 819 2097 872; x_wconf 85' lang='lat' dir='ltr'><strong>nis</strong></span> <span class='ocrx_word' id='word_1_461' title='bbox 2135 818 2316 870; x_wconf 87' lang='lat' dir='ltr'><strong>omnia</strong></span> <span class='ocrx_word' id='word_1_462' title='bbox 2349 816 2637 871; x_wconf 81' lang='lat' dir='ltr'><strong>inﬁrmiter</strong></span> <span class='ocrx_word' id='word_1_463' title='bbox 2666 815 2995 883; x_wconf 80' lang='lat' dir='ltr'><strong>praedicavit.</strong></span> <span class='ocrx_word' id='word_1_464' title='bbox 3037 813 3092 868; x_wconf 88' lang='lat' dir='ltr'><strong>Si</strong></span> <span class='ocrx_word' id='word_1_465' title='bbox 3121 821 3306 866; x_wconf 89' lang='lat' dir='ltr'><strong>autem</strong></span> <span class='ocrx_word' id='word_1_466' title='bbox 3365 820 3580 863; x_wconf 87' lang='lat' dir='ltr'><strong>terrena</strong></span> 
     </span>
    </p>
   </div>
   <div class='ocr_carea' id='block_1_66' title="bbox 2013 899 3582 984">
    <p class='ocr_par' dir='ltr' id='par_1_66' title="bbox 2013 899 3582 984">
     <span class='ocr_line' id='line_1_66' title="bbox 2013 899 3582 984; baseline -0.008 -19"><span class='ocrx_word' id='word_1_467' title='bbox 2013 911 2288 968; x_wconf 81' lang='lat' dir='ltr'><strong>sapienter</strong></span> <span class='ocrx_word' id='word_1_468' title='bbox 2308 925 2370 964; x_wconf 89' lang='lat' dir='ltr'><strong>ac</strong></span> <span class='ocrx_word' id='word_1_469' title='bbox 2396 909 2687 984; x_wconf 81' lang='lat' dir='ltr'><strong>diligenter</strong></span> <span class='ocrx_word' id='word_1_470' title='bbox 2718 907 3026 976; x_wconf 83' lang='lat' dir='ltr'><strong>respiciam.</strong></span> <span class='ocrx_word' id='word_1_471' title='bbox 3057 913 3111 959; x_wconf 92' lang='lat' dir='ltr'><strong>et</strong></span> <span class='ocrx_word' id='word_1_472' title='bbox 3132 899 3492 974; x_wconf 86' lang='lat' dir='ltr'><strong>spiritualiter</strong></span> <span class='ocrx_word' id='word_1_473' title='bbox 3518 913 3582 952; x_wconf 86' lang='lat' dir='ltr'><strong>ac</strong></span> 
     </span>
    </p>
   </div>
   <div class='ocr_carea' id='block_1_67' title="bbox 2015 1000 2805 1072">
    <p class='ocr_par' dir='ltr' id='par_1_67' title="bbox 2015 1000 2805 1072">
     <span class='ocr_line' id='line_1_67' title="bbox 2015 1000 2805 1072; baseline 0 -16"><span class='ocrx_word' id='word_1_474' title='bbox 2015 1003 2238 1072; x_wconf 69' lang='lat' dir='ltr'><strong>tnysdce</strong></span> <span class='ocrx_word' id='word_1_475' title='bbox 2274 1000 2622 1068; x_wconf 77' lang='lat' dir='ltr'><strong>intelligenda</strong></span> <span class='ocrx_word' id='word_1_476' title='bbox 2658 1009 2805 1056; x_wconf 85' lang='lat' dir='ltr'><strong>sunt.</strong></span> 
     </span>
    </p>
   </div>
   <div class='ocr_carea' id='block_1_68' title="bbox 2121 1127 3474 1200">
    <p class='ocr_par' dir='ltr' id='par_1_68' title="bbox 2121 1127 3474 1200">
     <span class='ocr_line' id='line_1_68' title="bbox 2121 1127 3474 1200; baseline -0.004 -12"><span class='ocrx_word' id='word_1_477' title='bbox 2121 1133 2434 1190; x_wconf 76' lang='lat' dir='ltr'><strong>lilONlTUM</strong></span> <span class='ocrx_word' id='word_1_478' title='bbox 2470 1135 2534 1190; x_wconf 91' lang='lat' dir='ltr'><strong>IN</strong></span> <span class='ocrx_word' id='word_1_479' title='bbox 2587 1133 3004 1200; x_wconf 75' lang='lat' dir='ltr'><strong>SEQUENTEM</strong></span> <span class='ocrx_word' id='word_1_480' title='bbox 3060 1127 3474 1187; x_wconf 76' lang='lat' dir='ltr'><strong>EPISTOLAM.</strong></span> 
     </span>
    </p>
   </div>
   <div class='ocr_carea' id='block_1_69' title="bbox 2090 1249 3579 1316">
    <p class='ocr_par' dir='ltr' id='par_1_69' title="bbox 2090 1249 3579 1316">
     <span class='ocr_line' id='line_1_69' title="bbox 2090 1249 3579 1316; baseline -0.004 -16"><span class='ocrx_word' id='word_1_481' title='bbox 2090 1249 2272 1301; x_wconf 81' lang='lat' dir='ltr'><strong>Fausti</strong></span> <span class='ocrx_word' id='word_1_482' title='bbox 2327 1249 2651 1316; x_wconf 72' lang='lat' dir='ltr'><strong>llhegirnsis</strong></span> <span class='ocrx_word' id='word_1_483' title='bbox 2698 1251 2838 1302; x_wconf 88' lang='lat' dir='ltr'><strong>lnmc</strong></span> <span class='ocrx_word' id='word_1_484' title='bbox 2891 1263 3012 1302; x_wconf 88' lang='lat' dir='ltr'><strong>esse</strong></span> <span class='ocrx_word' id='word_1_485' title='bbox 3068 1257 3221 1314; x_wconf 88' lang='lat' dir='ltr'><strong>putat</strong></span> <span class='ocrx_word' id='word_1_486' title='bbox 3277 1259 3579 1298; x_wconf 85' lang='lat' dir='ltr'><strong>sermonem</strong></span> 
     </span>
    </p>
   </div>
   <div class='ocr_carea' id='block_1_70' title="bbox 2014 1318 3580 1384">
    <p class='ocr_par' dir='ltr' id='par_1_70' title="bbox 2014 1318 3580 1384">
     <span class='ocr_line' id='line_1_70' title="bbox 2014 1318 3580 1384; baseline -0.006 -12"><span class='ocrx_word' id='word_1_487' title='bbox 2014 1318 2318 1374; x_wconf 74' lang='lat' dir='ltr'><strong>Casimi&#39;t&#39;us</strong></span> <span class='ocrx_word' id='word_1_488' title='bbox 2349 1319 2612 1379; x_wconf 89' lang='lat' dir='ltr'><strong>Ottdinus,</strong></span> <span class='ocrx_word' id='word_1_489' title='bbox 2653 1327 2907 1372; x_wconf 72' lang='lat' dir='ltr'><strong>causatus</strong></span> <span class='ocrx_word' id='word_1_490' title='bbox 2958 1331 3207 1384; x_wconf 78' lang='lat' dir='ltr'><strong>magnam</strong></span> <span class='ocrx_word' id='word_1_491' title='bbox 3243 1329 3427 1368; x_wconf 87' lang='lat' dir='ltr'><strong>eorum</strong></span> <span class='ocrx_word' id='word_1_492' title='bbox 3454 1328 3580 1378; x_wconf 86' lang='lat' dir='ltr'><strong>par-</strong></span> 
     </span>
    </p>
   </div>
   <div class='ocr_carea' id='block_1_71' title="bbox 2016 1386 3581 1452">
    <p class='ocr_par' dir='ltr' id='par_1_71' title="bbox 2016 1386 3581 1452">
     <span class='ocr_line' id='line_1_71' title="bbox 2016 1386 3581 1452; baseline -0.008 -8"><span class='ocrx_word' id='word_1_493' title='bbox 2016 1399 2145 1444; x_wconf 74' lang='lat' dir='ltr'><strong>tem.</strong></span> <span class='ocrx_word' id='word_1_494' title='bbox 2175 1389 2266 1452; x_wconf 92' lang='lat' dir='ltr'><strong>qui</strong></span> <span class='ocrx_word' id='word_1_495' title='bbox 2305 1389 2448 1441; x_wconf 84' lang='lat' dir='ltr'><strong>inter</strong></span> <span class='ocrx_word' id='word_1_496' title='bbox 2478 1388 2694 1443; x_wconf 86' lang='lat' dir='ltr'><strong>Eusebii</strong></span> <span class='ocrx_word' id='word_1_497' title='bbox 2761 1386 3026 1440; x_wconf 78' lang='lat' dir='ltr'><strong>Emisseui</strong></span> <span class='ocrx_word' id='word_1_498' title='bbox 3060 1389 3344 1447; x_wconf 88' lang='lat' dir='ltr'><strong>habentur,</strong></span> <span class='ocrx_word' id='word_1_499' title='bbox 3375 1397 3581 1436; x_wconf 86' lang='lat' dir='ltr'><strong>sermo-</strong></span> 
     </span>
    </p>
   </div>
   <div class='ocr_carea' id='block_1_72' title="bbox 2018 1454 3582 1524">
    <p class='ocr_par' dir='ltr' id='par_1_72' title="bbox 2018 1454 3582 1524">
     <span class='ocr_line' id='line_1_72' title="bbox 2018 1454 3582 1524; baseline -0.004 -16"><span class='ocrx_word' id='word_1_500' title='bbox 2018 1471 2113 1508; x_wconf 75' lang='lat' dir='ltr'><strong>nes</strong></span> <span class='ocrx_word' id='word_1_501' title='bbox 2145 1457 2289 1510; x_wconf 88' lang='lat' dir='ltr'><strong>illius</strong></span> <span class='ocrx_word' id='word_1_502' title='bbox 2322 1473 2462 1512; x_wconf 87' lang='lat' dir='ltr'><strong>esse.</strong></span> <span class='ocrx_word' id='word_1_503' title='bbox 2498 1459 2668 1524; x_wconf 74' lang='lat' dir='ltr'><strong>Atque</strong></span> <span class='ocrx_word' id='word_1_504' title='bbox 2701 1457 2784 1508; x_wconf 89' lang='lat' dir='ltr'><strong>hic</strong></span> <span class='ocrx_word' id='word_1_505' title='bbox 2823 1457 3038 1521; x_wconf 79' lang='lat' dir='ltr'><strong>quidem</strong></span> <span class='ocrx_word' id='word_1_506' title='bbox 3075 1455 3388 1508; x_wconf 89' lang='lat' dir='ltr'><strong>inscribitur</strong></span> <span class='ocrx_word' id='word_1_507' title='bbox 3443 1454 3582 1519; x_wconf 88' lang='lat' dir='ltr'><strong>apud</strong></span> 
     </span>
    </p>
   </div>
   <div class='ocr_carea' id='block_1_73' title="bbox 2019 1524 3585 1591">
    <p class='ocr_par' dir='ltr' id='par_1_73' title="bbox 2019 1524 3585 1591">
     <span class='ocr_line' id='line_1_73' title="bbox 2019 1524 3585 1591; baseline -0.004 -14"><span class='ocrx_word' id='word_1_508' title='bbox 2019 1527 2313 1580; x_wconf 78' lang='lat' dir='ltr'><strong>Eusebium</strong></span> <span class='ocrx_word' id='word_1_509' title='bbox 2352 1544 2522 1582; x_wconf 81' lang='lat' dir='ltr'><strong>sermo</strong></span> <span class='ocrx_word' id='word_1_510' title='bbox 2569 1530 2631 1580; x_wconf 76' lang='lat' dir='ltr'><strong>de</strong></span> <span class='ocrx_word' id='word_1_511' title='bbox 2689 1525 2948 1579; x_wconf 76' lang='lat' dir='ltr'><strong>l’asc’mte</strong></span> <span class='ocrx_word' id='word_1_512' title='bbox 2981 1541 3000 1579; x_wconf 93' lang='lat'><strong>:</strong></span> <span class='ocrx_word' id='word_1_513' title='bbox 3036 1540 3093 1578; x_wconf 91' lang='lat' dir='ltr'><strong>re</strong></span> <span class='ocrx_word' id='word_1_514' title='bbox 3123 1534 3300 1578; x_wconf 87' lang='lat' dir='ltr'><strong>autem</strong></span> <span class='ocrx_word' id='word_1_515' title='bbox 3339 1524 3448 1591; x_wconf 86' lang='lat' dir='ltr'><strong>ipsa</strong></span> <span class='ocrx_word' id='word_1_516' title='bbox 3480 1525 3585 1574; x_wconf 88' lang='lat' dir='ltr'><strong>tltto</strong></span> 
     </span>
    </p>
   </div>
   <div class='ocr_carea' id='block_1_74' title="bbox 2019 1595 3580 1664">
    <p class='ocr_par' dir='ltr' id='par_1_74' title="bbox 2019 1595 3580 1664">
     <span class='ocr_line' id='line_1_74' title="bbox 2019 1595 3580 1664; baseline -0.004 -16"><span class='ocrx_word' id='word_1_517' title='bbox 2019 1598 2183 1648; x_wconf 85' lang='lat' dir='ltr'><strong>simul</strong></span> <span class='ocrx_word' id='word_1_518' title='bbox 2223 1597 2276 1649; x_wconf 90' lang='lat' dir='ltr'><strong>hi</strong></span> <span class='ocrx_word' id='word_1_519' title='bbox 2312 1606 2436 1650; x_wconf 88' lang='lat' dir='ltr'><strong>sunt</strong></span> <span class='ocrx_word' id='word_1_520' title='bbox 2465 1598 2731 1660; x_wconf 80' lang='lat' dir='ltr'><strong>contpacli</strong></span> <span class='ocrx_word' id='word_1_521' title='bbox 2770 1611 3072 1664; x_wconf 85' lang='lat' dir='ltr'><strong>perperam,</strong></span> <span class='ocrx_word' id='word_1_522' title='bbox 3107 1608 3337 1660; x_wconf 83' lang='lat' dir='ltr'><strong>quorum</strong></span> <span class='ocrx_word' id='word_1_523' title='bbox 3369 1595 3505 1645; x_wconf 83' lang='lat' dir='ltr'><strong>alter</strong></span> <span class='ocrx_word' id='word_1_524' title='bbox 3553 1607 3580 1641; x_wconf 84' lang='lat' dir='ltr'><strong>a</strong></span> 
     </span>
    </p>
   </div>
   <div class='ocr_carea' id='block_1_75' title="bbox 2023 1664 3586 1732">
    <p class='ocr_par' dir='ltr' id='par_1_75' title="bbox 2023 1664 3586 1732">
     <span class='ocr_line' id='line_1_75' title="bbox 2023 1664 3586 1732; baseline -0.003 -16"><span class='ocrx_word' id='word_1_525' title='bbox 2023 1666 2223 1728; x_wconf 78' lang='lat' dir='ltr'><strong>verbis,</strong></span> <span class='ocrx_word' id='word_1_526' title='bbox 2258 1665 2518 1732; x_wconf 82' lang='lat' dir='ltr'><strong>Beneﬁcia</strong></span> <span class='ocrx_word' id='word_1_527' title='bbox 2577 1666 2670 1720; x_wconf 81' lang='lat' dir='ltr'><strong>Dei</strong></span> <span class='ocrx_word' id='word_1_528' title='bbox 2703 1667 2886 1729; x_wconf 80' lang='lat' dir='ltr'><strong>nostri,</strong></span> <span class='ocrx_word' id='word_1_529' title='bbox 2951 1676 3076 1726; x_wconf 81' lang='lat' dir='ltr'><strong>ete.,</strong></span> <span class='ocrx_word' id='word_1_530' title='bbox 3127 1664 3434 1723; x_wconf 88' lang='lat' dir='ltr'><strong>inchoatur,</strong></span> <span class='ocrx_word' id='word_1_531' title='bbox 3465 1675 3586 1728; x_wconf 75' lang='lat' dir='ltr'><strong>quae</strong></span> 
     </span>
    </p>
   </div>
   <div class='ocr_carea' id='block_1_76' title="bbox 2024 1732 3582 1805">
    <p class='ocr_par' dir='ltr' id='par_1_76' title="bbox 2024 1732 3582 1805">
     <span class='ocr_line' id='line_1_76' title="bbox 2024 1732 3582 1805; baseline -0.004 -19"><span class='ocrx_word' id='word_1_532' title='bbox 2024 1750 2120 1786; x_wconf 80' lang='lat' dir='ltr'><strong>nos</strong></span> <span class='ocrx_word' id='word_1_533' title='bbox 2155 1737 2409 1790; x_wconf 87' lang='lat' dir='ltr'><strong>dictionis</strong></span> <span class='ocrx_word' id='word_1_534' title='bbox 2459 1737 2630 1805; x_wconf 80' lang='lat' dir='ltr'><strong>gratia</strong></span> <span class='ocrx_word' id='word_1_535' title='bbox 2657 1751 2684 1786; x_wconf 90' lang='lat' dir='ltr'><strong>a</strong></span> <span class='ocrx_word' id='word_1_536' title='bbox 2717 1735 3016 1788; x_wconf 80' lang='lat' dir='ltr'><strong>continenti</strong></span> <span class='ocrx_word' id='word_1_537' title='bbox 3052 1735 3195 1787; x_wconf 89' lang='lat' dir='ltr'><strong>serie</strong></span> <span class='ocrx_word' id='word_1_538' title='bbox 3211 1732 3582 1805; x_wconf 75' lang='lat' dir='ltr'><strong>_sejnni_titnns.</strong></span> 
     </span>
    </p>
   </div>
   <div class='ocr_carea' id='block_1_77' title="bbox 2023 1801 3586 1868">
    <p class='ocr_par' dir='ltr' id='par_1_77' title="bbox 2023 1801 3586 1868">
     <span class='ocr_line' id='line_1_77' title="bbox 2023 1801 3586 1868; baseline -0.002 -16"><span class='ocrx_word' id='word_1_539' title='bbox 2023 1807 2284 1858; x_wconf 55' lang='lat' dir='ltr'><strong>(Zaiternm</strong></span> <span class='ocrx_word' id='word_1_540' title='bbox 2316 1801 2571 1859; x_wconf 79' lang='lat' dir='ltr'><strong>Erasmus</strong></span> <span class='ocrx_word' id='word_1_541' title='bbox 2607 1809 2702 1868; x_wconf 86' lang='lat' dir='ltr'><strong>ait,</strong></span> <span class='ocrx_word' id='word_1_542' title='bbox 2759 1805 2970 1856; x_wconf 81' lang='lat' dir='ltr'><strong>Nullam</strong></span> <span class='ocrx_word' id='word_1_543' title='bbox 2998 1805 3082 1858; x_wconf 84' lang='lat' dir='ltr'><strong>hic</strong></span> <span class='ocrx_word' id='word_1_544' title='bbox 3115 1802 3361 1855; x_wconf 86' lang='lat' dir='ltr'><strong>umbram</strong></span> <span class='ocrx_word' id='word_1_545' title='bbox 3395 1801 3586 1854; x_wconf 81' lang='lat' dir='ltr'><strong>Hiero-</strong></span> 
     </span>
    </p>
   </div>
   <div class='ocr_carea' id='block_1_78' title="bbox 2025 1870 3584 1942">
    <p class='ocr_par' dir='ltr' id='par_1_78' title="bbox 2025 1870 3584 1942">
     <span class='ocr_line' id='line_1_78' title="bbox 2025 1870 3584 1942; baseline 0.001 -19"><span class='ocrx_word' id='word_1_546' title='bbox 2025 1876 2258 1942; x_wconf 79' lang='lat' dir='ltr'><strong>nymiani</strong></span> <span class='ocrx_word' id='word_1_547' title='bbox 2303 1876 2535 1942; x_wconf 84' lang='lat' dir='ltr'><strong>pectoris</strong></span> <span class='ocrx_word' id='word_1_548' title='bbox 2573 1877 2747 1938; x_wconf 79' lang='lat' dir='ltr'><strong>possis</strong></span> <span class='ocrx_word' id='word_1_549' title='bbox 2801 1873 3227 1942; x_wconf 85' lang='lat' dir='ltr'><strong>deprehendere.</strong></span> <span class='ocrx_word' id='word_1_550' title='bbox 3263 1870 3327 1925; x_wconf 71' lang='lat' dir='ltr'><strong>Et</strong></span> <span class='ocrx_word' id='word_1_551' title='bbox 3355 1873 3406 1925; x_wconf 89' lang='lat' dir='ltr'><strong>in</strong></span> <span class='ocrx_word' id='word_1_552' title='bbox 3462 1870 3584 1924; x_wconf 84' lang='lat' dir='ltr'><strong>aliis</strong></span> 
     </span>
    </p>
   </div>
   <div class='ocr_carea' id='block_1_79' title="bbox 2021 1944 3348 2012">
    <p class='ocr_par' dir='ltr' id='par_1_79' title="bbox 2021 1944 3348 2012">
     <span class='ocr_line' id='line_1_79' title="bbox 2021 1944 3348 2012; baseline -0.001 -16"><span class='ocrx_word' id='word_1_553' title='bbox 2021 1945 2297 1998; x_wconf 73' lang='lat' dir='ltr'><strong>ttulitzthns</strong></span> <span class='ocrx_word' id='word_1_554' title='bbox 2325 1945 2431 1998; x_wconf 85' lang='lat' dir='ltr'><strong>alio</strong></span> <span class='ocrx_word' id='word_1_555' title='bbox 2467 1958 2630 2012; x_wconf 83' lang='lat' dir='ltr'><strong>atque</strong></span> <span class='ocrx_word' id='word_1_556' title='bbox 2660 1947 2767 1996; x_wconf 86' lang='lat' dir='ltr'><strong>alio</strong></span> <span class='ocrx_word' id='word_1_557' title='bbox 2807 1944 2961 1998; x_wconf 89' lang='lat' dir='ltr'><strong>titulo</strong></span> <span class='ocrx_word' id='word_1_558' title='bbox 2992 1951 3348 2011; x_wconf 73' lang='lat' dir='ltr'><strong>praenotatur.</strong></span> 
     </span>
    </p>
   </div>
   <div class='ocr_carea' id='block_1_80' title="bbox 2514 2083 3094 2144">
    <p class='ocr_par' dir='ltr' id='par_1_80' title="bbox 2514 2083 3094 2144">
     <span class='ocr_line' id='line_1_80' title="bbox 2514 2083 3094 2144; baseline -0.007 -8"><span class='ocrx_word' id='word_1_559' title='bbox 2514 2083 2848 2137; x_wconf 73' lang='lat' dir='ltr'><strong>EPISTULA</strong></span> <span class='ocrx_word' id='word_1_560' title='bbox 2902 2083 3094 2144; x_wconf 69' lang='lat' dir='ltr'><strong>XXIV,</strong></span> 
     </span>
    </p>
   </div>
   <div class='ocr_carea' id='block_1_81' title="bbox 2251 2188 3346 2229">
    <p class='ocr_par' dir='ltr' id='par_1_81' title="bbox 2251 2188 3346 2229">
     <span class='ocr_line' id='line_1_81' title="bbox 2251 2188 3346 2229; baseline -0.002 -1"><span class='ocrx_word' id='word_1_561' title='bbox 2251 2188 2350 2228; x_wconf 69' lang='grc' dir='ltr'><strong>δεῖ]</strong></span> <span class='ocrx_word' id='word_1_562' title='bbox 2377 2189 2548 2228; x_wconf 64' lang='lat' dir='ltr'><strong>SER!!!)</strong></span> <span class='ocrx_word' id='word_1_563' title='bbox 2581 2191 2644 2228; x_wconf 82' lang='lat' dir='ltr'><strong>DE</strong></span> <span class='ocrx_word' id='word_1_564' title='bbox 2681 2188 3116 2229; x_wconf 70' lang='lat' dir='ltr'><strong>BI-LSURIIECTIONE</strong></span> <span class='ocrx_word' id='word_1_565' title='bbox 3145 2189 3346 2228; x_wconf 67' lang='lat' dir='ltr'><strong>DOIINI.</strong></span> 
     </span>
    </p>
   </div>
   <div class='ocr_carea' id='block_1_82' title="bbox 2122 2284 3587 2351">
    <p class='ocr_par' dir='ltr' id='par_1_82' title="bbox 2122 2284 3587 2351">
     <span class='ocr_line' id='line_1_82' title="bbox 2122 2284 3587 2351; baseline -0.003 -10"><span class='ocrx_word' id='word_1_566' title='bbox 2122 2328 2136 2341; x_wconf 87' lang='lat'><strong>.</strong></span> <span class='ocrx_word' id='word_1_567' title='bbox 2180 2287 2425 2350; x_wconf 59' lang='lat' dir='ltr'><strong>litt-ulta,</strong></span> <span class='ocrx_word' id='word_1_568' title='bbox 2460 2287 2666 2348; x_wconf 69' lang='lat' dir='ltr'><strong>caelatur.</strong></span> <span class='ocrx_word' id='word_1_569' title='bbox 2702 2297 2750 2340; x_wconf 83' lang='lat' dir='ltr'><strong>et</strong></span> <span class='ocrx_word' id='word_1_570' title='bbox 2776 2289 2830 2340; x_wconf 84' lang='lat' dir='ltr'><strong>in</strong></span> <span class='ocrx_word' id='word_1_571' title='bbox 2875 2289 3062 2341; x_wconf 69' lang='lat' dir='ltr'><strong>laetitia</strong></span> <span class='ocrx_word' id='word_1_572' title='bbox 3094 2298 3224 2348; x_wconf 86' lang='lat' dir='ltr'><strong>esto,</strong></span> <span class='ocrx_word' id='word_1_573' title='bbox 3261 2296 3403 2338; x_wconf 83' lang='lat' dir='ltr'><strong>terra</strong></span> <span class='ocrx_word' id='word_1_574' title='bbox 3447 2284 3587 2351; x_wconf 81' lang='lat' dir='ltr'><strong>(Jocl</strong></span> 
     </span>
    </p>
   </div>
   <div class='ocr_carea' id='block_1_83' title="bbox 2021 2378 3587 2447">
    <p class='ocr_par' dir='ltr' id='par_1_83' title="bbox 2021 2378 3587 2447">
     <span class='ocr_line' id='line_1_83' title="bbox 2021 2378 3587 2447; baseline -0.004 -13"><span class='ocrx_word' id='word_1_575' title='bbox 2021 2396 2081 2438; x_wconf 87' lang='lat' dir='ltr'><strong>ll.</strong></span> <span class='ocrx_word' id='word_1_576' title='bbox 2119 2380 2252 2446; x_wconf 72' lang='lat'><strong>‘21):</strong></span> <span class='ocrx_word' id='word_1_577' title='bbox 2287 2379 2406 2433; x_wconf 90' lang='lat' dir='ltr'><strong>dies</strong></span> <span class='ocrx_word' id='word_1_578' title='bbox 2449 2383 2550 2433; x_wconf 90' lang='lat' dir='ltr'><strong>iste</strong></span> <span class='ocrx_word' id='word_1_579' title='bbox 2585 2381 2816 2447; x_wconf 85' lang='lat' dir='ltr'><strong>amplius</strong></span> <span class='ocrx_word' id='word_1_580' title='bbox 2848 2379 3007 2434; x_wconf 89' lang='lat' dir='ltr'><strong>nobis</strong></span> <span class='ocrx_word' id='word_1_581' title='bbox 3037 2393 3106 2433; x_wconf 81' lang='lat' dir='ltr'><strong>ex</strong></span> <span class='ocrx_word' id='word_1_582' title='bbox 3129 2378 3378 2447; x_wconf 86' lang='lat' dir='ltr'><strong>sepulcro</strong></span> <span class='ocrx_word' id='word_1_583' title='bbox 3411 2379 3587 2432; x_wconf 82' lang='lat' dir='ltr'><strong>radia-</strong></span> 
     </span>
    </p>
   </div>
   <div class='ocr_carea' id='block_1_84' title="bbox 2019 2471 3587 2542">
    <p class='ocr_par' dir='ltr' id='par_1_84' title="bbox 2019 2471 3587 2542">
     <span class='ocr_line' id='line_1_84' title="bbox 2019 2471 3587 2542; baseline -0.001 -16"><span class='ocrx_word' id='word_1_584' title='bbox 2019 2474 2095 2526; x_wconf 89' lang='lat' dir='ltr'><strong>vit</strong></span> <span class='ocrx_word' id='word_1_585' title='bbox 2129 2488 2287 2541; x_wconf 82' lang='lat' dir='ltr'><strong>qnam</strong></span> <span class='ocrx_word' id='word_1_586' title='bbox 2321 2473 2391 2528; x_wconf 88' lang='lat' dir='ltr'><strong>de</strong></span> <span class='ocrx_word' id='word_1_587' title='bbox 2425 2472 2540 2527; x_wconf 87' lang='lat' dir='ltr'><strong>sole</strong></span> <span class='ocrx_word' id='word_1_588' title='bbox 2565 2472 2798 2526; x_wconf 81' lang='lat' dir='ltr'><strong>refulsit.</strong></span> <span class='ocrx_word' id='word_1_589' title='bbox 2829 2471 2966 2526; x_wconf 89' lang='lat' dir='ltr'><strong>Ovet</strong></span> <span class='ocrx_word' id='word_1_590' title='bbox 2996 2471 3240 2527; x_wconf 85' lang='lat' dir='ltr'><strong>infernus</strong></span> <span class='ocrx_word' id='word_1_591' title='bbox 3282 2473 3408 2542; x_wconf 90' lang='lat' dir='ltr'><strong>quia</strong></span> <span class='ocrx_word' id='word_1_592' title='bbox 3437 2487 3587 2526; x_wconf 77' lang='lat' dir='ltr'><strong>roso-</strong></span> 
     </span>
    </p>
   </div>
   <div class='ocr_carea' id='block_1_85' title="bbox 2021 2565 3583 2637">
    <p class='ocr_par' dir='ltr' id='par_1_85' title="bbox 2021 2565 3583 2637">
     <span class='ocr_line' id='line_1_85' title="bbox 2021 2565 3583 2637; baseline -0.004 -15"><span class='ocrx_word' id='word_1_593' title='bbox 2021 2569 2164 2622; x_wconf 85' lang='lat' dir='ltr'><strong>iuttts</strong></span> <span class='ocrx_word' id='word_1_594' title='bbox 2193 2579 2270 2622; x_wconf 80' lang='lat' dir='ltr'><strong>est</strong></span> <span class='ocrx_word' id='word_1_595' title='bbox 2305 2584 2320 2624; x_wconf 87' lang='lat'><strong>:</strong></span> <span class='ocrx_word' id='word_1_596' title='bbox 2344 2570 2597 2637; x_wconf 80' lang='lat' dir='ltr'><strong>gaudeat,</strong></span> <span class='ocrx_word' id='word_1_597' title='bbox 2619 2569 2746 2637; x_wconf 85' lang='lat' dir='ltr'><strong>quia</strong></span> <span class='ocrx_word' id='word_1_598' title='bbox 2776 2568 3026 2621; x_wconf 89' lang='lat' dir='ltr'><strong>visitatus</strong></span> <span class='ocrx_word' id='word_1_599' title='bbox 3048 2575 3131 2619; x_wconf 86' lang='lat' dir='ltr'><strong>est</strong></span> <span class='ocrx_word' id='word_1_600' title='bbox 3154 2582 3170 2622; x_wconf 88' lang='lat'><strong>:</strong></span> <span class='ocrx_word' id='word_1_601' title='bbox 3197 2565 3441 2626; x_wconf 85' lang='lat' dir='ltr'><strong>resultet.</strong></span> <span class='ocrx_word' id='word_1_602' title='bbox 3461 2565 3583 2633; x_wconf 77' lang='lat' dir='ltr'><strong>quia</strong></span> 
     </span>
    </p>
   </div>
   <div class='ocr_carea' id='block_1_86' title="bbox 2020 2655 3587 2728">
    <p class='ocr_par' dir='ltr' id='par_1_86' title="bbox 2020 2655 3587 2728">
     <span class='ocr_line' id='line_1_86' title="bbox 2020 2655 3587 2728; baseline -0.004 -16"><span class='ocrx_word' id='word_1_603' title='bbox 2020 2661 2257 2725; x_wconf 65' lang='lat' dir='ltr'><strong>ignotam</strong></span> <span class='ocrx_word' id='word_1_604' title='bbox 2291 2661 2462 2714; x_wconf 91' lang='lat' dir='ltr'><strong>lucem</strong></span> <span class='ocrx_word' id='word_1_605' title='bbox 2499 2669 2621 2728; x_wconf 90' lang='lat' dir='ltr'><strong>post</strong></span> <span class='ocrx_word' id='word_1_606' title='bbox 2649 2659 2842 2713; x_wconf 78' lang='lat' dir='ltr'><strong>srecnla</strong></span> <span class='ocrx_word' id='word_1_607' title='bbox 2891 2659 3047 2728; x_wconf 82' lang='lat' dir='ltr'><strong>longa</strong></span> <span class='ocrx_word' id='word_1_608' title='bbox 3078 2658 3234 2721; x_wconf 88' lang='lat' dir='ltr'><strong>vidit.</strong></span> <span class='ocrx_word' id='word_1_609' title='bbox 3285 2666 3338 2710; x_wconf 92' lang='lat' dir='ltr'><strong>et</strong></span> <span class='ocrx_word' id='word_1_610' title='bbox 3369 2655 3420 2708; x_wconf 90' lang='lat' dir='ltr'><strong>in</strong></span> <span class='ocrx_word' id='word_1_611' title='bbox 3457 2670 3587 2723; x_wconf 86' lang='lat' dir='ltr'><strong>pro-</strong></span> 
     </span>
    </p>
   </div>
   <div class='ocr_carea' id='block_1_87' title="bbox 2022 2747 3586 2819">
    <p class='ocr_par' dir='ltr' id='par_1_87' title="bbox 2022 2747 3586 2819">
     <span class='ocr_line' id='line_1_87' title="bbox 2022 2747 3586 2819; baseline -0.004 -14"><span class='ocrx_word' id='word_1_612' title='bbox 2022 2751 2200 2806; x_wconf 71' lang='lat' dir='ltr'><strong>funda:</strong></span> <span class='ocrx_word' id='word_1_613' title='bbox 2245 2753 2419 2805; x_wconf 86' lang='lat' dir='ltr'><strong>noctis</strong></span> <span class='ocrx_word' id='word_1_614' title='bbox 2475 2752 2708 2819; x_wconf 69' lang='lat' dir='ltr'><strong>caligine</strong></span> <span class='ocrx_word' id='word_1_615' title='bbox 2740 2751 3046 2818; x_wconf 82' lang='lat' dir='ltr'><strong>respiravit.</strong></span> <span class='ocrx_word' id='word_1_616' title='bbox 3095 2749 3140 2804; x_wconf 91' lang='grc' dir='ltr'><strong>Ο</strong></span> <span class='ocrx_word' id='word_1_617' title='bbox 3189 2749 3410 2818; x_wconf 87' lang='lat' dir='ltr'><strong>pulchra</strong></span> <span class='ocrx_word' id='word_1_618' title='bbox 3473 2747 3586 2812; x_wconf 76' lang='lat' dir='ltr'><strong>lux,</strong></span> 
     </span>
    </p>
   </div>
   <div class='ocr_carea' id='block_1_88' title="bbox 2019 2838 3590 2911">
    <p class='ocr_par' dir='ltr' id='par_1_88' title="bbox 2019 2838 3590 2911">
     <span class='ocr_line' id='line_1_88' title="bbox 2019 2838 3590 2911; baseline 0.003 -23"><span class='ocrx_word' id='word_1_619' title='bbox 2019 2856 2136 2908; x_wconf 70' lang='lat' dir='ltr'><strong>qua:</strong></span> <span class='ocrx_word' id='word_1_620' title='bbox 2167 2841 2234 2894; x_wconf 88' lang='lat' dir='ltr'><strong>de</strong></span> <span class='ocrx_word' id='word_1_621' title='bbox 2263 2841 2497 2894; x_wconf 82' lang='lat' dir='ltr'><strong>candido</strong></span> <span class='ocrx_word' id='word_1_622' title='bbox 2536 2842 2658 2894; x_wconf 71' lang='grc' dir='ltr'><strong>ω)ὶί</strong></span> <span class='ocrx_word' id='word_1_623' title='bbox 2698 2841 2914 2911; x_wconf 81' lang='lat' dir='ltr'><strong>fastigio</strong></span> <span class='ocrx_word' id='word_1_624' title='bbox 2947 2841 3264 2911; x_wconf 88' lang='lat' dir='ltr'><strong>promicasti</strong></span> <span class='ocrx_word' id='word_1_625' title='bbox 3293 2857 3308 2894; x_wconf 90' lang='lat'><strong>:</strong></span> <span class='ocrx_word' id='word_1_626' title='bbox 3343 2847 3396 2894; x_wconf 88' lang='lat' dir='ltr'><strong>et</strong></span> <span class='ocrx_word' id='word_1_627' title='bbox 3446 2838 3590 2893; x_wconf 88' lang='lat' dir='ltr'><strong>inter</strong></span> 
     </span>
    </p>
   </div>
   <div class='ocr_carea' id='block_1_89' title="bbox 2019 2929 3587 3000">
    <p class='ocr_par' dir='ltr' id='par_1_89' title="bbox 2019 2929 3587 3000">
     <span class='ocr_line' id='line_1_89' title="bbox 2019 2929 3587 3000; baseline -0.001 -15"><span class='ocrx_word' id='word_1_628' title='bbox 2019 2931 2217 2986; x_wconf 85' lang='lat' dir='ltr'><strong>fluenta</strong></span> <span class='ocrx_word' id='word_1_629' title='bbox 2252 2947 2516 3000; x_wconf 88' lang='lat' dir='ltr'><strong>purpurea</strong></span> <span class='ocrx_word' id='word_1_630' title='bbox 2551 2935 2804 2988; x_wconf 88' lang='lat' dir='ltr'><strong>sedentes</strong></span> <span class='ocrx_word' id='word_1_631' title='bbox 2834 2934 2886 2986; x_wconf 90' lang='lat' dir='ltr'><strong>in</strong></span> <span class='ocrx_word' id='word_1_632' title='bbox 2928 2933 3188 2997; x_wconf 87' lang='lat' dir='ltr'><strong>tenebris,</strong></span> <span class='ocrx_word' id='word_1_633' title='bbox 3215 2939 3270 2986; x_wconf 88' lang='lat' dir='ltr'><strong>et</strong></span> <span class='ocrx_word' id='word_1_634' title='bbox 3312 2929 3366 2984; x_wconf 89' lang='lat' dir='ltr'><strong>in</strong></span> <span class='ocrx_word' id='word_1_635' title='bbox 3394 2931 3587 2984; x_wconf 87' lang='lat' dir='ltr'><strong>umbra</strong></span> 
     </span>
    </p>
   </div>
   <div class='ocr_carea' id='block_1_90' title="bbox 2024 3023 2940 3080">
    <p class='ocr_par' dir='ltr' id='par_1_90' title="bbox 2024 3023 2940 3080">
     <span class='ocr_line' id='line_1_90' title="bbox 2024 3023 2940 3080; baseline 0.001 -3"><span class='ocrx_word' id='word_1_636' title='bbox 2024 3024 2214 3078; x_wconf 80' lang='lat' dir='ltr'><strong>mortis</strong></span> <span class='ocrx_word' id='word_1_637' title='bbox 2245 3023 2420 3078; x_wconf 87' lang='lat' dir='ltr'><strong>subita</strong></span> <span class='ocrx_word' id='word_1_638' title='bbox 2452 3023 2702 3079; x_wconf 86' lang='lat' dir='ltr'><strong>claritate</strong></span> <span class='ocrx_word' id='word_1_639' title='bbox 2733 3025 2940 3080; x_wconf 89' lang='lat' dir='ltr'><strong>vestisti</strong></span> 
     </span>
    </p>
   </div>
   <div class='ocr_carea' id='block_1_91' title="bbox 2093 3114 3589 3185">
    <p class='ocr_par' dir='ltr' id='par_1_91' title="bbox 2093 3114 3589 3185">
     <span class='ocr_line' id='line_1_91' title="bbox 2093 3114 3589 3185; baseline -0.001 -18"><span class='ocrx_word' id='word_1_640' title='bbox 2093 3114 2159 3168; x_wconf 92' lang='lat' dir='ltr'><strong>ll.</strong></span> <span class='ocrx_word' id='word_1_641' title='bbox 2222 3115 2522 3170; x_wconf 85' lang='lat' dir='ltr'><strong>Confestim</strong></span> <span class='ocrx_word' id='word_1_642' title='bbox 2590 3117 2754 3185; x_wconf 78' lang='lat' dir='ltr'><strong>igitur</strong></span> <span class='ocrx_word' id='word_1_643' title='bbox 2810 3124 3013 3172; x_wconf 62' lang='lat' dir='ltr'><strong>interna</strong></span> <span class='ocrx_word' id='word_1_644' title='bbox 3077 3133 3178 3170; x_wconf 83' lang='lat' dir='ltr'><strong>nox</strong></span> <span class='ocrx_word' id='word_1_645' title='bbox 3232 3115 3589 3177; x_wconf 73' lang='lat' dir='ltr'><strong>infer-norum.</strong></span> 
     </span>
    </p>
   </div>
   <div class='ocr_carea' id='block_1_92' title="bbox 2023 3188 3590 3275">
    <p class='ocr_par' dir='ltr' id='par_1_92' title="bbox 2023 3188 3590 3275">
     <span class='ocr_line' id='line_1_92' title="bbox 2023 3188 3590 3275; baseline 0.005 -17"><span class='ocrx_word' id='word_1_646' title='bbox 2023 3204 2243 3260; x_wconf 84' lang='lat' dir='ltr'><strong>Christo</strong></span> <span class='ocrx_word' id='word_1_647' title='bbox 2295 3188 2685 3273; x_wconf 77' lang='lat' dir='ltr'><strong>descendente,</strong></span> <span class='ocrx_word' id='word_1_648' title='bbox 2747 3208 3128 3275; x_wconf 83' lang='lat' dir='ltr'><strong>resplenduit:</strong></span> <span class='ocrx_word' id='word_1_649' title='bbox 3181 3209 3330 3264; x_wconf 86' lang='lat' dir='ltr'><strong>siluit</strong></span> <span class='ocrx_word' id='word_1_650' title='bbox 3385 3209 3590 3266; x_wconf 86' lang='lat' dir='ltr'><strong>stridor</strong></span> 
     </span>
    </p>
   </div>
   <div class='ocr_carea' id='block_1_93' title="bbox 2023 3299 3588 3369">
    <p class='ocr_par' dir='ltr' id='par_1_93' title="bbox 2023 3299 3588 3369">
     <span class='ocr_line' id='line_1_93' title="bbox 2023 3299 3588 3369; baseline 0.001 -18"><span class='ocrx_word' id='word_1_651' title='bbox 2023 3299 2110 3353; x_wconf 91' lang='lat' dir='ltr'><strong>ille</strong></span> <span class='ocrx_word' id='word_1_652' title='bbox 2143 3299 2461 3368; x_wconf 77' lang='lat' dir='ltr'><strong>lugentium,</strong></span> <span class='ocrx_word' id='word_1_653' title='bbox 2493 3300 2709 3369; x_wconf 89' lang='lat' dir='ltr'><strong>dirupta</strong></span> <span class='ocrx_word' id='word_1_654' title='bbox 2741 3301 3055 3355; x_wconf 88' lang='lat' dir='ltr'><strong>ceciderunt</strong></span> <span class='ocrx_word' id='word_1_655' title='bbox 3113 3300 3326 3355; x_wconf 86' lang='lat' dir='ltr'><strong>vincula</strong></span> <span class='ocrx_word' id='word_1_656' title='bbox 3359 3300 3588 3354; x_wconf 82' lang='lat' dir='ltr'><strong>damna-</strong></span> 
     </span>
    </p>
   </div>
   <div class='ocr_carea' id='block_1_94' title="bbox 2024 3392 3584 3461">
    <p class='ocr_par' dir='ltr' id='par_1_94' title="bbox 2024 3392 3584 3461">
     <span class='ocr_line' id='line_1_94' title="bbox 2024 3392 3584 3461; baseline 0.001 -19"><span class='ocrx_word' id='word_1_657' title='bbox 2024 3399 2241 3447; x_wconf 82' lang='lat' dir='ltr'><strong>torum:</strong></span> <span class='ocrx_word' id='word_1_658' title='bbox 2312 3392 2557 3444; x_wconf 69' lang='lat' dir='ltr'><strong>attonita:</strong></span> <span class='ocrx_word' id='word_1_659' title='bbox 2612 3402 2822 3446; x_wconf 89' lang='lat' dir='ltr'><strong>mentes</strong></span> <span class='ocrx_word' id='word_1_660' title='bbox 2887 3393 3219 3461; x_wconf 83' lang='lat' dir='ltr'><strong>obstupnere</strong></span> <span class='ocrx_word' id='word_1_661' title='bbox 3275 3401 3584 3444; x_wconf 88' lang='lat' dir='ltr'><strong>tortormn:</strong></span> 
     </span>
    </p>
   </div>
   <div class='ocr_carea' id='block_1_95' title="bbox 2025 3482 3588 3552">
    <p class='ocr_par' dir='ltr' id='par_1_95' title="bbox 2025 3482 3588 3552">
     <span class='ocr_line' id='line_1_95' title="bbox 2025 3482 3588 3552; baseline 0 -17"><span class='ocrx_word' id='word_1_662' title='bbox 2025 3483 2203 3536; x_wconf 89' lang='lat' dir='ltr'><strong>omnis</strong></span> <span class='ocrx_word' id='word_1_663' title='bbox 2233 3482 2393 3535; x_wconf 83' lang='lat' dir='ltr'><strong>simul</strong></span> <span class='ocrx_word' id='word_1_664' title='bbox 2425 3483 2636 3536; x_wconf 79' lang='lat' dir='ltr'><strong>oﬂicina</strong></span> <span class='ocrx_word' id='word_1_665' title='bbox 2669 3483 2831 3552; x_wconf 87' lang='lat' dir='ltr'><strong>impia</strong></span> <span class='ocrx_word' id='word_1_666' title='bbox 2865 3485 3215 3550; x_wconf 88' lang='lat' dir='ltr'><strong>contremuit,</strong></span> <span class='ocrx_word' id='word_1_667' title='bbox 3268 3500 3389 3538; x_wconf 90' lang='lat' dir='ltr'><strong>cum</strong></span> <span class='ocrx_word' id='word_1_668' title='bbox 3427 3483 3588 3538; x_wconf 80' lang='lat' dir='ltr'><strong>Chri-</strong></span> 
     </span>
    </p>
   </div>
   <div class='ocr_carea' id='block_1_96' title="bbox 2028 3575 3589 3646">
    <p class='ocr_par' dir='ltr' id='par_1_96' title="bbox 2028 3575 3589 3646">
     <span class='ocr_line' id='line_1_96' title="bbox 2028 3575 3589 3646; baseline 0 -18"><span class='ocrx_word' id='word_1_669' title='bbox 2028 3585 2170 3628; x_wconf 85' lang='lat' dir='ltr'><strong>stum</strong></span> <span class='ocrx_word' id='word_1_670' title='bbox 2199 3586 2423 3644; x_wconf 86' lang='lat' dir='ltr'><strong>repente</strong></span> <span class='ocrx_word' id='word_1_671' title='bbox 2456 3577 2505 3628; x_wconf 92' lang='lat' dir='ltr'><strong>in</strong></span> <span class='ocrx_word' id='word_1_672' title='bbox 2538 3575 2652 3630; x_wconf 84' lang='lat' dir='ltr'><strong>suis</strong></span> <span class='ocrx_word' id='word_1_673' title='bbox 2700 3576 2918 3631; x_wconf 87' lang='lat' dir='ltr'><strong>sedibus</strong></span> <span class='ocrx_word' id='word_1_674' title='bbox 2944 3577 3098 3634; x_wconf 90' lang='lat' dir='ltr'><strong>vidit.</strong></span> <span class='ocrx_word' id='word_1_675' title='bbox 3131 3576 3253 3634; x_wconf 76' lang='lat' dir='ltr'><strong>Mox</strong></span> <span class='ocrx_word' id='word_1_676' title='bbox 3287 3575 3452 3646; x_wconf 73' lang='lat' dir='ltr'><strong>igitur</strong></span> <span class='ocrx_word' id='word_1_677' title='bbox 3482 3576 3589 3630; x_wconf 85' lang='lat' dir='ltr'><strong>fer-</strong></span> 
     </span>
    </p>
   </div>
   <div class='ocr_carea' id='block_1_97' title="bbox 2024 3666 3590 3734">
    <p class='ocr_par' dir='ltr' id='par_1_97' title="bbox 2024 3666 3590 3734">
     <span class='ocr_line' id='line_1_97' title="bbox 2024 3666 3590 3734; baseline -0.001 -14"><span class='ocrx_word' id='word_1_678' title='bbox 2024 3667 2228 3734; x_wconf 77' lang='lat' dir='ltr'><strong>ruginei</strong></span> <span class='ocrx_word' id='word_1_679' title='bbox 2273 3666 2566 3734; x_wconf 87' lang='lat' dir='ltr'><strong>janitores.</strong></span> <span class='ocrx_word' id='word_1_680' title='bbox 2603 3668 2964 3722; x_wconf 85' lang='lat' dir='ltr'><strong>descendente</strong></span> <span class='ocrx_word' id='word_1_681' title='bbox 2993 3669 3231 3728; x_wconf 85' lang='lat' dir='ltr'><strong>Christo,</strong></span> <span class='ocrx_word' id='word_1_682' title='bbox 3287 3668 3411 3721; x_wconf 85' lang='lat' dir='ltr'><strong>talia</strong></span> <span class='ocrx_word' id='word_1_683' title='bbox 3449 3669 3590 3720; x_wconf 85' lang='lat' dir='ltr'><strong>inter</strong></span> 
     </span>
    </p>
   </div>
   <div class='ocr_carea' id='block_1_98' title="bbox 2023 3759 3563 3828">
    <p class='ocr_par' dir='ltr' id='par_1_98' title="bbox 2023 3759 3563 3828">
     <span class='ocr_line' id='line_1_98' title="bbox 2023 3759 3563 3828; baseline 0 -16"><span class='ocrx_word' id='word_1_684' title='bbox 2023 3774 2082 3813; x_wconf 90' lang='lat' dir='ltr'><strong>se</strong></span> <span class='ocrx_word' id='word_1_685' title='bbox 2107 3759 2233 3813; x_wconf 65' lang='lat' dir='ltr'><strong>caeci</strong></span> <span class='ocrx_word' id='word_1_686' title='bbox 2265 3775 2362 3828; x_wconf 90' lang='lat' dir='ltr'><strong>per</strong></span> <span class='ocrx_word' id='word_1_687' title='bbox 2400 3760 2652 3814; x_wconf 87' lang='lat' dir='ltr'><strong>umbrosa</strong></span> <span class='ocrx_word' id='word_1_688' title='bbox 2682 3760 2896 3814; x_wconf 85' lang='lat' dir='ltr'><strong>silentia</strong></span> <span class='ocrx_word' id='word_1_689' title='bbox 2930 3775 3049 3814; x_wconf 89' lang='lat' dir='ltr'><strong>cum</strong></span> <span class='ocrx_word' id='word_1_690' title='bbox 3081 3761 3275 3814; x_wconf 88' lang='lat' dir='ltr'><strong>umbra</strong></span> <span class='ocrx_word' id='word_1_691' title='bbox 3337 3761 3563 3815; x_wconf 90' lang='lat' dir='ltr'><strong>submnr</strong></span> 
     </span>
    </p>
   </div>
   <div class='ocr_carea' id='block_1_99' title="bbox 2027 3849 3589 3916">
    <p class='ocr_par' dir='ltr' id='par_1_99' title="bbox 2027 3849 3589 3916">
     <span class='ocr_line' id='line_1_99' title="bbox 2027 3849 3589 3916; baseline -0.001 -12"><span class='ocrx_word' id='word_1_692' title='bbox 2027 3860 2278 3904; x_wconf 80' lang='lat' dir='ltr'><strong>tnurant:</strong></span> <span class='ocrx_word' id='word_1_693' title='bbox 2314 3849 2572 3916; x_wconf 85' lang='lat' dir='ltr'><strong>Quisnam</strong></span> <span class='ocrx_word' id='word_1_694' title='bbox 2602 3859 2684 3904; x_wconf 80' lang='lat' dir='ltr'><strong>est</strong></span> <span class='ocrx_word' id='word_1_695' title='bbox 2715 3852 2816 3904; x_wconf 90' lang='lat' dir='ltr'><strong>iste</strong></span> <span class='ocrx_word' id='word_1_696' title='bbox 2850 3851 3130 3915; x_wconf 89' lang='lat' dir='ltr'><strong>terribilis,</strong></span> <span class='ocrx_word' id='word_1_697' title='bbox 3159 3860 3215 3905; x_wconf 92' lang='lat' dir='ltr'><strong>et</strong></span> <span class='ocrx_word' id='word_1_698' title='bbox 3243 3850 3380 3904; x_wconf 86' lang='lat' dir='ltr'><strong>miro</strong></span> <span class='ocrx_word' id='word_1_699' title='bbox 3406 3851 3589 3915; x_wconf 80' lang='lat' dir='ltr'><strong>splen-</strong></span> 
     </span>
    </p>
   </div>
   <div class='ocr_carea' id='block_1_100' title="bbox 2026 3939 3591 4010">
    <p class='ocr_par' dir='ltr' id='par_1_100' title="bbox 2026 3939 3591 4010">
     <span class='ocr_line' id='line_1_100' title="bbox 2026 3939 3591 4010; baseline 0.001 -16"><span class='ocrx_word' id='word_1_700' title='bbox 2026 3942 2157 3994; x_wconf 90' lang='lat' dir='ltr'><strong>dore</strong></span> <span class='ocrx_word' id='word_1_701' title='bbox 2210 3956 2473 3995; x_wconf 89' lang='lat' dir='ltr'><strong>coruscus</strong></span> <span class='ocrx_word' id='word_1_702' title='bbox 2518 3942 2540 3994; x_wconf 71' lang='lat'><strong>7</strong></span> <span class='ocrx_word' id='word_1_703' title='bbox 2587 3939 2873 4009; x_wconf 82' lang='lat' dir='ltr'><strong>Nunquam</strong></span> <span class='ocrx_word' id='word_1_704' title='bbox 2931 3942 3090 3994; x_wconf 87' lang='lat' dir='ltr'><strong>talem</strong></span> <span class='ocrx_word' id='word_1_705' title='bbox 3139 3951 3328 4010; x_wconf 81' lang='lat' dir='ltr'><strong>noster</strong></span> <span class='ocrx_word' id='word_1_706' title='bbox 3379 3942 3591 4010; x_wconf 80' lang='lat' dir='ltr'><strong>excepit</strong></span> 
     </span>
    </p>
   </div>
   <div class='ocr_carea' id='block_1_101' title="bbox 2029 4031 3590 4101">
    <p class='ocr_par' dir='ltr' id='par_1_101' title="bbox 2029 4031 3590 4101">
     <span class='ocr_line' id='line_1_101' title="bbox 2029 4031 3590 4101; baseline 0.003 -15"><span class='ocrx_word' id='word_1_707' title='bbox 2029 4042 2268 4086; x_wconf 85' lang='lat' dir='ltr'><strong>tartarus</strong></span> <span class='ocrx_word' id='word_1_708' title='bbox 2290 4071 2305 4086; x_wconf 93' lang='lat'><strong>.</strong></span> <span class='ocrx_word' id='word_1_709' title='bbox 2340 4031 2624 4101; x_wconf 82' lang='lat' dir='ltr'><strong>Nunquam</strong></span> <span class='ocrx_word' id='word_1_710' title='bbox 2667 4033 2720 4086; x_wconf 90' lang='lat' dir='ltr'><strong>in</strong></span> <span class='ocrx_word' id='word_1_711' title='bbox 2774 4042 2956 4087; x_wconf 76' lang='lat' dir='ltr'><strong>nostra</strong></span> <span class='ocrx_word' id='word_1_712' title='bbox 2983 4047 3211 4088; x_wconf 88' lang='lat' dir='ltr'><strong>caverna</strong></span> <span class='ocrx_word' id='word_1_713' title='bbox 3274 4033 3431 4086; x_wconf 81' lang='lat' dir='ltr'><strong>talem</strong></span> <span class='ocrx_word' id='word_1_714' title='bbox 3460 4050 3590 4090; x_wconf 82' lang='lat' dir='ltr'><strong>evo-</strong></span> 
     </span>
    </p>
   </div>
   <div class='ocr_carea' id='block_1_102' title="bbox 2029 4124 3590 4186">
    <p class='ocr_par' dir='ltr' id='par_1_102' title="bbox 2029 4124 3590 4186">
     <span class='ocr_line' id='line_1_102' title="bbox 2029 4124 3590 4186; baseline 0.003 -12"><span class='ocrx_word' id='word_1_715' title='bbox 2029 4124 2164 4176; x_wconf 89' lang='lat' dir='ltr'><strong>muit</strong></span> <span class='ocrx_word' id='word_1_716' title='bbox 2195 4125 2468 4176; x_wconf 87' lang='lat' dir='ltr'><strong>nntndns:</strong></span> <span class='ocrx_word' id='word_1_717' title='bbox 2511 4127 2732 4177; x_wconf 84' lang='lat' dir='ltr'><strong>invasor</strong></span> <span class='ocrx_word' id='word_1_718' title='bbox 2782 4131 2866 4179; x_wconf 86' lang='lat' dir='ltr'><strong>est</strong></span> <span class='ocrx_word' id='word_1_719' title='bbox 2930 4124 3052 4186; x_wconf 88' lang='lat' dir='ltr'><strong>iste,</strong></span> <span class='ocrx_word' id='word_1_720' title='bbox 3117 4139 3220 4177; x_wconf 86' lang='lat' dir='ltr'><strong>non</strong></span> <span class='ocrx_word' id='word_1_721' title='bbox 3253 4125 3501 4178; x_wconf 88' lang='lat' dir='ltr'><strong>debitor:</strong></span> <span class='ocrx_word' id='word_1_722' title='bbox 3534 4134 3590 4180; x_wconf 89' lang='lat' dir='ltr'><strong>et</strong></span> 
     </span>
    </p>
   </div>
   <div class='ocr_carea' id='block_1_103' title="bbox 2026 4212 3590 4286">
    <p class='ocr_par' dir='ltr' id='par_1_103' title="bbox 2026 4212 3590 4286">
     <span class='ocr_line' id='line_1_103' title="bbox 2026 4212 3590 4286; baseline 0.002 -19"><span class='ocrx_word' id='word_1_723' title='bbox 2026 4213 2233 4268; x_wconf 88' lang='lat' dir='ltr'><strong>fractor</strong></span> <span class='ocrx_word' id='word_1_724' title='bbox 2289 4212 2400 4284; x_wconf 79' lang='lat' dir='ltr'><strong>[AL</strong></span> <span class='ocrx_word' id='word_1_725' title='bbox 2465 4212 2660 4286; x_wconf 89' lang='lat' dir='ltr'><strong>factor]</strong></span> <span class='ocrx_word' id='word_1_726' title='bbox 2707 4225 2816 4280; x_wconf 90' lang='lat' dir='ltr'><strong>est,</strong></span> <span class='ocrx_word' id='word_1_727' title='bbox 2870 4231 2974 4268; x_wconf 89' lang='lat' dir='ltr'><strong>non</strong></span> <span class='ocrx_word' id='word_1_728' title='bbox 3035 4225 3320 4281; x_wconf 87' lang='lat' dir='ltr'><strong>precator:</strong></span> <span class='ocrx_word' id='word_1_729' title='bbox 3355 4215 3590 4281; x_wconf 83' lang='lat' dir='ltr'><strong>judicent</strong></span> 
     </span>
    </p>
   </div>
   <div class='ocr_carea' id='block_1_104' title="bbox 2028 4305 3592 4374">
    <p class='ocr_par' dir='ltr' id='par_1_104' title="bbox 2028 4305 3592 4374">
     <span class='ocr_line' id='line_1_104' title="bbox 2028 4305 3592 4374; baseline 0.004 -18"><span class='ocrx_word' id='word_1_730' title='bbox 2028 4305 2293 4371; x_wconf 86' lang='lat' dir='ltr'><strong>videmus,</strong></span> <span class='ocrx_word' id='word_1_731' title='bbox 2356 4321 2460 4359; x_wconf 90' lang='lat' dir='ltr'><strong>non</strong></span> <span class='ocrx_word' id='word_1_732' title='bbox 2533 4305 2877 4374; x_wconf 83' lang='lat' dir='ltr'><strong>supplicem:</strong></span> <span class='ocrx_word' id='word_1_733' title='bbox 2937 4319 3179 4373; x_wconf 76' lang='lat' dir='ltr'><strong>pugnare</strong></span> <span class='ocrx_word' id='word_1_734' title='bbox 3250 4307 3419 4370; x_wconf 88' lang='lat' dir='ltr'><strong>venit,</strong></span> <span class='ocrx_word' id='word_1_735' title='bbox 3485 4323 3592 4362; x_wconf 80' lang='lat' dir='ltr'><strong>nun.</strong></span> 
     </span>
    </p>
   </div>
   <div class='ocr_carea' id='block_1_105' title="bbox 2028 4395 3590 4465">
    <p class='ocr_par' dir='ltr' id='par_1_105' title="bbox 2028 4395 3590 4465">
     <span class='ocr_line' id='line_1_105' title="bbox 2028 4395 3590 4465; baseline 0.001 -17"><span class='ocrx_word' id='word_1_736' title='bbox 2028 4395 2377 4450; x_wconf 90' lang='lat' dir='ltr'><strong>succumbere</strong></span> <span class='ocrx_word' id='word_1_737' title='bbox 2404 4413 2419 4450; x_wconf 91' lang='lat'><strong>:</strong></span> <span class='ocrx_word' id='word_1_738' title='bbox 2448 4395 2684 4465; x_wconf 88' lang='lat' dir='ltr'><strong>eripere,</strong></span> <span class='ocrx_word' id='word_1_739' title='bbox 2717 4411 2821 4450; x_wconf 87' lang='lat' dir='ltr'><strong>non</strong></span> <span class='ocrx_word' id='word_1_740' title='bbox 2856 4413 3094 4452; x_wconf 87' lang='lat' dir='ltr'><strong>manere.</strong></span> <span class='ocrx_word' id='word_1_741' title='bbox 3148 4397 3400 4464; x_wconf 85' lang='lat' dir='ltr'><strong>Ubinam,</strong></span> <span class='ocrx_word' id='word_1_742' title='bbox 3431 4408 3590 4465; x_wconf 81' lang='lat' dir='ltr'><strong>puta-</strong></span> 
     </span>
    </p>
   </div>
   <div class='ocr_carea' id='block_1_106' title="bbox 2028 4487 3592 4557">
    <p class='ocr_par' dir='ltr' id='par_1_106' title="bbox 2028 4487 3592 4557">
     <span class='ocr_line' id='line_1_106' title="bbox 2028 4487 3592 4557; baseline 0.001 -15"><span class='ocrx_word' id='word_1_743' title='bbox 2028 4489 2115 4551; x_wconf 87' lang='lat' dir='ltr'><strong>tis.</strong></span> <span class='ocrx_word' id='word_1_744' title='bbox 2149 4489 2278 4541; x_wconf 91' lang='lat' dir='ltr'><strong>socii</strong></span> <span class='ocrx_word' id='word_1_745' title='bbox 2322 4490 2489 4542; x_wconf 89' lang='lat' dir='ltr'><strong>nostri</strong></span> <span class='ocrx_word' id='word_1_746' title='bbox 2524 4504 2587 4544; x_wconf 87' lang='lat' dir='ltr'><strong>ac</strong></span> <span class='ocrx_word' id='word_1_747' title='bbox 2621 4487 2884 4557; x_wconf 77' lang='lat' dir='ltr'><strong>ianitores</strong></span> <span class='ocrx_word' id='word_1_748' title='bbox 2923 4491 3288 4556; x_wconf 87' lang='lat' dir='ltr'><strong>dormiebant,</strong></span> <span class='ocrx_word' id='word_1_749' title='bbox 3341 4507 3462 4545; x_wconf 83' lang='lat' dir='ltr'><strong>cum</strong></span> <span class='ocrx_word' id='word_1_750' title='bbox 3503 4491 3592 4544; x_wconf 87' lang='lat' dir='ltr'><strong>ille</strong></span> 
     </span>
    </p>
   </div>
   <div class='ocr_carea' id='block_1_107' title="bbox 2023 4580 3589 4644">
    <p class='ocr_par' dir='ltr' id='par_1_107' title="bbox 2023 4580 3589 4644">
     <span class='ocr_line' id='line_1_107' title="bbox 2023 4580 3589 4644; baseline 0.001 -10"><span class='ocrx_word' id='word_1_751' title='bbox 2023 4580 2320 4634; x_wconf 85' lang='lat' dir='ltr'><strong>debellator</strong></span> <span class='ocrx_word' id='word_1_752' title='bbox 2346 4582 2585 4635; x_wconf 89' lang='lat' dir='ltr'><strong>claustra</strong></span> <span class='ocrx_word' id='word_1_753' title='bbox 2613 4584 2882 4636; x_wconf 79' lang='lat' dir='ltr'><strong>vexabat?</strong></span> <span class='ocrx_word' id='word_1_754' title='bbox 2911 4583 3016 4637; x_wconf 87' lang='lat' dir='ltr'><strong>lste</strong></span> <span class='ocrx_word' id='word_1_755' title='bbox 3043 4583 3086 4636; x_wconf 83' lang='lat' dir='ltr'><strong>si</strong></span> <span class='ocrx_word' id='word_1_756' title='bbox 3140 4599 3262 4636; x_wconf 87' lang='lat' dir='ltr'><strong>rens</strong></span> <span class='ocrx_word' id='word_1_757' title='bbox 3289 4592 3450 4644; x_wconf 80' lang='lat' dir='ltr'><strong>esset.</strong></span> <span class='ocrx_word' id='word_1_758' title='bbox 3488 4597 3589 4636; x_wconf 64' lang='lat' dir='ltr'><strong>auo</strong></span> 
     </span>
    </p>
   </div>
   <div class='ocr_carea' id='block_1_108' title="bbox 2023 4673 3590 4743">
    <p class='ocr_par' dir='ltr' id='par_1_108' title="bbox 2023 4673 3590 4743">
     <span class='ocr_line' id='line_1_108' title="bbox 2023 4673 3590 4743; baseline -0.001 -18"><span class='ocrx_word' id='word_1_759' title='bbox 2023 4675 2125 4725; x_wconf 66' lang='lat' dir='ltr'><strong>das</strong></span> <span class='ocrx_word' id='word_1_760' title='bbox 2181 4687 2286 4725; x_wconf 92' lang='lat' dir='ltr'><strong>non</strong></span> <span class='ocrx_word' id='word_1_761' title='bbox 2323 4679 2488 4727; x_wconf 82' lang='lat' dir='ltr'><strong>esset.</strong></span> <span class='ocrx_word' id='word_1_762' title='bbox 2547 4673 2604 4726; x_wconf 86' lang='lat' dir='ltr'><strong>Si</strong></span> <span class='ocrx_word' id='word_1_763' title='bbox 2628 4687 2751 4726; x_wconf 89' lang='lat' dir='ltr'><strong>eum</strong></span> <span class='ocrx_word' id='word_1_764' title='bbox 2814 4675 2996 4743; x_wconf 86' lang='lat' dir='ltr'><strong>aliqua</strong></span> <span class='ocrx_word' id='word_1_765' title='bbox 3033 4674 3229 4728; x_wconf 89' lang='lat' dir='ltr'><strong>delicta</strong></span> <span class='ocrx_word' id='word_1_766' title='bbox 3291 4675 3590 4738; x_wconf 67' lang='lat' dir='ltr'><strong>fuscaret”,</strong></span> 
     </span>
    </p>
   </div>
   <div class='ocr_carea' id='block_1_109' title="bbox 2024 4766 3554 4834">
    <p class='ocr_par' dir='ltr' id='par_1_109' title="bbox 2024 4766 3554 4834">
     <span class='ocr_line' id='line_1_109' title="bbox 2024 4766 3554 4834; baseline 0.004 -17"><span class='ocrx_word' id='word_1_767' title='bbox 2024 4780 2300 4832; x_wconf 90' lang='lat' dir='ltr'><strong>nunquam</strong></span> <span class='ocrx_word' id='word_1_768' title='bbox 2334 4766 2539 4834; x_wconf 76' lang='lat' dir='ltr'><strong>fulgore</strong></span> <span class='ocrx_word' id='word_1_769' title='bbox 2593 4783 2689 4820; x_wconf 89' lang='lat' dir='ltr'><strong>suo</strong></span> <span class='ocrx_word' id='word_1_770' title='bbox 2713 4776 2934 4822; x_wconf 87' lang='lat' dir='ltr'><strong>nostras</strong></span> <span class='ocrx_word' id='word_1_771' title='bbox 2963 4768 3215 4822; x_wconf 87' lang='lat' dir='ltr'><strong>tenebras</strong></span> <span class='ocrx_word' id='word_1_772' title='bbox 3245 4769 3554 4834; x_wconf 72' lang='lat' dir='ltr'><strong>dissiparet.</strong></span> 
     </span>
    </p>
   </div>
   <div class='ocr_carea' id='block_1_110' title="bbox 2098 4857 3590 4928">
    <p class='ocr_par' dir='ltr' id='par_1_110' title="bbox 2098 4857 3590 4928">
     <span class='ocr_line' id='line_1_110' title="bbox 2098 4857 3590 4928; baseline 0.001 -17"><span class='ocrx_word' id='word_1_773' title='bbox 2098 4858 2186 4912; x_wconf 90' lang='lat' dir='ltr'><strong>Ill.</strong></span> <span class='ocrx_word' id='word_1_774' title='bbox 2229 4857 2338 4913; x_wconf 83' lang='lat' dir='ltr'><strong>Sed</strong></span> <span class='ocrx_word' id='word_1_775' title='bbox 2371 4860 2414 4912; x_wconf 78' lang='lat' dir='ltr'><strong>si</strong></span> <span class='ocrx_word' id='word_1_776' title='bbox 2449 4859 2589 4913; x_wconf 88' lang='lat' dir='ltr'><strong>Deus</strong></span> <span class='ocrx_word' id='word_1_777' title='bbox 2612 4869 2718 4921; x_wconf 89' lang='lat' dir='ltr'><strong>est.</strong></span> <span class='ocrx_word' id='word_1_778' title='bbox 2749 4859 2940 4925; x_wconf 89' lang='lat' dir='ltr'><strong>utquid</strong></span> <span class='ocrx_word' id='word_1_779' title='bbox 2968 4861 3088 4928; x_wconf 70' lang='lat' dir='ltr'><strong>{huc</strong></span> <span class='ocrx_word' id='word_1_780' title='bbox 3117 4861 3306 4915; x_wconf 81' lang='lat' dir='ltr'><strong>venit?</strong></span> <span class='ocrx_word' id='word_1_781' title='bbox 3337 4859 3394 4913; x_wconf 84' lang='lat' dir='ltr'><strong>Si</strong></span> <span class='ocrx_word' id='word_1_782' title='bbox 3428 4862 3590 4915; x_wconf 82' lang='lat' dir='ltr'><strong>hetno</strong></span> 
     </span>
    </p>
   </div>
   <div class='ocr_carea' id='block_1_111' title="bbox 2022 4951 3592 5022">
    <p class='ocr_par' dir='ltr' id='par_1_111' title="bbox 2022 4951 3592 5022">
     <span class='ocr_line' id='line_1_111' title="bbox 2022 4951 3592 5022; baseline -0.002 -14"><span class='ocrx_word' id='word_1_783' title='bbox 2022 4963 2130 5015; x_wconf 90' lang='lat' dir='ltr'><strong>est,</strong></span> <span class='ocrx_word' id='word_1_784' title='bbox 2170 4951 2300 5021; x_wconf 87' lang='lat' dir='ltr'><strong>quid</strong></span> <span class='ocrx_word' id='word_1_785' title='bbox 2335 4951 2682 5019; x_wconf 73' lang='lat' dir='ltr'><strong>prresumpsit</strong></span> <span class='ocrx_word' id='word_1_786' title='bbox 2714 4951 2736 5002; x_wconf 89' lang='lat'><strong>?</strong></span> <span class='ocrx_word' id='word_1_787' title='bbox 2769 4953 2825 5005; x_wconf 89' lang='lat' dir='ltr'><strong>Si</strong></span> <span class='ocrx_word' id='word_1_788' title='bbox 2861 4953 3022 5018; x_wconf 83' lang='lat' dir='ltr'><strong>Deus,</strong></span> <span class='ocrx_word' id='word_1_789' title='bbox 3045 4953 3176 5019; x_wconf 87' lang='lat' dir='ltr'><strong>quid</strong></span> <span class='ocrx_word' id='word_1_790' title='bbox 3241 4953 3294 5005; x_wconf 87' lang='lat' dir='ltr'><strong>itt</strong></span> <span class='ocrx_word' id='word_1_791' title='bbox 3335 4953 3592 5022; x_wconf 67' lang='lat' dir='ltr'><strong>sepulcro</strong></span> 
     </span>
    </p>
   </div>
   <div class='ocr_carea' id='block_1_112' title="bbox 2025 5044 3591 5114">
    <p class='ocr_par' dir='ltr' id='par_1_112' title="bbox 2025 5044 3591 5114">
     <span class='ocr_line' id='line_1_112' title="bbox 2025 5044 3591 5114; baseline -0.002 -16"><span class='ocrx_word' id='word_1_792' title='bbox 2025 5045 2154 5098; x_wconf 71' lang='lat' dir='ltr'><strong>facit</strong></span> <span class='ocrx_word' id='word_1_793' title='bbox 2181 5044 2206 5098; x_wconf 75' lang='grc' dir='ltr'><em>ἳ</em></span> <span class='ocrx_word' id='word_1_794' title='bbox 2239 5044 2296 5098; x_wconf 88' lang='lat' dir='ltr'><strong>Si</strong></span> <span class='ocrx_word' id='word_1_795' title='bbox 2327 5045 2506 5106; x_wconf 91' lang='lat' dir='ltr'><strong>homo,</strong></span> <span class='ocrx_word' id='word_1_796' title='bbox 2549 5058 2716 5110; x_wconf 90' lang='lat' dir='ltr'><strong>quare</strong></span> <span class='ocrx_word' id='word_1_797' title='bbox 2752 5045 2993 5111; x_wconf 87' lang='lat' dir='ltr'><strong>captivos</strong></span> <span class='ocrx_word' id='word_1_798' title='bbox 3046 5046 3208 5100; x_wconf 86' lang='lat' dir='ltr'><strong>solvit</strong></span> <span class='ocrx_word' id='word_1_799' title='bbox 3236 5047 3259 5099; x_wconf 75' lang='grc' dir='ltr'><strong><em>τ</em></strong></span> <span class='ocrx_word' id='word_1_800' title='bbox 3291 5044 3591 5114; x_wconf 82' lang='lat' dir='ltr'><strong>Numquid-</strong></span> 
     </span>
    </p>
   </div>
   <div class='ocr_carea' id='block_1_113' title="bbox 2005 5139 3591 5206">
    <p class='ocr_par' dir='ltr' id='par_1_113' title="bbox 2005 5139 3591 5206">
     <span class='ocr_line' id='line_1_113' title="bbox 2005 5139 3591 5206; baseline 0.001 -13"><span class='ocrx_word' id='word_1_801' title='bbox 2005 5156 2147 5199; x_wconf 76' lang='lat' dir='ltr'><strong>,uam</strong></span> <span class='ocrx_word' id='word_1_802' title='bbox 2178 5155 2300 5193; x_wconf 85' lang='lat' dir='ltr'><strong>cum</strong></span> <span class='ocrx_word' id='word_1_803' title='bbox 2353 5151 2580 5193; x_wconf 76' lang='lat' dir='ltr'><strong>auctore</strong></span> <span class='ocrx_word' id='word_1_804' title='bbox 2637 5151 2827 5194; x_wconf 89' lang='lat' dir='ltr'><strong>nostro</strong></span> <span class='ocrx_word' id='word_1_805' title='bbox 2881 5140 3057 5196; x_wconf 75' lang='lat' dir='ltr'><strong>fmtlus</strong></span> <span class='ocrx_word' id='word_1_806' title='bbox 3104 5139 3451 5206; x_wconf 83' lang='lat' dir='ltr'><strong>composuit?</strong></span> <span class='ocrx_word' id='word_1_807' title='bbox 3506 5143 3591 5195; x_wconf 84' lang='grc' dir='ltr'><strong>Λη</strong></span> 
     </span>
    </p>
   </div>
   <div class='ocr_carea' id='block_1_114' title="bbox 2025 5231 3591 5300">
    <p class='ocr_par' dir='ltr' id='par_1_114' title="bbox 2025 5231 3591 5300">
     <span class='ocr_line' id='line_1_114' title="bbox 2025 5231 3591 5300; baseline -0.001 -13"><span class='ocrx_word' id='word_1_808' title='bbox 2025 5235 2166 5288; x_wconf 87' lang='lat' dir='ltr'><strong>forte</strong></span> <span class='ocrx_word' id='word_1_809' title='bbox 2199 5241 2254 5286; x_wconf 89' lang='lat' dir='ltr'><strong>et</strong></span> <span class='ocrx_word' id='word_1_810' title='bbox 2279 5233 2454 5300; x_wconf 89' lang='lat' dir='ltr'><strong>ipsum</strong></span> <span class='ocrx_word' id='word_1_811' title='bbox 2519 5247 2808 5299; x_wconf 74' lang='lat' dir='ltr'><strong>aggressus</strong></span> <span class='ocrx_word' id='word_1_812' title='bbox 2859 5234 3010 5297; x_wconf 83' lang='lat' dir='ltr'><strong>vicit,</strong></span> <span class='ocrx_word' id='word_1_813' title='bbox 3064 5242 3120 5286; x_wconf 93' lang='lat' dir='ltr'><strong>et</strong></span> <span class='ocrx_word' id='word_1_814' title='bbox 3167 5233 3247 5285; x_wconf 86' lang='lat' dir='ltr'><strong>sic</strong></span> <span class='ocrx_word' id='word_1_815' title='bbox 3279 5231 3344 5284; x_wconf 89' lang='lat' dir='ltr'><strong>ad</strong></span> <span class='ocrx_word' id='word_1_816' title='bbox 3401 5243 3591 5286; x_wconf 82' lang='lat' dir='ltr'><strong>nostra</strong></span> 
     </span>
    </p>
   </div>
   <div class='ocr_carea' id='block_1_115' title="bbox 2023 5324 3587 5396">
    <p class='ocr_par' dir='ltr' id='par_1_115' title="bbox 2023 5324 3587 5396">
     <span class='ocr_line' id='line_1_115' title="bbox 2023 5324 3587 5396; baseline -0.004 -14"><span class='ocrx_word' id='word_1_817' title='bbox 2023 5342 2184 5396; x_wconf 71' lang='lat' dir='ltr'><strong>regna</strong></span> <span class='ocrx_word' id='word_1_818' title='bbox 2221 5325 2520 5381; x_wconf 82' lang='lat' dir='ltr'><strong>transivit?</strong></span> <span class='ocrx_word' id='word_1_819' title='bbox 2550 5324 2710 5377; x_wconf 84' lang='lat' dir='ltr'><strong>Certe</strong></span> <span class='ocrx_word' id='word_1_820' title='bbox 2744 5333 3015 5388; x_wconf 88' lang='lat' dir='ltr'><strong>mortuus.</strong></span> <span class='ocrx_word' id='word_1_821' title='bbox 3047 5333 3193 5379; x_wconf 90' lang='lat' dir='ltr'><strong>certe</strong></span> <span class='ocrx_word' id='word_1_822' title='bbox 3244 5325 3418 5378; x_wconf 81' lang='lat' dir='ltr'><strong>victus</strong></span> <span class='ocrx_word' id='word_1_823' title='bbox 3448 5337 3587 5384; x_wconf 84' lang='lat' dir='ltr'><strong>erat.</strong></span> 
     </span>
    </p>
   </div>
   <div class='ocr_carea' id='block_1_116' title="bbox 2025 5415 3586 5486">
    <p class='ocr_par' dir='ltr' id='par_1_116' title="bbox 2025 5415 3586 5486">
     <span class='ocr_line' id='line_1_116' title="bbox 2025 5415 3586 5486; baseline -0.001 -14"><span class='ocrx_word' id='word_1_824' title='bbox 2025 5419 2216 5473; x_wconf 88' lang='lat' dir='ltr'><strong>lllusus</strong></span> <span class='ocrx_word' id='word_1_825' title='bbox 2240 5428 2324 5472; x_wconf 87' lang='lat' dir='ltr'><strong>est</strong></span> <span class='ocrx_word' id='word_1_826' title='bbox 2347 5418 2622 5486; x_wconf 66' lang='lat' dir='ltr'><strong>prmliator</strong></span> <span class='ocrx_word' id='word_1_827' title='bbox 2648 5428 2834 5471; x_wconf 89' lang='lat' dir='ltr'><strong>uoster</strong></span> <span class='ocrx_word' id='word_1_828' title='bbox 2862 5418 2914 5470; x_wconf 93' lang='lat' dir='ltr'><strong>in</strong></span> <span class='ocrx_word' id='word_1_829' title='bbox 2949 5416 3170 5478; x_wconf 88' lang='lat' dir='ltr'><strong>mundo,</strong></span> <span class='ocrx_word' id='word_1_830' title='bbox 3205 5415 3436 5470; x_wconf 83' lang='lat' dir='ltr'><strong>nescivit</strong></span> <span class='ocrx_word' id='word_1_831' title='bbox 3461 5419 3586 5485; x_wconf 86' lang='lat' dir='ltr'><strong>quia</strong></span> 
     </span>
    </p>
   </div>
   <div class='ocr_carea' id='block_1_117' title="bbox 2027 5507 3592 5581">
    <p class='ocr_par' dir='ltr' id='par_1_117' title="bbox 2027 5507 3592 5581">
     <span class='ocr_line' id='line_1_117' title="bbox 2027 5507 3592 5581; baseline -0.001 -15"><span class='ocrx_word' id='word_1_832' title='bbox 2027 5512 2112 5570; x_wconf 89' lang='lat' dir='ltr'><strong>hic</strong></span> <span class='ocrx_word' id='word_1_833' title='bbox 2145 5521 2384 5581; x_wconf 74' lang='lat' dir='ltr'><strong>stragem</strong></span> <span class='ocrx_word' id='word_1_834' title='bbox 2411 5519 2732 5580; x_wconf 85' lang='lat' dir='ltr'><strong>procuraret</strong></span> <span class='ocrx_word' id='word_1_835' title='bbox 2769 5507 3001 5563; x_wconf 89' lang='lat' dir='ltr'><strong>inferno.</strong></span> <span class='ocrx_word' id='word_1_836' title='bbox 3034 5507 3078 5562; x_wconf 93' lang='lat'><strong>0</strong></span> <span class='ocrx_word' id='word_1_837' title='bbox 3114 5523 3246 5563; x_wconf 80' lang='lat' dir='ltr'><strong>crux</strong></span> <span class='ocrx_word' id='word_1_838' title='bbox 3278 5509 3365 5562; x_wconf 87' lang='lat' dir='ltr'><strong>illa</strong></span> <span class='ocrx_word' id='word_1_839' title='bbox 3398 5507 3592 5565; x_wconf 85' lang='lat' dir='ltr'><strong>fallens</strong></span> 
     </span>
    </p>
   </div>
   <div class='ocr_carea' id='block_1_118' title="bbox 2027 5687 3586 5758">
    <p class='ocr_par' dir='ltr' id='par_1_118' title="bbox 2027 5687 3586 5758">
     <span class='ocr_line' id='line_1_118' title="bbox 2027 5687 3586 5758; baseline -0.001 -17"><span class='ocrx_word' id='word_1_840' title='bbox 2027 5707 2124 5758; x_wconf 86' lang='lat' dir='ltr'><strong>pro</strong></span> <span class='ocrx_word' id='word_1_841' title='bbox 2168 5701 2379 5752; x_wconf 73' lang='lat' dir='ltr'><strong>chortis,</strong></span> <span class='ocrx_word' id='word_1_842' title='bbox 2439 5691 2640 5742; x_wconf 84' lang='lat' dir='ltr'><strong>tltthitat</strong></span> <span class='ocrx_word' id='word_1_843' title='bbox 2684 5687 3002 5745; x_wconf 45' lang='lat' dir='ltr'><strong>Salmasius</strong></span> <span class='ocrx_word' id='word_1_844' title='bbox 3077 5688 3434 5756; x_wconf 71' lang='lat' dir='ltr'><strong>legentlutnnc</strong></span> <span class='ocrx_word' id='word_1_845' title='bbox 3492 5690 3586 5754; x_wconf 74' lang='lat' dir='ltr'><strong>sit,</strong></span> 
     </span>
    </p>
   </div>
   <div class='ocr_carea' id='block_1_119' title="bbox 2023 5757 3411 5828">
    <p class='ocr_par' dir='ltr' id='par_1_119' title="bbox 2023 5757 3411 5828">
     <span class='ocr_line' id='line_1_119' title="bbox 2023 5757 3411 5828; baseline -0.002 -14"><span class='ocrx_word' id='word_1_846' title='bbox 2023 5757 2218 5826; x_wconf 81' lang='lat' dir='ltr'><strong>durus;</strong></span> <span class='ocrx_word' id='word_1_847' title='bbox 2255 5779 2376 5816; x_wconf 86' lang='lat' dir='ltr'><strong>nam</strong></span> <span class='ocrx_word' id='word_1_848' title='bbox 2409 5762 2561 5828; x_wconf 66' lang='grc' dir='ltr'><strong>δορός</strong></span> <span class='ocrx_word' id='word_1_849' title='bbox 2597 5761 2816 5814; x_wconf 65' lang='lat' dir='ltr'><strong>(juncus</strong></span> <span class='ocrx_word' id='word_1_850' title='bbox 2851 5769 2930 5813; x_wconf 76' lang='lat' dir='ltr'><strong>est</strong></span> <span class='ocrx_word' id='word_1_851' title='bbox 2958 5757 3107 5823; x_wconf 77' lang='lat' dir='ltr'><strong>pellis</strong></span> <span class='ocrx_word' id='word_1_852' title='bbox 3161 5763 3244 5813; x_wconf 77' lang='lat' dir='ltr'><strong>vet</strong></span> <span class='ocrx_word' id='word_1_853' title='bbox 3275 5770 3411 5812; x_wconf 75' lang='lat' dir='ltr'><strong>uter.</strong></span> 
     </span>
    </p>
   </div>
  </div>
