4004 6192
367 250 475 307 213

1329 244 1371 301 S
1434 242 1879 304 HIERONYMI
1916 243 2244 307 OPERUM
2286 245 2694 310 MAN'I‘ISSA.

3515 244 3623 312 2η

372 360 565 428 gaudia
604 368 813 424 nostra,
844 367 900 414 et
959 358 1272 429 parturiens
1306 358 1502 412 damna
1564 369 1747 413 nostra
1779 361 1792 413 !
1847 357 1949 413 Per
1978 363 2022 415 Α
2054 358 2219 428 leges,
2248 371 2371 430 post
2398 363 2676 416 demersos
2704 363 2756 416 in
2788 363 2911 415 altat
2941 362 3216 432 voraginis
3265 362 3407 418 fossa
3456 374 3631 417 torto-

375 452 580 521 lignum
611 453 767 507 ditati
795 467 1006 516 sumus,
1046 467 1141 521 per
1164 452 1369 521 lignum
1405 451 1724 506 evertimur.
1784 450 1951 505 Periit

376 551 623 604 potestas
685 544 773 596 illa
806 544 1019 597 cunctis
1081 559 1300 608 semper
1358 543 1576 612 populis
1634 542 1946 598 formidata.

376 633 570 687 Nullus
599 633 701 686 sub
725 633 854 686 sede
891 641 1073 687 nostra
1104 634 1352 702 captivus
1376 634 1673 701 palpitavit.
1702 634 1780 689 En
1806 635 1951 699 quod

378 725 776 789 uentebumlum
858 736 943 777 est
999 727 1259 781 exsultat.
1318 725 1434 779 Non
1480 728 1591 793 jam
1656 726 1952 780 audiuntur

379 817 589 884 antiqui
625 815 804 876 ﬂetus.
838 817 968 871 nulli
997 817 1108 884 jam
1163 826 1419 870 resonant
1464 817 1721 885 eiulatus,
1774 816 1951 871 omnis

382 908 619 977 mugitus
663 909 991 976 gementium
1046 909 1337 963 obmutuit.
1376 909 1626 971 Putasne,
1684 909 1787 962 istc
1834 909 1953 963 sine

379 1010 563 1053 nostro
599 1000 793 1052 redibit
822 1000 992 1054 exitio
1019 1000 1043 1055 ?
1072 1000 1241 1054 Nemo
1267 1001 1332 1051 ad
1382 1015 1480 1054 nos
1532 1016 1767 1069 unquam
1799 1000 1954 1054 vivus

379 1090 626 1157 intravit,
666 1106 824 1143 nemo
854 1094 934 1145 sic
974 1093 1146 1146 audax
1174 1092 1293 1154 fuit,
1341 1108 1500 1146 nemo
1556 1094 1637 1148 sic
1670 1093 1955 1148 carniﬁces

380 1183 603 1247 terruit,
632 1198 907 1252 nunquam
941 1185 994 1235 in
1041 1184 1143 1241 hac
1200 1184 1536 1243 habitatione
1561 1186 1710 1253 nigra
1741 1201 1956 1255 semper

381 1286 433 1327 et
458 1274 681 1344 fuligine
736 1291 878 1330 c;nca
938 1275 1238 1343 jucundum
1303 1276 1478 1329 lumen
1545 1278 1815 1345 apparuit.
1873 1279 1952 1331 An

381 1370 519 1420 t‘nrte
557 1366 636 1418 sol
671 1367 738 1421 de
776 1368 981 1422 mundo
1013 1367 1314 1437 migravit?
1346 1367 1451 1421 Sed
1485 1384 1584 1422 nec
1614 1370 1814 1423 cadum
1855 1384 1954 1424 no-

383 1457 465 1537 his
498 1465 753 1527 astraque
789 1467 980 1525 parent
1010 1473 1025 1512 :
1055 1469 1109 1512 et
1142 1468 1321 1514 tamen
1348 1460 1598 1514 infernus
1621 1461 1784 1517 lucet.
1816 1463 1953 1529 Quid

382 1548 645 1601 tacicmus
677 1548 699 1601 ?
735 1548 852 1613 Quo
877 1561 1259 1603 convertenmr
1288 1561 1477 1605 contra
1511 1552 1671 1608 istum
1696 1553 1721 1606 ?
1750 1553 1956 1609 Cruen-

382 1648 463 1691 ηις
500 1640 695 1696 domos
724 1650 780 1694 et
833 1641 1083 1696 obtinere
1110 1652 1311 1697 nostrm
1367 1657 1621 1701 caverna:
1676 1654 1953 1714 portarum

381 1725 655 1780 custodias
692 1743 798 1780 non
833 1730 1116 1784 valemus:
1157 1731 1296 1783 male.
1344 1733 1692 1795 intravimns.
1753 1747 1954 1792 tantam

384 1818 555 1872 lucem
619 1819 979 1876 obtenebrare
1032 1826 1395 1893 nequivimus,
1453 1829 1760 1897 opprimere
1810 1840 1954 1886 tanta

384 1908 589 1962 virtute
652 1910 941 1977 praeditum
997 1928 1107 1967 non
1170 1919 1436 1978 valemus,
1497 1929 1683 1972 nostra
1739 1936 1957 1990 quoque

382 1999 724 2061 urgericolla
780 2004 1169 2073 conspicimus,
1228 2015 1283 2059 et
1342 2006 1411 2060 de
1487 2017 1676 2063 nostro
1734 2011 1958 2077 insuper

384 2090 602 2143 interitu
657 2092 1030 2151 formidamus.
1084 2096 1222 2162 Quid
1288 2099 1503 2152 nobise.
1573 2099 1758 2154 cado?
1837 2099 1958 2155 Pla-

382 2183 466 2243 uis
526 2185 924 2245 recentioribus
993 2187 1131 2242 ttltra
1207 2188 1410 2254 justam
1480 2192 1737 2250 ultionem
1775 2193 1960 2265 llach-

384 2274 557 2329 lamnr
589 2293 605 2330 :
633 2287 790 2333 nocte
840 2290 1023 2336 nostra
1054 2282 1298 2336 contenti
1362 2283 1602 2340 fuimus:
1667 2290 1839 2341 antris
1866 2302 1959 2341 no-

383 2369 515 2423 stris
540 2371 982 2430 occttltabamur.
1028 2373 1210 2439 Quare
1245 2377 1413 2429 radiis
1466 2378 1595 2432 solis
1619 2382 1900 2448 prodimur
1935 2381 1960 2435 2

382 2474 550 2525 quare.
587 2461 838 2516 violentia
894 2465 1304 2521 distnrhamur?
1336 2483 1504 2539 quare
1529 2469 1582 2525 itt
1636 2478 1835 2527 nostris
1871 2489 1959 2528 se-

383 2554 544 2603 dibus
575 2555 913 2623 Captivatmtr
942 2556 966 2611 ἲ

458 2644 545 2699 IV.
577 2647 693 2700 Mox-
731 2650 894 2716 igitur
925 2650 1176 2705 Christus
1207 2651 1266 2705 in
1330 2652 1476 2723 ipsos
1511 2655 1761 2710 crudeles
1800 2658 1960 2711 mini.-

387 2747 531 2792 stros
570 2753 856 2808 positarum
908 2744 1053 2796 acies
1115 2744 1325 2813 dirigit,
1362 2757 1527 2815 atque
1588 2748 1959 2814 implacabiles

389 2844 595 2885 turmas
644 2832 846 2888 framea
897 2836 1077 2890 divina
1106 2839 1342 2891 concidit
1377 2856 1391 2893 :
1453 2838 1687 2893 fremunt
1725 2843 1827 2896 diri
1859 2845 1961 2899 sub

388 2937 594 2980 tortore
642 2928 954 2993 carniﬁces,
1010 2938 1067 2983 et
1126 2929 1356 2985 rabiosis
1413 2933 1587 2987 adacti
1635 2935 1963 2989 stridoribus

387 3017 805 3073 contabescnnt.
876 3019 995 3089 lpsa
1036 3037 1254 3090 quoque
1317 3037 1473 3077 antra
1544 3008 1721 3080 ferrei.
1766 3027 1961 3082 cubilis

387 3108 626 3165 intrante
656 3109 980 3178 fortissimo,
1018 3129 1047 3168 a
1080 3112 1303 3170 fortiore
1329 3118 1547 3170 a2tcrnis
1595 3119 1823 3173 nexibus
1845 3120 1960 3174 col-

389 3202 650 3268 ligantur.
685 3203 796 3258 Hoc
826 3220 1064 3275 namque
1102 3208 1174 3261 ita
1240 3206 1482 3262 futurum
1538 3209 1796 3264 Dominus
1850 3212 1964 3280 ipse

392 3299 728 3362 promiserat,
756 3298 942 3353 dicens
972 3313 987 3351 :
1022 3298 1189 3353 Nemo
1222 3302 1391 3362 intrat
1432 3303 1486 3355 in
1540 3303 1749 3356 domum
1778 3304 1960 3372 fortis,

389 3399 440 3444 et
475 3406 603 3444 uasa
625 3390 739 3458 ejus
769 3392 981 3454 diripit,
1013 3393 1119 3445 nisi
1148 3394 1294 3459 prius
1330 3393 1627 3460 alligaverit
1656 3393 1866 3462 fortem,
1914 3406 1963 3451 et

389 3486 466 3538 sic
497 3500 623 3538 vasa
659 3484 773 3552 ejus
798 3484 1010 3552 diripiet
1057 3483 1280 3553 (Matth.
1318 3500 1412 3550 stt,
1447 3484 1559 3553 29).
1617 3486 1828 3542 Tristes
1859 3487 1957 3557 igi-

394 3589 623 3630 turmox
649 3575 1000 3643 ingentesque
1031 3574 1291 3629 diuturno
1341 3576 1596 3645 squalore
1652 3578 1822 3631 turbae
1870 3592 1965 3643 po-

393 3666 612 3735 pttliqttn
642 3663 821 3717 vexati
844 3674 1201 3730 concurrunt,
1231 3673 1287 3720 et
1345 3664 1575 3720 rectoris
1599 3664 1685 3720 sui
1723 3665 1964 3736 vestigiis

391 3756 776 3811 advolvuntur.

462 3848 526 3905 ν.
557 3849 695 3905 Ecce
731 3849 1031 3919 apostolica
1071 3849 1218 3904 dicta
1259 3846 1556 3916 probantur
1587 3865 1603 3906 :
1641 3848 1706 3905 ιη
1757 3851 1965 3907 nomine

392 3941 518 3996 Jesn
547 3957 698 3994 omne
729 3957 861 4010 genu
890 3943 1161 4010 ﬂectatur.
1192 3939 1506 4003 coalestittm.
1533 3943 1888 4003 terrestrium.
1911 3953 1963 3998 et

392 4032 716 4100 infernarum
749 4031 1008 4101 (Philipp.
1038 4043 1101 4094 tt,
1136 4031 1385 4103 lO).Mos
1411 4033 1818 4103 igitnrcaptivze
1849 4036 1967 4088 ani-

398 4140 497 4177 une
526 4126 592 4177 de
643 4124 908 4179 custodiis
962 4125 1300 4187 relaxatzc,a
1355 4132 1558 4177 tartaro
1620 4125 1961 4194 prodierunt.

396 4216 691 4285 Regnaque
750 4217 1012 4271 eoalorum
1074 4217 1174 4271 ista
1235 4215 1629 4286 supplicatione
1678 4218 1964 4287 deplorant

397 4309 512 4380 lii.
572 4306 881 4381 implorant]
938 4324 954 4362 :
995 4306 1196 4362 Venisti
1255 4308 1493 4367 tandem,
1541 4308 1964 4363 clementissime

394 4402 544 4462 .li-stt,
577 4416 832 4456 succurre
859 4401 967 4468 iam
1001 4410 1056 4456 et
1090 4413 1252 4469 parce
1289 4400 1469 4454 fessis.
1520 4397 1693 4465 Nunc,
1723 4398 1959 4470 Christe,
1996 4402 2037 4456 D

397 4510 571 4547 smvas
618 4496 901 4564 exstingui:
948 4495 1145 4556 minas,
1190 4491 1302 4562 jam
1354 4491 1697 4547 miserandos
1753 4492 1964 4546 resolve

400 4589 637 4657 mugitus
673 4605 690 4643 :
723 4586 999 4641 redemisti
1042 4587 1195 4641 vivos
1243 4600 1408 4640 cruce
1461 4593 1547 4638 tua
1585 4585 1782 4653 :eripe
1805 4588 1964 4652 ;mor-

399 4691 520 4733 tuos
554 4688 724 4732 morte
755 4688 865 4735 tua.
892 4677 1015 4732 Pari
1050 4679 1331 4733 nobiscum
1372 4687 1522 4732 sorte
1566 4677 1804 4731 mundus
1850 4676 1964 4744 ipse

399 4772 788 4837 interi~-rat,et
829 4775 896 4824 ad
947 4772 1238 4824 adventum
1297 4779 1442 4824 tuum
1486 4769 1665 4824 omnis
1713 4777 1964 4824 creatura

398 4864 666 4935 pendebat
714 4880 730 4917 :
777 4864 871 4917 tibi
925 4872 1108 4917 nostra
1167 4870 1437 4916 tormenta
1491 4861 1857 4929 suspirabant,
1912 4872 1965 4915 te

396 4972 615 5027 semper
638 4955 881 5011 infernus
917 4955 1019 5009 iste
1052 4955 1306 5024 parebat.
1344 4953 1477 5008 Dum
1513 4954 1603 5009 hic
1638 4969 1718 5017 es,
1746 4952 1966 5007 absolve

398 5064 566 5117 reosi;
598 5048 728 5100 dum
777 5048 1114 5110 ascenderis,
1138 5045 1369 5100 defende
1406 5055 1524 5099 tuos
1552 5059 1569 5102 ι
1596 5047 1722 5098 dum
1765 5045 1854 5100 hic
1884 5059 1965 5111 es,

396 5139 652 5194 universa
674 5139 912 5195 claustra
968 5139 1288 5203 solvantur;
1324 5138 1450 5191 dum
1494 5137 1826 5202 ascenderis,
1858 5150 1964 5190 non

398 5230 738 5284 claudantur.
771 5228 853 5283 Tu
906 5230 1058 5283 solus
1096 5238 1257 5297 caput
1309 5227 1566 5284 draconis
1597 5229 1969 5282 comminuere

402 5322 650 5393 potuisti,
691 5331 744 5375 tu
780 5332 963 5389 portas
993 5335 1163 5374 areas
1190 5327 1246 5374 et
1276 5327 1467 5375 nectes
1512 5320 1720 5374 lerreos
1755 5318 1967 5374 valuisti

400 5422 706 5470 conterere.
745 5414 957 5478 Patent,
987 5427 1316 5482 quaesumus.
1353 5410 1706 5476 precantibus
1750 5410 1967 5479 ianua:

408 5507 499 5560 lux
535 5522 643 5560 non
678 5507 815 5559 desit
843 5506 925 5574 pia
957 5523 974 5567 -,
1003 5515 1057 5559 et
1084 5504 1126 5559 si
1172 5504 1401 5559 redieris
1457 5504 1522 5556 ad
1566 5518 1768 5573 corpus
1805 5504 1969 5572 majec

409 5610 552 5653 state
583 5608 695 5660 tua,
727 5612 830 5651 non
866 5597 1106 5665 privetur
1136 5594 1382 5650 infernus
1406 5596 1642 5663 potentia
1678 5608 1791 5648 tua.

482 5688 566 5742 Vl.
603 5687 729 5742 l'nst
756 5676 968 5743 auditas
1015 5689 1194 5756 itaque
1226 5702 1432 5757 preces,
1459 5698 1581 5756 post
1637 5701 1756 5742 com
1770 5688 1971 5756 positas

1988 3061 2031 3111 C

2057 467 2164 515 res,
2195 468 2289 509 rev
2317 464 2502 509 noster
2529 454 2691 510 hodie
2718 455 2785 508 de
2812 455 3005 511 i-ifcris
3036 455 3398 524 triumphator
3426 464 3480 509 et
3516 455 3629 509 lan-

2052 554 2241 599 reatus
2270 546 2461 607 exivit.
2499 562 2598 601 nec
2624 547 2975 602 candidatum
3009 546 3242 601 ollieium
3298 548 3486 602 defuit:
3533 547 3628 600 sed

2058 634 2182 689 lmta
2249 651 2374 692 cum
2423 637 2670 705 principe
2734 654 2855 704 suo,
2889 642 3068 694 omnis
3128 641 3408 694 beatorum
3471 640 3628 694 turba

2061 730 2324 795 processit
2353 746 2368 784 :
2400 730 2541 785 sicut
2573 730 2625 784 in
2669 729 2960 799 Evangelio
2993 730 3253 800 scriptum
3303 741 3408 790 est.
3476 731 3627 800 quia,

2066 829 2388 887 resurgente
2417 820 2666 882 Domino,
2702 823 2872 875 multa
2905 838 3127 889 carpam
3179 830 3481 876 sanctorum
3539 822 3631 891 qni
3706 872 3727 883 ,

2058 909 2386 963 dormierunt
2432 920 2836 966 resnrrexernut
2883 927 3002 964 eum
3055 928 3115 966 eo
3147 919 3238 966 :et
3291 919 3535 965 exeuntes
3566 912 3630 964 de

2059 1001 2405 1052 monumentis
2446 1009 2563 1069 post
2608 1002 3040 1056 resurrectionem
3078 1002 3216 1072 ejus,
3270 1011 3519 1056 venerunt
3567 1002 3621 1054 in

2056 1100 2297 1143 sanctam
2351 1093 2639 1160 ciuitatem,
2669 1102 2721 1147 et
2768 1106 3129 1164 apparuerunt
3179 1094 3359 1148 multis
3406 1094 3625 1163 (Matth.

2060 1183 2350 1243 suu,52,
2385 1184 2498 1241 55).
2532 1182 2776 1252 Repedat
2835 1185 3001 1258 igitur
3047 1187 3114 1240 ad
3165 1185 3404 1241 stadium
3465 1200 3625 1239 suum

2062 1272 2431 1341 triumphator
2470 1275 2665 1329 iterum
2701 1276 2874 1338 vivus,
2914 1285 2973 1331 ut
3012 1276 3219 1330 noverit
3253 1276 3430 1331 omnis
3464 1292 3628 1330 mun-

2059 1364 2162 1419 dus
2215 1368 2339 1434 quia
2394 1368 2593 1422 redivit
2640 1368 2708 1421 ab
2765 1367 2955 1423 inferis
3010 1368 3284 1424 Christus.
3312 1367 3629 1424 Glorientur

2060 1471 2191 1524 ergo
2218 1456 2505 1512 credentes
2541 1477 2555 1513 :
2600 1459 2861 1526 plaudant
2908 1459 3161 1514 manibus
3187 1475 3376 1514 omnes
3416 1471 3626 1528 gentes.

2058 1549 2185 1612 quia
2226 1564 2317 1604 rex
2346 1559 2535 1607 noster
2561 1563 2613 1605 et
2647 1553 2700 1607 in
2724 1553 2923 1609 stecuio
2953 1553 3325 1625 trimnpbavit,
3344 1564 3398 1608 et
3427 1552 3631 1608 inferos

2061 1637 2216 1693 vicit.

2136 1728 2250 1785 Vll.
2286 1730 2551 1785 Beneﬁcia
2589 1731 2679 1786 Del
2716 1733 2887 1787 nostri
2936 1749 3061 1789 cum
3097 1749 3292 1802 magna
3327 1744 3485 1803 atque
3526 1735 3629 1788 mi-

2062 1821 2210 1875 rifica
2239 1822 2369 1889 sint,
2424 1830 2604 1876 tamen
2645 1838 2746 1876 nec
2778 1839 2913 1878 nova
2949 1824 3246 1893 probantur
3270 1840 3417 1887 esse,
3449 1841 3628 1892 neque

2061 1913 2280 1970 subita:
2316 1915 2408 1967 sed
2443 1915 2510 1967 ab
2552 1914 2712 1968 initio
2759 1917 2939 1971 saeculi
2972 1926 3025 1970 et
3055 1917 3307 1984 praedicta
3339 1926 3456 1971 sunt
3496 1933 3625 1971 ora-

2059 2007 2224 2072 culis,
2279 2017 2333 2058 ot
2388 2006 2730 2077 prteﬁgurata
2791 2009 3085 2078 mysteriis.
3136 2008 3357 2061 Sacram
3415 2009 3626 2062 Domini

2061 2100 2369 2169 passionem
2426 2101 2494 2152 ab
2543 2099 2676 2167 ipsis
2704 2101 2896 2155 ntnndi
2956 2101 3311 2156 coalescentis
3369 2103 3627 2167 exordiis,

2067 2194 2280 2247 Veteris
2326 2192 2660 2248 Testameuti
2714 2207 2977 2263 responsa
3011 2194 3370 2248 cecinerunt:
3402 2202 3456 2247 ct
3506 2194 3631 2248 ideo

2058 2283 2338 2337 Christum
2394 2283 2680 2337 Dominum
2744 2284 3094 2350 praedicatum
3155 2299 3218 2337 ac.
3285 2286 3626 2339 enuntiatum

2065 2376 2179 2428 suis
2217 2374 2483 2439 ﬁdelibus,
2520 2389 2780 2441 apparere
2824 2390 2887 2428 es
2925 2375 3163 2444 ipsorum
3196 2375 3352 2430 libris
3388 2387 3441 2429 et
3475 2376 3629 2427 voln-

2064 2467 2298 2519 minibus
2355 2464 2905 2521 asserimus.Validis
2955 2468 3160 2532 absque
3212 2467 3380 2521 dubio
3436 2469 3631 2521 nititur

2058 2558 2376 2625 privilegiis,
2413 2556 2505 2627 qui
2537 2572 2753 2611 causam
2778 2571 2931 2611 suam
2978 2560 3047 2611 de
3081 2557 3375 2612 adversarii
3421 2560 3625 2614 asserit

2064 2649 2441 2703 instrumentis
2495 2666 2509 2703 :
2569 2650 2815 2715 speciosa
2876 2649 3101 2703 victoria
3164 2658 3245 2704 est
3298 2651 3629 2704 contrariam

2064 2750 2274 2809 partem
2324 2741 2588 2795 chartulis
2631 2740 2768 2803 suis,
2801 2741 2950 2795 velut
2988 2742 3223 2811 propriis
3249 2741 3462 2810 laqi-eis
3492 2742 3634 2798 irre-

2071 2835 2173 2887 tiie
2214 2850 2229 2886 :
2277 2842 2330 2887 et
2360 2833 2793 2887 testimoniorum
2822 2847 3045 2888 suorum
3079 2834 3300 2888 vocibus
3324 2833 3632 2896 confutare.

2062 2932 2117 2977 et
2141 2924 2394 2978 :emulum
2433 2924 2556 2982 telis
2584 2925 2700 2979 suis
2747 2925 3024 2991 evincere,
3062 2927 3521 2996 utoppugnatoris
3553 2927 3630 2979 tui

2068 3026 2414 3086 argumenta,
2472 3017 2576 3071 tuis
2638 3017 2938 3087 probentur
2994 3016 3320 3072 utilitatibus
3373 3016 3631 3073 militare.

2067 3112 2254 3180 Itaque
2308 3112 2361 3165 ln
2415 3111 2631 3166 Domini
2670 3113 2843 3166 nostri
2898 3126 3152 3179 persona.
3187 3111 3316 3164 dum
3377 3125 3442 3165 es
3502 3110 3634 3166 Adm

2066 3205 2224 3273 primi
2262 3204 2502 3260 hominis
2530 3213 2680 3259 costa
2737 3213 2912 3258 mater
2957 3211 3282 3258 cunctorum
3338 3202 3632 3257 viventium

2067 3299 2176 3354 Eva
2207 3298 2528 3368 producitur
2561 3315 2575 3353 :
2622 3312 2686 3353 es
2716 3296 2882 3367 huius
2926 3311 3084 3350 sacro
3112 3296 3303 3357 latere.
3327 3304 3378 3350 et
3409 3294 3633 3349 salutari

2065 3394 2294 3448 vulnere
2341 3389 2580 3448 Ecclesia
2633 3391 2875 3445 omnium
2927 3389 3164 3445 ﬁdelium
3214 3403 3430 3457 parens,
3474 3403 3638 3457 repa-

2069 3486 2237 3539 randa
2268 3494 2632 3540 monstratur.
2666 3484 2725 3538 lo
2757 3484 2877 3553 ejus
2899 3492 3027 3552 typo
3057 3482 3188 3536 Abel
3219 3481 3397 3536 victus
3426 3481 3633 3537 occidi-

2064 3585 2154 3633 tur
2183 3596 2200 3635 :
2226 3585 2279 3632 ct
2307 3578 2570 3633 innocens
2597 3566 2835 3631 fraterna
2894 3585 3152 3645 tanquam
3175 3574 3401 3629 .lndaica
3439 3572 3635 3642 impie.

2068 3679 2178 3726 tate
2229 3678 2516 3726 mactatur.
2556 3669 2659 3724 Hic
2713 3668 2853 3723 idem
2908 3667 3168 3723 Dominus
3226 3667 3283 3721 in
3337 3665 3633 3720 novissima

2067 3763 2252 3818 mundi
2288 3762 2627 3818 senescentis
2654 3769 2814 3817 aetate
2835 3775 2931 3830 per
2955 3762 3182 3830 ligarant
3223 3759 3365 3815 beati
3398 3757 3634 3813 Abrahae

2068 3856 2297 3927 longaevi
2332 3855 2504 3924 patris
2530 3853 2758 3910 offertur
2789 3854 2856 3908 ad
2901 3853 3172 3908 victimam
3207 3869 3222 3907 :
3253 3866 3361 3919 quo
3393 3862 3636 3919 tempore

2068 3951 2193 4005 dum
2227 3965 2368 4003 novo
2389 3948 2663 4004 sacrilicio
2697 3949 2748 4001 in
2779 3946 2927 4001 unici
2970 3945 3063 4002 lilii
3106 3944 3188 3998 sui
3222 3943 3470 4017 jugulum
3510 3946 3635 4013 pius

2067 4040 2340 4110 parricida
2376 4040 2684 4108 consurgit,
2724 4054 2789 4093 ex
2823 4035 3116 4106 improviso
3139 4035 3281 4088 aries
3311 4034 3484 4090 oculis
3512 4034 3636 4101 ejus

2068 4133 2317 4202 apparuit
2351 4150 2364 4186 :
2394 4131 2534 4186 sicut
2573 4130 2840 4199 eloquitur
2890 4144 3071 4182 sermo
3113 4127 3330 4182 divinus
3363 4141 3378 4181 :
3416 4124 3482 4178 Et
3501 4125 3637 4179 vidit

2068 4222 2335 4277 Abraham
2384 4224 2604 4277 arietem
2654 4223 2791 4276 inter
2843 4237 3016 4290 vepres
3064 4220 3340 4273 timentem
3385 4217 3630 4273 cornibus

2068 4314 2222 4384 (Gen.
2248 4332 2385 4379 χιιι,
2419 4317 2530 4381 15).
2565 4312 2709 4368 Inter
2746 4328 2941 4382 vepres.
2978 4311 3171 4377 inquit.

2142 4406 2273 4461 Vill.
2314 4406 2680 4475 Requiramus
2711 4419 2830 4474 qua:
2860 4405 2962 4458 ista
3013 4403 3084 4457 sit
3144 4404 3400 4458 novitas:
3440 4401 3492 4455 id
3526 4410 3633 4465 est,

2066 4501 2120 4554 in
2171 4498 2512 4552 multitudine
2560 4496 3034 4551 circumstantium
3083 4504 3449 4563 peccatorum.
3512 4493 3637 4546 Ha!-

2067 4603 2261 4645 rentem
2284 4588 2529 4644 cornibus
2555 4602 2576 4642 :
2608 4586 2660 4642 id
2685 4597 2789 4651 est,
2818 4588 2882 4641 ad
2912 4586 3096 4641 crucis
3120 4600 3322 4640 cornua
3354 4584 3633 4637 clavorum

2068 4684 2419 4738 crueilixione
2481 4681 2803 4750 pendentem
2836 4695 2851 4735 :
2888 4680 3026 4733 sicut
3070 4678 3122 4732 in
3178 4676 3282 4730 alio
3327 4677 3450 4730 loco
3502 4674 3637 4741 legi-

2068 4788 2190 4828 mus
2219 4791 2233 4828 :
2270 4749 2491 4828 Cornua
2524 4773 2579 4825 in
2604 4749 2845 4824 omnibus
2874 4768 2987 4837 ejus
3030 4778 3150 4822 sunt
3180 4765 3413 4835 (llabac.
3441 4780 3523 4823 tu.
3557 4763 3637 4829 4).

2071 4867 2186 4919 ΙΙορ
2220 4867 2341 4918 ideo
2366 4864 2491 4932 quia
2523 4862 2864 4917 venerattdas
2896 4876 3087 4914 manus
3114 4860 3229 4925 ejus
3266 4856 3487 4925 patibuli
3514 4856 3643 4908 bra-

2071 4957 2191 5011 chia
2224 4962 2602 5021 susceperunt.
2632 4956 2775 5007 inter
2807 4953 2997 5022 spinas
3023 4959 3201 5004 autem
3233 4949 3518 5017 deputatus
3534 4957 3640 5008 est,

2071 5059 2282 5117 quanto
2309 5048 2504 5116 spineo
2535 5055 2686 5100 serto
2721 5044 3045 5099 innocentia:
3096 5049 3150 5097 et
3190 5039 3409 5106 iustitiae
3444 5048 3641 5091 auctor

2073 5142 2266 5195 illusus
2293 5149 2397 5193 est.
2442 5137 2550 5193 Sed
2582 5138 2728 5192 aliud
2754 5136 3112 5205 introspicere.
3157 5133 3442 5194 debemus,
3475 5130 3640 5196 quid-

2072 5248 2192 5285 nam
2225 5232 2318 5295 sit,
2342 5230 2484 5299 quod
2542 5231 2692 5285 Isaac
2734 5245 2761 5281 a
2798 5237 2949 5298 patre
3007 5225 3271 5279 altaribus
3298 5224 3642 5283 admovetur.

2074 5339 2139 5378 ac
2179 5324 2359 5377 subito
2397 5323 2540 5377 aries
2590 5336 2686 5389 pro
2707 5336 2772 5373 eo
2806 5335 2914 5372 non
2964 5323 3188 5376 mutata.
3219 5315 3311 5367 sed
3363 5313 3636 5377 duplicata

2072 5413 2350 5467 oblatione
2390 5410 2733 5478 supponitur.
2772 5408 3000 5464 Gemina
3057 5406 3147 5461 hic
3180 5403 3455 5459 adoranda
3505 5403 3644 5458 sub-

2077 5504 2273 5558 stantia
2308 5500 2675 5568 redemptoris
2705 5498 3036 5554 ostenditur.
3081 5495 3171 5551 Dei
3210 5493 3355 5549 enim
3390 5494 3644 5561 unigeni-

2078 5605 2162 5648 tus
2192 5592 2438 5655 olicrtnr,
2476 5601 2530 5645 et
2584 5591 2812 5657 virginis
2852 5587 3250 5660 primogenitus
3304 5585 3640 5638 immolatur.

2078 5685 2188 5739 llot'
2220 5700 2433 5753 quoque
2467 5683 2756 5738 Dominicis
2802 5682 3072 5751 passionis
3102 5677 3477 5750 pratligttrabat
3513 5678 3645 5732 insi.-
