4012 6188
408 317 525 383 225

1129 315 1498 376 EPISTULA
1539 313 1754 375 XXIV.
1800 313 1896 372 DE
1939 312 2592 374 RESURRECTIONE
2635 310 2936 375 DOMINI.

3543 313 3648 374 226

410 429 716 504 gnia,quod
747 429 980 498 legimus
1001 429 1220 482 beatum
1259 426 1507 482 Elisteuni
1553 427 1804 498 sepulcro
1856 443 1977 482 c0n~
2013 435 2062 490 Α
2089 430 2378 483 custodivit
2423 430 2634 496 :plenis
2676 430 2978 484 visceribus
3012 429 3210 485 famem
3242 429 3468 500 patitur,
3509 444 3560 485 et
3599 435 3652 486 in

409 526 611 586 ditum,
640 524 851 590 ingesto
880 537 908 573 a
965 519 1295 574 latrunculis
1338 521 1352 550 ⁸
1396 519 1664 573 cadavere
1721 521 1859 572 intra
1902 529 1986 572 tu-

411 617 624 668 mulum
657 628 840 677 suum,
871 625 1073 679 corpus
1104 611 1358 664 exstincti
1387 619 1531 662 tactu
1595 608 1736 663 sacri
1795 621 1986 675 corpo-

411 707 489 760 ris
517 705 831 759 suscitasse.

483 797 572 851 IX.
604 797 736 862 Quis
784 796 874 850 hic
906 794 1048 848 alius
1079 792 1534 863 praefigurabitur,
1568 791 1674 845 nisi
1723 790 1984 844 DOminus

411 906 599 946 noster
626 890 784 946 Jesus
819 889 1200 958 Christus,qui
1237 887 1693 940 resurrectionem
1727 884 1792 934 de
1809 891 1983 934 morte

413 985 666 1054 largitur,
704 991 757 1036 et
785 984 946 1036 vitam
975 979 1219 1049 sepultus
1243 977 1542 1047 operatur?
1577 976 1631 1028 lii
1679 975 1983 1028 latronibus

412 1081 614 1130 etenim
655 1075 933 1136 mundum,
964 1075 1016 1126 in
1051 1072 1331 1141 l’ropheta:
1373 1069 1663 1122 virtutibus
1701 1069 1977 1120 Christum

413 1168 704 1222 Dominum
772 1179 1124 1234 recognosce.
1190 1163 1381 1216 Adhuc
1455 1160 1808 1213 celeberrime
1889 1171 1984 1226 per

415 1262 728 1329 Scripturas
767 1269 1010 1320 sanctas,
1042 1257 1204 1310 etiam
1254 1255 1304 1307 in
1349 1255 1621 1320 prophetae
1658 1249 1806 1304 Jonac
1839 1250 1985 1302 labu-

417 1356 567 1407 ribus
617 1361 670 1403 et
717 1350 1015 1412 aerumnis,
1066 1346 1267 1400 Christi
1315 1342 1496 1411 passio
1542 1357 1606 1394 ac
1651 1342 1983 1394 resurrectio

413 1444 840 1512 pragsignantur.
884 1439 981 1492 llic
1033 1435 1201 1491 Jonas
1245 1436 1411 1505 (quod
1461 1434 1584 1487 lidei
1631 1442 1822 1486 vestra!
1875 1449 1980 1485 non

413 1536 749 1589 arbitramur
811 1531 1193 1599 iiiCOgnituin)
1242 1535 1422 1598 typum
1492 1525 1702 1578 Domini
1752 1526 1984 1594 geSsisse

411 1627 810 1696 praescribitur.
847 1623 967 1692 lpse
1003 1623 1145 1676 enim
1191 1621 1453 1674 Dominus
1483 1618 1664 1674 dixit:
1700 1617 1850 1671 Sicut
1879 1618 1981 1696 fuit

407 1695 576 1771 Jonas
603 1719 655 1770 in
682 1726 854 1770 ventre
877 1713 978 1768 ceti
1002 1713 1166 1766 tribus
1198 1713 1376 1765 diebus
1413 1721 1459 1763 et
1519 1710 1686 1762 tribus
1713 1695 1976 1774 noctibus,

2091 522 2328 590 praidam
2379 537 2539 591 quam
2583 523 2890 588 absorbuit,
2926 524 3001 577 nil
3052 525 3153 578 sibi
3195 523 3360 578 licere
3407 528 3652 580 miratur.

2089 613 2220 678 Quis
2253 624 2336 668 est
2374 614 2477 668 iste
2512 620 2600 683 qui
2625 617 2766 669 inter
2794 615 2983 670 avidos
3014 615 3184 670 rictus
3214 617 3423 670 absumi
3459 629 3656 685 potest,

2088 705 2334 758 consumi
2367 720 2470 760 non
2509 707 2724 774 potest?
2760 707 2923 760 Cibus
2952 716 3057 769 est,
3089 707 3366 775 corruptio
3415 724 3518 760 non
3554 721 3654 762 est.

2087 797 2343 850 Traditur
2407 799 2731 868 perditionis
2772 798 3062 867 profundo,
3095 809 3148 852 et
3192 811 3440 853 servatur
3492 801 3657 868 ipsius

2087 889 2279 941 mortis
2317 889 2605 956 obsequio.
2643 888 2776 953 Quis
2807 900 2891 940 est
2921 889 3045 951 iste,
3083 891 3172 957 qui
3205 891 3545 944 vastissimas
3583 893 3657 941 ›ι-

2087 994 2190 1032 nus
2219 980 2581 1047 periculorum
2618 991 2762 1033 totus
2804 980 3128 1046 ingreditur,
3151 990 3205 1034 et
3237 983 3336 1034 sub
3370 981 3659 1033 altitudine

2087 1072 2373 1125 conclusus
2433 1071 2696 1125 immensa
2754 1083 2915 1140 atque
2969 1071 3268 1132 mortifera.
3316 1074 3464 1124 vitali
3532 1087 3657 1124 aere

2089 1161 2348 1229 pascitur,
2385 1172 2437 1213 et
2480 1161 2738 1215 dimissus
2777 1162 2831 1214 iii
2876 1163 3110 1216 alienam
3150 1177 3331 1215 rerum
3383 1173 3654 1224 naturain,

2090 1254 2139 1304 in
2174 1255 2293 1306 vita:
2323 1254 2572 1305 exsilium
2625 1269 2746 1306 cum
2785 1255 2894 1306 vita
2930 1255 3326 1322 peregrinatur,
3370 1265 3423 1308 et
3466 1266 3658 1307 mortis

2087 1354 2364 1410 superstes
2387 1344 2675 1397 annuntiat
2712 1346 2896 1397 mundi
2934 1346 3209 1398 salutent?

2159 1477 2273 1532 illi.
2307 1479 2440 1532 Puto
2491 1480 2634 1547 quod
2698 1480 2786 1534 hic
2832 1490 2915 1532 est
2959 1479 3221 1533 Domitius
3265 1490 3449 1534 noster
3498 1479 3655 1533 Jcsns

2087 1572 2360 1637 (ihristiis,
2405 1589 2565 1640 quem
2605 1587 2748 1624 saeva
2780 1589 2947 1635 mors,
2993 1574 3333 1640 inixplebilis
3366 1575 3565 1636 bellua,
3605 1590 3654 1623 ιιι

2086 1678 2267 1716 escam
2317 1679 2467 1716 suam
2520 1665 2716 1732 rapuit,
2771 1673 2823 1715 ct
2884 1669 3118 1732 prtedaiii
3188 1680 3336 1716 suam
3387 1667 3654 1732 captivam

410 1756 1074 1861 ’1"::;i;"F:;l';;s'll;;'i;i;
1106 1756 1165 1856 ξιξ
1190 1756 1344 1855 δοξάο
1379 1799 1715 1854 ‘errwmbus
2017 1787 2055 1840 Β
2086 1756 2413 1808 contremuit
2441 1771 2455 1807 :
2484 1770 2642 1823 quem
2680 1756 2782 1809 etsi
2822 1758 2964 1808 terra
2991 1758 3280 1808 siirhuerat
3304 1761 3653 1809 crucifixum:

413 1898 581 1952 tribus
611 1899 849 1951 noctibus
885 1894 1105 1966 (Matth.
1138 1907 1235 1955 xu,
1261 1893 1374 1960 40).
1405 1891 1522 1955 llic,
1554 1886 1982 1958 iiiqnam,Jonas

411 1993 477 2044 ad
527 1990 930 2058 praedicandum
972 1985 1227 2040 Ninivitis
1269 1985 1362 2037 irae
1403 1982 1641 2037 ctelestis
1692 1981 1982 2040 olfeiisaiii,

409 2084 643 2138 Domino
688 2082 939 2152 jubentc,
967 2079 1219 2148 dirigitur
1251 2095 1263 2131 :
1295 2077 1552 2146 praescius
1602 2077 1813 2128 tristem
1852 2084 1983 2126 sen-

413 2178 655 2230 tentiam
700 2174 965 2244 propheta
1011 2171 1193 2239 populi
1237 2169 1590 2222 conversione
1619 2162 1980 2224 vacuandain,

410 2269 589 2324 navim
625 2264 882 2336 profugus
911 2277 1044 2333 qua!
1069 2261 1337 2315 Tharsuin
1379 2260 1599 2329 petebat
1634 2256 1978 2324 ingreditur:

409 2363 504 2417 sed
535 2362 718 2414 nautis
743 2366 937 2413 exorta
970 2363 1291 2424 tempestate
1325 2353 1580 2416 turbatis,
1610 2360 1759 2403 sorte
1797 2348 1980 2400 flucti-

409 2459 511 2511 bus
545 2455 734 2517 datur,
759 2460 815 2505 et
843 2450 1091 2503 faucibus
1127 2452 1230 2500 ceti
1266 2446 1430 2514 piscis
1463 2445 1741 2496 demersus
1769 2440 1980 2506 excipi-

408 2560 520 2603 tnr.
555 2546 662 2599 Sed
712 2544 859 2610 pisce
888 2540 1118 2595 illzesum
1155 2548 1439 2592 eructante
1461 2535 1793 2603 dcpos‘itum,
1822 2531 1980 2585 tertia

410 2640 498 2694 die
537 2638 702 2691 terris
731 2634 1062 2688 refunditur.

483 2731 549 2786 Χ.
581 2731 768 2784 Videte
799 2727 1087 2781 Dominum
1113 2722 1278 2777 etiam
1323 2721 1376 2773 iii
1402 2717 1584 2772 Veteri
1622 2715 1974 2770 Testamento

410 2827 466 2879 in
507 2825 648 2878 servi
681 2824 849 2874 forma
896 2818 1215 2871 mirabiliter
1268 2827 1532 2882 apparere
1567 2827 1582 2864 ε
1623 2813 1800 2864 videte
1841 2826 1980 2879 quo-

409 2917 571 2970 modo
601 2930 662 2968 se
722 2922 846 2965 ante
894 2911 1032 2964 actis
1079 2907 1294 2963 saeculis
1343 2906 1627 2966 indicarit,
1674 2905 1975 2956 secundum

405 3003 622 3060 SCI‘VIllS
657 3004 846 3058 forma:
877 3001 1236 3054 humilitatem
1285 3007 1590 3050 venturum.
1633 2993 1803 3047 Jonas
1840 2996 1974 3044 iram

407 3099 625 3154 Domini
688 3097 1078 3162 praedicaturus
1157 3092 1222 3144 ad
1292 3107 1539 3158 magnam
1608 3089 1969 3141 Ninivitarum

404 3194 718 3247 destinatur
779 3190 969 3241 urbem
1025 3188 1270 3237 dicturus
1314 3200 1327 3236 :
1379 3181 1562 3232 Adhuc
1616 3180 1975 3249 quadraginta

405 3287 542 3348 dies,
572 3292 620 3336 et
647 3279 841 3334 Ninire
871 3278 1197 3332 subrertetur
1228 3272 1368 3342 (Jan.
1399 3288 1480 3333 lll,
1506 3272 1582 3339 4).
1620 3270 1684 3322 Et
1719 3270 1971 3323 Christus

403 3377 473 3430 ad
523 3375 709 3429 niuiidi
759 3373 992 3424 mittitur
1031 3370 1330 3426 civitatem,
1379 3377 1436 3418 ut
1482 3365 1623 3416 diem
1682 3364 1873 3416 salutis
1927 3373 1981 3416 et

404 3469 734 3538 praefinitum
763 3465 953 3534 jiidicii
985 3471 1198 3530 tempus
1240 3460 1544 3512 annuntict.
1581 3457 1750 3511 Jonas
1797 3459 1975 3509 navim

404 3561 632 3628 expetit,
676 3557 925 3610 Christus
957 3554 1271 3608 Ecclesium.
1303 3550 1471 3604 Jonas
1511 3551 1763 3602 fluctibus
1810 3551 1979 3617 agita-

413 3662 526 3711 tur.
551 3651 803 3704 Christus
837 3649 1018 3699 inundi
1047 3645 1350 3699 turbinibus
1365 3654 1671 3696 exercetur.
1693 3639 1980 3694 NisiJonas

404 3744 676 3812 perditum
732 3749 909 3803 t'etur,
945 3738 1096 3791 navis
1132 3739 1431 3806 periculum
1463 3752 1567 3789 non
1615 3737 1860 3787 sedatur.
1890 3733 1980 3787 Sic

405 3848 517 3886 non
563 3834 826 3883 liberatur
879 3827 1145 3889 Ecclesia,
1180 3827 1285 3879 nisi
1331 3826 1536 3879 Christi
1575 3834 1750 3877 morte
1798 3825 1977 3877 salve-

404 3934 516 3975 tur.
549 3921 734 3974 Naula:
789 3920 1066 3973 dimissuri
1126 3917 1346 3981 Joiiani,
1379 3928 1558 3970 tamen
1621 3929 1881 3970 verentur
1915 3930 1968 3965 et

404 4016 594 4068 dicunt
628 4029 643 4067 :
681 4013 920 4074 Domine,
957 4029 1017 4064 ne
1056 4011 1142 4064 des
1171 4025 1330 4076 super
1358 4027 1451 4062 nos
1493 4012 1799 4078 sanguinem
1832 4011 1982 4060 inno-

403 4117 600 4158 centem
630 4104 769 4173 (Jan.
795 4119 832 4166 i,
873 4104 984 4172 l4).
1018 4101 1206 4154 Nonne
1247 4103 1398 4153 vobis
1440 4101 1653 4152 videtur
1686 4109 1975 4152 nautarum

406 4204 725 4270 iinprccatio
764 4198 919 4250 Pilati
954 4212 1074 4251 esse
1106 4192 1425 4248 confessio?
1462 4193 1562 4258 Qui
1630 4193 1792 4245 tradit
1827 4193 1979 4244 Chri-

405 4301 573 4354 stum,
601 4302 655 4342 ct
686 4301 862 4341 tamen
897 4288 1039 4339 lavat
1073 4301 1266 4338 manus
1298 4302 1444 4346 suas,
1464 4298 1518 4334 et
1551 4285 1714 4336 dicit:
1751 4283 1977 4334 Mundus

406 4401 501 4450 ego
540 4399 651 4434 sum
681 4398 711 4432 a
749 4383 1004 4448 sanguine
1037 4379 1171 4446 justi
1217 4377 1373 4445 hujus
1403 4377 1613 4445 (Matth.
1668 4391 1835 4436 xxvii,
1861 4376 1975 4443 :24).

2086 1861 2267 1902 tamen
2299 1865 2459 1918 quem
2499 1865 2605 1902 llOIl
2635 1850 2918 1903 invenerat
2961 1865 3133 1911 I'CUIII,
3163 1863 3266 1900 llOll
3321 1858 3529 1916 poterat
3579 1863 3660 1900 ιθ·

2087 1957 2216 1996 n-.:re
2248 1945 2542 1995 daniiattiiu
2569 1957 2584 2006 ;
2610 1944 2735 2010 quia
2782 1942 2994 2009 culpam
3040 1956 3144 1993 non
3181 1941 3308 1993 facit
3354 1955 3534 2008 paena,
3564 1945 3656 1993 si-d

2085 2049 2272 2088 causa.
2321 2035 2488 2098 Quasi
2532 2035 2752 2088 solitum
2800 2033 2977 2087 cibum
3030 2033 3295 2100 perditum
3344 2034 3397 2084 in
3454 2031 3659 2102 origine

2085 2127 2272 2179 mundi
2317 2125 2587 2179 hominem
2623 2126 2906 2180 devoravit
2936 2143 2949 2178 :
2986 2127 3082 2176 sed
3110 2139 3357 2192 magnam
3392 2139 3516 2176 esse
3553 2127 3656 2176 sibi

2086 2220 2254 2285 ipsius
2283 2217 2601 2285 dignitatem
2654 2216 2944 2284 pracl'ocata
2991 2216 3264 2283 cognovit.
3312 2215 3492 2281 Atque
3535 2213 3658 2264 ideo

2082 2310 2298 2362 divinus
2360 2325 2542 2364 seruio
2571 2318 2985 2369 commemorat,
3018 2317 3064 2359 et
3116 2309 3362 2374 praecepit
3421 2307 3570 2373 pisci,
3609 2319 3655 2356 et

2082 2405 2309 2455 evomuit
2387 2400 2583 2454 Jonam
2617 2402 2670 2454 in
2704 2401 2913 2454 aridum
2956 2398 3131 2468 (Iona:
3172 2412 3234 2458 ιι.
3275 2399 3362 2468 ll)
3397 2416 3412 2450 :
3453 2414 3658 2466 praeeizo

2080 2496 2158 2562 pit
2188 2509 2314 2565 ergo
2361 2496 2570 2560 bestiae,
2609 2493 2864 2561 praicepit
2901 2494 3058 2543 morti
3109 2508 3324 2558 semper
3370 2494 3656 2552 esurienti,

2084 2590 2343 2656 pra-cepit
2395 2587 2610 2656 aliyssis
2668 2593 2722 2638 et
2775 2585 3014 2646 inferno,
3055 2593 3111 2636 ut
3152 2588 3352 2635 niutido
3411 2586 3659 2635 restituat

2084 2680 2441 2732 Salvatoretii.
2484 2679 2732 2731 Evomuit
2762 2689 2964 2741 autem,
3007 2680 3108 2731 hoc
3146 2678 3409 2730 debemus
3447 2678 3658 2741 accipe-

2085 2786 2160 2836 re,
2203 2772 2346 2840 quod
2381 2787 2446 2824 ex
2482 2773 2602 2823 imis
2633 2772 2936 2824 visceribus
2971 2771 3160 2823 mortis
3193 2771 3382 2822 victrix
3426 2770 3533 2820 vita
3571 2784 3649 2819 re-

2085 2865 2384 2915 meaverit:
2420 2871 2582 2929 atque
2622 2877 2742 2914 eam
2799 2877 2863 2913 ex
2917 2863 3038 2914 imis
3099 2860 3413 2928 praecordiis
3452 2859 3648 2912 inferni

2082 2955 2312 3022 perditio
2343 2957 2652 3006 exulcerata
2687 2953 2999 3005 reddiderit.

2153 3092 2288 3146 Xlll.
2333 3094 2594 3148 Videmus
2631 3093 2810 3158 itaque
2865 3091 2916 3142 in
2965 3090 3243 3158 propheta‘
3284 3089 3661 3142 afﬂictionibus

2084 3187 2426 3253 apertissime
2489 3183 2880 3250 prat'tigurataui
2947 3184 3150 3250 pariter
3205 3191 3260 3235 et
3323 3194 3547 3234 inertem
3606 3192 3662 3236 et

2086 3277 2570 3330 resurrectionem.
2600 3276 2940 3343 Quapropter
2968 3274 3109 3342 quod
3163 3273 3440 3342 impletum
3480 3275 3660 3326 cernis

2086 3372 2137 3421 in
2171 3384 2349 3429 servo,
2379 3367 2600 3420 Ciedere
2639 3384 2744 3419 non
2805 3369 3079 3419 cutictcris
3136 3367 3188 3418 iii
3234 3366 3477 3419 Domitio.
3531 3367 3659 3429 Qua:

2083 3477 2203 3514 cuni
2251 3462 2319 3512 ita
2369 3462 2496 3525 sint,
2541 3461 2820 3530 perspice,
2849 3463 3316 3529 huuio,qu-:-.utum
3367 3459 3566 3524 valeas,
3608 3470 3661 3510 rt

2083 3552 2354 3620 perpende
2403 3553 2532 3620 qtiid
2570 3552 2810 3604 debeas:
2850 3553 3098 3619 perSpice
3152 3563 3410 3621 quantum
3460 3558 3657 3614 valcas,

2084 3657 2138 3696 ut
2184 3648 2398 3696 tandem
2434 3645 2553 3698 vilis
2589 3660 2709 3697 esse
2753 3645 2847 3697 tibi
2877 3644 3095 3698 desinas
3136 3661 3149 3696 :
3187 3655 3244 3698 ut
3294 3646 3376 3698 vel
3415 3662 3508 3710 per
3557 3649 3658 3697 line

2082 3738 2472 3792 erubescendis
2532 3738 2821 3806 suhjacei'e
2858 3738 3004 3790 vitiis
3031 3737 3362 3806 dedigneris,
3396 3739 3523 3788 dum
3567 3757 3659 3804 ge.

2082 3820 2436 3882 nei'ositatctn
2473 3839 2619 3880 tuam
2650 3831 2711 3879 dc
2735 3829 3000 3881 creatoris
3033 3843 3097 3880 ac
3125 3831 3454 3896 reparator-is
3487 3831 3660 3896 digni-

2087 3931 2191 3974 tate
2223 3921 2450 3973 metiris.
2494 3921 2668 3972 Habet
2719 3934 2915 3972 causas
2951 3919 3150 3986 quibus
3197 3929 3246 3970 te
3290 3920 3401 3984 ipse
3430 3924 3656 3973 «ontuu-

2083 4013 2173 4064 dat
2207 4029 2222 4066 ε
2254 4027 2353 4064 cur
2390 4012 2623 4080 indignis
2685 4011 2922 4064 dominis
2965 4013 3106 4064 vieto
3165 4013 3328 4064 corde
3367 4013 3654 4076 subdatur,

2083 4106 2166 4156 cui
2198 4103 2364 4172 gloria
2394 4113 2597 4156 (eterna
2631 4104 2970 4169 promittitur
3004 4120 3018 4157 :
3050 4118 3101 4156 et
3135 4104 3213 4158 sic
3248 4107 3460 4170 gemino
3493 4108 3656 4172 priu-

2083 4197 2240 4264 legio,
2293 4196 2382 4264 qui
2433 4197 2635 4249 dudum
2686 4196 2883 4249 divina:
2933 4198 3184 4264 imaginis
3237 4199 3655 4265 parieiputionc

2081 4287 2348 4352 fulgebas,
2382 4286 2610 4338 elliceris
2638 4286 2800 4338 etiam
2850 4287 3162 4341 commercii
3214 4290 3493 4340 nobilitate
3527 4306 3646 4356 pre-

2085 4377 2284 4428 tiosus.
2347 4375 2501 4429 Unde
2527 4392 2688 4444 quam
2720 4377 2874 4429 fortis
2896 4391 3015 4430 esse
3035 4379 3212 4444 possis
3237 4390 3424 4430 contra
3448 4381 3654 4431 hostem

408 4483 581 4541 Quam
631 4489 867 4543 congrue
911 4487 1004 4540 per
1051 4487 1339 4539 personam
1375 4469 1631 4538 gentilem
1671 4469 1802 4520 lich
1839 4483 1971 4535 geii—
2008 4489 2059 4549 ι)
2090 4479 2236 4519 ιιιιιιιι
2264 4483 2276 4519 :
2309 4468 2581 4536 interroga
2611 4479 2808 4520 statum
2844 4478 3017 4531 tuum,
3051 4475 3190 4536 quod
3249 4471 3340 4522 tibi
3395 4472 3656 4524 Dominus

408 4573 542 4621 tiuin
573 4570 892 4634 praedicatur
916 4565 929 4616 ι

481 4658 567 4710 XI.
607 4659 748 4709 Dicit
796 4660 976 4724 itaque
1017 4652 1188 4708 Jonas
1245 4653 1298 4706 iit
1357 4654 1606 4706 oratione
1641 4667 1735 4704 sua
1784 4667 1797 4704 :
1837 4649 1982 4702 Tolle

405 4755 598 4822 igitur,
628 4751 871 4812 Domine,
903 4749 1135 4800 animum
1165 4761 1354 4810 meum,
1383 4747 1505 4814 quin
1536 4745 1718 4796 melior
1739 4753 1813 4795 est
1855 4743 1980 4794 mihi

405 4863 549 4898 mors
575 4859 730 4914 quant
754 4853 855 4894 vita
884 4841 1056 4909 (Jonu:
1123 4856 1195 4904 iv,
1230 4841 1306 4906 5).
1344 4839 1494 4891 Dicat
1545 4840 1644 4891 hoc
1687 4839 1839 4889 nobis
1876 4836 1982 4888 Do-

409 4940 592 4992 mitius
621 4946 806 4988 noster
836 4933 993 4988 Jesus
1018 4933 1269 4986 Christus
1305 4947 1319 4984 :
1355 4931 1477 4998 quin
1524 4932 1705 4980 melior
1734 4940 1814 4981 est
1858 4929 1983 4980 mihi

407 5048 550 5083 mors
589 5046 747 5098 quam
793 5034 942 5082 vita:
972 5027 1022 5079 id
1077 5035 1179 5086 est,
1217 5026 1403 5076 vivens
1461 5038 1619 5074 unam
1675 5021 1980 5074 Judaioruui

404 5135 622 5194 gentem
679 5122 892 5177 salvare
945 5135 1048 5174 non
1090 5120 1278 5187 potui:
1311 5119 1537 5178 moriar,
1589 5126 1646 5166 ut
1692 5116 1982 5168 universus-

405 5217 642 5269 mundus
697 5228 813 5266 mea
872 5221 1044 5264 inorle
1083 5211 1344 5261 salvetur.
1374 5207 1566 5260 Jutiutti
1613 5217 1767 5259 cetus
1817 5210 1984 5275 ptScls

406 5309 625 5376 excepit
675 5309 1017 5364 immersuin,
1046 5304 1141 5357 sed
1192 5316 1296 5354 non
1348 5301 1579 5376 centigit
1615 5300 1930 5351 devoratum
1969 5315 1982 5352 :

404 5415 455 5454 ct
488 5416 646 5470 quem
678 5399 881 5451 malitia
920 5397 1198 5450 hominum
1229 5392 1484 5462 perdidit,
1534 5393 1704 5445 bestia
1735 5393 1984 5445 esuriens

479 5553 736 5608 'Scilicet
767 5551 828 5604 IV
859 5551 1082 5620 Regum,
1116 5562 1232 5620 xui,
1266 5548 1354 5608 2i,
1391 5547 1546 5615 juxta
1585 5543 1722 5598 LXX
1766 5546 1978 5612 logei-ii.

399 5628 536 5678 Cum
593 5640 736 5676 enini
790 5619 1015 5689 Vulgata
1073 5619 1488 5688 proaiibigtiis
1532 5627 1754 5667 vocmiis
1789 5619 1977 5668 (ὲιοωιςίι

401 5697 608 5746 αυῑιὺν.
639 5705 691 5746 ct
727 5693 988 5744 llenraica
1026 5702 1130 5752 ΞΠ,
1159 5701 1330 5741 νοτίδι
1354 5690 1590 5755 quidam,
1627 5699 1674 5736 (⁵⁸
1719 5690 1782 5736 ad
1832 5703 1980 5752 δί-Ψε·

400 5775 596 5818 liciitcs
653 5774 871 5826 i'clci‘ut,
899 5779 1112 5815 omnem
1167 5763 1505 5813 dubitatione
1533 5783 1559 5807 ιι
1607 5761 1740 5808 lUllll
1790 5763 1850 5809 dc
1891 5770 1983 5808 lio-

2085 4561 2148 4610 ad
2183 4560 2560 4612 debellandum
2591 4560 2643 4611 iii
2681 4561 2939 4612 membris
2969 4562 3072 4614 tuis
3118 4562 3296 4613 mundi
3325 4564 3650 4630 principem,

2085 4661 2135 4701 et
2165 4650 2440 4717 spiritales
2485 4652 2757 4720 nequitias
2792 4653 3132 4719 superandus
3171 4654 3391 4708 liberam
3431 4663 3608 4707 ciiiiqu
3638 4668 3657 4704 t

2087 4742 2397 4795 facultatem
2425 4761 2439 4796 :
2473 4760 2533 4796 ac
2567 4747 2647 4797 sic
2682 4746 3022 4814 impossibile
3056 4764 3159 4800 non
3189 4763 3364 4816 putes,
3395 4759 3454 4801 ut
3482 4759 3656 4800 trans—

2087 4835 2213 4888 lerri
2270 4837 2519 4889 obtiiieas
2571 4839 2622 4890 in
2671 4839 2948 4906 angelicas
3005 4835 3562 4894 beatitudineszcum
3605 4860 3654 4891 iu

2088 4928 2187 4980 hoc
2247 4929 2443 4982 szecnlo
2512 4930 2781 4997 angelicas
2837 4931 3101 4984 deviceris
3160 4941 3472 5000 potestates.
3539 4930 3654 4982 Nui

2085 5036 2213 5088 ergo
2245 5032 2295 5071 te
2328 5024 2649 5088 degenerem
2675 5038 2737 5074 ac
2768 5023 3081 5088 despectum
3127 5024 3291 5076 faciat
3329 5028 3454 5088 vita,
3492 5041 3596 5092 que
3626 5045 3653 5073 ιι

2090 5121 2167 5168 vel
2201 5117 2406 5170 factura
2440 5119 2634 5185 probat
2676 5117 2940 5171 illustrem
2994 5119 3285 5186 protulisse
3309 5119 3393 5169 vcl
3435 5119 3606 5185 gratia
3640 5133 3653 5168 :

2087 5211 2179 5262 sed
2217 5225 2434 5262 cursum
2467 5209 2640 5262 fidelis
2668 5209 2872 5262 Christi
2905 5211 3127 5280 sanguis
3155 5211 3219 5260 ad
3254 5224 3490 5276 superna
3522 5212 3654 5262 fidu-

2087 5301 2298 5355 cialiter
2343 5301 2586 5356 extollat.
2633 5300 2764 5354 Nam
2815 5303 2905 5371 qui
2940 5317 2998 5356 se
3029 5303 3236 5354 caelesti
3274 5301 3446 5369 pretio
3477 5305 3658 5353 vident

2102 5393 2432 5460 redemptos,
2470 5393 2536 5444 ad
2565 5393 2809 5446 cwlestia
2844 5408 2948 5446 non
2972 5393 3216 5445 dubitant
3248 5374 3599 5461 praeparatos.

2091 5551 2233 5604 mine
2262 5569 2288 5602 a
2322 5551 2643 5605 latrunculis
2669 5553 2870 5612 occiso,
2894 5560 3053 5617 atque
3083 5553 3151 5603 ab
3182 5553 3366 5605 iisdem
3398 5557 3604 5617 sepulti:
3639 5565 3655 5606 :

2088 5639 2206 5689 qua:
2257 5624 2421 5673 nostri
2457 5624 2719 5686 auctoris,
2769 5622 2988 5687 Josephi
3035 5633 3089 5673 et
3133 5624 3383 5675 Chronici
3430 5628 3659 5674 Αἱεληιι-

2090 5705 2231 5742 ιιιιιιι
2267 5694 2534 5745 sententia
2584 5703 2689 5755 est,
2723 5693 2842 5745 aliis
2879 5693 2932 5744 in
2973 5693 3106 5745 alias
3149 5706 3446 5748 sententias
3479 5696 3656 5750 disce-

2091 5768 2362 5813 duittllitls.

2091 5776 2362 5815 thllllltllSs
