4012 6188
349 318 459 384 227

484 426 798 484 λιοκετωι
835 425 897 480 ΙΝ
931 420 1316 477 El’lSTOLAM
1361 413 1803 484 SEQUENTEM.

434 572 610 626 Etiam
648 571 702 621 in
751 564 1074 624 Veronensi,
1115 576 1274 629 quem
1317 559 1517 609 dudum
1568 550 1930 629 laudavimus,

365 642 842 712 perantiquo_m_s.,
877 635 986 712 hic,
1015 644 1069 686 et
1099 626 1187 712 qui
1240 626 1784 712 subsequuntu't;.duo
1815 635 1928 671 ser-

367 693 550 763 inones
575 693 640 760 de
675 693 983 774 Epiphania
1013 713 1068 755 ct
1111 693 1564 774 Quattragesima,
1611 693 1934 774 Hieronymo

367 760 756 832 inscribuntur.
780 760 1051 826 'Erasmus
1081 760 1193 823 aii:
1237 760 1406 818 Video
1442 764 1741 816 dubitatum
1776 771 1832 811 et
1869 760 1935 810 ab

367 851 510 911 aliis,
537 849 696 914 cujus
729 848 800 898 sit
832 847 944 914 hate
985 840 1219 894 ltomilia.
1257 838 1422 914 guju»
1457 836 1527 887 sit
1567 843 1936 914 ltuit-prodit.“-

371 897 811 984 ti'o,‘,qt—taitquam
857 912 1093 984 Leonem
1133 919 1228 961 aut
1266 897 1556 958 maximum
1600 897 1786 954 refert.
1815 897 1937 950 llic-

373 989 580 1058 l‘Dttyutl
614 1002 718 1040 non
753 999 892 1048 CSse,
923 983 1095 1050 palam
1131 989 1237 1032 est.

893 1152 1225 1207 EPISTOLA
1256 1146 1425 1214 XXV,

652 1308 746 1346 διυ
782 1304 954 1342 SEBIIO
989 1301 1057 1340 DE
1099 1297 1421 1339 NA'I'IVITATE
1454 1295 1662 1336 ῡοκιΝι.

455 1429 496 1482 l.
524 1427 695 1481 llodie
725 1439 888 1478 verus
921 1421 1000 1476 sol
1030 1430 1180 1473 ortus
1209 1427 1289 1473 est
1320 1417 1519 1470 mundo
1552 1435 1566 1470 :
1608 1411 1769 1468 hodie
1790 1410 1840 1464 itt
1873 1419 1952 1462 te-

387 1521 574 1574 nebris
603 1515 785 1571 sa-culi
815 1515 996 1566 lumen
1029 1512 1328 1578 ingressum
1362 1515 1464 1562 est.
1495 1505 1636 1558 Deus
1664 1501 1840 1556 factus
1870 1507 1951 1548 est

389 1615 566 1673 homo,
595 1620 651 1662 ut
687 1609 846 1659 homo
875 1605 1004 1659 deus
1031 1605 1204 1659 ὕει-ει.
1246 1601 1499 1652 Formam
1529 1595 1671 1650 servi
1693 1592 1952 1646 Dominus

389 1703 616 1772 accepit,
654 1709 711 1753 ut
749 1713 943 1752 servus
983 1704 1286 1748 verteretur
1341 1693 1395 1744 in
1440 1690 1742 1743 dominum.
1778 1683 1954 1738 Caelo-

391 1809 507 1845 rum
533 1792 803 1846 habitator
827 1798 882 1842 et
906 1786 1156 1841 conditor
1180 1785 1382 1837 habitat
1413 1783 1467 1835 itt
1503 1780 1684 1844 terris,
1708 1787 1766 1831 ut
1792 1780 1950 1831 homo
1986 1781 2025 1831 Β

393 1885 617 1938 colonus
649 1890 810 1935 terra:
835 1880 1095 1947 migraret
1128 1879 1194 1930 ad
1227 1876 1414 1930 caelos.
1445 1873 1488 1927 0
1523 1873 1640 1926 dies
1670 1869 1816 1924 omni
1845 1870 1958 1920 sote

396 1975 654 2030 lucidior!
682 1989 714 2029 ο
759 1983 972 2040 tempus
1014 1971 1225 2024 cunctis
1273 1966 1490 2022 szeculis
1548 1962 1954 2032 exspectatun!

396 2069 548 2134 Quod
585 2064 1040 2135 pra'stolabautur
1071 2062 1267 2130 angeli,
1301 2063 1442 2129 quod
1477 2059 1761 2110 cherubim
1787 2067 1837 2106 ct
1870 2073 1959 2105 se-

398 2162 606 2232 raphim
637 2170 692 2212 et
733 2160 993 2212 caelorum
1022 2157 1324 2208 ministeria
1365 2153 1690 2206 nesciebant
1722 2165 1736 2204 ι
1778 2150 1877 2200 hoc
1911 2149 1962 2198 in

400 2266 586 2308 nostro
614 2261 856 2318 tempore
898 2249 1196 2303 revelatum
1249 2257 1350 2299 cst.
1393 2243 1548 2308 Quod
1595 2243 1667 2294 illi
1711 2242 1964 2293 videbant

403 2365 494 2416 per
533 2347 808 2414 speculum
842 2352 897 2396 et
937 2356 1034 2410 per
1083 2338 1396 2408 imaginem,
1459 2350 1558 2388 nos
1594 2332 1875 2388 cernimus
1914 2333 1964 2381 in

413 2440 662 2490 verLtate.
712 2433 815 2499 Qui
880 2431 1076 2501 populo
1133 2428 1430 2481 Israelitico
1495 2423 1814 2492 loquebatur
1875 2435 1969 2488 per

407 2531 621 2589 lsaiatn,
651 2526 939 2579 Jeretniam
987 2533 1319 2588 caeterosque
1353 2519 1665 2586 prophetas,
1689 2530 1838 2567 nunc
1877 2531 1971 2565 no.

405 2623 488 2674 his
525 2635 620 2688 per
649 2615 841 2670 Filium
877 2615 1135 2681 loquitur.

477 2713 541 2765 ll.
563 2710 746 2764 Videte
763 2708 890 2776 quid
917 2709 986 2760 sit
1009 2706 1146 2759 inter
1171 2701 1334 2756 Vetus
1357 2699 1759 2754 Testamentum
1787 2705 1838 2750 et
1861 2693 1970 2749 No-

408 2822 554 2862 vum.
581 2805 638 2858 ln
669 2805 760 2856 illo
782 2801 1108 2869 loquebatur
1130 2814 1227 2867 per
1256 2792 1709 2850 nebulammobis
1739 2791 1975 2860 loquitur

410 2915 504 2970 per
525 2911 796 2952 setcnum.
825 2893 900 2945 lbi
939 2893 1076 2944 Deus
1134 2889 1417 2944 videbatur
1477 2888 1531 2940 itt
1586 2886 1741 2948 rubo,
1778 2886 1864 2938 hic
1907 2884 1976 2937 de

410 2993 617 3056 \ttl'gitte
652 2988 790 3041 Deus
821 2983 1084 3038 naScitur.
1113 2984 1188 3036 lbi
1220 2983 1360 3048 ignis
1391 2993 1507 3032 erat
1539 2977 1715 3047 populi
1754 2990 1971 3043 peccata

412 3095 778 3138 consumens:
816 3081 905 3134 hic
961 3077 1124 3131 homo
1171 3084 1254 3128 est
1290 3073 1469 3141 populi
1526 3079 1749 3138 peccata
1799 3069 1978 3120 dimit-
2009 3103 2048 3156 Ο

413 3183 554 3236 lens,
587 3174 695 3224 itno
756 3170 1045 3238 ignoscetis
1093 3165 1269 3219 servis
1307 3164 1440 3216 suis.
1489 3158 1656 3212 Nemo
1691 3160 1828 3212 enim
1881 3176 1977 3224 po-

416 3277 507 3318 test
533 3274 740 3332 peccata
767 3262 1054 3320 dimittere,
1086 3257 1189 3310 nisi
1222 3255 1365 3307 solus
1403 3253 1542 3306 Deus
1585 3251 1777 3322 (Marc.
1813 3266 1872 3312 tt,
1899 3251 1978 3314 7).

417 3358 544 3409 Sive
584 3354 741 3407 hodie
769 3349 1028 3404 Dominus
1058 3347 1216 3401 Jesus
1249 3356 1423 3410 natus,
1465 3345 1578 3397 sive
1624 3343 1784 3396 hodie
1814 3341 1985 3410 bapti-

417 3456 572 3499 zatus
597 3453 699 3507 est,
734 3442 948 3495 diversa
979 3437 1195 3506 quidem
1241 3437 1424 3503 Opinio
1455 3435 1628 3487 fertur
1655 3433 1709 3486 in
1761 3433 1982 3494 mundo,

419 3546 474 3590 ot
501 3551 600 3606 pro
626 3533 977 3587 traditionutn
1012 3528 1301 3590 varietate,
1335 3527 1601 3580 sententia
1629 3536 1715 3578 est
1745 3525 1982 3577 diversa.

419 3629 586 3684 Nobis
615 3627 743 3681 illttd
787 3631 1002 3699 constat
1042 3623 1106 3676 ad
1156 3621 1443 3689 liquidum,
1477 3617 1619 3688 quod
1673 3618 1788 3670 sive
1828 3617 1985 3670 hodie

423 3736 581 3775 natus
607 3736 669 3774 ex
705 3717 870 3772 Maria
901 3715 1115 3784 Virgine
1144 3724 1246 3779 est,
1273 3713 1388 3766 sive
1431 3721 1650 3766 renatus
1689 3726 1752 3766 ex
1815 3711 1986 3775 bapti-

424 3831 566 3879 smo,
594 3823 648 3868 et
694 3812 951 3866 nativitas
990 3809 1172 3863 carnis
1207 3816 1260 3861 et
1299 3807 1522 3876 spiritus
1547 3805 1700 3859 nobis
1738 3804 1942 3873 proticit
1972 3820 1986 3857 :

424 3919 710 3973 utrumque
789 3902 1114 3972 mysterium
1176 3915 1375 3963 meum,
1443 3910 1737 3966 utrumque
1785 3895 1991 3948 utilitas

425 4015 543 4052 mea
583 4007 687 4052 est.
727 3994 819 4048 Dei
866 3993 1036 4046 Filius
1075 4006 1183 4044 non
1234 3990 1469 4043 habebat
1504 3988 1878 4042 necessarium
1934 3997 1992 4039 ιιι

426 4098 758 4152 nasceretur,
792 4097 850 4137 ut
882 4084 1268 4153 baptizaretur.
1338 4081 1554 4148 Neque.
1585 4082 1730 4132 enim
1794 4093 1993 4147 pecca-

432 4193 538 4237 tu-u
575 4181 776 4234 fecerat
805 4179 948 4247 quod
982 4177 1030 4230 ei
1063 4175 1434 4228 remitteretur
1464 4177 1515 4226 in
1561 4173 1828 4240 baptismo
1856 4187 1870 4224 :
1901 4171 1994 4224 sed

430 4274 574 4326 tibus
619 4269 921 4334 humilitas,
983 4277 1172 4319 nostra
1229 4264 1532 4317 sublimitas
1587 4281 1602 4317 :
1656 4263 1798 4316 illius
1843 4279 1994 4324 crux,

430 4375 610 4419 nostra
640 4366 864 4417 victoria
899 4371 980 4416 est
1009 4376 1023 4414 :
1052 4361 1196 4414 illius
1230 4358 1547 4428 patibulum,
1585 4367 1768 4410 uoster
1809 4358 1999 4410 trimu-

432 4460 570 4526 phus
602 4465 706 4509 est.

503 4544 588 4598 Ill.
621 4543 928 4599 Gaudentes
978 4543 1080 4597 hoc
1112 4541 1326 4610 signum
1363 4540 1608 4595 levemus
1653 4540 1704 4592 in
1749 4539 1996 4592 humeris

440 4638 642 4690 nostris
677 4651 692 4691 :
733 4635 1080 4690 victoriarum
1122 4633 1340 4696 vexilla,
1372 4644 1424 4686 et
1470 4631 1780 4684 immortale
1855 4630 1996 4682 lava-

432 4746 584 4782 t-rutn
647 4738 924 4797 portemus
973 4728 1028 4780 itt
1090 4726 1382 4781 frontibus.
1455 4723 1590 4778 Cum
1636 4723 1738 4777 hoc
1788 4721 1998 4791 signum

432 4821 683 4875 diabolus
716 4819 1066 4884 conspexerit
1107 4817 1159 4871 in
1206 4815 1477 4870 frontibus
1539 4814 1760 4878 nostris,
1789 4823 2003 4866 contre-

437 4913 636 4967 tnistit.
678 4910 777 4974 Qui
812 4922 1004 4962 aurata
1049 4908 1314 4978 Capitolia
1350 4923 1460 4961 non
1525 4907 1743 4971 timent,
1777 4919 1996 4959 crucem

437 5010 646 5058 timent.
677 5001 781 5068 Qui
804 5011 1154 5056 contemnunt
1183 5009 1399 5069 sceptra
1436 4999 1634 5070 regalia
1658 5007 1714 5052 et
1735 5013 2004 5067 purpuras

437 5100 711 5151 (laesarum
736 5106 790 5150 et
818 5096 1004 5161 dapes,
1035 5094 1476 5147 Christianorum
1515 5093 1705 5146 sordes
1725 5091 2004 5161 etjeptnia

439 5190 846 5260 pertimescunt.
877 5186 1117 5255 Denique
1172 5186 1225 5239 in
1256 5185 1541 5240 Ezechiele
1565 5187 1851 5254 pmpheta,
1883 5201 2004 5240 cum

440 5295 627 5334 omnes
657 5281 748 5349 qui
783 5279 989 5332 missus
1032 5275 1208 5329 fuerat
1249 5275 1470 5344 angelus
1499 5275 1808 5337 occidisset,
1836 5283 1887 5327 et
1931 5277 2012 5327 iu-

443 5373 688 5428 terfectio
721 5369 977 5440 ctepissct
1009 5388 1034 5422 a
1062 5370 1289 5427 sanctis.
1319 5368 1393 5420 illi
1425 5367 1804 5420 tantummodo
1839 5368 2010 5432 sospi-

445 5479 526 5520 tes
569 5477 936 5529 reservantur,
981 5479 1118 5534 quos
1167 5461 1320 5518 Thau
1369 5461 1568 5524 littera,
1602 5460 1649 5512 id
1702 5458 2014 5523 est,crucis

515 5647 530 5675 ‘
592 5645 762 5700 Verus
811 5642 1371 5711 llieronyuttts.cpist.
1418 5641 1484 5693 l4
1523 5639 1588 5691 ad
1641 5637 2012 5702 Heliodorum,

443 5719 611 5770 rrttris
639 5729 867 5768 animum
891 5716 1088 5784 ﬁgatur
1123 5715 1174 5765 in
1198 5712 1486 5780 frontibus.
1526 5713 1699 5774 Quam
1733 5724 2019 5777 compara»

1296 307 1352 368 S.
1402 301 1840 365 IllEliUNYMl
1893 295 2206 355 Ol’ERUM
2252 291 2658 352 MSNTISSA.

3494 284 3606 348 2‘23

1965 429 2000 476 Α
2041 409 2250 478 pictura
2304 412 2639 458 servaverat.
2687 399 3033 453 Essultemus
3082 397 3266 466 itaque
3311 399 3376 452 ad
3431 404 3613 454 crucis

2033 498 2441 553 similitudinem
2478 512 2490 548 :
2523 505 2740 547 sanctas
2767 493 2821 544 in
2853 491 3056 544 cmlum
3090 491 3332 545 levemus
3370 507 3562 546 manus
3595 512 3607 544 :

2037 606 2158 644 cum
2185 590 2264 642 sic
2295 604 2390 641 uos
2423 595 2662 638 armatos
2693 585 2974 638 daemones
3008 581 3264 646 viderint,
3294 585 3578 652 Opprimeu
3601 614 3615 620 -

2037 692 2147 735 tur.
2183 680 2414 747 Quando
2439 678 2650 749 Moyses
2679 686 2892 730 erectas
2926 675 3159 728 habebat
3191 690 3402 738 manus,
3435 675 3618 728 vime-

2038 775 2196 830 hatur
2231 773 2486 826 Amalech
2529 770 2612 824 :si
2645 768 2920 838 paululum
2987 766 3090 820 illae
3125 766 3500 832 conciderant,
3535 764 3620 819 iu-

2041 865 2374 918 vr-lescebat.
2407 861 2676 919 Antenore
2709 861 2931 912 navium
2966 859 2980 889 ¹
3015 867 3070 911 et
3108 856 3352 911 velorum
3383 872 3615 918 cornua,

2043 959 2142 1008 sub
2207 956 2377 1024 figura
2438 961 2636 1008 nostrae
2695 951 2880 1004 crucis
2922 949 3172 1004 volitant.
3217 950 3357 1004 Aves
3399 964 3619 1019 quoque

2044 1048 2176 1116 ipsae
2208 1045 2425 1114 quando
2450 1046 2501 1099 in
2526 1043 2842 1098 sublimiora
2882 1042 3142 1096 tolluntur
3164 1051 3219 1096 et
3263 1040 3496 1110 pendeat
3525 1056 3620 1108 per

2047 1155 2250 1203 aerem,
2282 1139 2531 1192 extensis
2567 1137 2670 1191 alis
2718 1136 2999 1189 imitantur
3023 1148 3264 1190 crucem.
3301 1130 3406 1187 Sed
3429 1143 3484 1186 et
3511 1142 3620 1185 trm

2047 1248 2158 1300 pzea
2187 1232 2300 1300 ipsa
2357 1240 2410 1285 et
2444 1229 2674 1283 victoria
2708 1228 3111 1295 triumphorum
3147 1234 3464 1279 ornamenta
3493 1239 3618 1277 cru.

2050 1326 2127 1376 cis
2155 1333 2281 1377 sunt
2319 1337 2518 1391 :quam
2573 1336 2682 1374 non
2733 1327 2908 1374 solum
2971 1318 3022 1371 in
3083 1317 3378 1384 frontibus,
3412 1316 3504 1371 sed
3563 1319 3615 1368 iu

2051 1417 2302 1470 manibus
2329 1427 2545 1485 quoque
2570 1412 2774 1467 nostris
2817 1412 3019 1466 habere
3053 1411 3309 1465 debemus
3337 1427 3352 1464 :
3384 1419 3437 1461 ut
3464 1409 3506 1462 si
3541 1423 3618 1457 Str.

2053 1509 2317 1562 fuerimus
2355 1506 2571 1572 armati,
2609 1506 2886 1559 calcemus
2909 1517 3072 1573 super
3095 1504 3338 1571 aspidem
3379 1512 3432 1556 et
3471 1503 3620 1555 bibl-

2054 1597 2265 1660 liscom,
2301 1612 2395 1662 per
2422 1595 2706 1648 Dominum
2738 1601 2980 1647 nostrum
2998 1591 3183 1646 Jesum
3214 1591 3512 1655 Christum,
3537 1592 3624 1642 cui

2055 1702 2136 1742 est
2171 1690 2340 1741 hOnor
2370 1696 2421 1740 et
2457 1688 2628 1755 gloria
2666 1687 2716 1739 itt
2745 1685 2938 1739 saecula
2967 1683 3312 1739 saeculorum.
3341 1685 3532 1736 Amen.

2187 1840 2507 1895 MONITUM
2538 1839 2602 1894 IN
2638 1839 3025 1893 EPISTOLAM
3060 1835 3502 1904 SEQUICNTEM.

2137 1952 2386 2020 Ejusdem
2443 1949 2653 2000 videtur
2701 1963 2765 2002 ac
2801 1947 3044 2016 proxime
3086 1948 3630 2020 superior_auctoris

2065 2016 2200 2077 esse.
2260 2020 2328 2072 Ut
2384 2021 2514 2071 ttiltil
2571 2021 2720 2072 aliud
2751 2025 2994 2081 accedat,
3048 2028 3194 2070 certe
3228 2016 3370 2084 quod
3423 2018 3629 2076 aitille,

2064 2098 2167 2147 sive
2193 2091 2346 2144 hodie
2374 2090 2626 2142 Dominus
2647 2087 2802 2142 Jesus
2827 2102 3006 2143 natus.
3028 2089 3132 2140 sive
3159 2089 3311 2140 hodie
3333 2088 3632 2155 baptizatus

2066 2175 2142 2218 est
2179 2178 2198 2216 .‘
2230 2161 2434 2238 diversa
2454 2174 2637 2228 quippe
2660 2163 2836 2238 Opinio
2862 2161 3031 2238 fertur
3057 2161 3108 2209 tu
3143 2158 3352 2238 mundo,
3383 2168 3430 2210 et
3461 2159 3603 2210 tradi

2070 2238 2264 2287 tionum
2293 2231 2545 2282 varietate
2576 2231 2836 2281 sententia
2857 2239 2933 2281 est
2955 2232 3177 2290 diversa,
3206 2229 3440 2280 immane
3465 2244 3636 2296 quan-

2070 2315 2180 2357 tum
2237 2305 2304 2352 ab
2358 2298 2668 2368 Hieronymi
2726 2310 2925 2368 triente,
2961 2299 3282 2368 ingenioque
3317 2299 3634 2358 abhorreat,

2073 2379 2162 2440 qui
2223 2373 2276 2424 in
2323 2367 2740 2440 Commentariis
2778 2368 2832 2440 in
2889 2367 3161 2420 Ezechiel.
3197 2367 3296 2421 tib.
3349 2383 3388 2431 ι,
3425 2369 3635 2440 εερτνί,

2073 2438 2500 2510 Epiplmtiorum
2536 2441 2675 2491 dlelll
2712 2454 2741 2510 a
2779 2438 2953 2510 Natali
2992 2453 3096 2490 non
3130 2451 3290 2490 [ηοω
3325 2440 3491 2505 probe
3520 2439 3634 2490 dis-

2077 2507 2287 2578 ungmt,
2325 2511 2415 2560 sed
2443 2518 2498 2558 et
2538 2525 2631 2560 eos
2663 2507 2878 2571 refellit,
2925 2510 3014 2575 qui
3057 2521 3152 2574 pro
3183 2523 3291 2561 uno
3339 2512 3639 2575 eodemque

2079 2584 2372 2634 habebant.
2414 2579 2670 2629 Erasmus
2722 2582 2797 2630 ait
2859 2595 2872 2632 :
2925 2578 3035 2630 Nec
3085 2579 3152 2630 de
3211 2579 3312 2630 hac
3348 2581 3640 2646 quidquam

2079 2649 2423 2717 habeo'quod
2466 2649 2835 2714 pronuntient,
2871 2652 2974 2702 nisi
3017 2663 3131 2719 non,
3153 2662 3274 2701 esse
3302 2646 3639 2719 Hieronymi.

2079 2723 2143 2775 ιιι
2167 2723 2484 2774 adduottaut
2509 2720 2894 2786 insczipttones
2921 2717 3337 2786 exemplarium.

2590 2855 2925 2912 EPISTOLA
2952 2857 3140 2919 XXVI,

2388 2967 2482 3006 δεῖ]
2520 2968 2693 3007 δεηκο
2723 2968 2790 3006 ΒΕ
2821 2969 3099 3007 ειηριιΑΝιλ
3137 2969 3336 3008 υοδιίκι.

2155 3065 2193 3120 I.
2233 3066 2355 3119 Dies
2391 3064 2818 3134 Epiphaniorum
2843 3066 3031 3122 Graeco
3056 3070 3269 3122 nomine
3299 3070 3377 3124 sic
3402 3081 3644 3124 vocatur.

2085 3166 2236 3230 Quod
2261 3164 2404 3216 enim
2433 3176 2530 3214 nos
2561 3159 2978 3228 apparitionetn,
3013 3161 3092 3212 vel
3119 3161 3489 3215 ostensioueut
3517 3164 3646 3215 dici-

2087 3271 2224 3318 tnus,
2259 3253 2431 3307 Graeci
2484 3251 2808 3319 ἐπιφάνειαν
2864 3263 3080 3305 vocant.
3123 3249 3235 3306 Hoc
3281 3263 3458 3308 autem
3507 3255 3648 3315 ideo,

2087 3347 2210 3412 quia
2259 3347 2519 3400 Dominus
2562 3354 2750 3397 noster
2789 3344 2946 3397 hodie
2979 3353 3034 3397 et
3094 3343 3348 3399 Salvator
3403 3359 3648 3416 apparuit

2089 3439 2139 3488 in
2175 3435 2432 3488 tenebris.
2477 3433 2628 3486 Licet
2650 3434 2794 3486 enim
2838 3435 2964 3486 olim
2999 3444 3158 3487 natus
3181 3445 3324 3488 esset
3354 3451 3420 3489 ex
3458 3436 3649 3499 Maria,

2088 3539 2136 3580 et
2173 3525 2390 3596 triginta
2413 3523 2526 3592 jam
2563 3540 2828 3579 annorum
2866 3525 3136 3594 explesset
3168 3538 3379 3582 aetatem
3428 3547 3443 3582 :
3476 3539 3651 3582 tamen

2092 3625 2437 3686 ignorabatur
2467 3642 2496 3678 a
2522 3628 2746 3681 mundo.
2779 3628 2856 3681 Eo
2880 3640 3122 3695 tempore
3143 3631 3389 3696 cognitus
3411 3642 3509 3690 est.
3539 3647 3647 3699 quo

2091 3716 2155 3765 ad
2184 3713 2444 3770 Joannem
2474 3717 2792 3788 Baptistam,
2818 3730 2872 3773 ut
2905 3720 2957 3774 in
2984 3719 3222 3776 .lordane
3263 3724 3644 3792 baptizaretur,

2091 3808 2331 3870 anin'llll,
2362 3818 2415 3861 et
2445 3825 2546 3862 vox
2602 3811 2670 3864 de
2726 3811 2867 3866 «mlo
2924 3811 3104 3865 Patris
3145 3815 3437 3868 intonantis
3468 3814 3646 3865 alltlila

2092 3910 2173 3952 est
2204 3917 2218 3954 :
2252 3899 2352 3952 Hic
2379 3915 2454 3953 est
2489 3899 2664 3954 Filius
2699 3919 2844 3957 metu
2869 3903 3114 3970 dilectus,
3143 3905 3198 3958 in
3247 3921 3346 3974 quo
3379 3905 3504 3959 mihi
3534 3906 3654 3957 bene

2095 3991 2386 4058 comptecui
2439 3992 2650 4062 (Matth.
2693 4009 2774 4060 ιιι,
2833 3995 2942 4064 17).
2998 3995 3167 4061 Quem
3208 3995 3366 4051 Pater
3401 3998 3466 4052 de
3509 3999 3656 4052 oculis

2100 4094 2497 4138 monstraverat
2531 4101 2684 4151 voce,
2751 4089 2895 4142 hunc
2933 4088 3168 4158 Spiritus
3209 4099 3428 4145 sanctus
3477 4105 3656 4141 versui

2100 4174 2151 4227 itt
2203 4175 2532 4241 columbam,
2564 4186 2615 4231 et
2647 4195 2810 4248 super
2838 4194 3001 4250 caput
3057 4182 3201 4234 illius
3245 4182 3462 4245 sedens,
3517 4192 3658 4233 [ιιι-ιη

2099 4267 2460 4342 ιιυυᾳυθνὶρδο
2505 4270 2676 4322 voluit
2709 4272 3108 4337 demonstrare,
3142 4287 3212 4328 ne
3257 4274 3376 4340 quis
3401 4273 3537 4328 alius
3571 4273 3660 4326 Dei

2102 4358 2272 4412 Filius
2324 4366 2606 4426 putaretur
2656 4378 2685 4414 a
2736 4361 2955 4430 populo.
2998 4362 3140 4429 Quid
3200 4363 3300 4419 hac
3364 4365 3660 4419 humilitate

2031 4437 2075 4488 υ
2104 4447 2421 4503 sublimius?
2460 4452 2584 4516 qttid
2619 4452 2718 4506 hac
2757 4454 2963 4507 vilitate
2992 4454 3269 4510 nobilius?
3303 4455 3610 4525 Baptizatur
3637 4476 3663 4506 a

2101 4555 2280 4606 servo,
2311 4549 2416 4595 eta
2458 4541 2682 4595 Domino
2731 4541 2873 4598 filius
2906 4547 3233 4615 appellatur.
3298 4546 3443 4602 lnter
3482 4549 3662 4616 publi-

2103 4648 2289 4696 canos,
2330 4642 2384 4688 et
2427 4635 2762 4700 meretrices,
2808 4648 2858 4689 et
2894 4649 3230 4705 peccatores,
3264 4640 3358 4691 ad.
3389 4639 3662 4693 lavacrum

2105 4723 2271 4790 venit,
2303 4731 2355 4779 et
2376 4727 2714 4780 sanctiorest
2748 4728 2978 4798 baptista
3004 4746 3122 4784 suo.
3150 4731 3387 4784 Lavatur
3408 4748 3437 4782 a
3465 4728 3668 4784 Joatme

2107 4817 2159 4869 in
2188 4832 2372 4882 carne,
2399 4827 2453 4872 et
2505 4819 2621 4887 ipse
2646 4817 2912 4875 Joannem
2960 4822 3010 4875 iu
3046 4822 3242 4892 spiritu
3290 4823 3453 4877 lavat.
3503 4823 3668 4890 Aqua:

2107 4923 2226 4975 qua:
2259 4920 2454 4963 caetera
2491 4911 2754 4965 mundare
2785 4923 3206 4980 consueverunt,
3232 4913 3456 4968 Domino
3486 4924 3669 4968 nostro

2108 5002 2342 5066 lavante,
2397 5001 2666 5054 mundata:
2719 5013 2865 5056 sunt.
2911 5001 3164 5057 Jordanis
3220 5003 3435 5067 ﬂuvius,
3474 5005 3561 5069 qui
3610 5018 3668 5057 ec

2112 5101 2353 5157 tempore
2401 5090 2617 5158 quando
2668 5095 2926 5162 populum
2982 5095 3148 5149 lsracl
3181 5098 3365 5149 eduxit
3415 5093 3571 5150 Jesus
3606 5097 3670 5147 ad

2115 5189 2314 5232 terram
2371 5183 2830 5250 repromissionis,
2895 5184 3069 5239 fuerat
3121 5187 3426 5240 exsiccatus
3479 5202 3673 5239 :nunc

2114 5273 2374 5327 membris
2424 5273 2635 5329 Domini
2684 5278 2864 5342 tactis,
2925 5277 2971 5332 si
3032 5280 3316 5346 patuisset,
3365 5278 3533 5332 undas
3571 5293 3673 5328 uno

2114 5365 2231 5419 loco
2264 5365 2504 5420 voluerat
2549 5383 2904 5438 congregare,
2939 5381 2996 5424 ut
3030 5370 3241 5426 Domini
3280 5385 3474 5441 corpus
3508 5370 3670 5423 attin-

2114 5465 2286 5524 geret.

2121 5640 2343 5714 tionem,
2391 5650 2448 5692 ttt
2480 5650 2532 5692 et
2564 5641 2696 5694 aiias
2737 5643 2802 5695 ab
2864 5655 3089 5698 auctore
3145 5642 3428 5704 adductas,
3476 5638 3676 5708 passim

2120 5715 2258 5778 apud
2296 5725 2501 5762 veteres
2538 5713 2782 5766 invenire
2815 5723 2918 5766 est.
