  <div class='ocr_page' id='page_1' title='image "/cluster/home/n/w/nwhite01/storage/ocr_20150623/30/hvd.32044096580527/120.png"; bbox 0 0 4012 6188; ppageno 0'>
   <div class='ocr_carea' id='block_1_1' title="bbox 321 341 441 408">
    <p class='ocr_par' dir='ltr' id='par_1_1' title="bbox 321 341 441 408">
     <span class='ocr_line' id='line_1_1' title="bbox 321 341 441 408; baseline -0.017 -1"><span class='ocrx_word' id='word_1_1' title='bbox 321 341 441 408; x_wconf 65' lang='lat'><strong>2‘29</strong></span> 
     </span>
    </p>
   </div>
   <div class='ocr_carea' id='block_1_2' title="bbox 1189 275 2676 399">
    <p class='ocr_par' dir='ltr' id='par_1_2' title="bbox 1189 275 2676 399">
     <span class='ocr_line' id='line_1_2' title="bbox 1189 275 2676 399; baseline -0.007 -4"><span class='ocrx_word' id='word_1_2' title='bbox 1189 326 1548 395; x_wconf 73' lang='lat' dir='ltr'><strong>EPISTULA</strong></span> <span class='ocrx_word' id='word_1_3' title='bbox 1596 329 1840 390; x_wconf 72' lang='lat' dir='ltr'><strong>XXVII.</strong></span> <span class='ocrx_word' id='word_1_4' title='bbox 2032 325 2676 399; x_wconf 64' lang='lat' dir='ltr'><strong>QUADRAGESIMA.</strong></span> 
     </span>
    </p>
   </div>
   <div class='ocr_carea' id='block_1_3' title="bbox 3493 329 3602 382">
    <p class='ocr_par' dir='ltr' id='par_1_3' title="bbox 3493 329 3602 382">
     <span class='ocr_line' id='line_1_3' title="bbox 3493 329 3602 382; baseline -0.018 0"><span class='ocrx_word' id='word_1_5' title='bbox 3493 329 3602 382; x_wconf 68' lang='lat'><strong>2250</strong></span> 
     </span>
    </p>
   </div>
   <div class='ocr_carea' id='block_1_4' title="bbox 397 434 3591 518">
    <p class='ocr_par' dir='ltr' id='par_1_4' title="bbox 397 434 3591 518">
     <span class='ocr_line' id='line_1_4' title="bbox 397 434 3591 518; baseline -0.006 -13"><span class='ocrx_word' id='word_1_6' title='bbox 397 453 466 509; x_wconf 91' lang='lat' dir='ltr'><strong>ll.</strong></span> <span class='ocrx_word' id='word_1_7' title='bbox 511 449 722 518; x_wconf 81' lang='lat' dir='ltr'><strong>Videte,</strong></span> <span class='ocrx_word' id='word_1_8' title='bbox 755 450 974 512; x_wconf 78' lang='lat' dir='ltr'><strong>fratres,</strong></span> <span class='ocrx_word' id='word_1_9' title='bbox 1016 447 1288 517; x_wconf 89' lang='lat' dir='ltr'><strong>quomodo</strong></span> <span class='ocrx_word' id='word_1_10' title='bbox 1324 445 1376 498; x_wconf 98' lang='lat' dir='ltr'><strong>id</strong></span> <span class='ocrx_word' id='word_1_11' title='bbox 1441 444 1584 511; x_wconf 90' lang='lat' dir='ltr'><strong>quod</strong></span> <span class='ocrx_word' id='word_1_12' title='bbox 1620 445 1672 496; x_wconf 92' lang='lat' dir='ltr'><strong>in</strong></span> <span class='ocrx_word' id='word_1_13' title='bbox 1727 442 1910 496; x_wconf 82' lang='lat' dir='ltr'><strong>Evan-</strong></span> <span class='ocrx_word' id='word_1_14' title='bbox 1939 463 1980 513; x_wconf 66' lang='grc' dir='ltr'><strong>Α</strong></span> <span class='ocrx_word' id='word_1_15' title='bbox 2012 439 2251 518; x_wconf 72' lang='lat' dir='ltr'><strong>auctoris</strong></span> <span class='ocrx_word' id='word_1_16' title='bbox 2279 453 2424 492; x_wconf 88' lang='lat' dir='ltr'><strong>esse.</strong></span> <span class='ocrx_word' id='word_1_17' title='bbox 2474 437 2626 518; x_wconf 69' lang='grc' dir='ltr'>ιιιιιις</span> <span class='ocrx_word' id='word_1_18' title='bbox 2659 448 2867 518; x_wconf 32' lang='grc' dir='ltr'>,ιςιιιιθιι</span> <span class='ocrx_word' id='word_1_19' title='bbox 2933 435 3203 518; x_wconf 40' lang='lat' dir='ltr'><strong>Erasmus.</strong></span> <span class='ocrx_word' id='word_1_20' title='bbox 3243 434 3399 518; x_wconf 67' lang='lat' dir='ltr'><strong>[tauri</strong></span> <span class='ocrx_word' id='word_1_21' title='bbox 3451 437 3591 487; x_wconf 84' lang='lat' dir='ltr'><strong>adeo</strong></span> 
     </span>
    </p>
   </div>
   <div class='ocr_carea' id='block_1_5' title="bbox 323 533 1911 615">
    <p class='ocr_par' dir='ltr' id='par_1_5' title="bbox 323 533 1911 615">
     <span class='ocr_line' id='line_1_5' title="bbox 323 533 1911 615; baseline -0.01 -17"><span class='ocrx_word' id='word_1_22' title='bbox 323 544 467 615; x_wconf 82' lang='lat' dir='ltr'><strong>geliu</strong></span> <span class='ocrx_word' id='word_1_23' title='bbox 504 543 703 596; x_wconf 90' lang='lat' dir='ltr'><strong>lectum</strong></span> <span class='ocrx_word' id='word_1_24' title='bbox 740 552 844 602; x_wconf 82' lang='lat' dir='ltr'><strong>est,</strong></span> <span class='ocrx_word' id='word_1_25' title='bbox 882 540 932 591; x_wconf 92' lang='lat' dir='ltr'><strong>in</strong></span> <span class='ocrx_word' id='word_1_26' title='bbox 969 537 1233 592; x_wconf 87' lang='lat' dir='ltr'><strong>vicesimo</strong></span> <span class='ocrx_word' id='word_1_27' title='bbox 1266 545 1458 588; x_wconf 86' lang='lat' dir='ltr'><strong>octavo</strong></span> <span class='ocrx_word' id='word_1_28' title='bbox 1501 537 1712 604; x_wconf 79' lang='lat' dir='ltr'><strong>psalmo</strong></span> <span class='ocrx_word' id='word_1_29' title='bbox 1747 533 1911 584; x_wconf 77' lang='lat' dir='ltr'><strong>fuerit</strong></span> 
     </span>
    </p>
   </div>
   <div class='ocr_carea' id='block_1_6' title="bbox 325 619 1909 700">
    <p class='ocr_par' dir='ltr' id='par_1_6' title="bbox 325 619 1909 700">
     <span class='ocr_line' id='line_1_6' title="bbox 325 619 1909 700; baseline -0.007 -17"><span class='ocrx_word' id='word_1_30' title='bbox 325 643 454 685; x_wconf 82' lang='lat' dir='ltr'><strong>ante</strong></span> <span class='ocrx_word' id='word_1_31' title='bbox 493 632 813 700; x_wconf 51' lang='lat' dir='ltr'><strong>praedictum</strong></span> <span class='ocrx_word' id='word_1_32' title='bbox 848 645 861 681; x_wconf 89' lang='lat'><strong>:</strong></span> <span class='ocrx_word' id='word_1_33' title='bbox 913 627 1020 680; x_wconf 73' lang='lat' dir='ltr'><strong>Vox</strong></span> <span class='ocrx_word' id='word_1_34' title='bbox 1069 625 1281 678; x_wconf 89' lang='lat' dir='ltr'><strong>Domini</strong></span> <span class='ocrx_word' id='word_1_35' title='bbox 1315 640 1470 692; x_wconf 85' lang='lat' dir='ltr'><strong>super</strong></span> <span class='ocrx_word' id='word_1_36' title='bbox 1514 640 1682 690; x_wconf 85' lang='lat' dir='ltr'><strong>aquas</strong></span> <span class='ocrx_word' id='word_1_37' title='bbox 1730 619 1909 691; x_wconf 83' lang='lat' dir='ltr'><strong>(Psal.</strong></span> 
     </span>
    </p>
   </div>
   <div class='ocr_carea' id='block_1_7' title="bbox 331 713 1909 791">
    <p class='ocr_par' dir='ltr' id='par_1_7' title="bbox 331 713 1909 791">
     <span class='ocr_line' id='line_1_7' title="bbox 331 713 1909 791; baseline -0.011 -11"><span class='ocrx_word' id='word_1_38' title='bbox 331 742 532 788; x_wconf 71' lang='lat' dir='ltr'><strong>sntit,</strong></span> <span class='ocrx_word' id='word_1_39' title='bbox 562 726 640 791; x_wconf 80' lang='lat'><strong>5).</strong></span> <span class='ocrx_word' id='word_1_40' title='bbox 690 722 927 778; x_wconf 79' lang='lat' dir='ltr'><strong>Locutus</strong></span> <span class='ocrx_word' id='word_1_41' title='bbox 975 721 1118 772; x_wconf 89' lang='lat' dir='ltr'><strong>enim</strong></span> <span class='ocrx_word' id='word_1_42' title='bbox 1155 717 1248 771; x_wconf 86' lang='lat' dir='ltr'><strong>Dei</strong></span> <span class='ocrx_word' id='word_1_43' title='bbox 1281 715 1454 768; x_wconf 87' lang='lat' dir='ltr'><strong>Filius</strong></span> <span class='ocrx_word' id='word_1_44' title='bbox 1489 716 1554 769; x_wconf 90' lang='lat' dir='ltr'><strong>ad</strong></span> <span class='ocrx_word' id='word_1_45' title='bbox 1589 713 1850 766; x_wconf 79' lang='lat' dir='ltr'><strong>Joannem</strong></span> <span class='ocrx_word' id='word_1_46' title='bbox 1898 728 1909 764; x_wconf 89' lang='lat'>:</span> 
     </span>
    </p>
   </div>
   <div class='ocr_carea' id='block_1_8' title="bbox 327 809 1911 878">
    <p class='ocr_par' dir='ltr' id='par_1_8' title="bbox 327 809 1911 878">
     <span class='ocr_line' id='line_1_8' title="bbox 327 809 1911 878; baseline -0.012 -3"><span class='ocrx_word' id='word_1_47' title='bbox 327 821 457 875; x_wconf 79' lang='lat' dir='ltr'><strong>Siue</strong></span> <span class='ocrx_word' id='word_1_48' title='bbox 493 819 666 878; x_wconf 83' lang='lat' dir='ltr'><strong>modo.</strong></span> <span class='ocrx_word' id='word_1_49' title='bbox 721 817 798 868; x_wconf 81' lang='lat' dir='ltr'><strong>sic</strong></span> <span class='ocrx_word' id='word_1_50' title='bbox 852 815 989 867; x_wconf 70' lang='lat' dir='ltr'><strong>enim</strong></span> <span class='ocrx_word' id='word_1_51' title='bbox 1049 819 1250 876; x_wconf 79' lang='lat' dir='ltr'><strong>oportet</strong></span> <span class='ocrx_word' id='word_1_52' title='bbox 1297 826 1392 862; x_wconf 89' lang='lat' dir='ltr'><strong>nos</strong></span> <span class='ocrx_word' id='word_1_53' title='bbox 1450 809 1663 875; x_wconf 85' lang='lat' dir='ltr'><strong>implere</strong></span> <span class='ocrx_word' id='word_1_54' title='bbox 1702 821 1911 858; x_wconf 89' lang='lat' dir='ltr'><strong>omnem</strong></span> 
     </span>
    </p>
   </div>
   <div class='ocr_carea' id='block_1_9' title="bbox 327 898 1911 978">
    <p class='ocr_par' dir='ltr' id='par_1_9' title="bbox 327 898 1911 978">
     <span class='ocr_line' id='line_1_9' title="bbox 327 898 1911 978; baseline -0.009 -15"><span class='ocrx_word' id='word_1_55' title='bbox 327 911 598 973; x_wconf 76' lang='lat' dir='ltr'><strong>iustitiam</strong></span> <span class='ocrx_word' id='word_1_56' title='bbox 630 908 850 978; x_wconf 80' lang='lat' dir='ltr'><strong>(Matth.</strong></span> <span class='ocrx_word' id='word_1_57' title='bbox 909 919 993 970; x_wconf 80' lang='lat' dir='ltr'><strong>in,</strong></span> <span class='ocrx_word' id='word_1_58' title='bbox 1034 903 1144 971; x_wconf 70' lang='lat' dir='ltr'><strong>ili).</strong></span> <span class='ocrx_word' id='word_1_59' title='bbox 1184 903 1442 972; x_wconf 81' lang='lat' dir='ltr'><strong>Sequitur</strong></span> <span class='ocrx_word' id='word_1_60' title='bbox 1487 918 1500 954; x_wconf 94' lang='lat'><strong>:</strong></span> <span class='ocrx_word' id='word_1_61' title='bbox 1542 900 1685 953; x_wconf 87' lang='lat' dir='ltr'><strong>Deus</strong></span> <span class='ocrx_word' id='word_1_62' title='bbox 1745 898 1911 966; x_wconf 49' lang='lat' dir='ltr'><strong>maje.</strong></span> 
     </span>
    </p>
   </div>
   <div class='ocr_carea' id='block_1_10' title="bbox 327 991 1914 1070">
    <p class='ocr_par' dir='ltr' id='par_1_10' title="bbox 327 991 1914 1070">
     <span class='ocr_line' id='line_1_10' title="bbox 327 991 1914 1070; baseline -0.009 -13"><span class='ocrx_word' id='word_1_63' title='bbox 327 1004 489 1056; x_wconf 80' lang='lat' dir='ltr'><strong>statis</strong></span> <span class='ocrx_word' id='word_1_64' title='bbox 518 1002 747 1055; x_wconf 79' lang='lat' dir='ltr'><strong>intonuit</strong></span> <span class='ocrx_word' id='word_1_65' title='bbox 795 998 965 1070; x_wconf 88' lang='lat' dir='ltr'><strong>(Psal.</strong></span> <span class='ocrx_word' id='word_1_66' title='bbox 1002 1013 1192 1062; x_wconf 69' lang='grc' dir='ltr'>χιι-ιιι,</span> <span class='ocrx_word' id='word_1_67' title='bbox 1221 998 1298 1067; x_wconf 73' lang='grc' dir='ltr'><strong>ὅ),</strong></span> <span class='ocrx_word' id='word_1_68' title='bbox 1335 996 1553 1065; x_wconf 81' lang='lat' dir='ltr'><strong>quando</strong></span> <span class='ocrx_word' id='word_1_69' title='bbox 1583 993 1741 1047; x_wconf 85' lang='lat' dir='ltr'><strong>Pater</strong></span> <span class='ocrx_word' id='word_1_70' title='bbox 1776 991 1914 1044; x_wconf 80' lang='lat' dir='ltr'><strong>Filio</strong></span> 
     </span>
    </p>
   </div>
   <div class='ocr_carea' id='block_1_11' title="bbox 329 1082 1910 1154">
    <p class='ocr_par' dir='ltr' id='par_1_11' title="bbox 329 1082 1910 1154">
     <span class='ocr_line' id='line_1_11' title="bbox 329 1082 1910 1154; baseline -0.008 -6"><span class='ocrx_word' id='word_1_71' title='bbox 329 1094 706 1150; x_wconf 83' lang='lat' dir='ltr'><strong>testiinonium</strong></span> <span class='ocrx_word' id='word_1_72' title='bbox 735 1091 989 1154; x_wconf 83' lang='lat' dir='ltr'><strong>reddidit,</strong></span> <span class='ocrx_word' id='word_1_73' title='bbox 1024 1091 1213 1144; x_wconf 89' lang='lat' dir='ltr'><strong>dicens</strong></span> <span class='ocrx_word' id='word_1_74' title='bbox 1246 1104 1260 1142; x_wconf 90' lang='lat'><strong>:</strong></span> <span class='ocrx_word' id='word_1_75' title='bbox 1297 1086 1400 1140; x_wconf 83' lang='lat' dir='ltr'><strong>llic</strong></span> <span class='ocrx_word' id='word_1_76' title='bbox 1454 1095 1532 1140; x_wconf 84' lang='lat' dir='ltr'><strong>est</strong></span> <span class='ocrx_word' id='word_1_77' title='bbox 1557 1082 1734 1137; x_wconf 85' lang='lat' dir='ltr'><strong>Filius</strong></span> <span class='ocrx_word' id='word_1_78' title='bbox 1765 1098 1910 1136; x_wconf 83' lang='lat' dir='ltr'><strong>meus</strong></span> 
     </span>
    </p>
   </div>
   <div class='ocr_carea' id='block_1_12' title="bbox 324 1177 1908 1254">
    <p class='ocr_par' dir='ltr' id='par_1_12' title="bbox 324 1177 1908 1254">
     <span class='ocr_line' id='line_1_12' title="bbox 324 1177 1908 1254; baseline -0.005 -17"><span class='ocrx_word' id='word_1_79' title='bbox 324 1187 580 1247; x_wconf 81' lang='lat' dir='ltr'><strong>dilectus,</strong></span> <span class='ocrx_word' id='word_1_80' title='bbox 637 1184 690 1238; x_wconf 88' lang='lat' dir='ltr'><strong>in</strong></span> <span class='ocrx_word' id='word_1_81' title='bbox 726 1200 827 1254; x_wconf 85' lang='lat' dir='ltr'><strong>quo</strong></span> <span class='ocrx_word' id='word_1_82' title='bbox 861 1182 988 1236; x_wconf 81' lang='lat' dir='ltr'><strong>milii</strong></span> <span class='ocrx_word' id='word_1_83' title='bbox 1035 1182 1160 1235; x_wconf 83' lang='lat' dir='ltr'><strong>bene</strong></span> <span class='ocrx_word' id='word_1_84' title='bbox 1217 1179 1512 1249; x_wconf 78' lang='lat' dir='ltr'><strong>coinplacui</strong></span> <span class='ocrx_word' id='word_1_85' title='bbox 1567 1177 1784 1246; x_wconf 79' lang='lat' dir='ltr'><strong>(Matth.</strong></span> <span class='ocrx_word' id='word_1_86' title='bbox 1827 1193 1908 1242; x_wconf 88' lang='lat' dir='ltr'><strong>in,</strong></span> 
     </span>
    </p>
   </div>
   <div class='ocr_carea' id='block_1_13' title="bbox 328 1269 1908 1348">
    <p class='ocr_par' dir='ltr' id='par_1_13' title="bbox 328 1269 1908 1348">
     <span class='ocr_line' id='line_1_13' title="bbox 328 1269 1908 1348; baseline -0.006 -17"><span class='ocrx_word' id='word_1_87' title='bbox 328 1280 444 1348; x_wconf 81' lang='grc' dir='ltr'><strong>Π).</strong></span> <span class='ocrx_word' id='word_1_88' title='bbox 490 1277 604 1332; x_wconf 72' lang='lat' dir='ltr'><strong>Vo:</strong></span> <span class='ocrx_word' id='word_1_89' title='bbox 633 1277 844 1331; x_wconf 88' lang='lat' dir='ltr'><strong>Domini</strong></span> <span class='ocrx_word' id='word_1_90' title='bbox 877 1269 1259 1343; x_wconf 79' lang='lat' dir='ltr'><strong>confringentis</strong></span> <span class='ocrx_word' id='word_1_91' title='bbox 1299 1273 1481 1326; x_wconf 77' lang='lat' dir='ltr'><strong>cedros</strong></span> <span class='ocrx_word' id='word_1_92' title='bbox 1513 1271 1687 1342; x_wconf 87' lang='lat' dir='ltr'><strong>(Psal.</strong></span> <span class='ocrx_word' id='word_1_93' title='bbox 1735 1281 1908 1332; x_wconf 81' lang='lat' dir='ltr'><strong>xxvii,</strong></span> 
     </span>
    </p>
   </div>
   <div class='ocr_carea' id='block_1_14' title="bbox 324 1363 1910 1439">
    <p class='ocr_par' dir='ltr' id='par_1_14' title="bbox 324 1363 1910 1439">
     <span class='ocr_line' id='line_1_14' title="bbox 324 1363 1910 1439; baseline -0.003 -17"><span class='ocrx_word' id='word_1_94' title='bbox 324 1369 407 1439; x_wconf 87' lang='lat'><strong>5).</strong></span> <span class='ocrx_word' id='word_1_95' title='bbox 460 1369 776 1439; x_wconf 69' lang='lat' dir='ltr'><strong>Baptizatus</strong></span> <span class='ocrx_word' id='word_1_96' title='bbox 815 1377 901 1424; x_wconf 85' lang='lat' dir='ltr'><strong>est</strong></span> <span class='ocrx_word' id='word_1_97' title='bbox 948 1367 1095 1422; x_wconf 86' lang='lat' dir='ltr'><strong>enim</strong></span> <span class='ocrx_word' id='word_1_98' title='bbox 1138 1365 1415 1429; x_wconf 82' lang='lat' dir='ltr'><strong>Christus,</strong></span> <span class='ocrx_word' id='word_1_99' title='bbox 1469 1374 1524 1418; x_wconf 84' lang='lat' dir='ltr'><strong>et</strong></span> <span class='ocrx_word' id='word_1_100' title='bbox 1556 1363 1722 1419; x_wconf 85' lang='lat' dir='ltr'><strong>erecti</strong></span> <span class='ocrx_word' id='word_1_101' title='bbox 1760 1367 1910 1432; x_wconf 86' lang='lat' dir='ltr'><strong>prius</strong></span> 
     </span>
    </p>
   </div>
   <div class='ocr_carea' id='block_1_15' title="bbox 327 1457 1908 1531">
    <p class='ocr_par' dir='ltr' id='par_1_15' title="bbox 327 1457 1908 1531">
     <span class='ocr_line' id='line_1_15' title="bbox 327 1457 1908 1531; baseline -0.003 -16"><span class='ocrx_word' id='word_1_102' title='bbox 327 1474 496 1531; x_wconf 88' lang='lat' dir='ltr'><strong>atque</strong></span> <span class='ocrx_word' id='word_1_103' title='bbox 525 1462 788 1515; x_wconf 83' lang='lat' dir='ltr'><strong>sublimes</strong></span> <span class='ocrx_word' id='word_1_104' title='bbox 815 1463 1092 1531; x_wconf 75' lang='lat' dir='ltr'><strong>daemones</strong></span> <span class='ocrx_word' id='word_1_105' title='bbox 1125 1468 1453 1513; x_wconf 85' lang='lat' dir='ltr'><strong>corruerunt</strong></span> <span class='ocrx_word' id='word_1_106' title='bbox 1487 1473 1502 1511; x_wconf 90' lang='lat'><strong>:</strong></span> <span class='ocrx_word' id='word_1_107' title='bbox 1540 1457 1774 1511; x_wconf 84' lang='lat' dir='ltr'><strong>Succidit</strong></span> <span class='ocrx_word' id='word_1_108' title='bbox 1821 1473 1908 1510; x_wconf 90' lang='lat' dir='ltr'><strong>eos</strong></span> 
     </span>
    </p>
   </div>
   <div class='ocr_carea' id='block_1_16' title="bbox 327 1528 1910 1618">
    <p class='ocr_par' dir='ltr' id='par_1_16' title="bbox 327 1528 1910 1618">
     <span class='ocr_line' id='line_1_16' title="bbox 327 1528 1910 1618; baseline -0.005 -14"><span class='ocrx_word' id='word_1_109' title='bbox 327 1528 594 1605; x_wconf 74' lang='lat' dir='ltr'><strong>Dominus</strong></span> <span class='ocrx_word' id='word_1_110' title='bbox 647 1563 904 1618; x_wconf 83' lang='lat' dir='ltr'><strong>tanquam</strong></span> <span class='ocrx_word' id='word_1_111' title='bbox 929 1528 1109 1602; x_wconf 68' lang='lat' dir='ltr'><strong>cedros</strong></span> <span class='ocrx_word' id='word_1_112' title='bbox 1153 1546 1339 1599; x_wconf 88' lang='lat' dir='ltr'><strong>Libani</strong></span> <span class='ocrx_word' id='word_1_113' title='bbox 1363 1561 1380 1601; x_wconf 84' lang='lat'><strong>.‘</strong></span> <span class='ocrx_word' id='word_1_114' title='bbox 1402 1555 1450 1598; x_wconf 83' lang='lat' dir='ltr'><strong>et</strong></span> <span class='ocrx_word' id='word_1_115' title='bbox 1484 1545 1791 1599; x_wconf 78' lang='lat' dir='ltr'><strong>comminuit</strong></span> <span class='ocrx_word' id='word_1_116' title='bbox 1824 1559 1910 1597; x_wconf 88' lang='lat' dir='ltr'><strong>eos</strong></span> 
     </span>
    </p>
   </div>
   <div class='ocr_carea' id='block_1_17' title="bbox 328 1635 1914 1711">
    <p class='ocr_par' dir='ltr' id='par_1_17' title="bbox 328 1635 1914 1711">
     <span class='ocr_line' id='line_1_17' title="bbox 328 1635 1914 1711; baseline -0.006 -15"><span class='ocrx_word' id='word_1_117' title='bbox 328 1645 593 1697; x_wconf 72' lang='lat' dir='ltr'><strong>Dominus</strong></span> <span class='ocrx_word' id='word_1_118' title='bbox 627 1653 882 1711; x_wconf 86' lang='lat' dir='ltr'><strong><em>tanquam</em></strong></span> <span class='ocrx_word' id='word_1_119' title='bbox 925 1641 1120 1694; x_wconf 81' lang='lat' dir='ltr'><strong>vitulus</strong></span> <span class='ocrx_word' id='word_1_120' title='bbox 1144 1635 1444 1708; x_wconf 75' lang='lat' dir='ltr'><strong>fragmenta</strong></span> <span class='ocrx_word' id='word_1_121' title='bbox 1473 1637 1720 1689; x_wconf 86' lang='lat' dir='ltr'><strong>arborum</strong></span> <span class='ocrx_word' id='word_1_122' title='bbox 1749 1637 1914 1688; x_wconf 85' lang='lat' dir='ltr'><strong>uenti-</strong></span> 
     </span>
    </p>
   </div>
   <div class='ocr_carea' id='block_1_18' title="bbox 326 1726 1906 1803">
    <p class='ocr_par' dir='ltr' id='par_1_18' title="bbox 326 1726 1906 1803">
     <span class='ocr_line' id='line_1_18' title="bbox 326 1726 1906 1803; baseline -0.005 -17"><span class='ocrx_word' id='word_1_123' title='bbox 326 1741 470 1803; x_wconf 82' lang='lat' dir='ltr'><strong>lans,</strong></span> <span class='ocrx_word' id='word_1_124' title='bbox 505 1748 554 1790; x_wconf 84' lang='lat' dir='ltr'><strong>et</strong></span> <span class='ocrx_word' id='word_1_125' title='bbox 588 1737 817 1790; x_wconf 78' lang='lat' dir='ltr'><strong>calcibus</strong></span> <span class='ocrx_word' id='word_1_126' title='bbox 859 1736 1044 1801; x_wconf 83' lang='lat' dir='ltr'><strong>stirpes</strong></span> <span class='ocrx_word' id='word_1_127' title='bbox 1075 1733 1128 1785; x_wconf 88' lang='lat' dir='ltr'><strong>in</strong></span> <span class='ocrx_word' id='word_1_128' title='bbox 1161 1734 1369 1784; x_wconf 85' lang='lat' dir='ltr'><strong>diversa</strong></span> <span class='ocrx_word' id='word_1_129' title='bbox 1404 1731 1706 1798; x_wconf 84' lang='lat' dir='ltr'><strong>dispergens</strong></span> <span class='ocrx_word' id='word_1_130' title='bbox 1738 1726 1906 1799; x_wconf 79' lang='lat' dir='ltr'><strong>(Ibid.</strong></span> 
     </span>
    </p>
   </div>
   <div class='ocr_carea' id='block_1_19' title="bbox 2016 507 3595 576">
    <p class='ocr_par' dir='ltr' id='par_1_19' title="bbox 2016 507 3595 576">
     <span class='ocr_line' id='line_1_19' title="bbox 2016 507 3595 576; baseline -0.003 -17"><span class='ocrx_word' id='word_1_131' title='bbox 2016 507 2165 568; x_wconf 77' lang='lat' dir='ltr'><strong>fecit,</strong></span> <span class='ocrx_word' id='word_1_132' title='bbox 2209 520 2258 558; x_wconf 89' lang='lat' dir='ltr'><strong>ut</strong></span> <span class='ocrx_word' id='word_1_133' title='bbox 2297 523 2488 576; x_wconf 81' lang='lat' dir='ltr'><strong>parum</strong></span> <span class='ocrx_word' id='word_1_134' title='bbox 2525 507 2767 562; x_wconf 81' lang='lat' dir='ltr'><strong>abfuisse</strong></span> <span class='ocrx_word' id='word_1_135' title='bbox 2814 509 2974 571; x_wconf 83' lang='lat' dir='ltr'><strong>dieat,</strong></span> <span class='ocrx_word' id='word_1_136' title='bbox 3029 509 3157 576; x_wconf 87' lang='lat' dir='ltr'><strong>quin</strong></span> <span class='ocrx_word' id='word_1_137' title='bbox 3193 507 3246 559; x_wconf 90' lang='lat' dir='ltr'><strong>in</strong></span> <span class='ocrx_word' id='word_1_138' title='bbox 3289 515 3595 557; x_wconf 75' lang='lat' dir='ltr'><strong>extremam</strong></span> 
     </span>
    </p>
   </div>
   <div class='ocr_carea' id='block_1_20' title="bbox 2018 581 2556 644">
    <p class='ocr_par' dir='ltr' id='par_1_20' title="bbox 2018 581 2556 644">
     <span class='ocr_line' id='line_1_20' title="bbox 2018 581 2556 644; baseline 0 -14"><span class='ocrx_word' id='word_1_139' title='bbox 2018 581 2246 630; x_wconf 79' lang='lat' dir='ltr'><strong>classem</strong></span> <span class='ocrx_word' id='word_1_140' title='bbox 2283 581 2556 644; x_wconf 75' lang='lat' dir='ltr'><strong>relegarit.</strong></span> 
     </span>
    </p>
   </div>
   <div class='ocr_carea' id='block_1_21' title="bbox 2522 689 3102 754">
    <p class='ocr_par' dir='ltr' id='par_1_21' title="bbox 2522 689 3102 754">
     <span class='ocr_line' id='line_1_21' title="bbox 2522 689 3102 754; baseline -0.003 -6"><span class='ocrx_word' id='word_1_141' title='bbox 2522 692 2857 748; x_wconf 75' lang='lat' dir='ltr'><strong>EPISTULA</strong></span> <span class='ocrx_word' id='word_1_142' title='bbox 2889 689 3102 754; x_wconf 77' lang='lat' dir='ltr'><strong>XXVII,</strong></span> 
     </span>
    </p>
   </div>
   <div class='ocr_carea' id='block_1_22' title="bbox 2368 801 3241 852">
    <p class='ocr_par' dir='ltr' id='par_1_22' title="bbox 2368 801 3241 852">
     <span class='ocr_line' id='line_1_22' title="bbox 2368 801 3241 852; baseline -0.003 -11"><span class='ocrx_word' id='word_1_143' title='bbox 2368 801 2464 841; x_wconf 73' lang='lat' dir='ltr'><strong>5E0</strong></span> <span class='ocrx_word' id='word_1_144' title='bbox 2505 801 2677 840; x_wconf 73' lang='lat' dir='ltr'><strong>SERMO</strong></span> <span class='ocrx_word' id='word_1_145' title='bbox 2707 801 2773 839; x_wconf 81' lang='lat' dir='ltr'><strong>UE</strong></span> <span class='ocrx_word' id='word_1_146' title='bbox 2814 801 3241 852; x_wconf 63' lang='lat' dir='ltr'><strong>QUADRAQESIMA.</strong></span> 
     </span>
    </p>
   </div>
   <div class='ocr_carea' id='block_1_23' title="bbox 2086 898 3592 969">
    <p class='ocr_par' dir='ltr' id='par_1_23' title="bbox 2086 898 3592 969">
     <span class='ocr_line' id='line_1_23' title="bbox 2086 898 3592 969; baseline 0.001 -17"><span class='ocrx_word' id='word_1_147' title='bbox 2086 898 2128 955; x_wconf 83' lang='grc' dir='ltr'><strong>ι.</strong></span> <span class='ocrx_word' id='word_1_148' title='bbox 2171 899 2458 964; x_wconf 76' lang='lat' dir='ltr'><strong><em>Quomodo</em></strong></span> <span class='ocrx_word' id='word_1_149' title='bbox 2493 899 2646 953; x_wconf 87' lang='lat' dir='ltr'><strong>miles</strong></span> <span class='ocrx_word' id='word_1_150' title='bbox 2667 912 2885 967; x_wconf 88' lang='lat' dir='ltr'><strong>semper</strong></span> <span class='ocrx_word' id='word_1_151' title='bbox 2913 908 3204 953; x_wconf 85' lang='lat' dir='ltr'><strong>exercetur</strong></span> <span class='ocrx_word' id='word_1_152' title='bbox 3232 899 3300 954; x_wconf 90' lang='lat' dir='ltr'><strong>ad</strong></span> <span class='ocrx_word' id='word_1_153' title='bbox 3327 901 3592 969; x_wconf 83' lang='lat' dir='ltr'><strong>praelium.</strong></span> 
     </span>
    </p>
   </div>
   <div class='ocr_carea' id='block_1_24' title="bbox 2013 990 3595 1063">
    <p class='ocr_par' dir='ltr' id='par_1_24' title="bbox 2013 990 3595 1063">
     <span class='ocr_line' id='line_1_24' title="bbox 2013 990 3595 1063; baseline 0.002 -20"><span class='ocrx_word' id='word_1_154' title='bbox 2013 999 2066 1043; x_wconf 91' lang='lat' dir='ltr'><strong>et</strong></span> <span class='ocrx_word' id='word_1_155' title='bbox 2099 990 2368 1045; x_wconf 73' lang='lat' dir='ltr'><strong>simulatis</strong></span> <span class='ocrx_word' id='word_1_156' title='bbox 2390 991 2610 1055; x_wconf 87' lang='lat' dir='ltr'><strong>ictibus,</strong></span> <span class='ocrx_word' id='word_1_157' title='bbox 2637 991 2780 1044; x_wconf 88' lang='lat' dir='ltr'><strong>veris</strong></span> <span class='ocrx_word' id='word_1_158' title='bbox 2812 1001 3001 1057; x_wconf 85' lang='lat' dir='ltr'><strong>postea</strong></span> <span class='ocrx_word' id='word_1_159' title='bbox 3036 991 3354 1046; x_wconf 83' lang='lat' dir='ltr'><strong>vulneribus</strong></span> <span class='ocrx_word' id='word_1_160' title='bbox 3383 1007 3595 1063; x_wconf 66' lang='lat' dir='ltr'><strong>praepa-</strong></span> 
     </span>
    </p>
   </div>
   <div class='ocr_carea' id='block_1_25' title="bbox 2015 1080 3597 1153">
    <p class='ocr_par' dir='ltr' id='par_1_25' title="bbox 2015 1080 3597 1153">
     <span class='ocr_line' id='line_1_25' title="bbox 2015 1080 3597 1153; baseline 0.003 -20"><span class='ocrx_word' id='word_1_161' title='bbox 2015 1092 2170 1134; x_wconf 90' lang='lat' dir='ltr'><strong>ratur</strong></span> <span class='ocrx_word' id='word_1_162' title='bbox 2203 1099 2218 1134; x_wconf 74' lang='grc' dir='ltr'>ε</span> <span class='ocrx_word' id='word_1_163' title='bbox 2247 1080 2320 1134; x_wconf 88' lang='lat' dir='ltr'><strong>ita</strong></span> <span class='ocrx_word' id='word_1_164' title='bbox 2345 1081 2522 1135; x_wconf 86' lang='lat' dir='ltr'><strong>omnis</strong></span> <span class='ocrx_word' id='word_1_165' title='bbox 2549 1081 2765 1148; x_wconf 87' lang='lat' dir='ltr'><strong>quidem</strong></span> <span class='ocrx_word' id='word_1_166' title='bbox 2790 1081 3225 1136; x_wconf 85' lang='lat' dir='ltr'><strong>Christianorum</strong></span> <span class='ocrx_word' id='word_1_167' title='bbox 3254 1083 3360 1136; x_wconf 81' lang='lat' dir='ltr'><strong>vita</strong></span> <span class='ocrx_word' id='word_1_168' title='bbox 3394 1085 3597 1153; x_wconf 75' lang='lat' dir='ltr'><strong>indiget</strong></span> 
     </span>
    </p>
   </div>
   <div class='ocr_carea' id='block_1_26' title="bbox 2016 1172 3593 1244">
    <p class='ocr_par' dir='ltr' id='par_1_26' title="bbox 2016 1172 3593 1244">
     <span class='ocr_line' id='line_1_26' title="bbox 2016 1172 3593 1244; baseline 0.002 -19"><span class='ocrx_word' id='word_1_169' title='bbox 2016 1172 2350 1227; x_wconf 81' lang='lat' dir='ltr'><strong>abstinentia</strong></span> <span class='ocrx_word' id='word_1_170' title='bbox 2389 1188 2404 1226; x_wconf 90' lang='lat'><strong>:</strong></span> <span class='ocrx_word' id='word_1_171' title='bbox 2437 1174 2529 1227; x_wconf 91' lang='lat' dir='ltr'><strong>sed</strong></span> <span class='ocrx_word' id='word_1_172' title='bbox 2562 1173 2800 1226; x_wconf 79' lang='lat' dir='ltr'><strong>maxime</strong></span> <span class='ocrx_word' id='word_1_173' title='bbox 2833 1174 3048 1240; x_wconf 83' lang='lat' dir='ltr'><strong>quando</strong></span> <span class='ocrx_word' id='word_1_174' title='bbox 3081 1175 3256 1230; x_wconf 83' lang='lat' dir='ltr'><strong>hostis</strong></span> <span class='ocrx_word' id='word_1_175' title='bbox 3289 1191 3462 1244; x_wconf 83' lang='lat' dir='ltr'><strong>prope</strong></span> <span class='ocrx_word' id='word_1_176' title='bbox 3486 1189 3593 1240; x_wconf 83' lang='lat' dir='ltr'><strong>est,</strong></span> 
     </span>
    </p>
   </div>
   <div class='ocr_carea' id='block_1_27' title="bbox 2013 1263 3593 1332">
    <p class='ocr_par' dir='ltr' id='par_1_27' title="bbox 2013 1263 3593 1332">
     <span class='ocr_line' id='line_1_27' title="bbox 2013 1263 3593 1332; baseline 0.003 -16"><span class='ocrx_word' id='word_1_177' title='bbox 2013 1275 2067 1316; x_wconf 88' lang='lat' dir='ltr'><strong>et</strong></span> <span class='ocrx_word' id='word_1_178' title='bbox 2103 1273 2464 1332; x_wconf 79' lang='lat' dir='ltr'><strong>praeparatum</strong></span> <span class='ocrx_word' id='word_1_179' title='bbox 2498 1263 2787 1318; x_wconf 89' lang='lat' dir='ltr'><strong>adversum</strong></span> <span class='ocrx_word' id='word_1_180' title='bbox 2836 1280 2938 1318; x_wconf 85' lang='lat' dir='ltr'><strong>nos</strong></span> <span class='ocrx_word' id='word_1_181' title='bbox 2966 1267 3266 1320; x_wconf 80' lang='lat' dir='ltr'><strong>exercitum</strong></span> <span class='ocrx_word' id='word_1_182' title='bbox 3312 1269 3460 1322; x_wconf 83' lang='lat' dir='ltr'><strong>ducit</strong></span> <span class='ocrx_word' id='word_1_183' title='bbox 3491 1271 3593 1323; x_wconf 86' lang='lat' dir='ltr'><strong>iiii-</strong></span> 
     </span>
    </p>
   </div>
   <div class='ocr_carea' id='block_1_28' title="bbox 2016 1355 3591 1430">
    <p class='ocr_par' dir='ltr' id='par_1_28' title="bbox 2016 1355 3591 1430">
     <span class='ocr_line' id='line_1_28' title="bbox 2016 1355 3591 1430; baseline 0.006 -20"><span class='ocrx_word' id='word_1_184' title='bbox 2016 1357 2212 1410; x_wconf 78' lang='lat' dir='ltr'><strong>mirus.</strong></span> <span class='ocrx_word' id='word_1_185' title='bbox 2244 1355 2402 1411; x_wconf 84' lang='lat' dir='ltr'><strong>Omni</strong></span> <span class='ocrx_word' id='word_1_186' title='bbox 2436 1360 2612 1412; x_wconf 87' lang='lat' dir='ltr'><strong>servis</strong></span> <span class='ocrx_word' id='word_1_187' title='bbox 2644 1357 2738 1410; x_wconf 90' lang='lat' dir='ltr'><strong>Dei</strong></span> <span class='ocrx_word' id='word_1_188' title='bbox 2775 1365 3020 1428; x_wconf 86' lang='lat' dir='ltr'><strong>tempore</strong></span> <span class='ocrx_word' id='word_1_189' title='bbox 3071 1359 3428 1430; x_wconf 88' lang='lat' dir='ltr'><strong>jejunandum</strong></span> <span class='ocrx_word' id='word_1_190' title='bbox 3455 1373 3539 1419; x_wconf 90' lang='lat' dir='ltr'><strong>est</strong></span> <span class='ocrx_word' id='word_1_191' title='bbox 3577 1382 3591 1418; x_wconf 89' lang='lat'><strong>:</strong></span> 
     </span>
    </p>
   </div>
   <div class='ocr_carea' id='block_1_29' title="bbox 2013 1448 3592 1523">
    <p class='ocr_par' dir='ltr' id='par_1_29' title="bbox 2013 1448 3592 1523">
     <span class='ocr_line' id='line_1_29' title="bbox 2013 1448 3592 1523; baseline 0.004 -21"><span class='ocrx_word' id='word_1_192' title='bbox 2013 1448 2106 1502; x_wconf 89' lang='lat' dir='ltr'><strong>sed</strong></span> <span class='ocrx_word' id='word_1_193' title='bbox 2158 1457 2285 1503; x_wconf 87' lang='lat' dir='ltr'><strong>tunc</strong></span> <span class='ocrx_word' id='word_1_194' title='bbox 2339 1448 2573 1516; x_wconf 81' lang='lat' dir='ltr'><strong>amplius</strong></span> <span class='ocrx_word' id='word_1_195' title='bbox 2605 1463 2728 1503; x_wconf 86' lang='lat' dir='ltr'><strong>cum</strong></span> <span class='ocrx_word' id='word_1_196' title='bbox 2761 1452 2828 1502; x_wconf 85' lang='lat' dir='ltr'><strong>ad</strong></span> <span class='ocrx_word' id='word_1_197' title='bbox 2883 1451 3308 1508; x_wconf 84' lang='lat' dir='ltr'><strong>immolationem</strong></span> <span class='ocrx_word' id='word_1_198' title='bbox 3345 1458 3492 1523; x_wconf 86' lang='lat' dir='ltr'><strong>agni,</strong></span> <span class='ocrx_word' id='word_1_199' title='bbox 3527 1459 3592 1509; x_wconf 84' lang='lat' dir='ltr'><strong>ad</strong></span> 
     </span>
    </p>
   </div>
   <div class='ocr_carea' id='block_1_30' title="bbox 2017 1541 3608 1610">
    <p class='ocr_par' dir='ltr' id='par_1_30' title="bbox 2017 1541 3608 1610">
     <span class='ocr_line' id='line_1_30' title="bbox 2017 1541 3608 1610; baseline 0.005 -18"><span class='ocrx_word' id='word_1_200' title='bbox 2017 1544 2336 1610; x_wconf 71' lang='lat' dir='ltr'><strong>mysterium</strong></span> <span class='ocrx_word' id='word_1_201' title='bbox 2374 1541 2738 1610; x_wconf 82' lang='lat' dir='ltr'><strong>baptismatis,</strong></span> <span class='ocrx_word' id='word_1_202' title='bbox 2770 1542 2834 1595; x_wconf 87' lang='lat' dir='ltr'><strong>ad</strong></span> <span class='ocrx_word' id='word_1_203' title='bbox 2886 1543 3090 1599; x_wconf 81' lang='lat' dir='ltr'><strong>Christi</strong></span> <span class='ocrx_word' id='word_1_204' title='bbox 3131 1561 3352 1599; x_wconf 88' lang='lat' dir='ltr'><strong>carnem</strong></span> <span class='ocrx_word' id='word_1_205' title='bbox 3383 1558 3437 1601; x_wconf 91' lang='lat' dir='ltr'><strong>et</strong></span> <span class='ocrx_word' id='word_1_206' title='bbox 3468 1563 3608 1601; x_wconf 77' lang='lat' dir='ltr'><strong>san-&#39;</strong></span> 
     </span>
    </p>
   </div>
   <div class='ocr_carea' id='block_1_31' title="bbox 2014 1633 3591 1704">
    <p class='ocr_par' dir='ltr' id='par_1_31' title="bbox 2014 1633 3591 1704">
     <span class='ocr_line' id='line_1_31' title="bbox 2014 1633 3591 1704; baseline 0.004 -21"><span class='ocrx_word' id='word_1_207' title='bbox 2014 1633 2230 1702; x_wconf 89' lang='lat' dir='ltr'><strong>guinem</strong></span> <span class='ocrx_word' id='word_1_208' title='bbox 2280 1648 2672 1704; x_wconf 66' lang='lat' dir='ltr'><strong>praeparantur.</strong></span> <span class='ocrx_word' id='word_1_209' title='bbox 2717 1635 2913 1689; x_wconf 58' lang='lat' dir='ltr'><strong>Statim</strong></span> <span class='ocrx_word' id='word_1_210' title='bbox 2977 1638 3121 1690; x_wconf 88' lang='lat' dir='ltr'><strong>enim</strong></span> <span class='ocrx_word' id='word_1_211' title='bbox 3169 1646 3224 1689; x_wconf 91' lang='lat' dir='ltr'><strong>ut</strong></span> <span class='ocrx_word' id='word_1_212' title='bbox 3279 1652 3407 1692; x_wconf 84' lang='lat' dir='ltr'><strong>oves</strong></span> <span class='ocrx_word' id='word_1_213' title='bbox 3467 1653 3591 1692; x_wconf 83' lang='lat' dir='ltr'><strong>suas</strong></span> 
     </span>
    </p>
   </div>
   <div class='ocr_carea' id='block_1_32' title="bbox 2017 1727 3588 1798">
    <p class='ocr_par' dir='ltr' id='par_1_32' title="bbox 2017 1727 3588 1798">
     <span class='ocr_line' id='line_1_32' title="bbox 2017 1727 3588 1798; baseline 0.004 -22"><span class='ocrx_word' id='word_1_214' title='bbox 2017 1727 2272 1780; x_wconf 80' lang='lat' dir='ltr'><strong>recedere</strong></span> <span class='ocrx_word' id='word_1_215' title='bbox 2313 1728 2448 1780; x_wconf 84' lang='lat' dir='ltr'><strong>velle</strong></span> <span class='ocrx_word' id='word_1_216' title='bbox 2495 1727 2560 1780; x_wconf 89' lang='lat' dir='ltr'><strong>de</strong></span> <span class='ocrx_word' id='word_1_217' title='bbox 2619 1728 2838 1796; x_wconf 90' lang='lat' dir='ltr'><strong>proprio</strong></span> <span class='ocrx_word' id='word_1_218' title='bbox 2887 1743 3049 1798; x_wconf 79' lang='lat' dir='ltr'><strong>grege</strong></span> <span class='ocrx_word' id='word_1_219' title='bbox 3102 1729 3294 1784; x_wconf 80' lang='lat' dir='ltr'><strong>viderit</strong></span> <span class='ocrx_word' id='word_1_220' title='bbox 3328 1730 3588 1795; x_wconf 87' lang='lat' dir='ltr'><strong>diabolus,</strong></span> 
     </span>
    </p>
   </div>
   <div class='ocr_carea' id='block_1_33' title="bbox 327 1815 3593 1898">
    <p class='ocr_par' dir='ltr' id='par_1_33' title="bbox 327 1815 3593 1898">
     <span class='ocr_line' id='line_1_33' title="bbox 327 1815 3593 1898; baseline -0.002 -15"><span class='ocrx_word' id='word_1_221' title='bbox 327 1832 384 1891; x_wconf 84' lang='lat'><strong>5,</strong></span> <span class='ocrx_word' id='word_1_222' title='bbox 425 1832 506 1898; x_wconf 80' lang='lat' dir='ltr'><strong>li).</strong></span> <span class='ocrx_word' id='word_1_223' title='bbox 555 1829 624 1882; x_wconf 86' lang='lat' dir='ltr'><strong>Et</strong></span> <span class='ocrx_word' id='word_1_224' title='bbox 671 1826 980 1881; x_wconf 82' lang='lat' dir='ltr'><strong>econtrario</strong></span> <span class='ocrx_word' id='word_1_225' title='bbox 1014 1824 1079 1877; x_wconf 87' lang='lat' dir='ltr'><strong>de</strong></span> <span class='ocrx_word' id='word_1_226' title='bbox 1113 1822 1399 1896; x_wconf 77' lang='lat' dir='ltr'><strong>salvatore</strong></span> <span class='ocrx_word' id='word_1_227' title='bbox 1443 1822 1569 1888; x_wconf 87' lang='lat' dir='ltr'><strong>quid</strong></span> <span class='ocrx_word' id='word_1_228' title='bbox 1624 1821 1795 1874; x_wconf 86' lang='lat' dir='ltr'><strong>dicit?</strong></span> <span class='ocrx_word' id='word_1_229' title='bbox 1838 1818 1904 1871; x_wconf 86' lang='lat' dir='ltr'><strong>Et</strong></span> <span class='ocrx_word' id='word_1_230' title='bbox 1941 1833 1979 1886; x_wconf 70' lang='grc' dir='ltr'><strong>ιι</strong></span> <span class='ocrx_word' id='word_1_231' title='bbox 2011 1815 2213 1882; x_wconf 77' lang='lat' dir='ltr'><strong>fremit,</strong></span> <span class='ocrx_word' id='word_1_232' title='bbox 2243 1820 2520 1882; x_wconf 80' lang='lat' dir='ltr'><strong>irascitur,</strong></span> <span class='ocrx_word' id='word_1_233' title='bbox 2556 1822 2704 1884; x_wconf 91' lang='lat' dir='ltr'><strong>lurit,</strong></span> <span class='ocrx_word' id='word_1_234' title='bbox 2735 1831 2790 1872; x_wconf 92' lang='lat' dir='ltr'><strong>et</strong></span> <span class='ocrx_word' id='word_1_235' title='bbox 2813 1819 2948 1872; x_wconf 79' lang='lat' dir='ltr'><strong>foris</strong></span> <span class='ocrx_word' id='word_1_236' title='bbox 2983 1821 3246 1875; x_wconf 82' lang='lat' dir='ltr'><strong>adversus</strong></span> <span class='ocrx_word' id='word_1_237' title='bbox 3269 1837 3362 1877; x_wconf 82' lang='lat' dir='ltr'><strong>eas</strong></span> <span class='ocrx_word' id='word_1_238' title='bbox 3383 1824 3593 1875; x_wconf 72' lang='lat' dir='ltr'><strong>viribus</strong></span> 
     </span>
    </p>
   </div>
   <div class='ocr_carea' id='block_1_34' title="bbox 327 1910 1910 1983">
    <p class='ocr_par' dir='ltr' id='par_1_34' title="bbox 327 1910 1910 1983">
     <span class='ocr_line' id='line_1_34' title="bbox 327 1910 1910 1983; baseline -0.004 -14"><span class='ocrx_word' id='word_1_239' title='bbox 327 1919 554 1971; x_wconf 80' lang='lat' dir='ltr'><strong>dilectus</strong></span> <span class='ocrx_word' id='word_1_240' title='bbox 602 1917 737 1970; x_wconf 83' lang='lat' dir='ltr'><strong>sicut</strong></span> <span class='ocrx_word' id='word_1_241' title='bbox 792 1915 935 1983; x_wconf 80' lang='lat' dir='ltr'><strong>filius</strong></span> <span class='ocrx_word' id='word_1_242' title='bbox 972 1915 1305 1966; x_wconf 82' lang='lat' dir='ltr'><strong>nnirorninm</strong></span> <span class='ocrx_word' id='word_1_243' title='bbox 1351 1910 1516 1980; x_wconf 73' lang='lat' dir='ltr'><strong>(Ibid.</strong></span> <span class='ocrx_word' id='word_1_244' title='bbox 1560 1912 1635 1980; x_wconf 87' lang='lat'><strong>6).</strong></span> <span class='ocrx_word' id='word_1_245' title='bbox 1674 1911 1910 1964; x_wconf 89' lang='lat' dir='ltr'><strong>Dilectus</strong></span> 
     </span>
    </p>
   </div>
   <div class='ocr_carea' id='block_1_35' title="bbox 329 2003 1907 2072">
    <p class='ocr_par' dir='ltr' id='par_1_35' title="bbox 329 2003 1907 2072">
     <span class='ocr_line' id='line_1_35' title="bbox 329 2003 1907 2072; baseline -0.006 -10"><span class='ocrx_word' id='word_1_246' title='bbox 329 2011 592 2062; x_wconf 86' lang='lat' dir='ltr'><strong>Dominus</strong></span> <span class='ocrx_word' id='word_1_247' title='bbox 649 2018 832 2062; x_wconf 75' lang='lat' dir='ltr'><strong>noster</strong></span> <span class='ocrx_word' id='word_1_248' title='bbox 881 2006 1132 2060; x_wconf 69' lang='lat' dir='ltr'><strong>Salvator</strong></span> <span class='ocrx_word' id='word_1_249' title='bbox 1179 2013 1283 2066; x_wconf 84' lang='lat' dir='ltr'><strong>est,</strong></span> <span class='ocrx_word' id='word_1_250' title='bbox 1352 2003 1498 2072; x_wconf 83' lang='lat' dir='ltr'><strong>ﬁlius</strong></span> <span class='ocrx_word' id='word_1_251' title='bbox 1552 2003 1907 2066; x_wconf 69' lang='lat' dir='ltr'><strong>uniparnium,</strong></span> 
     </span>
    </p>
   </div>
   <div class='ocr_carea' id='block_1_36' title="bbox 309 2093 1904 2166">
    <p class='ocr_par' dir='ltr' id='par_1_36' title="bbox 309 2093 1904 2166">
     <span class='ocr_line' id='line_1_36' title="bbox 309 2093 1904 2166; baseline -0.002 -14"><span class='ocrx_word' id='word_1_252' title='bbox 309 2102 477 2160; x_wconf 75' lang='lat' dir='ltr'><strong>ﬁlius</strong></span> <span class='ocrx_word' id='word_1_253' title='bbox 523 2101 704 2155; x_wconf 89' lang='lat' dir='ltr'><strong>crucis</strong></span> <span class='ocrx_word' id='word_1_254' title='bbox 749 2115 765 2152; x_wconf 87' lang='lat'><strong>:</strong></span> <span class='ocrx_word' id='word_1_255' title='bbox 807 2099 874 2153; x_wconf 89' lang='lat' dir='ltr'><strong>de</strong></span> <span class='ocrx_word' id='word_1_256' title='bbox 906 2112 1012 2166; x_wconf 91' lang='lat' dir='ltr'><strong>quo</strong></span> <span class='ocrx_word' id='word_1_257' title='bbox 1040 2097 1240 2151; x_wconf 87' lang='lat' dir='ltr'><strong>dicitur</strong></span> <span class='ocrx_word' id='word_1_258' title='bbox 1273 2098 1323 2148; x_wconf 92' lang='lat' dir='ltr'><strong>in</strong></span> <span class='ocrx_word' id='word_1_259' title='bbox 1353 2096 1570 2150; x_wconf 86' lang='lat' dir='ltr'><strong>cantico</strong></span> <span class='ocrx_word' id='word_1_260' title='bbox 1599 2093 1853 2148; x_wconf 65' lang='lat' dir='ltr'><strong>l-labucuc</strong></span> <span class='ocrx_word' id='word_1_261' title='bbox 1892 2113 1904 2149; x_wconf 89' lang='lat'>:</span> 
     </span>
    </p>
   </div>
   <div class='ocr_carea' id='block_1_37' title="bbox 326 2187 1905 2261">
    <p class='ocr_par' dir='ltr' id='par_1_37' title="bbox 326 2187 1905 2261">
     <span class='ocr_line' id='line_1_37' title="bbox 326 2187 1905 2261; baseline -0.004 -15"><span class='ocrx_word' id='word_1_262' title='bbox 326 2194 542 2246; x_wconf 82' lang='lat' dir='ltr'><strong>Cornua</strong></span> <span class='ocrx_word' id='word_1_263' title='bbox 577 2195 632 2246; x_wconf 90' lang='lat' dir='ltr'><strong>in</strong></span> <span class='ocrx_word' id='word_1_264' title='bbox 664 2191 909 2244; x_wconf 85' lang='lat' dir='ltr'><strong>manibus</strong></span> <span class='ocrx_word' id='word_1_265' title='bbox 955 2192 1092 2261; x_wconf 83' lang='lat' dir='ltr'><strong>ejus,</strong></span> <span class='ocrx_word' id='word_1_266' title='bbox 1121 2189 1192 2242; x_wconf 86' lang='lat' dir='ltr'><strong>ibi</strong></span> <span class='ocrx_word' id='word_1_267' title='bbox 1233 2187 1504 2241; x_wconf 82' lang='lat' dir='ltr'><strong>abscondit</strong></span> <span class='ocrx_word' id='word_1_268' title='bbox 1539 2188 1905 2256; x_wconf 79' lang='lat' dir='ltr'><strong>fortitudinem</strong></span> 
     </span>
    </p>
   </div>
   <div class='ocr_carea' id='block_1_38' title="bbox 321 2279 1908 2356">
    <p class='ocr_par' dir='ltr' id='par_1_38' title="bbox 321 2279 1908 2356">
     <span class='ocr_line' id='line_1_38' title="bbox 321 2279 1908 2356; baseline -0.006 -17"><span class='ocrx_word' id='word_1_269' title='bbox 321 2303 479 2339; x_wconf 84' lang='lat' dir='ltr'><strong>suam</strong></span> <span class='ocrx_word' id='word_1_270' title='bbox 523 2283 758 2356; x_wconf 77' lang='lat' dir='ltr'><strong>(Hebae.</strong></span> <span class='ocrx_word' id='word_1_271' title='bbox 792 2299 872 2350; x_wconf 88' lang='lat' dir='ltr'><strong>In,</strong></span> <span class='ocrx_word' id='word_1_272' title='bbox 927 2284 1007 2352; x_wconf 75' lang='grc'><strong>4).</strong></span> <span class='ocrx_word' id='word_1_273' title='bbox 1040 2284 1334 2350; x_wconf 79' lang='lat' dir='ltr'><strong>Postquam</strong></span> <span class='ocrx_word' id='word_1_274' title='bbox 1367 2296 1497 2349; x_wconf 92' lang='lat' dir='ltr'><strong>ergo</strong></span> <span class='ocrx_word' id='word_1_275' title='bbox 1533 2279 1767 2334; x_wconf 88' lang='lat' dir='ltr'><strong>dilectus</strong></span> <span class='ocrx_word' id='word_1_276' title='bbox 1807 2281 1908 2332; x_wconf 89' lang='lat' dir='ltr'><strong>iste</strong></span> 
     </span>
    </p>
   </div>
   <div class='ocr_carea' id='block_1_39' title="bbox 324 2371 1904 2442">
    <p class='ocr_par' dir='ltr' id='par_1_39' title="bbox 324 2371 1904 2442">
     <span class='ocr_line' id='line_1_39' title="bbox 324 2371 1904 2442; baseline -0.006 -10"><span class='ocrx_word' id='word_1_277' title='bbox 324 2377 625 2432; x_wconf 75' lang='lat' dir='ltr'><strong>cruciﬁxus</strong></span> <span class='ocrx_word' id='word_1_278' title='bbox 658 2387 764 2440; x_wconf 79' lang='lat' dir='ltr'><strong>est,</strong></span> <span class='ocrx_word' id='word_1_279' title='bbox 799 2373 1076 2442; x_wconf 84' lang='lat' dir='ltr'><strong>impletum</strong></span> <span class='ocrx_word' id='word_1_280' title='bbox 1107 2383 1194 2426; x_wconf 87' lang='lat' dir='ltr'><strong>est</strong></span> <span class='ocrx_word' id='word_1_281' title='bbox 1243 2372 1375 2425; x_wconf 85' lang='lat' dir='ltr'><strong>illud</strong></span> <span class='ocrx_word' id='word_1_282' title='bbox 1403 2374 1544 2440; x_wconf 87' lang='lat' dir='ltr'><strong>quod</strong></span> <span class='ocrx_word' id='word_1_283' title='bbox 1573 2372 1821 2440; x_wconf 88' lang='lat' dir='ltr'><strong>sequitur</strong></span> <span class='ocrx_word' id='word_1_284' title='bbox 1853 2371 1904 2423; x_wconf 92' lang='lat' dir='ltr'><strong>in</strong></span> 
     </span>
    </p>
   </div>
   <div class='ocr_carea' id='block_1_40' title="bbox 326 2461 1904 2532">
    <p class='ocr_par' dir='ltr' id='par_1_40' title="bbox 326 2461 1904 2532">
     <span class='ocr_line' id='line_1_40' title="bbox 326 2461 1904 2532; baseline -0.003 -14"><span class='ocrx_word' id='word_1_285' title='bbox 326 2465 535 2532; x_wconf 69' lang='lat' dir='ltr'><strong>paululo</strong></span> <span class='ocrx_word' id='word_1_286' title='bbox 568 2481 583 2516; x_wconf 89' lang='lat'><strong>:</strong></span> <span class='ocrx_word' id='word_1_287' title='bbox 623 2462 735 2517; x_wconf 71' lang='grc' dir='ltr'><strong>ι’οπ</strong></span> <span class='ocrx_word' id='word_1_288' title='bbox 769 2463 977 2515; x_wconf 89' lang='lat' dir='ltr'><strong>Domini</strong></span> <span class='ocrx_word' id='word_1_289' title='bbox 1030 2461 1388 2514; x_wconf 69' lang='lat' dir='ltr'><strong>interciilentis</strong></span> <span class='ocrx_word' id='word_1_290' title='bbox 1429 2464 1700 2528; x_wconf 78' lang='lat' dir='ltr'><strong>flammam</strong></span> <span class='ocrx_word' id='word_1_291' title='bbox 1748 2462 1904 2529; x_wconf 69' lang='lat' dir='ltr'><strong>ignis.</strong></span> 
     </span>
    </p>
   </div>
   <div class='ocr_carea' id='block_1_41' title="bbox 325 2551 1908 2624">
    <p class='ocr_par' dir='ltr' id='par_1_41' title="bbox 325 2551 1908 2624">
     <span class='ocr_line' id='line_1_41' title="bbox 325 2551 1908 2624; baseline -0.003 -15"><span class='ocrx_word' id='word_1_292' title='bbox 325 2558 422 2610; x_wconf 73' lang='lat' dir='ltr'><strong>illo</strong></span> <span class='ocrx_word' id='word_1_293' title='bbox 467 2557 612 2609; x_wconf 87' lang='lat' dir='ltr'><strong>enim</strong></span> <span class='ocrx_word' id='word_1_294' title='bbox 665 2556 959 2624; x_wconf 77' lang='lat' dir='ltr'><strong>baptizato,</strong></span> <span class='ocrx_word' id='word_1_295' title='bbox 1001 2563 1056 2608; x_wconf 89' lang='lat' dir='ltr'><strong>et</strong></span> <span class='ocrx_word' id='word_1_296' title='bbox 1108 2554 1369 2608; x_wconf 89' lang='lat' dir='ltr'><strong>universo</strong></span> <span class='ocrx_word' id='word_1_297' title='bbox 1415 2554 1639 2616; x_wconf 88' lang='lat' dir='ltr'><strong>mundo,</strong></span> <span class='ocrx_word' id='word_1_298' title='bbox 1687 2551 1908 2606; x_wconf 85' lang='lat' dir='ltr'><strong>Christo</strong></span> 
     </span>
    </p>
   </div>
   <div class='ocr_carea' id='block_1_42' title="bbox 325 2646 1902 2713">
    <p class='ocr_par' dir='ltr' id='par_1_42' title="bbox 325 2646 1902 2713">
     <span class='ocr_line' id='line_1_42' title="bbox 325 2646 1902 2713; baseline -0.003 -12"><span class='ocrx_word' id='word_1_299' title='bbox 325 2650 565 2712; x_wconf 67' lang='lat' dir='ltr'><strong>iuvante,</strong></span> <span class='ocrx_word' id='word_1_300' title='bbox 626 2648 906 2713; x_wconf 81' lang='lat' dir='ltr'><strong>mandato,</strong></span> <span class='ocrx_word' id='word_1_301' title='bbox 959 2651 1221 2713; x_wconf 71' lang='lat' dir='ltr'><strong>gehennae</strong></span> <span class='ocrx_word' id='word_1_302' title='bbox 1259 2647 1400 2713; x_wconf 77' lang='lat' dir='ltr'><strong>ignis</strong></span> <span class='ocrx_word' id='word_1_303' title='bbox 1448 2646 1754 2701; x_wconf 82' lang='lat' dir='ltr'><strong>exstinctus</strong></span> <span class='ocrx_word' id='word_1_304' title='bbox 1800 2655 1902 2698; x_wconf 91' lang='lat' dir='ltr'><strong>est.</strong></span> 
     </span>
    </p>
   </div>
   <div class='ocr_carea' id='block_1_43' title="bbox 333 2737 1907 2796">
    <p class='ocr_par' dir='ltr' id='par_1_43' title="bbox 333 2737 1907 2796">
     <span class='ocr_line' id='line_1_43' title="bbox 333 2737 1907 2796; baseline -0.003 -1"><span class='ocrx_word' id='word_1_305' title='bbox 333 2741 439 2796; x_wconf 75' lang='lat' dir='ltr'><strong>Vox</strong></span> <span class='ocrx_word' id='word_1_306' title='bbox 504 2741 712 2795; x_wconf 87' lang='lat' dir='ltr'><strong>Domini</strong></span> <span class='ocrx_word' id='word_1_307' title='bbox 778 2742 1124 2793; x_wconf 84' lang='lat' dir='ltr'><strong>concutientis</strong></span> <span class='ocrx_word' id='word_1_308' title='bbox 1177 2740 1463 2792; x_wconf 75' lang='lat' dir='ltr'><strong>desertum.</strong></span> <span class='ocrx_word' id='word_1_309' title='bbox 1525 2737 1748 2793; x_wconf 86' lang='lat' dir='ltr'><strong>Deserta</strong></span> <span class='ocrx_word' id='word_1_310' title='bbox 1807 2739 1907 2792; x_wconf 81' lang='lat' dir='ltr'><strong>fuit</strong></span> 
     </span>
    </p>
   </div>
   <div class='ocr_carea' id='block_1_44' title="bbox 328 2832 1531 2902">
    <p class='ocr_par' dir='ltr' id='par_1_44' title="bbox 328 2832 1531 2902">
     <span class='ocr_line' id='line_1_44' title="bbox 328 2832 1531 2902; baseline -0.002 -16"><span class='ocrx_word' id='word_1_311' title='bbox 328 2834 598 2896; x_wconf 80' lang='lat' dir='ltr'><strong>Erelesia,</strong></span> <span class='ocrx_word' id='word_1_312' title='bbox 633 2851 751 2902; x_wconf 69' lang='lat' dir='ltr'><strong>qua:</strong></span> <span class='ocrx_word' id='word_1_313' title='bbox 775 2833 927 2901; x_wconf 80' lang='lat' dir='ltr'><strong>prius</strong></span> <span class='ocrx_word' id='word_1_314' title='bbox 965 2832 1105 2886; x_wconf 84' lang='lat' dir='ltr'><strong>lilios</strong></span> <span class='ocrx_word' id='word_1_315' title='bbox 1139 2849 1246 2886; x_wconf 91' lang='lat' dir='ltr'><strong>non</strong></span> <span class='ocrx_word' id='word_1_316' title='bbox 1281 2832 1531 2886; x_wconf 82' lang='lat' dir='ltr'><strong>habebat.</strong></span> 
     </span>
    </p>
   </div>
   <div class='ocr_carea' id='block_1_45' title="bbox 398 2921 1903 2990">
    <p class='ocr_par' dir='ltr' id='par_1_45' title="bbox 398 2921 1903 2990">
     <span class='ocr_line' id='line_1_45' title="bbox 398 2921 1903 2990; baseline -0.001 -13"><span class='ocrx_word' id='word_1_317' title='bbox 398 2923 491 2977; x_wconf 93' lang='grc' dir='ltr'>ιιι.</span> <span class='ocrx_word' id='word_1_318' title='bbox 520 2923 602 2978; x_wconf 80' lang='lat' dir='ltr'><strong>Ad</strong></span> <span class='ocrx_word' id='word_1_319' title='bbox 635 2922 1077 2990; x_wconf 69' lang='lat' dir='ltr'><strong>praedicationem</strong></span> <span class='ocrx_word' id='word_1_320' title='bbox 1123 2921 1348 2986; x_wconf 79' lang='lat' dir='ltr'><strong>Christi,</strong></span> <span class='ocrx_word' id='word_1_321' title='bbox 1384 2925 1594 2976; x_wconf 86' lang='lat' dir='ltr'><strong>deserta</strong></span> <span class='ocrx_word' id='word_1_322' title='bbox 1629 2932 1903 2976; x_wconf 87' lang='lat' dir='ltr'><strong>commota</strong></span> 
     </span>
    </p>
   </div>
   <div class='ocr_carea' id='block_1_46' title="bbox 325 3014 1904 3084">
    <p class='ocr_par' dir='ltr' id='par_1_46' title="bbox 325 3014 1904 3084">
     <span class='ocr_line' id='line_1_46' title="bbox 325 3014 1904 3084; baseline 0.001 -15"><span class='ocrx_word' id='word_1_323' title='bbox 325 3027 433 3083; x_wconf 60' lang='lat' dir='ltr'><strong>est,</strong></span> <span class='ocrx_word' id='word_1_324' title='bbox 465 3027 520 3069; x_wconf 91' lang='lat' dir='ltr'><strong>et</strong></span> <span class='ocrx_word' id='word_1_325' title='bbox 549 3016 834 3084; x_wconf 80' lang='lat' dir='ltr'><strong>parturivit</strong></span> <span class='ocrx_word' id='word_1_326' title='bbox 857 3027 911 3068; x_wconf 90' lang='lat' dir='ltr'><strong>et</strong></span> <span class='ocrx_word' id='word_1_327' title='bbox 935 3014 1145 3084; x_wconf 85' lang='lat' dir='ltr'><strong>peperit</strong></span> <span class='ocrx_word' id='word_1_328' title='bbox 1184 3033 1197 3068; x_wconf 86' lang='lat'><strong>:</strong></span> <span class='ocrx_word' id='word_1_329' title='bbox 1237 3027 1291 3066; x_wconf 88' lang='lat' dir='ltr'><strong>et</strong></span> <span class='ocrx_word' id='word_1_330' title='bbox 1317 3027 1441 3067; x_wconf 87' lang='lat' dir='ltr'><strong>nata</strong></span> <span class='ocrx_word' id='word_1_331' title='bbox 1471 3028 1551 3068; x_wconf 88' lang='lat' dir='ltr'><strong>est</strong></span> <span class='ocrx_word' id='word_1_332' title='bbox 1592 3017 1642 3066; x_wconf 94' lang='lat' dir='ltr'><strong>in</strong></span> <span class='ocrx_word' id='word_1_333' title='bbox 1674 3031 1779 3068; x_wconf 89' lang='lat' dir='ltr'><strong>una</strong></span> <span class='ocrx_word' id='word_1_334' title='bbox 1815 3017 1904 3070; x_wconf 88' lang='lat' dir='ltr'><strong>die</strong></span> 
     </span>
    </p>
   </div>
   <div class='ocr_carea' id='block_1_47' title="bbox 329 3105 1904 3176">
    <p class='ocr_par' dir='ltr' id='par_1_47' title="bbox 329 3105 1904 3176">
     <span class='ocr_line' id='line_1_47' title="bbox 329 3105 1904 3176; baseline 0 -16"><span class='ocrx_word' id='word_1_335' title='bbox 329 3123 463 3176; x_wconf 78' lang='lat' dir='ltr'><strong>gens</strong></span> <span class='ocrx_word' id='word_1_336' title='bbox 497 3117 606 3160; x_wconf 84' lang='lat' dir='ltr'><strong>tota</strong></span> <span class='ocrx_word' id='word_1_337' title='bbox 666 3105 826 3160; x_wconf 85' lang='lat' dir='ltr'><strong>simul</strong></span> <span class='ocrx_word' id='word_1_338' title='bbox 863 3107 974 3171; x_wconf 90' lang='lat' dir='ltr'><strong>illa,</strong></span> <span class='ocrx_word' id='word_1_339' title='bbox 1025 3122 1146 3174; x_wconf 71' lang='lat' dir='ltr'><strong>quae</strong></span> <span class='ocrx_word' id='word_1_340' title='bbox 1181 3117 1307 3160; x_wconf 79' lang='lat' dir='ltr'><strong>ante</strong></span> <span class='ocrx_word' id='word_1_341' title='bbox 1333 3108 1617 3160; x_wconf 84' lang='lat' dir='ltr'><strong>dicebatur</strong></span> <span class='ocrx_word' id='word_1_342' title='bbox 1641 3109 1904 3160; x_wconf 69' lang='lat' dir='ltr'><strong>desertum</strong></span> 
     </span>
    </p>
   </div>
   <div class='ocr_carea' id='block_1_48' title="bbox 329 3195 1901 3270">
    <p class='ocr_par' dir='ltr' id='par_1_48' title="bbox 329 3195 1901 3270">
     <span class='ocr_line' id='line_1_48' title="bbox 329 3195 1901 3270; baseline 0.001 -17"><span class='ocrx_word' id='word_1_343' title='bbox 329 3195 522 3259; x_wconf 77' lang='lat' dir='ltr'><strong>Gades,</strong></span> <span class='ocrx_word' id='word_1_344' title='bbox 578 3199 679 3250; x_wconf 90' lang='lat' dir='ltr'><strong>hoc</strong></span> <span class='ocrx_word' id='word_1_345' title='bbox 708 3208 812 3260; x_wconf 86' lang='lat' dir='ltr'><strong>est,</strong></span> <span class='ocrx_word' id='word_1_346' title='bbox 877 3199 1152 3252; x_wconf 87' lang='lat' dir='ltr'><strong>desertum</strong></span> <span class='ocrx_word' id='word_1_347' title='bbox 1221 3199 1527 3253; x_wconf 77' lang='lat' dir='ltr'><strong>sanctitatis</strong></span> <span class='ocrx_word' id='word_1_348' title='bbox 1625 3199 1901 3270; x_wconf 83' lang='lat' dir='ltr'><strong>Siquidem</strong></span> 
     </span>
    </p>
   </div>
   <div class='ocr_carea' id='block_1_49' title="bbox 327 3290 1904 3360">
    <p class='ocr_par' dir='ltr' id='par_1_49' title="bbox 327 3290 1904 3360">
     <span class='ocr_line' id='line_1_49' title="bbox 327 3290 1904 3360; baseline 0.002 -16"><span class='ocrx_word' id='word_1_349' title='bbox 327 3307 451 3360; x_wconf 65' lang='lat' dir='ltr'><strong>qum</strong></span> <span class='ocrx_word' id='word_1_350' title='bbox 474 3307 580 3345; x_wconf 89' lang='lat' dir='ltr'><strong>non</strong></span> <span class='ocrx_word' id='word_1_351' title='bbox 604 3290 870 3345; x_wconf 83' lang='lat' dir='ltr'><strong>habuerat</strong></span> <span class='ocrx_word' id='word_1_352' title='bbox 892 3291 1257 3355; x_wconf 81' lang='lat' dir='ltr'><strong>sanctitatem,</strong></span> <span class='ocrx_word' id='word_1_353' title='bbox 1292 3292 1456 3360; x_wconf 72' lang='lat' dir='ltr'><strong>coepit</strong></span> <span class='ocrx_word' id='word_1_354' title='bbox 1479 3307 1668 3358; x_wconf 88' lang='lat' dir='ltr'><strong>parere</strong></span> <span class='ocrx_word' id='word_1_355' title='bbox 1691 3307 1904 3358; x_wconf 84' lang='lat' dir='ltr'><strong>cervos,</strong></span> 
     </span>
    </p>
   </div>
   <div class='ocr_carea' id='block_1_50' title="bbox 327 3385 1907 3455">
    <p class='ocr_par' dir='ltr' id='par_1_50' title="bbox 327 3385 1907 3455">
     <span class='ocr_line' id='line_1_50' title="bbox 327 3385 1907 3455; baseline 0.001 -16"><span class='ocrx_word' id='word_1_356' title='bbox 327 3396 385 3439; x_wconf 80' lang='lat' dir='ltr'><strong>et</strong></span> <span class='ocrx_word' id='word_1_357' title='bbox 414 3395 729 3440; x_wconf 79' lang='lat' dir='ltr'><strong>sanctorum</strong></span> <span class='ocrx_word' id='word_1_358' title='bbox 761 3385 1012 3438; x_wconf 84' lang='lat' dir='ltr'><strong>emittere</strong></span> <span class='ocrx_word' id='word_1_359' title='bbox 1043 3399 1254 3453; x_wconf 78' lang='lat' dir='ltr'><strong>greges,</strong></span> <span class='ocrx_word' id='word_1_360' title='bbox 1293 3387 1386 3452; x_wconf 89' lang='lat' dir='ltr'><strong>qui</strong></span> <span class='ocrx_word' id='word_1_361' title='bbox 1421 3397 1708 3455; x_wconf 80' lang='lat' dir='ltr'><strong>serpentes</strong></span> <span class='ocrx_word' id='word_1_362' title='bbox 1742 3390 1907 3440; x_wconf 88' lang='lat' dir='ltr'><strong>inter-</strong></span> 
     </span>
    </p>
   </div>
   <div class='ocr_carea' id='block_1_51' title="bbox 328 3479 1904 3546">
    <p class='ocr_par' dir='ltr' id='par_1_51' title="bbox 328 3479 1904 3546">
     <span class='ocr_line' id='line_1_51' title="bbox 328 3479 1904 3546; baseline -0.001 -14"><span class='ocrx_word' id='word_1_363' title='bbox 328 3479 544 3542; x_wconf 81' lang='lat' dir='ltr'><strong>ﬁciunt,</strong></span> <span class='ocrx_word' id='word_1_364' title='bbox 571 3479 661 3545; x_wconf 87' lang='lat' dir='ltr'><strong>qui</strong></span> <span class='ocrx_word' id='word_1_365' title='bbox 697 3492 902 3532; x_wconf 87' lang='lat' dir='ltr'><strong>venena</strong></span> <span class='ocrx_word' id='word_1_366' title='bbox 933 3491 1290 3532; x_wconf 83' lang='lat' dir='ltr'><strong>contemnunt</strong></span> <span class='ocrx_word' id='word_1_367' title='bbox 1325 3496 1337 3530; x_wconf 90' lang='lat'>:</span> <span class='ocrx_word' id='word_1_368' title='bbox 1373 3480 1572 3546; x_wconf 90' lang='lat' dir='ltr'><strong>quibus</strong></span> <span class='ocrx_word' id='word_1_369' title='bbox 1591 3479 1904 3533; x_wconf 80' lang='lat' dir='ltr'><strong>discurren-</strong></span> 
     </span>
    </p>
   </div>
   <div class='ocr_carea' id='block_1_52' title="bbox 331 3569 1907 3638">
    <p class='ocr_par' dir='ltr' id='par_1_52' title="bbox 331 3569 1907 3638">
     <span class='ocr_line' id='line_1_52' title="bbox 331 3569 1907 3638; baseline -0.001 -14"><span class='ocrx_word' id='word_1_370' title='bbox 331 3572 478 3626; x_wconf 78' lang='lat' dir='ltr'><strong>tibus</strong></span> <span class='ocrx_word' id='word_1_371' title='bbox 503 3571 556 3624; x_wconf 91' lang='lat' dir='ltr'><strong>in</strong></span> <span class='ocrx_word' id='word_1_372' title='bbox 588 3577 702 3624; x_wconf 91' lang='lat' dir='ltr'><strong>toto</strong></span> <span class='ocrx_word' id='word_1_373' title='bbox 741 3571 893 3630; x_wconf 87' lang='lat' dir='ltr'><strong>orbe,</strong></span> <span class='ocrx_word' id='word_1_374' title='bbox 924 3569 1202 3624; x_wconf 80' lang='lat' dir='ltr'><strong>etChristi</strong></span> <span class='ocrx_word' id='word_1_375' title='bbox 1235 3569 1585 3638; x_wconf 78' lang='lat' dir='ltr'><strong>Evangelium</strong></span> <span class='ocrx_word' id='word_1_376' title='bbox 1607 3570 1907 3638; x_wconf 61' lang='lat' dir='ltr'><strong>prgedicun-</strong></span> 
     </span>
    </p>
   </div>
   <div class='ocr_carea' id='block_1_53' title="bbox 333 3661 1906 3738">
    <p class='ocr_par' dir='ltr' id='par_1_53' title="bbox 333 3661 1906 3738">
     <span class='ocr_line' id='line_1_53' title="bbox 333 3661 1906 3738; baseline -0.002 -23"><span class='ocrx_word' id='word_1_377' title='bbox 333 3667 502 3728; x_wconf 85' lang='lat' dir='ltr'><strong>tibus,</strong></span> <span class='ocrx_word' id='word_1_378' title='bbox 563 3663 617 3716; x_wconf 84' lang='lat' dir='ltr'><strong>in</strong></span> <span class='ocrx_word' id='word_1_379' title='bbox 649 3662 840 3732; x_wconf 81' lang='lat' dir='ltr'><strong>templo</strong></span> <span class='ocrx_word' id='word_1_380' title='bbox 893 3663 1007 3730; x_wconf 77' lang='lat' dir='ltr'><strong>ejus</strong></span> <span class='ocrx_word' id='word_1_381' title='bbox 1066 3677 1244 3714; x_wconf 78' lang='lat' dir='ltr'><strong>omnes</strong></span> <span class='ocrx_word' id='word_1_382' title='bbox 1296 3662 1471 3714; x_wconf 86' lang='lat' dir='ltr'><strong>dicent</strong></span> <span class='ocrx_word' id='word_1_383' title='bbox 1517 3663 1741 3738; x_wconf 84' lang='lat' dir='ltr'><strong>gloriam</strong></span> <span class='ocrx_word' id='word_1_384' title='bbox 1798 3661 1906 3715; x_wconf 85' lang='lat' dir='ltr'><strong>Deo</strong></span> 
     </span>
    </p>
   </div>
   <div class='ocr_carea' id='block_1_54' title="bbox 330 3754 1905 3826">
    <p class='ocr_par' dir='ltr' id='par_1_54' title="bbox 330 3754 1905 3826">
     <span class='ocr_line' id='line_1_54' title="bbox 330 3754 1905 3826; baseline -0.002 -16"><span class='ocrx_word' id='word_1_385' title='bbox 330 3757 508 3826; x_wconf 82' lang='lat' dir='ltr'><strong>(Psal.</strong></span> <span class='ocrx_word' id='word_1_386' title='bbox 569 3770 758 3816; x_wconf 71' lang='lat' dir='ltr'><strong>sunt,</strong></span> <span class='ocrx_word' id='word_1_387' title='bbox 817 3757 894 3818; x_wconf 86' lang='lat'><strong>9).</strong></span> <span class='ocrx_word' id='word_1_388' title='bbox 935 3755 1191 3822; x_wconf 86' lang='lat' dir='ltr'><strong>Sequitur</strong></span> <span class='ocrx_word' id='word_1_389' title='bbox 1251 3769 1266 3808; x_wconf 86' lang='lat'><strong>:</strong></span> <span class='ocrx_word' id='word_1_390' title='bbox 1331 3754 1586 3806; x_wconf 86' lang='lat' dir='ltr'><strong>Dominus</strong></span> <span class='ocrx_word' id='word_1_391' title='bbox 1647 3754 1905 3807; x_wconf 79' lang='lat' dir='ltr'><strong>diluvium</strong></span> 
     </span>
    </p>
   </div>
   <div class='ocr_carea' id='block_1_55' title="bbox 325 3844 1908 3914">
    <p class='ocr_par' dir='ltr' id='par_1_55' title="bbox 325 3844 1908 3914">
     <span class='ocr_line' id='line_1_55' title="bbox 325 3844 1908 3914; baseline -0.001 -13"><span class='ocrx_word' id='word_1_392' title='bbox 325 3847 625 3901; x_wconf 70' lang='lat' dir='ltr'><strong>inhabitare</strong></span> <span class='ocrx_word' id='word_1_393' title='bbox 660 3845 808 3914; x_wconf 79' lang='lat' dir='ltr'><strong>facit.</strong></span> <span class='ocrx_word' id='word_1_394' title='bbox 835 3844 1263 3899; x_wconf 84' lang='lat' dir='ltr'><strong>Considereinns</strong></span> <span class='ocrx_word' id='word_1_395' title='bbox 1291 3851 1464 3896; x_wconf 82' lang='lat' dir='ltr'><strong>tntum</strong></span> <span class='ocrx_word' id='word_1_396' title='bbox 1493 3845 1705 3907; x_wconf 85' lang='lat' dir='ltr'><strong>urbem,</strong></span> <span class='ocrx_word' id='word_1_397' title='bbox 1737 3848 1908 3913; x_wconf 87' lang='lat' dir='ltr'><strong>respi-</strong></span> 
     </span>
    </p>
   </div>
   <div class='ocr_carea' id='block_1_56' title="bbox 324 3934 1908 4004">
    <p class='ocr_par' dir='ltr' id='par_1_56' title="bbox 324 3934 1908 4004">
     <span class='ocr_line' id='line_1_56' title="bbox 324 3934 1908 4004; baseline -0.001 -13"><span class='ocrx_word' id='word_1_398' title='bbox 324 3939 538 3991; x_wconf 79' lang='lat' dir='ltr'><strong>ciamus</strong></span> <span class='ocrx_word' id='word_1_399' title='bbox 561 3936 824 3990; x_wconf 83' lang='lat' dir='ltr'><strong>barbaras</strong></span> <span class='ocrx_word' id='word_1_400' title='bbox 848 3936 1116 3990; x_wconf 81' lang='lat' dir='ltr'><strong>nationes.</strong></span> <span class='ocrx_word' id='word_1_401' title='bbox 1151 3934 1453 3987; x_wconf 64' lang='lat' dir='ltr'><strong>lioinanum</strong></span> <span class='ocrx_word' id='word_1_402' title='bbox 1483 3951 1700 4004; x_wconf 85' lang='lat' dir='ltr'><strong>quoque</strong></span> <span class='ocrx_word' id='word_1_403' title='bbox 1727 3949 1908 3990; x_wconf 86' lang='lat' dir='ltr'><strong>mente</strong></span> 
     </span>
    </p>
   </div>
   <div class='ocr_carea' id='block_1_57' title="bbox 326 4025 1957 4096">
    <p class='ocr_par' dir='ltr' id='par_1_57' title="bbox 326 4025 1957 4096">
     <span class='ocr_line' id='line_1_57' title="bbox 326 4025 1957 4096; baseline -0.002 -14"><span class='ocrx_word' id='word_1_404' title='bbox 326 4032 625 4082; x_wconf 80' lang='lat' dir='ltr'><strong>lustremus</strong></span> <span class='ocrx_word' id='word_1_405' title='bbox 655 4027 944 4096; x_wconf 86' lang='lat' dir='ltr'><strong>imperium</strong></span> <span class='ocrx_word' id='word_1_406' title='bbox 976 4044 989 4080; x_wconf 89' lang='lat'><strong>:</strong></span> <span class='ocrx_word' id='word_1_407' title='bbox 1029 4026 1229 4094; x_wconf 82' lang='lat' dir='ltr'><strong>tibique</strong></span> <span class='ocrx_word' id='word_1_408' title='bbox 1266 4027 1318 4079; x_wconf 91' lang='lat' dir='ltr'><strong>in</strong></span> <span class='ocrx_word' id='word_1_409' title='bbox 1349 4025 1624 4080; x_wconf 87' lang='lat' dir='ltr'><strong>Christum</strong></span> <span class='ocrx_word' id='word_1_410' title='bbox 1656 4028 1904 4091; x_wconf 86' lang='lat' dir='ltr'><strong>credunt,</strong></span> <span class='ocrx_word' id='word_1_411' title='bbox 1947 4063 1957 4072; x_wconf 87' lang='grc'><strong><em>-</em></strong></span> 
     </span>
    </p>
   </div>
   <div class='ocr_carea' id='block_1_58' title="bbox 324 4117 1909 4187">
    <p class='ocr_par' dir='ltr' id='par_1_58' title="bbox 324 4117 1909 4187">
     <span class='ocr_line' id='line_1_58' title="bbox 324 4117 1909 4187; baseline 0 -15"><span class='ocrx_word' id='word_1_412' title='bbox 324 4120 527 4187; x_wconf 87' lang='lat' dir='ltr'><strong>ubique</strong></span> <span class='ocrx_word' id='word_1_413' title='bbox 551 4117 608 4172; x_wconf 89' lang='lat' dir='ltr'><strong>in</strong></span> <span class='ocrx_word' id='word_1_414' title='bbox 641 4119 860 4172; x_wconf 89' lang='lat' dir='ltr'><strong>nomine</strong></span> <span class='ocrx_word' id='word_1_415' title='bbox 888 4118 1099 4172; x_wconf 88' lang='lat' dir='ltr'><strong>Domini</strong></span> <span class='ocrx_word' id='word_1_416' title='bbox 1145 4118 1495 4186; x_wconf 83' lang='lat' dir='ltr'><strong>baptizantur</strong></span> <span class='ocrx_word' id='word_1_417' title='bbox 1524 4133 1538 4173; x_wconf 86' lang='grc'><strong>;</strong></span> <span class='ocrx_word' id='word_1_418' title='bbox 1569 4127 1622 4172; x_wconf 88' lang='lat' dir='ltr'><strong>et</strong></span> <span class='ocrx_word' id='word_1_419' title='bbox 1657 4118 1730 4170; x_wconf 88' lang='lat' dir='ltr'><strong>ita</strong></span> <span class='ocrx_word' id='word_1_420' title='bbox 1760 4119 1818 4172; x_wconf 75' lang='lat' dir='ltr'><strong>fit</strong></span> <span class='ocrx_word' id='word_1_421' title='bbox 1852 4131 1909 4172; x_wconf 93' lang='lat' dir='ltr'><strong>nt</strong></span> 
     </span>
    </p>
   </div>
   <div class='ocr_carea' id='block_1_59' title="bbox 323 4205 1910 4276">
    <p class='ocr_par' dir='ltr' id='par_1_59' title="bbox 323 4205 1910 4276">
     <span class='ocr_line' id='line_1_59' title="bbox 323 4205 1910 4276; baseline -0.003 -13"><span class='ocrx_word' id='word_1_422' title='bbox 323 4226 434 4263; x_wconf 90' lang='lat' dir='ltr'><strong>non</strong></span> <span class='ocrx_word' id='word_1_423' title='bbox 473 4223 578 4262; x_wconf 89' lang='lat' dir='ltr'><strong>una</strong></span> <span class='ocrx_word' id='word_1_424' title='bbox 608 4223 771 4276; x_wconf 88' lang='lat' dir='ltr'><strong>aqua,</strong></span> <span class='ocrx_word' id='word_1_425' title='bbox 800 4209 892 4262; x_wconf 86' lang='lat' dir='ltr'><strong>sed</strong></span> <span class='ocrx_word' id='word_1_426' title='bbox 911 4207 1314 4274; x_wconf 83' lang='lat' dir='ltr'><strong>quodammodo</strong></span> <span class='ocrx_word' id='word_1_427' title='bbox 1343 4207 1415 4260; x_wconf 90' lang='lat' dir='ltr'><strong>sit</strong></span> <span class='ocrx_word' id='word_1_428' title='bbox 1444 4205 1708 4258; x_wconf 81' lang='lat' dir='ltr'><strong>diluvium</strong></span> <span class='ocrx_word' id='word_1_429' title='bbox 1736 4206 1910 4272; x_wconf 89' lang='lat' dir='ltr'><strong>bapti-</strong></span> 
     </span>
    </p>
   </div>
   <div class='ocr_carea' id='block_1_60' title="bbox 321 4296 1909 4368">
    <p class='ocr_par' dir='ltr' id='par_1_60' title="bbox 321 4296 1909 4368">
     <span class='ocr_line' id='line_1_60' title="bbox 321 4296 1909 4368; baseline -0.001 -17"><span class='ocrx_word' id='word_1_430' title='bbox 321 4315 596 4355; x_wconf 69' lang='lat' dir='ltr'><strong>smorum.</strong></span> <span class='ocrx_word' id='word_1_431' title='bbox 649 4297 991 4368; x_wconf 86' lang='lat' dir='ltr'><strong>Quapropter</strong></span> <span class='ocrx_word' id='word_1_432' title='bbox 1051 4310 1476 4351; x_wconf 86' lang='lat' dir='ltr'><strong>consummatum</strong></span> <span class='ocrx_word' id='word_1_433' title='bbox 1511 4307 1591 4350; x_wconf 86' lang='lat' dir='ltr'><strong>est</strong></span> <span class='ocrx_word' id='word_1_434' title='bbox 1654 4296 1909 4349; x_wconf 86' lang='lat' dir='ltr'><strong>taberna--</strong></span> 
     </span>
    </p>
   </div>
   <div class='ocr_carea' id='block_1_61' title="bbox 320 4388 1904 4460">
    <p class='ocr_par' dir='ltr' id='par_1_61' title="bbox 320 4388 1904 4460">
     <span class='ocr_line' id='line_1_61' title="bbox 320 4388 1904 4460; baseline -0.001 -16"><span class='ocrx_word' id='word_1_435' title='bbox 320 4393 504 4444; x_wconf 73' lang='lat' dir='ltr'><strong>calam</strong></span> <span class='ocrx_word' id='word_1_436' title='bbox 529 4407 548 4445; x_wconf 89' lang='lat'><strong><em>:</em></strong></span> <span class='ocrx_word' id='word_1_437' title='bbox 576 4392 681 4446; x_wconf 90' lang='lat' dir='ltr'><strong>hoc</strong></span> <span class='ocrx_word' id='word_1_438' title='bbox 710 4391 855 4446; x_wconf 89' lang='lat' dir='ltr'><strong>enim</strong></span> <span class='ocrx_word' id='word_1_439' title='bbox 901 4390 1096 4460; x_wconf 83' lang='lat' dir='ltr'><strong>psalmi</strong></span> <span class='ocrx_word' id='word_1_440' title='bbox 1145 4390 1300 4444; x_wconf 88' lang='lat' dir='ltr'><strong>istius</strong></span> <span class='ocrx_word' id='word_1_441' title='bbox 1329 4388 1484 4443; x_wconf 90' lang='lat' dir='ltr'><strong>titulo</strong></span> <span class='ocrx_word' id='word_1_442' title='bbox 1516 4400 1855 4458; x_wconf 68' lang='lat' dir='ltr'><strong>praznotatur</strong></span> <span class='ocrx_word' id='word_1_443' title='bbox 1891 4405 1904 4442; x_wconf 91' lang='lat'><strong>:</strong></span> 
     </span>
    </p>
   </div>
   <div class='ocr_carea' id='block_1_62' title="bbox 2013 1910 3590 1983">
    <p class='ocr_par' dir='ltr' id='par_1_62' title="bbox 2013 1910 3590 1983">
     <span class='ocr_line' id='line_1_62' title="bbox 2013 1910 3590 1983; baseline 0.003 -21"><span class='ocrx_word' id='word_1_444' title='bbox 2013 1920 2412 1975; x_wconf 84' lang='lat' dir='ltr'><strong>commovetur,</strong></span> <span class='ocrx_word' id='word_1_445' title='bbox 2477 1911 2658 1979; x_wconf 89' lang='lat' dir='ltr'><strong>perire</strong></span> <span class='ocrx_word' id='word_1_446' title='bbox 2739 1911 2841 1964; x_wconf 85' lang='lat' dir='ltr'><strong>sibi</strong></span> <span class='ocrx_word' id='word_1_447' title='bbox 2924 1910 3246 1966; x_wconf 70' lang='lat' dir='ltr'><strong>existimans</strong></span> <span class='ocrx_word' id='word_1_448' title='bbox 3327 1914 3590 1983; x_wconf 78' lang='lat' dir='ltr'><strong>quidquid</strong></span> 
     </span>
    </p>
   </div>
   <div class='ocr_carea' id='block_1_63' title="bbox 2012 2003 3590 2078">
    <p class='ocr_par' dir='ltr' id='par_1_63' title="bbox 2012 2003 3590 2078">
     <span class='ocr_line' id='line_1_63' title="bbox 2012 2003 3590 2078; baseline 0.001 -20"><span class='ocrx_word' id='word_1_449' title='bbox 2012 2003 2234 2058; x_wconf 77' lang='lat' dir='ltr'><strong>Christo</strong></span> <span class='ocrx_word' id='word_1_450' title='bbox 2263 2003 2546 2061; x_wconf 75' lang='lat' dir='ltr'><strong>solvatur:</strong></span> <span class='ocrx_word' id='word_1_451' title='bbox 2583 2013 2637 2058; x_wconf 91' lang='lat' dir='ltr'><strong>et</strong></span> <span class='ocrx_word' id='word_1_452' title='bbox 2672 2006 2810 2057; x_wconf 88' lang='lat' dir='ltr'><strong>mori</strong></span> <span class='ocrx_word' id='word_1_453' title='bbox 2840 2019 3130 2075; x_wconf 73' lang='lat' dir='ltr'><strong>synagoga:</strong></span> <span class='ocrx_word' id='word_1_454' title='bbox 3160 2020 3293 2073; x_wconf 71' lang='lat' dir='ltr'><strong>Sine,</strong></span> <span class='ocrx_word' id='word_1_455' title='bbox 3329 2010 3590 2078; x_wconf 85' lang='lat' dir='ltr'><strong>quidquid</strong></span> 
     </span>
    </p>
   </div>
   <div class='ocr_carea' id='block_1_64' title="bbox 2013 2092 2635 2148">
    <p class='ocr_par' dir='ltr' id='par_1_64' title="bbox 2013 2092 2635 2148">
     <span class='ocr_line' id='line_1_64' title="bbox 2013 2092 2635 2148; baseline 0.005 -3"><span class='ocrx_word' id='word_1_456' title='bbox 2013 2092 2274 2148; x_wconf 81' lang='lat' dir='ltr'><strong>Ecclesia:</strong></span> <span class='ocrx_word' id='word_1_457' title='bbox 2307 2094 2635 2148; x_wconf 85' lang='lat' dir='ltr'><strong>vivilicattir.</strong></span> 
     </span>
    </p>
   </div>
   <div class='ocr_carea' id='block_1_65' title="bbox 2083 2182 3590 2253">
    <p class='ocr_par' dir='ltr' id='par_1_65' title="bbox 2083 2182 3590 2253">
     <span class='ocr_line' id='line_1_65' title="bbox 2083 2182 3590 2253; baseline 0.003 -17"><span class='ocrx_word' id='word_1_458' title='bbox 2083 2182 2151 2236; x_wconf 90' lang='lat' dir='ltr'><strong>ll.</strong></span> <span class='ocrx_word' id='word_1_459' title='bbox 2182 2182 2320 2248; x_wconf 85' lang='lat' dir='ltr'><strong>Quia</strong></span> <span class='ocrx_word' id='word_1_460' title='bbox 2344 2198 2492 2252; x_wconf 82' lang='lat' dir='ltr'><strong>ergo,</strong></span> <span class='ocrx_word' id='word_1_461' title='bbox 2523 2184 2722 2239; x_wconf 80' lang='lat' dir='ltr'><strong>fratres</strong></span> <span class='ocrx_word' id='word_1_462' title='bbox 2751 2186 3090 2253; x_wconf 87' lang='lat' dir='ltr'><strong>charissimi,</strong></span> <span class='ocrx_word' id='word_1_463' title='bbox 3138 2189 3205 2242; x_wconf 91' lang='lat' dir='ltr'><strong>ad</strong></span> <span class='ocrx_word' id='word_1_464' title='bbox 3256 2189 3463 2242; x_wconf 91' lang='lat' dir='ltr'><strong>Domini</strong></span> <span class='ocrx_word' id='word_1_465' title='bbox 3509 2207 3590 2242; x_wconf 83' lang='lat' dir='ltr'><strong>sa-</strong></span> 
     </span>
    </p>
   </div>
   <div class='ocr_carea' id='block_1_66' title="bbox 2009 2275 3588 2348">
    <p class='ocr_par' dir='ltr' id='par_1_66' title="bbox 2009 2275 3588 2348">
     <span class='ocr_line' id='line_1_66' title="bbox 2009 2275 3588 2348; baseline 0.004 -23"><span class='ocrx_word' id='word_1_466' title='bbox 2009 2284 2348 2326; x_wconf 88' lang='lat' dir='ltr'><strong>cramentum</strong></span> <span class='ocrx_word' id='word_1_467' title='bbox 2402 2275 2761 2344; x_wconf 79' lang='lat' dir='ltr'><strong>quadraginta</strong></span> <span class='ocrx_word' id='word_1_468' title='bbox 2811 2277 3023 2330; x_wconf 88' lang='lat' dir='ltr'><strong>dierum</strong></span> <span class='ocrx_word' id='word_1_469' title='bbox 3062 2277 3276 2348; x_wconf 84' lang='lat' dir='ltr'><strong>jejunio</strong></span> <span class='ocrx_word' id='word_1_470' title='bbox 3316 2293 3588 2348; x_wconf 75' lang='lat' dir='ltr'><strong>prtepara-</strong></span> 
     </span>
    </p>
   </div>
   <div class='ocr_carea' id='block_1_67' title="bbox 2012 2366 3588 2438">
    <p class='ocr_par' dir='ltr' id='par_1_67' title="bbox 2012 2366 3588 2438">
     <span class='ocr_line' id='line_1_67' title="bbox 2012 2366 3588 2438; baseline 0.003 -21"><span class='ocrx_word' id='word_1_471' title='bbox 2012 2381 2153 2432; x_wconf 88' lang='lat' dir='ltr'><strong>mur,</strong></span> <span class='ocrx_word' id='word_1_472' title='bbox 2209 2366 2518 2436; x_wconf 82' lang='lat' dir='ltr'><strong>jejuneiuns</strong></span> <span class='ocrx_word' id='word_1_473' title='bbox 2574 2376 2650 2422; x_wconf 94' lang='lat' dir='ltr'><strong>tot</strong></span> <span class='ocrx_word' id='word_1_474' title='bbox 2703 2368 2896 2423; x_wconf 88' lang='lat' dir='ltr'><strong>diebus</strong></span> <span class='ocrx_word' id='word_1_475' title='bbox 2930 2384 3028 2438; x_wconf 88' lang='lat' dir='ltr'><strong>pro</strong></span> <span class='ocrx_word' id='word_1_476' title='bbox 3076 2371 3316 2438; x_wconf 83' lang='lat' dir='ltr'><strong>peccatis</strong></span> <span class='ocrx_word' id='word_1_477' title='bbox 3370 2376 3588 2434; x_wconf 73' lang='lat' dir='ltr'><strong>nostris,</strong></span> 
     </span>
    </p>
   </div>
   <div class='ocr_carea' id='block_1_68' title="bbox 2011 2459 3586 2532">
    <p class='ocr_par' dir='ltr' id='par_1_68' title="bbox 2011 2459 3586 2532">
     <span class='ocr_line' id='line_1_68' title="bbox 2011 2459 3586 2532; baseline 0.007 -27"><span class='ocrx_word' id='word_1_478' title='bbox 2011 2467 2141 2522; x_wconf 88' lang='lat' dir='ltr'><strong>quot</strong></span> <span class='ocrx_word' id='word_1_479' title='bbox 2198 2472 2295 2526; x_wconf 85' lang='lat' dir='ltr'><strong>pro</strong></span> <span class='ocrx_word' id='word_1_480' title='bbox 2345 2459 2646 2513; x_wconf 84' lang='lat' dir='ltr'><strong>sceleribus</strong></span> <span class='ocrx_word' id='word_1_481' title='bbox 2711 2461 2916 2514; x_wconf 87' lang='lat' dir='ltr'><strong>nostris</strong></span> <span class='ocrx_word' id='word_1_482' title='bbox 2979 2460 3242 2516; x_wconf 78' lang='lat' dir='ltr'><strong>Dominus</strong></span> <span class='ocrx_word' id='word_1_483' title='bbox 3297 2462 3586 2532; x_wconf 73' lang='lat' dir='ltr'><strong>ijtltl.tVil.</strong></span> 
     </span>
    </p>
   </div>
   <div class='ocr_carea' id='block_1_69' title="bbox 2013 2547 3589 2620">
    <p class='ocr_par' dir='ltr' id='par_1_69' title="bbox 2013 2547 3589 2620">
     <span class='ocr_line' id='line_1_69' title="bbox 2013 2547 3589 2620; baseline 0.005 -20"><span class='ocrx_word' id='word_1_484' title='bbox 2013 2547 2169 2602; x_wconf 88' lang='lat' dir='ltr'><strong>llluin</strong></span> <span class='ocrx_word' id='word_1_485' title='bbox 2220 2560 2338 2618; x_wconf 89' lang='lat' dir='ltr'><strong>post</strong></span> <span class='ocrx_word' id='word_1_486' title='bbox 2380 2553 2712 2620; x_wconf 85' lang='lat' dir='ltr'><strong>baptismum</strong></span> <span class='ocrx_word' id='word_1_487' title='bbox 2755 2562 2930 2606; x_wconf 88' lang='lat' dir='ltr'><strong>tentat</strong></span> <span class='ocrx_word' id='word_1_488' title='bbox 2958 2554 3226 2608; x_wconf 88' lang='lat' dir='ltr'><strong>diabolus.</strong></span> <span class='ocrx_word' id='word_1_489' title='bbox 3269 2554 3390 2608; x_wconf 76' lang='lat' dir='ltr'><strong>Non</strong></span> <span class='ocrx_word' id='word_1_490' title='bbox 3444 2557 3589 2609; x_wconf 76' lang='lat' dir='ltr'><strong>enim</strong></span> 
     </span>
    </p>
   </div>
   <div class='ocr_carea' id='block_1_70' title="bbox 2009 2637 3624 2718">
    <p class='ocr_par' dir='ltr' id='par_1_70' title="bbox 2009 2637 3624 2718">
     <span class='ocr_line' id='line_1_70' title="bbox 2009 2637 3624 2718; baseline 0.008 -24"><span class='ocrx_word' id='word_1_491' title='bbox 2009 2641 2217 2696; x_wconf 81' lang='lat' dir='ltr'><strong>sciebat</strong></span> <span class='ocrx_word' id='word_1_492' title='bbox 2243 2657 2364 2696; x_wconf 87' lang='lat' dir='ltr'><strong>eum</strong></span> <span class='ocrx_word' id='word_1_493' title='bbox 2397 2659 2517 2698; x_wconf 84' lang='lat' dir='ltr'><strong>esse</strong></span> <span class='ocrx_word' id='word_1_494' title='bbox 2541 2642 2732 2698; x_wconf 77' lang='lat' dir='ltr'><strong>Filium</strong></span> <span class='ocrx_word' id='word_1_495' title='bbox 2759 2642 2848 2718; x_wconf 64' lang='lat' dir='ltr'><strong>Dei</strong></span> <span class='ocrx_word' id='word_1_496' title='bbox 2874 2665 2885 2698; x_wconf 87' lang='lat'><strong>:</strong></span> <span class='ocrx_word' id='word_1_497' title='bbox 2915 2657 3200 2714; x_wconf 85' lang='lat' dir='ltr'><strong>propterea</strong></span> <span class='ocrx_word' id='word_1_498' title='bbox 3263 2637 3624 2718; x_wconf 32' lang='lat' dir='ltr'><strong>negligehat.’</strong></span> 
     </span>
    </p>
   </div>
   <div class='ocr_carea' id='block_1_71' title="bbox 2011 2735 3589 2806">
    <p class='ocr_par' dir='ltr' id='par_1_71' title="bbox 2011 2735 3589 2806">
     <span class='ocr_line' id='line_1_71' title="bbox 2011 2735 3589 2806; baseline 0.003 -18"><span class='ocrx_word' id='word_1_499' title='bbox 2011 2735 2252 2802; x_wconf 85' lang='lat' dir='ltr'><strong>Denique</strong></span> <span class='ocrx_word' id='word_1_500' title='bbox 2313 2747 2497 2803; x_wconf 83' lang='lat' dir='ltr'><strong>postea</strong></span> <span class='ocrx_word' id='word_1_501' title='bbox 2551 2751 2892 2806; x_wconf 78' lang='lat' dir='ltr'><strong>cognoscere</strong></span> <span class='ocrx_word' id='word_1_502' title='bbox 2952 2740 3100 2806; x_wconf 90' lang='lat' dir='ltr'><strong>cupit</strong></span> <span class='ocrx_word' id='word_1_503' title='bbox 3154 2739 3208 2791; x_wconf 93' lang='lat' dir='ltr'><strong>in</strong></span> <span class='ocrx_word' id='word_1_504' title='bbox 3267 2750 3589 2805; x_wconf 68' lang='lat' dir='ltr'><strong>mutatione,</strong></span> 
     </span>
    </p>
   </div>
   <div class='ocr_carea' id='block_1_72' title="bbox 2009 2823 3588 2900">
    <p class='ocr_par' dir='ltr' id='par_1_72' title="bbox 2009 2823 3588 2900">
     <span class='ocr_line' id='line_1_72' title="bbox 2009 2823 3588 2900; baseline 0.001 -20"><span class='ocrx_word' id='word_1_505' title='bbox 2009 2827 2238 2880; x_wconf 82' lang='lat' dir='ltr'><strong>dicens:</strong></span> <span class='ocrx_word' id='word_1_506' title='bbox 2269 2823 2328 2878; x_wconf 85' lang='lat' dir='ltr'><strong>Si</strong></span> <span class='ocrx_word' id='word_1_507' title='bbox 2356 2823 2528 2878; x_wconf 80' lang='lat' dir='ltr'><strong>Filius</strong></span> <span class='ocrx_word' id='word_1_508' title='bbox 2565 2825 2656 2880; x_wconf 90' lang='lat' dir='ltr'><strong>Dei</strong></span> <span class='ocrx_word' id='word_1_509' title='bbox 2687 2844 2762 2892; x_wconf 82' lang='lat' dir='ltr'><strong>es,</strong></span> <span class='ocrx_word' id='word_1_510' title='bbox 2800 2829 2888 2880; x_wconf 86' lang='lat' dir='ltr'><strong>dic</strong></span> <span class='ocrx_word' id='word_1_511' title='bbox 2948 2840 3001 2880; x_wconf 87' lang='lat' dir='ltr'><strong>ut</strong></span> <span class='ocrx_word' id='word_1_512' title='bbox 3048 2831 3249 2898; x_wconf 76' lang='lat' dir='ltr'><strong>lapides</strong></span> <span class='ocrx_word' id='word_1_513' title='bbox 3289 2832 3380 2884; x_wconf 86' lang='lat' dir='ltr'><strong>isti</strong></span> <span class='ocrx_word' id='word_1_514' title='bbox 3421 2848 3588 2900; x_wconf 73' lang='lat' dir='ltr'><strong>ptum</strong></span> 
     </span>
    </p>
   </div>
   <div class='ocr_carea' id='block_1_73' title="bbox 2006 2916 3590 2986">
    <p class='ocr_par' dir='ltr' id='par_1_73' title="bbox 2006 2916 3590 2986">
     <span class='ocr_line' id='line_1_73' title="bbox 2006 2916 3590 2986; baseline 0.004 -18"><span class='ocrx_word' id='word_1_515' title='bbox 2006 2916 2142 2983; x_wconf 79' lang='lat' dir='ltr'><strong>[tant</strong></span> <span class='ocrx_word' id='word_1_516' title='bbox 2185 2917 2401 2983; x_wconf 79' lang='lat' dir='ltr'><strong>(Matth.</strong></span> <span class='ocrx_word' id='word_1_517' title='bbox 2439 2932 2508 2980; x_wconf 87' lang='lat' dir='ltr'><strong>iv,</strong></span> <span class='ocrx_word' id='word_1_518' title='bbox 2549 2917 2626 2986; x_wconf 73' lang='grc' dir='ltr'><strong>ὅ).</strong></span> <span class='ocrx_word' id='word_1_519' title='bbox 2663 2918 2725 2969; x_wconf 82' lang='grc' dir='ltr'>Ει</span> <span class='ocrx_word' id='word_1_520' title='bbox 2760 2935 2774 2970; x_wconf 89' lang='lat'><strong>:</strong></span> <span class='ocrx_word' id='word_1_521' title='bbox 2814 2919 2873 2972; x_wconf 82' lang='lat' dir='ltr'><strong>Si</strong></span> <span class='ocrx_word' id='word_1_522' title='bbox 2912 2919 3080 2973; x_wconf 64' lang='lat' dir='ltr'><strong>Filius</strong></span> <span class='ocrx_word' id='word_1_523' title='bbox 3116 2921 3208 2974; x_wconf 84' lang='lat' dir='ltr'><strong>Dei</strong></span> <span class='ocrx_word' id='word_1_524' title='bbox 3236 2937 3313 2986; x_wconf 87' lang='lat' dir='ltr'><strong>es,</strong></span> <span class='ocrx_word' id='word_1_525' title='bbox 3367 2926 3518 2976; x_wconf 84' lang='lat' dir='ltr'><strong>mitte</strong></span> <span class='ocrx_word' id='word_1_526' title='bbox 3543 2937 3590 2975; x_wconf 80' lang='lat' dir='ltr'><strong>te</strong></span> 
     </span>
    </p>
   </div>
   <div class='ocr_carea' id='block_1_74' title="bbox 2008 3009 3591 3084">
    <p class='ocr_par' dir='ltr' id='par_1_74' title="bbox 2008 3009 3591 3084">
     <span class='ocr_line' id='line_1_74' title="bbox 2008 3009 3591 3084; baseline 0.005 -22"><span class='ocrx_word' id='word_1_527' title='bbox 2008 3012 2256 3063; x_wconf 82' lang='lat' dir='ltr'><strong>deorsum</strong></span> <span class='ocrx_word' id='word_1_528' title='bbox 2293 3009 2452 3080; x_wconf 81' lang='lat' dir='ltr'><strong>(Ibid.</strong></span> <span class='ocrx_word' id='word_1_529' title='bbox 2491 3012 2568 3080; x_wconf 85' lang='lat'><strong>6).</strong></span> <span class='ocrx_word' id='word_1_530' title='bbox 2625 3010 2732 3065; x_wconf 79' lang='lat' dir='ltr'><strong>Nos</strong></span> <span class='ocrx_word' id='word_1_531' title='bbox 2766 3025 2942 3066; x_wconf 88' lang='lat' dir='ltr'><strong>autem</strong></span> <span class='ocrx_word' id='word_1_532' title='bbox 2985 3030 3110 3084; x_wconf 78' lang='lat' dir='ltr'><strong>quia</strong></span> <span class='ocrx_word' id='word_1_533' title='bbox 3159 3020 3265 3070; x_wconf 88' lang='lat' dir='ltr'><strong>scit</strong></span> <span class='ocrx_word' id='word_1_534' title='bbox 3293 3019 3427 3070; x_wconf 83' lang='lat' dir='ltr'><strong>velle</strong></span> <span class='ocrx_word' id='word_1_535' title='bbox 3451 3018 3591 3070; x_wconf 81' lang='lat' dir='ltr'><strong>[ilius</strong></span> 
     </span>
    </p>
   </div>
   <div class='ocr_carea' id='block_1_75' title="bbox 2016 3101 3590 3176">
    <p class='ocr_par' dir='ltr' id='par_1_75' title="bbox 2016 3101 3590 3176">
     <span class='ocr_line' id='line_1_75' title="bbox 2016 3101 3590 3176; baseline 0.007 -24"><span class='ocrx_word' id='word_1_536' title='bbox 2016 3101 2108 3156; x_wconf 77' lang='lat' dir='ltr'><strong>Dei</strong></span> <span class='ocrx_word' id='word_1_537' title='bbox 2181 3103 2318 3168; x_wconf 87' lang='lat' dir='ltr'><strong>lieri,</strong></span> <span class='ocrx_word' id='word_1_538' title='bbox 2374 3115 2662 3172; x_wconf 80' lang='lat' dir='ltr'><strong>pioptrrca</strong></span> <span class='ocrx_word' id='word_1_539' title='bbox 2709 3121 3025 3175; x_wconf 75' lang='lat' dir='ltr'><strong>expugnare</strong></span> <span class='ocrx_word' id='word_1_540' title='bbox 3073 3109 3284 3173; x_wconf 87' lang='lat' dir='ltr'><strong>nititur,</strong></span> <span class='ocrx_word' id='word_1_541' title='bbox 3339 3122 3392 3163; x_wconf 88' lang='lat' dir='ltr'><strong>et</strong></span> <span class='ocrx_word' id='word_1_542' title='bbox 3437 3113 3590 3176; x_wconf 65' lang='lat' dir='ltr'><strong>quad</strong></span> 
     </span>
    </p>
   </div>
   <div class='ocr_carea' id='block_1_76' title="bbox 2011 3197 3590 3269">
    <p class='ocr_par' dir='ltr' id='par_1_76' title="bbox 2011 3197 3590 3269">
     <span class='ocr_line' id='line_1_76' title="bbox 2011 3197 3590 3269; baseline 0.005 -23"><span class='ocrx_word' id='word_1_543' title='bbox 2011 3211 2238 3264; x_wconf 84' lang='lat' dir='ltr'><strong>serpens</strong></span> <span class='ocrx_word' id='word_1_544' title='bbox 2271 3197 2511 3251; x_wconf 85' lang='lat' dir='ltr'><strong>lubricus</strong></span> <span class='ocrx_word' id='word_1_545' title='bbox 2553 3210 2768 3252; x_wconf 87' lang='lat' dir='ltr'><strong>nostros</strong></span> <span class='ocrx_word' id='word_1_546' title='bbox 2792 3199 3066 3252; x_wconf 80' lang='lat' dir='ltr'><strong>involvere</strong></span> <span class='ocrx_word' id='word_1_547' title='bbox 3090 3200 3276 3269; x_wconf 87' lang='lat' dir='ltr'><strong>pedes,</strong></span> <span class='ocrx_word' id='word_1_548' title='bbox 3307 3217 3373 3256; x_wconf 87' lang='lat' dir='ltr'><strong>ne</strong></span> <span class='ocrx_word' id='word_1_549' title='bbox 3398 3219 3590 3256; x_wconf 76' lang='lat' dir='ltr'><strong>ascen-</strong></span> 
     </span>
    </p>
   </div>
   <div class='ocr_carea' id='block_1_77' title="bbox 2012 3287 3588 3346">
    <p class='ocr_par' dir='ltr' id='par_1_77' title="bbox 2012 3287 3588 3346">
     <span class='ocr_line' id='line_1_77' title="bbox 2012 3287 3588 3346; baseline 0.003 -6"><span class='ocrx_word' id='word_1_550' title='bbox 2012 3287 2142 3341; x_wconf 88' lang='lat' dir='ltr'><strong>dere</strong></span> <span class='ocrx_word' id='word_1_551' title='bbox 2205 3289 2487 3343; x_wconf 83' lang='lat' dir='ltr'><strong>valeamus</strong></span> <span class='ocrx_word' id='word_1_552' title='bbox 2551 3291 2616 3342; x_wconf 85' lang='lat' dir='ltr'><strong>ad</strong></span> <span class='ocrx_word' id='word_1_553' title='bbox 2668 3292 2892 3343; x_wconf 80' lang='lat' dir='ltr'><strong>etelum.</strong></span> <span class='ocrx_word' id='word_1_554' title='bbox 2953 3291 3008 3344; x_wconf 91' lang='lat' dir='ltr'><strong>Si</strong></span> <span class='ocrx_word' id='word_1_555' title='bbox 3070 3301 3248 3346; x_wconf 88' lang='lat' dir='ltr'><strong>autem</strong></span> <span class='ocrx_word' id='word_1_556' title='bbox 3303 3293 3588 3346; x_wconf 85' lang='lat' dir='ltr'><strong>Dominum</strong></span> 
     </span>
    </p>
   </div>
   <div class='ocr_carea' id='block_1_78' title="bbox 2015 3383 3591 3453">
    <p class='ocr_par' dir='ltr' id='par_1_78' title="bbox 2015 3383 3591 3453">
     <span class='ocr_line' id='line_1_78' title="bbox 2015 3383 3591 3453; baseline 0.006 -23"><span class='ocrx_word' id='word_1_557' title='bbox 2015 3389 2224 3435; x_wconf 87' lang='lat' dir='ltr'><strong>tentare</strong></span> <span class='ocrx_word' id='word_1_558' title='bbox 2273 3397 2440 3436; x_wconf 79' lang='lat' dir='ltr'><strong>uUSIIS</strong></span> <span class='ocrx_word' id='word_1_559' title='bbox 2494 3392 2578 3436; x_wconf 75' lang='grc' dir='ltr'><strong>εει</strong></span> <span class='ocrx_word' id='word_1_560' title='bbox 2632 3383 2936 3450; x_wconf 73' lang='lat' dir='ltr'><strong>versipellis</strong></span> <span class='ocrx_word' id='word_1_561' title='bbox 2984 3394 3034 3437; x_wconf 84' lang='lat' dir='ltr'><strong>et</strong></span> <span class='ocrx_word' id='word_1_562' title='bbox 3077 3399 3306 3452; x_wconf 78' lang='lat' dir='ltr'><strong>neqmrn</strong></span> <span class='ocrx_word' id='word_1_563' title='bbox 3350 3397 3591 3453; x_wconf 84' lang='lat' dir='ltr'><strong>:qnanto</strong></span> 
     </span>
    </p>
   </div>
   <div class='ocr_carea' id='block_1_79' title="bbox 2013 3475 3588 3543">
    <p class='ocr_par' dir='ltr' id='par_1_79' title="bbox 2013 3475 3588 3543">
     <span class='ocr_line' id='line_1_79' title="bbox 2013 3475 3588 3543; baseline 0.005 -21"><span class='ocrx_word' id='word_1_564' title='bbox 2013 3475 2184 3540; x_wconf 84' lang='lat' dir='ltr'><strong>magis</strong></span> <span class='ocrx_word' id='word_1_565' title='bbox 2231 3489 2330 3526; x_wconf 91' lang='lat' dir='ltr'><strong>nos</strong></span> <span class='ocrx_word' id='word_1_566' title='bbox 2376 3476 2628 3543; x_wconf 71' lang='lat' dir='ltr'><strong>decipere</strong></span> <span class='ocrx_word' id='word_1_567' title='bbox 2678 3491 2784 3527; x_wconf 92' lang='lat' dir='ltr'><strong>non</strong></span> <span class='ocrx_word' id='word_1_568' title='bbox 2849 3477 3090 3529; x_wconf 83' lang='lat' dir='ltr'><strong>timebit!</strong></span> <span class='ocrx_word' id='word_1_569' title='bbox 3139 3476 3192 3530; x_wconf 90' lang='lat' dir='ltr'><strong>Si</strong></span> <span class='ocrx_word' id='word_1_570' title='bbox 3247 3489 3436 3530; x_wconf 88' lang='lat' dir='ltr'><strong>contra</strong></span> <span class='ocrx_word' id='word_1_571' title='bbox 3498 3477 3588 3530; x_wconf 83' lang='lat' dir='ltr'><strong>Dei</strong></span> 
     </span>
    </p>
   </div>
   <div class='ocr_carea' id='block_1_80' title="bbox 2014 3564 3586 3640">
    <p class='ocr_par' dir='ltr' id='par_1_80' title="bbox 2014 3564 3586 3640">
     <span class='ocr_line' id='line_1_80' title="bbox 2014 3564 3586 3640; baseline 0.006 -25"><span class='ocrx_word' id='word_1_572' title='bbox 2014 3564 2208 3618; x_wconf 85' lang='lat' dir='ltr'><strong>Filium</strong></span> <span class='ocrx_word' id='word_1_573' title='bbox 2243 3579 2294 3620; x_wconf 92' lang='lat' dir='ltr'><strong>et</strong></span> <span class='ocrx_word' id='word_1_574' title='bbox 2323 3568 2540 3634; x_wconf 82' lang='lat' dir='ltr'><strong>ligulum</strong></span> <span class='ocrx_word' id='word_1_575' title='bbox 2577 3585 2754 3633; x_wconf 87' lang='lat' dir='ltr'><strong>suum,</strong></span> <span class='ocrx_word' id='word_1_576' title='bbox 2785 3586 2879 3623; x_wconf 84' lang='lat' dir='ltr'><strong>vas</strong></span> <span class='ocrx_word' id='word_1_577' title='bbox 2911 3572 3183 3639; x_wconf 85' lang='lat' dir='ltr'><strong>perditum</strong></span> <span class='ocrx_word' id='word_1_578' title='bbox 3215 3575 3536 3640; x_wconf 76' lang='lat' dir='ltr'><strong>repugnavit</strong></span> <span class='ocrx_word' id='word_1_579' title='bbox 3575 3592 3586 3625; x_wconf 88' lang='lat'><strong>:</strong></span> 
     </span>
    </p>
   </div>
   <div class='ocr_carea' id='block_1_81' title="bbox 2011 3661 3589 3730">
    <p class='ocr_par' dir='ltr' id='par_1_81' title="bbox 2011 3661 3589 3730">
     <span class='ocr_line' id='line_1_81' title="bbox 2011 3661 3589 3730; baseline 0.007 -23"><span class='ocrx_word' id='word_1_580' title='bbox 2011 3667 2215 3726; x_wconf 86' lang='lat' dir='ltr'><strong>quanto</strong></span> <span class='ocrx_word' id='word_1_581' title='bbox 2240 3661 2409 3726; x_wconf 80' lang='lat' dir='ltr'><strong>magis</strong></span> <span class='ocrx_word' id='word_1_582' title='bbox 2436 3669 2628 3714; x_wconf 90' lang='lat' dir='ltr'><strong>contra</strong></span> <span class='ocrx_word' id='word_1_583' title='bbox 2662 3677 2760 3714; x_wconf 85' lang='lat' dir='ltr'><strong>nos</strong></span> <span class='ocrx_word' id='word_1_584' title='bbox 2780 3663 2872 3730; x_wconf 93' lang='lat' dir='ltr'><strong>qui</strong></span> <span class='ocrx_word' id='word_1_585' title='bbox 2895 3663 3169 3716; x_wconf 81' lang='lat' dir='ltr'><strong>inferioris</strong></span> <span class='ocrx_word' id='word_1_586' title='bbox 3194 3665 3260 3718; x_wconf 87' lang='lat' dir='ltr'><strong>ab</strong></span> <span class='ocrx_word' id='word_1_587' title='bbox 3289 3681 3353 3717; x_wconf 89' lang='lat' dir='ltr'><strong>eo</strong></span> <span class='ocrx_word' id='word_1_588' title='bbox 3378 3675 3589 3718; x_wconf 67' lang='lat' dir='ltr'><strong>natura:</strong></span> 
     </span>
    </p>
   </div>
   <div class='ocr_carea' id='block_1_82' title="bbox 2012 3753 3586 3824">
    <p class='ocr_par' dir='ltr' id='par_1_82' title="bbox 2012 3753 3586 3824">
     <span class='ocr_line' id='line_1_82' title="bbox 2012 3753 3586 3824; baseline 0.003 -21"><span class='ocrx_word' id='word_1_589' title='bbox 2012 3767 2200 3805; x_wconf 71' lang='lat' dir='ltr'><strong>sumus</strong></span> <span class='ocrx_word' id='word_1_590' title='bbox 2237 3754 2457 3806; x_wconf 84' lang='lat' dir='ltr'><strong>audebit</strong></span> <span class='ocrx_word' id='word_1_591' title='bbox 2489 3753 2808 3824; x_wconf 83' lang='lat' dir='ltr'><strong>insurgere?</strong></span> <span class='ocrx_word' id='word_1_592' title='bbox 2841 3756 2894 3808; x_wconf 88' lang='lat' dir='ltr'><strong>Si</strong></span> <span class='ocrx_word' id='word_1_593' title='bbox 2943 3755 3122 3824; x_wconf 90' lang='lat' dir='ltr'><strong>justus</strong></span> <span class='ocrx_word' id='word_1_594' title='bbox 3151 3756 3240 3810; x_wconf 76' lang='lat' dir='ltr'><strong>vix</strong></span> <span class='ocrx_word' id='word_1_595' title='bbox 3265 3759 3586 3822; x_wconf 81' lang='lat' dir='ltr'><strong>salvabilur,</strong></span> 
     </span>
    </p>
   </div>
   <div class='ocr_carea' id='block_1_83' title="bbox 2013 3843 3588 3918">
    <p class='ocr_par' dir='ltr' id='par_1_83' title="bbox 2013 3843 3588 3918">
     <span class='ocr_line' id='line_1_83' title="bbox 2013 3843 3588 3918; baseline 0.003 -22"><span class='ocrx_word' id='word_1_596' title='bbox 2013 3843 2160 3911; x_wconf 87' lang='lat' dir='ltr'><strong>impii</strong></span> <span class='ocrx_word' id='word_1_597' title='bbox 2215 3854 2264 3898; x_wconf 88' lang='lat' dir='ltr'><strong>et</strong></span> <span class='ocrx_word' id='word_1_598' title='bbox 2299 3856 2611 3913; x_wconf 89' lang='lat' dir='ltr'><strong>peccatores</strong></span> <span class='ocrx_word' id='word_1_599' title='bbox 2657 3847 2746 3901; x_wconf 90' lang='lat' dir='ltr'><strong>ubi</strong></span> <span class='ocrx_word' id='word_1_600' title='bbox 2797 3851 3195 3916; x_wconf 84' lang='lat' dir='ltr'><strong>permanebunt</strong></span> <span class='ocrx_word' id='word_1_601' title='bbox 3234 3847 3288 3918; x_wconf 94' lang='grc' dir='ltr'><strong>(Ι</strong></span> <span class='ocrx_word' id='word_1_602' title='bbox 3331 3848 3470 3903; x_wconf 78' lang='lat' dir='ltr'><strong>l’etr.</strong></span> <span class='ocrx_word' id='word_1_603' title='bbox 3514 3867 3588 3915; x_wconf 79' lang='lat' dir='ltr'><strong>tv,</strong></span> 
     </span>
    </p>
   </div>
   <div class='ocr_carea' id='block_1_84' title="bbox 2013 3933 3590 4009">
    <p class='ocr_par' dir='ltr' id='par_1_84' title="bbox 2013 3933 3590 4009">
     <span class='ocr_line' id='line_1_84' title="bbox 2013 3933 3590 4009; baseline 0.003 -21"><span class='ocrx_word' id='word_1_604' title='bbox 2013 3936 2143 4004; x_wconf 72' lang='lat' dir='ltr'><strong>i8)?</strong></span> <span class='ocrx_word' id='word_1_605' title='bbox 2171 3933 2284 3989; x_wconf 76' lang='lat' dir='ltr'><strong>Non</strong></span> <span class='ocrx_word' id='word_1_606' title='bbox 2321 3953 2432 4008; x_wconf 88' lang='lat' dir='ltr'><strong>quo</strong></span> <span class='ocrx_word' id='word_1_607' title='bbox 2455 3936 2716 3993; x_wconf 86' lang='lat' dir='ltr'><strong>Dominus</strong></span> <span class='ocrx_word' id='word_1_608' title='bbox 2743 3949 2928 3994; x_wconf 71' lang='lat' dir='ltr'><strong>uester</strong></span> <span class='ocrx_word' id='word_1_609' title='bbox 2953 3941 3131 4006; x_wconf 87' lang='lat' dir='ltr'><strong>decipi</strong></span> <span class='ocrx_word' id='word_1_610' title='bbox 3155 3943 3388 4009; x_wconf 87' lang='lat' dir='ltr'><strong>potuerit</strong></span> <span class='ocrx_word' id='word_1_611' title='bbox 3417 3959 3444 3993; x_wconf 86' lang='lat' dir='ltr'><strong>a</strong></span> <span class='ocrx_word' id='word_1_612' title='bbox 3476 3943 3590 3993; x_wconf 79' lang='lat' dir='ltr'><strong>ilia-</strong></span> 
     </span>
    </p>
   </div>
   <div class='ocr_carea' id='block_1_85' title="bbox 2014 4029 3588 4099">
    <p class='ocr_par' dir='ltr' id='par_1_85' title="bbox 2014 4029 3588 4099">
     <span class='ocr_line' id='line_1_85' title="bbox 2014 4029 3588 4099; baseline 0.001 -17"><span class='ocrx_word' id='word_1_613' title='bbox 2014 4029 2154 4093; x_wconf 89' lang='lat' dir='ltr'><strong>bolo,</strong></span> <span class='ocrx_word' id='word_1_614' title='bbox 2184 4032 2276 4082; x_wconf 86' lang='lat' dir='ltr'><strong>sed</strong></span> <span class='ocrx_word' id='word_1_615' title='bbox 2309 4044 2417 4099; x_wconf 87' lang='lat' dir='ltr'><strong>quo</strong></span> <span class='ocrx_word' id='word_1_616' title='bbox 2449 4029 2677 4084; x_wconf 78' lang='lat' dir='ltr'><strong>formam</strong></span> <span class='ocrx_word' id='word_1_617' title='bbox 2723 4035 2864 4084; x_wconf 82' lang='lat' dir='ltr'><strong>servi</strong></span> <span class='ocrx_word' id='word_1_618' title='bbox 2901 4037 3192 4098; x_wconf 80' lang='lat' dir='ltr'><strong>acceperit,</strong></span> <span class='ocrx_word' id='word_1_619' title='bbox 3236 4032 3287 4085; x_wconf 91' lang='lat' dir='ltr'><strong>in</strong></span> <span class='ocrx_word' id='word_1_620' title='bbox 3335 4035 3588 4087; x_wconf 73' lang='lat' dir='ltr'><strong>omnibus</strong></span> 
     </span>
    </p>
   </div>
   <div class='ocr_carea' id='block_1_86' title="bbox 2012 4120 3591 4190">
    <p class='ocr_par' dir='ltr' id='par_1_86' title="bbox 2012 4120 3591 4190">
     <span class='ocr_line' id='line_1_86' title="bbox 2012 4120 3591 4190; baseline 0 -18"><span class='ocrx_word' id='word_1_621' title='bbox 2012 4135 2071 4172; x_wconf 88' lang='lat' dir='ltr'><strong>se</strong></span> <span class='ocrx_word' id='word_1_622' title='bbox 2096 4121 2332 4174; x_wconf 84' lang='lat' dir='ltr'><strong>tribuere</strong></span> <span class='ocrx_word' id='word_1_623' title='bbox 2365 4120 2549 4174; x_wconf 85' lang='lat' dir='ltr'><strong>volens</strong></span> <span class='ocrx_word' id='word_1_624' title='bbox 2576 4122 2910 4190; x_wconf 80' lang='lat' dir='ltr'><strong>exeinplnm,</strong></span> <span class='ocrx_word' id='word_1_625' title='bbox 2951 4130 3008 4174; x_wconf 92' lang='lat' dir='ltr'><strong>ut</strong></span> <span class='ocrx_word' id='word_1_626' title='bbox 3038 4137 3200 4174; x_wconf 84' lang='lat' dir='ltr'><strong>nemo</strong></span> <span class='ocrx_word' id='word_1_627' title='bbox 3235 4122 3334 4173; x_wconf 85' lang='lat' dir='ltr'><strong>sibi</strong></span> <span class='ocrx_word' id='word_1_628' title='bbox 3373 4127 3423 4172; x_wconf 94' lang='lat' dir='ltr'><strong>in</strong></span> <span class='ocrx_word' id='word_1_629' title='bbox 3463 4136 3591 4174; x_wconf 75' lang='lat' dir='ltr'><strong>sm—</strong></span> 
     </span>
    </p>
   </div>
   <div class='ocr_carea' id='block_1_87' title="bbox 2014 4213 3590 4282">
    <p class='ocr_par' dir='ltr' id='par_1_87' title="bbox 2014 4213 3590 4282">
     <span class='ocr_line' id='line_1_87' title="bbox 2014 4213 3590 4282; baseline -0.001 -17"><span class='ocrx_word' id='word_1_630' title='bbox 2014 4213 2200 4266; x_wconf 85' lang='lat' dir='ltr'><strong>ctitate</strong></span> <span class='ocrx_word' id='word_1_631' title='bbox 2229 4213 2486 4278; x_wconf 82' lang='lat' dir='ltr'><strong>conlidat,</strong></span> <span class='ocrx_word' id='word_1_632' title='bbox 2521 4228 2641 4267; x_wconf 89' lang='lat' dir='ltr'><strong>cum</strong></span> <span class='ocrx_word' id='word_1_633' title='bbox 2671 4217 2834 4267; x_wconf 86' lang='lat' dir='ltr'><strong>etiam</strong></span> <span class='ocrx_word' id='word_1_634' title='bbox 2860 4214 2949 4267; x_wconf 89' lang='lat' dir='ltr'><strong>ille</strong></span> <span class='ocrx_word' id='word_1_635' title='bbox 2987 4223 3247 4279; x_wconf 79' lang='lat' dir='ltr'><strong>tentatur,</strong></span> <span class='ocrx_word' id='word_1_636' title='bbox 3280 4229 3441 4282; x_wconf 84' lang='lat' dir='ltr'><strong>quem</strong></span> <span class='ocrx_word' id='word_1_637' title='bbox 3489 4231 3590 4266; x_wconf 80' lang='lat' dir='ltr'><strong>non</strong></span> 
     </span>
    </p>
   </div>
   <div class='ocr_carea' id='block_1_88' title="bbox 2015 4314 2909 4374">
    <p class='ocr_par' dir='ltr' id='par_1_88' title="bbox 2015 4314 2909 4374">
     <span class='ocr_line' id='line_1_88' title="bbox 2015 4314 2909 4374; baseline 0.004 -18"><span class='ocrx_word' id='word_1_638' title='bbox 2015 4315 2240 4374; x_wconf 83' lang='lat' dir='ltr'><strong>possunt</strong></span> <span class='ocrx_word' id='word_1_639' title='bbox 2264 4314 2601 4359; x_wconf 77' lang='lat' dir='ltr'><strong>tentantenta</strong></span> <span class='ocrx_word' id='word_1_640' title='bbox 2626 4321 2909 4374; x_wconf 84' lang='lat' dir='ltr'><strong>superare.</strong></span> 
     </span>
    </p>
   </div>
   <div class='ocr_carea' id='block_1_89' title="bbox 2083 4396 3598 4465">
    <p class='ocr_par' dir='ltr' id='par_1_89' title="bbox 2083 4396 3598 4465">
     <span class='ocr_line' id='line_1_89' title="bbox 2083 4396 3598 4465; baseline 0 -15"><span class='ocrx_word' id='word_1_641' title='bbox 2083 4396 2174 4451; x_wconf 87' lang='grc' dir='ltr'>ιιι.</span> <span class='ocrx_word' id='word_1_642' title='bbox 2208 4397 2324 4452; x_wconf 83' lang='lat' dir='ltr'><strong>Hoc</strong></span> <span class='ocrx_word' id='word_1_643' title='bbox 2378 4408 2550 4452; x_wconf 86' lang='lat' dir='ltr'><strong>totum</strong></span> <span class='ocrx_word' id='word_1_644' title='bbox 2587 4401 2794 4455; x_wconf 90' lang='lat' dir='ltr'><strong>idcirco</strong></span> <span class='ocrx_word' id='word_1_645' title='bbox 2834 4402 3185 4465; x_wconf 72' lang='lat' dir='ltr'><strong>replicantes,</strong></span> <span class='ocrx_word' id='word_1_646' title='bbox 3231 4399 3431 4455; x_wconf 79' lang='lat' dir='ltr'><strong>fratres</strong></span> <span class='ocrx_word' id='word_1_647' title='bbox 3466 4402 3598 4454; x_wconf 76' lang='lat' dir='ltr'><strong>cha-</strong></span> 
     </span>
    </p>
   </div>
   <div class='ocr_carea' id='block_1_90' title="bbox 322 4481 1906 4567">
    <p class='ocr_par' dir='ltr' id='par_1_90' title="bbox 322 4481 1904 4554">
     <span class='ocr_line' id='line_1_90' title="bbox 322 4481 1904 4554; baseline -0.002 -17"><span class='ocrx_word' id='word_1_648' title='bbox 322 4487 581 4554; x_wconf 83' lang='lat' dir='ltr'><strong>quoniam</strong></span> <span class='ocrx_word' id='word_1_649' title='bbox 612 4481 855 4538; x_wconf 80' lang='lat' dir='ltr'><strong>Ecclesia</strong></span> <span class='ocrx_word' id='word_1_650' title='bbox 883 4498 949 4536; x_wconf 79' lang='lat' dir='ltr'><strong>ex</strong></span> <span class='ocrx_word' id='word_1_651' title='bbox 1003 4481 1144 4536; x_wconf 87' lang='lat' dir='ltr'><strong>vivis</strong></span> <span class='ocrx_word' id='word_1_652' title='bbox 1173 4482 1446 4550; x_wconf 87' lang='lat' dir='ltr'><strong>lapidibus</strong></span> <span class='ocrx_word' id='word_1_653' title='bbox 1484 4491 1767 4536; x_wconf 83' lang='lat' dir='ltr'><strong>exstructa</strong></span> <span class='ocrx_word' id='word_1_654' title='bbox 1799 4489 1904 4534; x_wconf 89' lang='lat' dir='ltr'><strong>est.</strong></span> 
     </span>
    </p>
   </div>
   <div class='ocr_carea' id='block_1_91' title="bbox 2016 4481 3594 4567">
    <p class='ocr_par' dir='ltr' id='par_1_91' title="bbox 2017 4491 3594 4557">
     <span class='ocr_line' id='line_1_91' title="bbox 2017 4491 3594 4557; baseline 0.001 -12"><span class='ocrx_word' id='word_1_655' title='bbox 2017 4491 2238 4555; x_wconf 83' lang='lat' dir='ltr'><strong>rissnni,</strong></span> <span class='ocrx_word' id='word_1_656' title='bbox 2269 4501 2326 4544; x_wconf 93' lang='lat' dir='ltr'><strong>ut</strong></span> <span class='ocrx_word' id='word_1_657' title='bbox 2351 4492 2581 4545; x_wconf 89' lang='lat' dir='ltr'><strong>sollicita</strong></span> <span class='ocrx_word' id='word_1_658' title='bbox 2614 4505 2792 4546; x_wconf 89' lang='lat' dir='ltr'><strong>mente</strong></span> <span class='ocrx_word' id='word_1_659' title='bbox 2821 4508 3134 4557; x_wconf 72' lang='lat' dir='ltr'><strong>caveamus,</strong></span> <span class='ocrx_word' id='word_1_660' title='bbox 3159 4511 3223 4546; x_wconf 86' lang='lat' dir='ltr'><strong>ne</strong></span> <span class='ocrx_word' id='word_1_661' title='bbox 3240 4509 3500 4548; x_wconf 73' lang='lat' dir='ltr'><strong>exetinics</strong></span> <span class='ocrx_word' id='word_1_662' title='bbox 3527 4495 3594 4546; x_wconf 88' lang='lat' dir='ltr'><strong>de</strong></span> 
     </span>
    </p>
   </div>
   <div class='ocr_carea' id='block_1_92' title="bbox 319 4572 1908 4641">
    <p class='ocr_par' dir='ltr' id='par_1_92' title="bbox 319 4572 1908 4641">
     <span class='ocr_line' id='line_1_92' title="bbox 319 4572 1908 4641; baseline -0.002 -12"><span class='ocrx_word' id='word_1_663' title='bbox 319 4577 637 4630; x_wconf 75' lang='lat' dir='ltr'><strong>Aﬂerainus</strong></span> <span class='ocrx_word' id='word_1_664' title='bbox 677 4574 908 4630; x_wconf 85' lang='lat' dir='ltr'><strong>Domino</strong></span> <span class='ocrx_word' id='word_1_665' title='bbox 959 4573 1098 4630; x_wconf 89' lang='lat' dir='ltr'><strong>lilios</strong></span> <span class='ocrx_word' id='word_1_666' title='bbox 1152 4573 1270 4641; x_wconf 90' lang='lat' dir='ltr'><strong>Dei,</strong></span> <span class='ocrx_word' id='word_1_667' title='bbox 1324 4575 1618 4628; x_wconf 81' lang='lat' dir='ltr'><strong>all‘eramus</strong></span> <span class='ocrx_word' id='word_1_668' title='bbox 1669 4575 1718 4626; x_wconf 89' lang='lat' dir='ltr'><strong>ei</strong></span> <span class='ocrx_word' id='word_1_669' title='bbox 1767 4572 1908 4627; x_wconf 84' lang='lat' dir='ltr'><strong>ﬁlios</strong></span> 
     </span>
    </p>
   </div>
   <div class='ocr_carea' id='block_1_93' title="bbox 319 4663 1906 4736">
    <p class='ocr_par' dir='ltr' id='par_1_93' title="bbox 319 4663 1906 4736">
     <span class='ocr_line' id='line_1_93' title="bbox 319 4663 1906 4736; baseline -0.004 -16"><span class='ocrx_word' id='word_1_670' title='bbox 319 4669 560 4720; x_wconf 87' lang='lat' dir='ltr'><strong>arietum</strong></span> <span class='ocrx_word' id='word_1_671' title='bbox 582 4705 600 4732; x_wconf 91' lang='lat'><strong>,</strong></span> <span class='ocrx_word' id='word_1_672' title='bbox 634 4671 1005 4736; x_wconf 86' lang='lat' dir='ltr'><strong>apostolorum</strong></span> <span class='ocrx_word' id='word_1_673' title='bbox 1037 4673 1092 4718; x_wconf 91' lang='lat' dir='ltr'><strong>et</strong></span> <span class='ocrx_word' id='word_1_674' title='bbox 1139 4674 1452 4719; x_wconf 86' lang='lat' dir='ltr'><strong>sanctorum</strong></span> <span class='ocrx_word' id='word_1_675' title='bbox 1495 4671 1594 4718; x_wconf 90' lang='lat' dir='ltr'><strong>:et</strong></span> <span class='ocrx_word' id='word_1_676' title='bbox 1631 4663 1906 4717; x_wconf 87' lang='lat' dir='ltr'><strong>imitemur</strong></span> 
     </span>
    </p>
   </div>
   <div class='ocr_carea' id='block_1_94' title="bbox 321 4757 1907 4829">
    <p class='ocr_par' dir='ltr' id='par_1_94' title="bbox 321 4757 1907 4829">
     <span class='ocr_line' id='line_1_94' title="bbox 321 4757 1907 4829; baseline -0.005 -16"><span class='ocrx_word' id='word_1_677' title='bbox 321 4761 666 4814; x_wconf 87' lang='lat' dir='ltr'><strong>Salvatorem</strong></span> <span class='ocrx_word' id='word_1_678' title='bbox 702 4769 948 4813; x_wconf 88' lang='lat' dir='ltr'><strong>nostrum</strong></span> <span class='ocrx_word' id='word_1_679' title='bbox 998 4757 1146 4829; x_wconf 86' lang='lat' dir='ltr'><strong>(quia</strong></span> <span class='ocrx_word' id='word_1_680' title='bbox 1183 4757 1300 4826; x_wconf 86' lang='lat' dir='ltr'><strong>ipse</strong></span> <span class='ocrx_word' id='word_1_681' title='bbox 1333 4766 1387 4810; x_wconf 88' lang='lat' dir='ltr'><strong>et</strong></span> <span class='ocrx_word' id='word_1_682' title='bbox 1417 4765 1605 4825; x_wconf 82' lang='lat' dir='ltr'><strong>pastor</strong></span> <span class='ocrx_word' id='word_1_683' title='bbox 1638 4764 1693 4809; x_wconf 90' lang='lat' dir='ltr'><strong>et</strong></span> <span class='ocrx_word' id='word_1_684' title='bbox 1735 4770 1907 4825; x_wconf 74' lang='lat' dir='ltr'><strong>agnus</strong></span> 
     </span>
    </p>
   </div>
   <div class='ocr_carea' id='block_1_95' title="bbox 317 4848 1905 4922">
    <p class='ocr_par' dir='ltr' id='par_1_95' title="bbox 317 4848 1905 4922">
     <span class='ocr_line' id='line_1_95' title="bbox 317 4848 1905 4922; baseline -0.003 -15"><span class='ocrx_word' id='word_1_685' title='bbox 317 4863 378 4907; x_wconf 90' lang='lat' dir='ltr'><strong>et</strong></span> <span class='ocrx_word' id='word_1_686' title='bbox 431 4853 576 4908; x_wconf 87' lang='lat' dir='ltr'><strong>aries</strong></span> <span class='ocrx_word' id='word_1_687' title='bbox 620 4852 942 4922; x_wconf 85' lang='lat' dir='ltr'><strong>appellatur)</strong></span> <span class='ocrx_word' id='word_1_688' title='bbox 1005 4853 1096 4920; x_wconf 88' lang='lat' dir='ltr'><strong>qui</strong></span> <span class='ocrx_word' id='word_1_689' title='bbox 1151 4866 1251 4920; x_wconf 87' lang='lat' dir='ltr'><strong>pro</strong></span> <span class='ocrx_word' id='word_1_690' title='bbox 1306 4851 1465 4905; x_wconf 88' lang='lat' dir='ltr'><strong>nobis</strong></span> <span class='ocrx_word' id='word_1_691' title='bbox 1508 4848 1822 4903; x_wconf 88' lang='lat' dir='ltr'><strong>immolatur</strong></span> <span class='ocrx_word' id='word_1_692' title='bbox 1851 4849 1905 4902; x_wconf 89' lang='lat' dir='ltr'><strong>in</strong></span> 
     </span>
    </p>
   </div>
   <div class='ocr_carea' id='block_1_96' title="bbox 319 4941 1903 5014">
    <p class='ocr_par' dir='ltr' id='par_1_96' title="bbox 319 4941 1903 5014">
     <span class='ocr_line' id='line_1_96' title="bbox 319 4941 1903 5014; baseline -0.001 -15"><span class='ocrx_word' id='word_1_693' title='bbox 319 4943 591 5014; x_wconf 67' lang='lat' dir='ltr'><strong>Aigypto,</strong></span> <span class='ocrx_word' id='word_1_694' title='bbox 621 4945 713 5013; x_wconf 90' lang='lat' dir='ltr'><strong>qui</strong></span> <span class='ocrx_word' id='word_1_695' title='bbox 745 4959 841 5014; x_wconf 92' lang='lat' dir='ltr'><strong>pro</strong></span> <span class='ocrx_word' id='word_1_696' title='bbox 863 4941 1017 4998; x_wconf 89' lang='lat' dir='ltr'><strong>lsaac</strong></span> <span class='ocrx_word' id='word_1_697' title='bbox 1043 4944 1305 4998; x_wconf 89' lang='lat' dir='ltr'><strong>cornibus</strong></span> <span class='ocrx_word' id='word_1_698' title='bbox 1330 4951 1545 4996; x_wconf 79' lang='lat' dir='ltr'><strong>tenetur</strong></span> <span class='ocrx_word' id='word_1_699' title='bbox 1563 4945 1616 4996; x_wconf 92' lang='lat' dir='ltr'><strong>in</strong></span> <span class='ocrx_word' id='word_1_700' title='bbox 1637 4943 1903 5010; x_wconf 87' lang='lat' dir='ltr'><strong>sentibus,</strong></span> 
     </span>
    </p>
   </div>
   <div class='ocr_carea' id='block_1_97' title="bbox 315 5031 1900 5101">
    <p class='ocr_par' dir='ltr' id='par_1_97' title="bbox 315 5031 1900 5101">
     <span class='ocr_line' id='line_1_97' title="bbox 315 5031 1900 5101; baseline -0.001 -15"><span class='ocrx_word' id='word_1_701' title='bbox 315 5044 374 5086; x_wconf 84' lang='lat' dir='ltr'><strong>et</strong></span> <span class='ocrx_word' id='word_1_702' title='bbox 407 5037 687 5087; x_wconf 82' lang='lat' dir='ltr'><strong>dicamus;</strong></span> <span class='ocrx_word' id='word_1_703' title='bbox 712 5031 965 5087; x_wconf 84' lang='lat' dir='ltr'><strong>Dominus</strong></span> <span class='ocrx_word' id='word_1_704' title='bbox 987 5034 1156 5101; x_wconf 85' lang='lat' dir='ltr'><strong>pascit</strong></span> <span class='ocrx_word' id='word_1_705' title='bbox 1177 5049 1278 5096; x_wconf 86' lang='lat' dir='ltr'><strong>me,</strong></span> <span class='ocrx_word' id='word_1_706' title='bbox 1304 5044 1353 5086; x_wconf 84' lang='lat' dir='ltr'><strong>et</strong></span> <span class='ocrx_word' id='word_1_707' title='bbox 1380 5033 1514 5087; x_wconf 84' lang='lat' dir='ltr'><strong>nihil</strong></span> <span class='ocrx_word' id='word_1_708' title='bbox 1543 5036 1671 5088; x_wconf 77' lang='lat' dir='ltr'><strong>mihi</strong></span> <span class='ocrx_word' id='word_1_709' title='bbox 1694 5033 1858 5088; x_wconf 87' lang='lat' dir='ltr'><strong>deerit</strong></span> <span class='ocrx_word' id='word_1_710' title='bbox 1881 5051 1900 5099; x_wconf 79' lang='lat'><strong>,&#39;</strong></span> 
     </span>
    </p>
   </div>
   <div class='ocr_carea' id='block_1_98' title="bbox 315 5124 1905 5195">
    <p class='ocr_par' dir='ltr' id='par_1_98' title="bbox 315 5124 1905 5195">
     <span class='ocr_line' id='line_1_98' title="bbox 315 5124 1905 5195; baseline 0.003 -19"><span class='ocrx_word' id='word_1_711' title='bbox 315 5128 374 5176; x_wconf 79' lang='lat' dir='ltr'><strong>in</strong></span> <span class='ocrx_word' id='word_1_712' title='bbox 407 5124 522 5177; x_wconf 87' lang='lat' dir='ltr'><strong>loco</strong></span> <span class='ocrx_word' id='word_1_713' title='bbox 565 5140 801 5193; x_wconf 76' lang='lat' dir='ltr'><strong>pascute,</strong></span> <span class='ocrx_word' id='word_1_714' title='bbox 822 5125 896 5178; x_wconf 89' lang='lat' dir='ltr'><strong>ibi</strong></span> <span class='ocrx_word' id='word_1_715' title='bbox 939 5140 1018 5177; x_wconf 89' lang='lat' dir='ltr'><strong>me</strong></span> <span class='ocrx_word' id='word_1_716' title='bbox 1049 5124 1346 5178; x_wconf 83' lang='lat' dir='ltr'><strong>collocauit.</strong></span> <span class='ocrx_word' id='word_1_717' title='bbox 1391 5124 1558 5194; x_wconf 83' lang='lat' dir='ltr'><strong>Super</strong></span> <span class='ocrx_word' id='word_1_718' title='bbox 1587 5142 1784 5195; x_wconf 82' lang='lat' dir='ltr'><strong>aquam</strong></span> <span class='ocrx_word' id='word_1_719' title='bbox 1818 5143 1905 5180; x_wconf 84' lang='lat' dir='ltr'><strong>re-</strong></span> 
     </span>
    </p>
   </div>
   <div class='ocr_carea' id='block_1_99' title="bbox 313 5215 1905 5286">
    <p class='ocr_par' dir='ltr' id='par_1_99' title="bbox 313 5215 1905 5286">
     <span class='ocr_line' id='line_1_99' title="bbox 313 5215 1905 5286; baseline 0.003 -19"><span class='ocrx_word' id='word_1_720' title='bbox 313 5216 558 5284; x_wconf 63' lang='lat' dir='ltr'><strong>lationis</strong></span> <span class='ocrx_word' id='word_1_721' title='bbox 590 5215 829 5269; x_wconf 78' lang='lat' dir='ltr'><strong>educauit</strong></span> <span class='ocrx_word' id='word_1_722' title='bbox 856 5215 1125 5286; x_wconf 82' lang='lat' dir='ltr'><strong>me(Psal.</strong></span> <span class='ocrx_word' id='word_1_723' title='bbox 1159 5233 1291 5283; x_wconf 72' lang='lat' dir='ltr'><strong>uti,</strong></span> <span class='ocrx_word' id='word_1_724' title='bbox 1327 5219 1372 5280; x_wconf 80' lang='grc' dir='ltr'>ι,</span> <span class='ocrx_word' id='word_1_725' title='bbox 1395 5219 1449 5286; x_wconf 72' lang='grc'><strong>2)</strong></span> <span class='ocrx_word' id='word_1_726' title='bbox 1469 5233 1486 5282; x_wconf 51' lang='lat'><strong>;.</strong></span> <span class='ocrx_word' id='word_1_727' title='bbox 1514 5220 1600 5271; x_wconf 85' lang='lat' dir='ltr'><strong>cui</strong></span> <span class='ocrx_word' id='word_1_728' title='bbox 1621 5231 1701 5272; x_wconf 87' lang='lat' dir='ltr'><strong>est</strong></span> <span class='ocrx_word' id='word_1_729' title='bbox 1733 5222 1905 5272; x_wconf 86' lang='lat' dir='ltr'><strong>honor</strong></span> 
     </span>
    </p>
   </div>
   <div class='ocr_carea' id='block_1_100' title="bbox 315 5307 1486 5375">
    <p class='ocr_par' dir='ltr' id='par_1_100' title="bbox 315 5307 1486 5375">
     <span class='ocr_line' id='line_1_100' title="bbox 315 5307 1486 5375; baseline 0.001 -15"><span class='ocrx_word' id='word_1_730' title='bbox 315 5319 374 5361; x_wconf 81' lang='lat' dir='ltr'><strong>et</strong></span> <span class='ocrx_word' id='word_1_731' title='bbox 398 5310 569 5375; x_wconf 80' lang='lat' dir='ltr'><strong>gloria</strong></span> <span class='ocrx_word' id='word_1_732' title='bbox 604 5311 654 5362; x_wconf 87' lang='lat' dir='ltr'><strong>iii</strong></span> <span class='ocrx_word' id='word_1_733' title='bbox 684 5307 883 5362; x_wconf 61' lang='lat' dir='ltr'><strong>saecula</strong></span> <span class='ocrx_word' id='word_1_734' title='bbox 913 5308 1258 5362; x_wconf 68' lang='lat' dir='ltr'><strong>saeculorum.</strong></span> <span class='ocrx_word' id='word_1_735' title='bbox 1293 5313 1486 5366; x_wconf 84' lang='lat' dir='ltr'><strong>Amen.</strong></span> 
     </span>
    </p>
   </div>
   <div class='ocr_carea' id='block_1_101' title="bbox 441 5463 1763 5536">
    <p class='ocr_par' dir='ltr' id='par_1_101' title="bbox 441 5463 1763 5536">
     <span class='ocr_line' id='line_1_101' title="bbox 441 5463 1763 5536; baseline 0.006 -18"><span class='ocrx_word' id='word_1_736' title='bbox 441 5463 761 5522; x_wconf 77' lang='lat' dir='ltr'><strong>MONITUM</strong></span> <span class='ocrx_word' id='word_1_737' title='bbox 803 5465 869 5519; x_wconf 80' lang='lat' dir='ltr'><strong>IN</strong></span> <span class='ocrx_word' id='word_1_738' title='bbox 903 5465 1291 5524; x_wconf 70' lang='lat' dir='ltr'><strong>EPISTOLAM</strong></span> <span class='ocrx_word' id='word_1_739' title='bbox 1319 5467 1763 5536; x_wconf 78' lang='lat' dir='ltr'><strong>SEQUEN&#39;l&#39;EM.</strong></span> 
     </span>
    </p>
   </div>
   <div class='ocr_carea' id='block_1_102' title="bbox 391 5577 1897 5654">
    <p class='ocr_par' dir='ltr' id='par_1_102' title="bbox 391 5577 1897 5654">
     <span class='ocr_line' id='line_1_102' title="bbox 391 5577 1897 5654; baseline 0.005 -23"><span class='ocrx_word' id='word_1_740' title='bbox 391 5577 673 5648; x_wconf 81' lang='lat' dir='ltr'><strong>Ingenium</strong></span> <span class='ocrx_word' id='word_1_741' title='bbox 716 5579 1061 5651; x_wconf 81' lang='lat' dir='ltr'><strong>scriptionis,</strong></span> <span class='ocrx_word' id='word_1_742' title='bbox 1121 5597 1184 5636; x_wconf 88' lang='lat' dir='ltr'><strong>ac</strong></span> <span class='ocrx_word' id='word_1_743' title='bbox 1241 5584 1628 5654; x_wconf 66' lang='lat' dir='ltr'><strong>stylns,_ordo</strong></span> <span class='ocrx_word' id='word_1_744' title='bbox 1679 5601 1897 5654; x_wconf 87' lang='lat' dir='ltr'><strong>quoque</strong></span> 
     </span>
    </p>
   </div>
   <div class='ocr_carea' id='block_1_103' title="bbox 312 5652 1895 5718">
    <p class='ocr_par' dir='ltr' id='par_1_103' title="bbox 312 5652 1895 5718">
     <span class='ocr_line' id='line_1_103' title="bbox 312 5652 1895 5718; baseline 0.004 -14"><span class='ocrx_word' id='word_1_745' title='bbox 312 5653 453 5714; x_wconf 75' lang='lat' dir='ltr'><strong>ipse.</strong></span> <span class='ocrx_word' id='word_1_746' title='bbox 480 5666 641 5718; x_wconf 87' lang='lat' dir='ltr'><strong>quem</strong></span> <span class='ocrx_word' id='word_1_747' title='bbox 695 5655 751 5705; x_wconf 90' lang='lat' dir='ltr'><strong>in</strong></span> <span class='ocrx_word' id='word_1_748' title='bbox 802 5654 1155 5715; x_wconf 81' lang='lat' dir='ltr'><strong>editionibns,</strong></span> <span class='ocrx_word' id='word_1_749' title='bbox 1216 5652 1377 5707; x_wconf 41' lang='lat' dir='ltr'><strong>et_in</strong></span> <span class='ocrx_word' id='word_1_750' title='bbox 1436 5652 1736 5708; x_wconf 79' lang='lat' dir='ltr'><strong>Veronensi</strong></span> <span class='ocrx_word' id='word_1_751' title='bbox 1790 5652 1895 5711; x_wconf 71' lang='lat' dir='ltr'><strong>nis.</strong></span> 
     </span>
    </p>
   </div>
   <div class='ocr_carea' id='block_1_104' title="bbox 312 5722 1896 5794">
    <p class='ocr_par' dir='ltr' id='par_1_104' title="bbox 312 5722 1896 5794">
     <span class='ocr_line' id='line_1_104' title="bbox 312 5722 1896 5794; baseline 0.004 -22"><span class='ocrx_word' id='word_1_752' title='bbox 312 5724 552 5783; x_wconf 83' lang='lat' dir='ltr'><strong>obtinet,</strong></span> <span class='ocrx_word' id='word_1_753' title='bbox 591 5722 789 5776; x_wconf 83' lang='lat' dir='ltr'><strong>indicio</strong></span> <span class='ocrx_word' id='word_1_754' title='bbox 833 5730 984 5787; x_wconf 84' lang='lat' dir='ltr'><strong>sunt,</strong></span> <span class='ocrx_word' id='word_1_755' title='bbox 1025 5722 1271 5789; x_wconf 74' lang='lat' dir='ltr'><strong>ejusdem</strong></span> <span class='ocrx_word' id='word_1_756' title='bbox 1330 5726 1568 5794; x_wconf 86' lang='lat' dir='ltr'><strong>quinque</strong></span> <span class='ocrx_word' id='word_1_757' title='bbox 1602 5728 1736 5780; x_wconf 85' lang='lat' dir='ltr'><strong>istos</strong></span> <span class='ocrx_word' id='word_1_758' title='bbox 1775 5742 1896 5779; x_wconf 67' lang='lat' dir='ltr'><strong>Suro</strong></span> 
     </span>
    </p>
   </div>
   <div class='ocr_carea' id='block_1_105' title="bbox 315 5794 1894 5862">
    <p class='ocr_par' dir='ltr' id='par_1_105' title="bbox 315 5794 1894 5862">
     <span class='ocr_line' id='line_1_105' title="bbox 315 5794 1894 5862; baseline 0.004 -18"><span class='ocrx_word' id='word_1_759' title='bbox 315 5806 528 5854; x_wconf 80' lang='lat' dir='ltr'><strong>mones,</strong></span> <span class='ocrx_word' id='word_1_760' title='bbox 579 5795 648 5846; x_wconf 87' lang='lat' dir='ltr'><strong>ab</strong></span> <span class='ocrx_word' id='word_1_761' title='bbox 688 5795 971 5861; x_wconf 83' lang='lat' dir='ltr'><strong>superiore</strong></span> <span class='ocrx_word' id='word_1_762' title='bbox 1029 5794 1122 5847; x_wconf 86' lang='lat' dir='ltr'><strong>illo</strong></span> <span class='ocrx_word' id='word_1_763' title='bbox 1166 5799 1231 5848; x_wconf 82' lang='lat' dir='ltr'><strong>tle</strong></span> <span class='ocrx_word' id='word_1_764' title='bbox 1293 5795 1585 5849; x_wconf 52' lang='lat' dir='ltr'><strong>Nativitate</strong></span> <span class='ocrx_word' id='word_1_765' title='bbox 1649 5795 1894 5862; x_wconf 85' lang='lat' dir='ltr'><strong>Domini,</strong></span> 
     </span>
    </p>
   </div>
   <div class='ocr_carea' id='block_1_106' title="bbox 2009 4582 3597 4655">
    <p class='ocr_par' dir='ltr' id='par_1_106' title="bbox 2009 4582 3597 4655">
     <span class='ocr_line' id='line_1_106' title="bbox 2009 4582 3597 4655; baseline 0 -17"><span class='ocrx_word' id='word_1_766' title='bbox 2009 4582 2267 4654; x_wconf 63' lang='lat' dir='ltr'><strong>Egypto,</strong></span> <span class='ocrx_word' id='word_1_767' title='bbox 2298 4593 2352 4637; x_wconf 90' lang='lat' dir='ltr'><strong>et</strong></span> <span class='ocrx_word' id='word_1_768' title='bbox 2384 4598 2477 4652; x_wconf 89' lang='lat' dir='ltr'><strong>per</strong></span> <span class='ocrx_word' id='word_1_769' title='bbox 2508 4584 2868 4653; x_wconf 81' lang='lat' dir='ltr'><strong>quadraginta</strong></span> <span class='ocrx_word' id='word_1_770' title='bbox 2895 4585 3033 4645; x_wconf 82' lang='lat' dir='ltr'><strong>dies,</strong></span> <span class='ocrx_word' id='word_1_771' title='bbox 3065 4586 3218 4655; x_wconf 89' lang='lat' dir='ltr'><strong>quasi</strong></span> <span class='ocrx_word' id='word_1_772' title='bbox 3251 4600 3346 4654; x_wconf 83' lang='lat' dir='ltr'><strong>per</strong></span> <span class='ocrx_word' id='word_1_773' title='bbox 3367 4587 3597 4654; x_wconf 81' lang='lat' dir='ltr'><strong>quadra-</strong></span> 
     </span>
    </p>
   </div>
   <div class='ocr_carea' id='block_1_107' title="bbox 2010 4679 3594 4749">
    <p class='ocr_par' dir='ltr' id='par_1_107' title="bbox 2010 4679 3594 4749">
     <span class='ocr_line' id='line_1_107' title="bbox 2010 4679 3594 4749; baseline -0.001 -19"><span class='ocrx_word' id='word_1_774' title='bbox 2010 4679 2156 4749; x_wconf 85' lang='lat' dir='ltr'><strong>ginta</strong></span> <span class='ocrx_word' id='word_1_775' title='bbox 2192 4692 2365 4731; x_wconf 88' lang='lat' dir='ltr'><strong>annos</strong></span> <span class='ocrx_word' id='word_1_776' title='bbox 2395 4679 2461 4730; x_wconf 87' lang='lat' dir='ltr'><strong>ad</strong></span> <span class='ocrx_word' id='word_1_777' title='bbox 2489 4679 2931 4744; x_wconf 79' lang='lat' dir='ltr'><strong>repromissionis</strong></span> <span class='ocrx_word' id='word_1_778' title='bbox 2977 4687 3184 4734; x_wconf 85' lang='lat' dir='ltr'><strong>terram</strong></span> <span class='ocrx_word' id='word_1_779' title='bbox 3217 4693 3314 4748; x_wconf 91' lang='lat' dir='ltr'><strong>per</strong></span> <span class='ocrx_word' id='word_1_780' title='bbox 3348 4695 3594 4733; x_wconf 83' lang='lat' dir='ltr'><strong>ercmum</strong></span> 
     </span>
    </p>
   </div>
   <div class='ocr_carea' id='block_1_108' title="bbox 2011 4767 3596 4841">
    <p class='ocr_par' dir='ltr' id='par_1_108' title="bbox 2011 4767 3596 4841">
     <span class='ocr_line' id='line_1_108' title="bbox 2011 4767 3596 4841; baseline 0.001 -21"><span class='ocrx_word' id='word_1_781' title='bbox 2011 4767 2350 4833; x_wconf 83' lang='lat' dir='ltr'><strong>festinantes,</strong></span> <span class='ocrx_word' id='word_1_782' title='bbox 2377 4769 2750 4822; x_wconf 85' lang='lat' dir='ltr'><strong>desideremus</strong></span> <span class='ocrx_word' id='word_1_783' title='bbox 2775 4783 2973 4822; x_wconf 83' lang='lat' dir='ltr'><strong>carnes</strong></span> <span class='ocrx_word' id='word_1_784' title='bbox 3002 4778 3052 4823; x_wconf 88' lang='lat' dir='ltr'><strong>et</strong></span> <span class='ocrx_word' id='word_1_785' title='bbox 3103 4770 3243 4824; x_wconf 85' lang='lat' dir='ltr'><strong>ollas</strong></span> <span class='ocrx_word' id='word_1_786' title='bbox 3272 4769 3513 4841; x_wconf 45' lang='lat' dir='ltr'><strong>«Egypti,</strong></span> <span class='ocrx_word' id='word_1_787' title='bbox 3541 4784 3596 4823; x_wconf 81' lang='lat' dir='ltr'><strong>et</strong></span> 
     </span>
    </p>
   </div>
   <div class='ocr_carea' id='block_1_109' title="bbox 2010 4860 3596 4933">
    <p class='ocr_par' dir='ltr' id='par_1_109' title="bbox 2010 4860 3596 4933">
     <span class='ocr_line' id='line_1_109' title="bbox 2010 4860 3596 4933; baseline 0.002 -21"><span class='ocrx_word' id='word_1_788' title='bbox 2010 4873 2039 4912; x_wconf 85' lang='lat' dir='ltr'><strong>a</strong></span> <span class='ocrx_word' id='word_1_789' title='bbox 2067 4860 2410 4928; x_wconf 87' lang='lat' dir='ltr'><strong>serpentibus</strong></span> <span class='ocrx_word' id='word_1_790' title='bbox 2455 4862 2826 4914; x_wconf 69' lang='lat' dir='ltr'><strong>mordet-mur.</strong></span> <span class='ocrx_word' id='word_1_791' title='bbox 2862 4862 3146 4916; x_wconf 78' lang='lat' dir='ltr'><strong>Exiviiuus</strong></span> <span class='ocrx_word' id='word_1_792' title='bbox 3178 4864 3242 4917; x_wconf 87' lang='lat' dir='ltr'><strong>de</strong></span> <span class='ocrx_word' id='word_1_793' title='bbox 3293 4862 3531 4933; x_wconf 66' lang='grc' dir='ltr'><strong>Αἰεγνιο</strong></span> <span class='ocrx_word' id='word_1_794' title='bbox 3575 4881 3596 4915; x_wconf 88' lang='lat'><strong>:-</strong></span> 
     </span>
    </p>
   </div>
   <div class='ocr_carea' id='block_1_110' title="bbox 2009 4951 3596 5026">
    <p class='ocr_par' dir='ltr' id='par_1_110' title="bbox 2009 4951 3596 5026">
     <span class='ocr_line' id='line_1_110' title="bbox 2009 4951 3596 5026; baseline 0.006 -23"><span class='ocrx_word' id='word_1_795' title='bbox 2009 4951 2138 5020; x_wconf 89' lang='lat' dir='ltr'><strong>quid</strong></span> <span class='ocrx_word' id='word_1_796' title='bbox 2175 4954 2331 5008; x_wconf 76' lang='lat' dir='ltr'><strong>nobis</strong></span> <span class='ocrx_word' id='word_1_797' title='bbox 2355 4971 2476 5009; x_wconf 92' lang='lat' dir='ltr'><strong>cum</strong></span> <span class='ocrx_word' id='word_1_798' title='bbox 2520 4955 2791 5026; x_wconf 63' lang='lat' dir='ltr'><strong>Aipyptiis</strong></span> <span class='ocrx_word' id='word_1_799' title='bbox 2825 4957 3004 5012; x_wconf 85' lang='lat' dir='ltr'><strong>cibis?</strong></span> <span class='ocrx_word' id='word_1_800' title='bbox 3050 4959 3151 5024; x_wconf 84' lang='lat' dir='ltr'><strong>Qui</strong></span> <span class='ocrx_word' id='word_1_801' title='bbox 3191 4960 3454 5014; x_wconf 85' lang='lat' dir='ltr'><strong>habemus</strong></span> <span class='ocrx_word' id='word_1_802' title='bbox 3485 4975 3596 5012; x_wconf 72' lang='lat' dir='ltr'><strong>etn-</strong></span> 
     </span>
    </p>
   </div>
   <div class='ocr_carea' id='block_1_111' title="bbox 2011 5047 3606 5120">
    <p class='ocr_par' dir='ltr' id='par_1_111' title="bbox 2011 5047 3606 5120">
     <span class='ocr_line' id='line_1_111' title="bbox 2011 5047 3606 5120; baseline 0.002 -19"><span class='ocrx_word' id='word_1_803' title='bbox 2011 5047 2202 5101; x_wconf 86' lang='lat' dir='ltr'><strong>lestem</strong></span> <span class='ocrx_word' id='word_1_804' title='bbox 2246 5062 2466 5118; x_wconf 79' lang='lat' dir='ltr'><strong>patient,</strong></span> <span class='ocrx_word' id='word_1_805' title='bbox 2505 5057 2724 5103; x_wconf 79' lang='lat' dir='ltr'><strong>terrena</strong></span> <span class='ocrx_word' id='word_1_806' title='bbox 2777 5050 3036 5105; x_wconf 83' lang='lat' dir='ltr'><strong>alimenta</strong></span> <span class='ocrx_word' id='word_1_807' title='bbox 3094 5053 3222 5120; x_wconf 84' lang='lat' dir='ltr'><strong>quid</strong></span> <span class='ocrx_word' id='word_1_808' title='bbox 3256 5051 3606 5120; x_wconf 59' lang='lat' dir='ltr'><strong>qumrimns‘f</strong></span> 
     </span>
    </p>
   </div>
   <div class='ocr_carea' id='block_1_112' title="bbox 2010 5140 3593 5209">
    <p class='ocr_par' dir='ltr' id='par_1_112' title="bbox 2010 5140 3593 5209">
     <span class='ocr_line' id='line_1_112' title="bbox 2010 5140 3593 5209; baseline 0.001 -15"><span class='ocrx_word' id='word_1_809' title='bbox 2010 5140 2350 5208; x_wconf 73' lang='lat' dir='ltr'><strong>Reliqttiinus</strong></span> <span class='ocrx_word' id='word_1_810' title='bbox 2375 5141 2736 5209; x_wconf 79' lang='lat' dir='ltr'><strong>Pharaonem,</strong></span> <span class='ocrx_word' id='word_1_811' title='bbox 2765 5143 3086 5198; x_wconf 71' lang='lat' dir='ltr'><strong>invocemus</strong></span> <span class='ocrx_word' id='word_1_812' title='bbox 3113 5145 3379 5196; x_wconf 64' lang='lat' dir='ltr'><strong>auxilium</strong></span> <span class='ocrx_word' id='word_1_813' title='bbox 3412 5145 3593 5196; x_wconf 68' lang='grc' dir='ltr'>υοιιιια</span> 
     </span>
    </p>
   </div>
   <div class='ocr_carea' id='block_1_113' title="bbox 2010 5233 3594 5303">
    <p class='ocr_par' dir='ltr' id='par_1_113' title="bbox 2010 5233 3594 5303">
     <span class='ocr_line' id='line_1_113' title="bbox 2010 5233 3594 5303; baseline 0.001 -17"><span class='ocrx_word' id='word_1_814' title='bbox 2010 5237 2064 5286; x_wconf 86' lang='lat' dir='ltr'><strong>lii</strong></span> <span class='ocrx_word' id='word_1_815' title='bbox 2095 5250 2108 5286; x_wconf 89' lang='lat'><strong>:</strong></span> <span class='ocrx_word' id='word_1_816' title='bbox 2134 5244 2188 5285; x_wconf 87' lang='lat' dir='ltr'><strong>nt</strong></span> <span class='ocrx_word' id='word_1_817' title='bbox 2213 5235 2368 5287; x_wconf 84' lang='lat' dir='ltr'><strong>nobis</strong></span> <span class='ocrx_word' id='word_1_818' title='bbox 2390 5233 2674 5303; x_wconf 62' lang='lat' dir='ltr'><strong>Egyptius</strong></span> <span class='ocrx_word' id='word_1_819' title='bbox 2703 5251 2794 5289; x_wconf 79' lang='lat' dir='ltr'><strong>rex</strong></span> <span class='ocrx_word' id='word_1_820' title='bbox 2817 5237 2868 5288; x_wconf 89' lang='lat' dir='ltr'><strong>in</strong></span> <span class='ocrx_word' id='word_1_821' title='bbox 2896 5235 3236 5290; x_wconf 81' lang='lat' dir='ltr'><strong>credentium</strong></span> <span class='ocrx_word' id='word_1_822' title='bbox 3267 5235 3594 5300; x_wconf 66' lang='lat' dir='ltr'><strong>baptismate</strong></span> 
     </span>
    </p>
   </div>
   <div class='ocr_carea' id='block_1_114' title="bbox 2013 5327 3590 5397">
    <p class='ocr_par' dir='ltr' id='par_1_114' title="bbox 2013 5327 3590 5397">
     <span class='ocr_line' id='line_1_114' title="bbox 2013 5327 3590 5397; baseline 0 -17"><span class='ocrx_word' id='word_1_823' title='bbox 2013 5329 2416 5397; x_wconf 65' lang='lat' dir='ltr'><strong>sul-mergatur.</strong></span> <span class='ocrx_word' id='word_1_824' title='bbox 2438 5327 2510 5381; x_wconf 87' lang='lat' dir='ltr'><strong>lbi</strong></span> <span class='ocrx_word' id='word_1_825' title='bbox 2531 5339 2757 5397; x_wconf 83' lang='lat' dir='ltr'><strong>pereant</strong></span> <span class='ocrx_word' id='word_1_826' title='bbox 2785 5329 2911 5397; x_wconf 89' lang='lat' dir='ltr'><strong>equi</strong></span> <span class='ocrx_word' id='word_1_827' title='bbox 2941 5339 2988 5381; x_wconf 88' lang='lat' dir='ltr'><strong>et</strong></span> <span class='ocrx_word' id='word_1_828' title='bbox 3019 5342 3338 5381; x_wconf 84' lang='lat' dir='ltr'><strong>ascensores</strong></span> <span class='ocrx_word' id='word_1_829' title='bbox 3363 5344 3548 5381; x_wconf 69' lang='lat' dir='ltr'><strong>eorum</strong></span> <span class='ocrx_word' id='word_1_830' title='bbox 3577 5348 3590 5380; x_wconf 71' lang='grc' dir='ltr'>ε</span> 
     </span>
    </p>
   </div>
   <div class='ocr_carea' id='block_1_115' title="bbox 2012 5419 3596 5477">
    <p class='ocr_par' dir='ltr' id='par_1_115' title="bbox 2012 5419 3596 5477">
     <span class='ocr_line' id='line_1_115' title="bbox 2012 5419 3596 5477; baseline -0.003 -2"><span class='ocrx_word' id='word_1_831' title='bbox 2012 5425 2080 5476; x_wconf 92' lang='lat' dir='ltr'><strong>ibi</strong></span> <span class='ocrx_word' id='word_1_832' title='bbox 2126 5425 2363 5477; x_wconf 77' lang='lat' dir='ltr'><strong>fremens</strong></span> <span class='ocrx_word' id='word_1_833' title='bbox 2391 5424 2688 5476; x_wconf 83' lang='lat' dir='ltr'><strong>adversarii</strong></span> <span class='ocrx_word' id='word_1_834' title='bbox 2723 5435 2944 5477; x_wconf 86' lang='lat' dir='ltr'><strong>necetur</strong></span> <span class='ocrx_word' id='word_1_835' title='bbox 2974 5424 3269 5476; x_wconf 77' lang='lat' dir='ltr'><strong>exercitus.</strong></span> <span class='ocrx_word' id='word_1_836' title='bbox 3300 5419 3418 5474; x_wconf 80' lang='lat' dir='ltr'><strong>Non</strong></span> <span class='ocrx_word' id='word_1_837' title='bbox 3449 5438 3596 5472; x_wconf 81' lang='lat' dir='ltr'><strong>iuiu—</strong></span> 
     </span>
    </p>
   </div>
   <div class='ocr_carea' id='block_1_116' title="bbox 2011 5513 3598 5582">
    <p class='ocr_par' dir='ltr' id='par_1_116' title="bbox 2011 5513 3598 5582">
     <span class='ocr_line' id='line_1_116' title="bbox 2011 5513 3598 5582; baseline -0.003 -12"><span class='ocrx_word' id='word_1_838' title='bbox 2011 5531 2288 5571; x_wconf 84' lang='lat' dir='ltr'><strong>ninrcmus</strong></span> <span class='ocrx_word' id='word_1_839' title='bbox 2320 5517 2583 5571; x_wconf 81' lang='lat' dir='ltr'><strong>adversus</strong></span> <span class='ocrx_word' id='word_1_840' title='bbox 2613 5515 2928 5580; x_wconf 89' lang='lat' dir='ltr'><strong>Dominum,</strong></span> <span class='ocrx_word' id='word_1_841' title='bbox 2964 5529 3032 5568; x_wconf 92' lang='lat' dir='ltr'><strong>ne</strong></span> <span class='ocrx_word' id='word_1_842' title='bbox 3080 5529 3106 5565; x_wconf 88' lang='lat' dir='ltr'><strong>a</strong></span> <span class='ocrx_word' id='word_1_843' title='bbox 3143 5513 3366 5567; x_wconf 87' lang='lat' dir='ltr'><strong>Domino</strong></span> <span class='ocrx_word' id='word_1_844' title='bbox 3402 5529 3598 5582; x_wconf 72' lang='grc' dir='ltr'>ροιϊιμ</span> 
     </span>
    </p>
   </div>
   <div class='ocr_carea' id='block_1_117' title="bbox 2011 5608 3582 5666">
    <p class='ocr_par' dir='ltr' id='par_1_117' title="bbox 2011 5608 3582 5666">
     <span class='ocr_line' id='line_1_117' title="bbox 2011 5608 3582 5666; baseline -0.002 -4"><span class='ocrx_word' id='word_1_845' title='bbox 2011 5611 2232 5664; x_wconf 80' lang='lat' dir='ltr'><strong>tiamnr.</strong></span> <span class='ocrx_word' id='word_1_846' title='bbox 2270 5610 2386 5666; x_wconf 83' lang='lat' dir='ltr'><strong>Non</strong></span> <span class='ocrx_word' id='word_1_847' title='bbox 2428 5612 2782 5664; x_wconf 79' lang='lat' dir='ltr'><strong>detrahamus</strong></span> <span class='ocrx_word' id='word_1_848' title='bbox 2823 5611 2888 5662; x_wconf 77' lang='lat' dir='ltr'><strong>de</strong></span> <span class='ocrx_word' id='word_1_849' title='bbox 2919 5608 3298 5661; x_wconf 76' lang='lat' dir='ltr'><strong>sai-crtiotibiis</strong></span> <span class='ocrx_word' id='word_1_850' title='bbox 3337 5610 3540 5661; x_wconf 75' lang='lat' dir='ltr'><strong>nostris</strong></span> <span class='ocrx_word' id='word_1_851' title='bbox 3572 5625 3582 5659; x_wconf 93' lang='lat'><em>:</em></span> 
     </span>
    </p>
   </div>
   <div class='ocr_carea' id='block_1_118' title="bbox 2007 5703 3590 5773">
    <p class='ocr_par' dir='ltr' id='par_1_118' title="bbox 2007 5703 3590 5773">
     <span class='ocr_line' id='line_1_118' title="bbox 2007 5703 3590 5773; baseline -0.003 -17"><span class='ocrx_word' id='word_1_852' title='bbox 2007 5719 2059 5758; x_wconf 89' lang='lat' dir='ltr'><strong>et</strong></span> <span class='ocrx_word' id='word_1_853' title='bbox 2093 5707 2264 5773; x_wconf 81' lang='lat' dir='ltr'><strong>magis</strong></span> <span class='ocrx_word' id='word_1_854' title='bbox 2306 5723 2333 5756; x_wconf 87' lang='lat' dir='ltr'><strong>a</strong></span> <span class='ocrx_word' id='word_1_855' title='bbox 2375 5705 2520 5755; x_wconf 83' lang='lat' dir='ltr'><strong>vitiis</strong></span> <span class='ocrx_word' id='word_1_856' title='bbox 2545 5703 2858 5772; x_wconf 72' lang='lat' dir='ltr'><strong>ji-jnucmus</strong></span> <span class='ocrx_word' id='word_1_857' title='bbox 2887 5717 3043 5769; x_wconf 65' lang='lat' dir='ltr'><strong>quani</strong></span> <span class='ocrx_word' id='word_1_858' title='bbox 3079 5716 3106 5751; x_wconf 87' lang='lat' dir='ltr'><strong>a</strong></span> <span class='ocrx_word' id='word_1_859' title='bbox 3157 5703 3294 5755; x_wconf 83' lang='lat' dir='ltr'><strong>cibis</strong></span> <span class='ocrx_word' id='word_1_860' title='bbox 3325 5717 3341 5753; x_wconf 93' lang='lat'><em>:</em></span> <span class='ocrx_word' id='word_1_861' title='bbox 3369 5703 3494 5754; x_wconf 72' lang='lat' dir='ltr'><strong>liert</strong></span> <span class='ocrx_word' id='word_1_862' title='bbox 3537 5715 3590 5752; x_wconf 57' lang='lat' dir='ltr'><strong>ea</strong></span> 
     </span>
    </p>
   </div>
   <div class='ocr_carea' id='block_1_119' title="bbox 2007 5795 3588 5851">
    <p class='ocr_par' dir='ltr' id='par_1_119' title="bbox 2007 5795 3588 5851">
     <span class='ocr_line' id='line_1_119' title="bbox 2007 5795 3588 5851; baseline -0.007 -1"><span class='ocrx_word' id='word_1_863' title='bbox 2007 5800 2253 5851; x_wconf 80' lang='lat' dir='ltr'><strong>ciborum</strong></span> <span class='ocrx_word' id='word_1_864' title='bbox 2277 5798 2608 5849; x_wconf 83' lang='lat' dir='ltr'><strong>abundantia</strong></span> <span class='ocrx_word' id='word_1_865' title='bbox 2630 5797 2734 5846; x_wconf 85' lang='lat' dir='ltr'><strong>sint</strong></span> <span class='ocrx_word' id='word_1_866' title='bbox 2759 5795 3003 5849; x_wconf 71' lang='lat' dir='ltr'><strong>fonti-uta</strong></span> <span class='ocrx_word' id='word_1_867' title='bbox 3030 5799 3308 5849; x_wconf 64' lang='grc' dir='ltr'>γιιίοτυιιι.</span> <span class='ocrx_word' id='word_1_868' title='bbox 3334 5797 3390 5849; x_wconf 78' lang='lat' dir='ltr'><strong>Si</strong></span> <span class='ocrx_word' id='word_1_869' title='bbox 3412 5798 3588 5848; x_wconf 64' lang='grc' dir='ltr'>Αωυ..</span> 
     </span>
    </p>
   </div>
  </div>
