4004 6192
291 269 404 332 233

783 270 1157 333 EPISTOLA
1192 272 1377 332 XXX.
1412 272 1514 331 AD
1552 270 2098 340 EUSTOCHIUM,
2141 268 2238 328 DE
2274 263 2641 327 VINCULIS
2681 263 2749 321 B.
2785 244 3040 321 PETRi.

3426 249 3536 314 23‘

292 398 399 442 est.
429 386 627 442 Clausa
664 396 747 441 est
774 388 1150 467 peccatoribus
1176 397 1232 443 et
1260 387 1573 442 incredulis.
1600 386 1864 442 Reserate
1893 411 1943 467 Α
1967 385 2049 458 2),
2071 393 2126 440 et
2156 381 2261 438 hoc
2294 386 2505 435 tantum
2536 376 2747 431 facinus
2778 375 2971 429 diebus
2999 373 3325 467 Atyn-torum
3360 368 3538 467 [acere

293 485 379 530 est
404 477 566 545 iustis
600 486 657 531 et
694 462 1065 532 credentibus.
1115 476 1219 532 Per
1264 476 1407 531 hanc
1459 477 1741 545 ingressus
1782 484 1865 529 est

294 565 488 621 Petrus
518 584 533 621 :
567 568 842 638 ingressus
877 578 960 623 est
984 566 1205 623 Paulus.
1233 566 1338 621 Per
1361 567 1502 622 hanc
1526 580 1715 621 omnes
1744 581 1869 622 san-

296 658 367 714 cti
402 670 456 713 et
488 670 755 731 martyres
787 661 1145 733 intraverunt.
1192 659 1293 714 Per
1341 662 1481 713 hanc
1529 659 1769 727 quotidie
1800 661 1866 713 de

297 761 408 807 toto
457 751 660 805 mundo
715 749 988 820 juslorttm
1039 751 1235 802 anima:
1289 748 1684 817 ingrediuntur.
1742 746 1868 799 Dote

298 853 463 913 porta:
514 853 662 907 sunt,
697 854 852 911 porta
883 843 1124 911 paradisi
1164 852 1220 895 et
1262 850 1415 908 porta
1445 838 1722 895 Ecclesiae.
1765 838 1868 892 Per

299 944 506 1003 portam
572 933 831 987 Ecclesia:
882 933 1155 987 intramus
1207 944 1418 1002 portam
1477 931 1731 1000 paradisi.
1788 930 1865 985 Ita

298 1026 557 1077 debemus
610 1025 813 1088 vivere,
849 1039 917 1078 ne
970 1022 1265 1092 ejiciamttr
1319 1024 1387 1078 de
1440 1023 1600 1079 domo
1654 1023 1769 1088 illa,
1816 1032 1868 1075 et

298 1114 457 1183 ejecti
496 1114 643 1168 foras
669 1131 698 1167 a
732 1114 923 1169 bestiis
955 1116 1316 1169 devoremur:
1352 1130 1489 1184 quas
1517 1115 1571 1169 in
1609 1114 1715 1169 alio
1748 1113 1868 1169 loco

301 1206 566 1274 Propheta
599 1208 921 1273 torniidans,
951 1206 1029 1260 ait
1060 1221 1080 1264 ς
1114 1204 1197 1262 Ne
1229 1208 1416 1261 tradas
1441 1188 1627 1262 (bestiis
1664 1207 1866 1260 animas

300 1302 658 1365 conﬁtentium
706 1299 800 1352 tibi
843 1297 1018 1369 (Psal.
1047 1314 1237 1364 Lxxttt,
1274 1298 1387 1365 l9).

370 1389 435 1444 Υ.
470 1389 608 1443 Ecce
659 1405 802 1444 nunc
850 1387 1122 1445 Dominus
1157 1398 1309 1445 stans
1342 1391 1394 1444 in
1426 1390 1663 1458 paradisi
1699 1389 1868 1459 janna

304 1480 543 1547 loquitur
591 1482 656 1534 ad
694 1497 789 1534 nos
821 1482 910 1550 qui
974 1496 1161 1536 sumus
1195 1482 1250 1535 in
1304 1482 1463 1535 domo
1504 1480 1716 1551 ipsius:
1746 1496 1867 1534 cum

302 1571 611 1639 quicunque
666 1583 979 1626 sanctorum
1032 1571 1195 1625 fuerit
1249 1573 1578 1640 ingressus:
1622 1571 1871 1641 quamvis

304 1663 549 1717 diabolus
572 1664 875 1733 prohibeat,
902 1667 1148 1734 quamvis
1183 1664 1440 1719 inimicus
1469 1676 1685 1719 accuset
1712 1682 1727 1719 :
1757 1665 1871 1734 ipse

1971 474 2200 529 studuit.
2236 472 2391 534 Erat,
2419 468 2617 536 inquit.
2646 467 2753 519 dies
2780 466 3119 534 Asymorum.
3143 459 3203 513 Et
3235 460 3326 530 qtti
3360 458 3539 514 Domi-

1972 550 2099 615 num
2130 560 2463 614 Salvatorem
2497 570 2641 611 attno
2671 555 2947 624 puniet-ito
2981 551 3176 606 diebus
3208 551 3534 619 Azyinornm

1972 650 2307 714 occiderant,
2338 647 2558 702 Petrum
2598 645 2903 714 apostolum
2937 644 3069 711 ipsis
3104 644 3157 695 in
3202 642 3400 695 diebus
3440 657 3541 696 ex-

1974 745 2250 812 stinguere
2302 739 2643 807 satagebant.
2696 737 2864 800 Quem
2916 751 3035 789 eam
3091 735 3535 802 apprehendisset,

1972 835 2114 887 misit
2147 834 2199 886 in
2247 846 2511 886 carcerem
2539 846 2558 885 :
2585 829 2799 883 tradens
2848 835 3075 897 quatuor
3109 825 3540 894 quaternionibus

1972 923 2196 977 militum
2247 921 2658 975 custodiendum
2691 936 2705 971 :
2740 918 2918 971 uolens
2952 922 3069 985 post
3099 913 3306 970 Pascha
3338 916 3535 982 produ-

1972 1016 2089 1067 cere
2136 1029 2253 1065 eum
2306 1010 2497 1080 populo
2538 1008 2706 1074 (Ibid.
2734 1008 2813 1077 4).
2851 1007 2956 1061 Sed
2986 1021 3090 1059 non
3128 1015 3202 1058 est
3235 1003 3539 1067 consilium,

1973 1121 2073 1158 non
2129 1115 2202 1157 est
2253 1104 2497 1165 scientia,
2541 1117 2643 1155 non
2684 1111 2756 1154 est
2799 1098 3079 1168 sapientia,
3130 1112 3221 1151 nec
3280 1096 3540 1166 fortitudo

1973 1196 2153 1263 aliqua
2181 1203 2363 1247 contra
2405 1194 2567 1247 Deum
2590 1190 2769 1260 (Prov.
2804 1206 2921 1253 nt,
2951 1188 3068 1259 50).
3093 1187 3156 1247 In
3179 1189 3319 1255 ipsa,
3340 1187 3539 1254 inquit,

1972 1296 2121 1339 nocte
2138 1301 2253 1339 cum
2275 1285 2626 1347 producturus
2649 1291 2780 1336 esset
2799 1296 2917 1333 eum
2942 1279 3199 1342 Herodes,
3216 1289 3328 1332 erat
3350 1279 3540 1332 Petrus

1972 1378 2236 1431 dormiens
2269 1375 2406 1429 inter
2434 1375 2565 1428 duos
2612 1374 2803 1427 milites
2828 1373 3028 1426 cinctus
3061 1370 3260 1424 catenis
3285 1369 3486 1423 duabus
3523 1385 3542 1420 :

1973 1479 2020 1523 et
2056 1470 2297 1523 custodes
2341 1477 2463 1521 ante
2494 1467 2721 1536 jnnuaut
2765 1462 3126 1518 custodiebant
3156 1477 3415 1515 carcerem
3447 1476 3466 1514 :
3491 1470 3544 1514 et

1971 1578 2087 1616 ecce
2115 1561 2328 1631 angelus
2356 1559 2568 1614 Domini
2617 1559 2812 1619 astitit,
2841 1566 2889 1611 et
2926 1556 3099 1608 lumen
3135 1553 3337 1623 refulsit
3363 1553 3417 1605 in
3450 1553 3545 1606 Ita-
3602 1555 3619 1569 '

1975 1652 2203 1705 bitacalo
2224 1652 2473 1705 carceris.
2503 1648 2863 1717 Perrussoque
2905 1646 3068 1700 latere
3106 1642 3268 1710 Petri,
3299 1642 3543 1696 excitauit

304 1767 386 1808 εει
439 1731 705 1824 siquidem
744 1731 1036 1811 mm,”
1084 1755 1316 1813 [unum
1366 1764 1701 1821 nostrorum,
1750 1731 1869 1825 ipse
1900 1748 1943 1803 Β
1971 1752 2088 1791 eum
2121 1739 2343 1791 dicens:
2370 1737 2539 1809 Surge
2576 1737 2837 1791 relociter.
2887 1733 2956 1787 Et
3000 1731 3301 1788 ceciderunt
3347 1743 3546 1786 catena

305 1856 383 1902 est
428 1848 624 1902 vindex
678 1848 984 1903 inimicus:
1026 1849 1169 1903 sicut
1234 1850 1286 1903 in
1355 1848 1655 1903 centesimo
1716 1848 1868 1917 vige-

306 1937 443 1989 simo
480 1945 634 1992 sexto
662 1937 868 2006 psalmo
899 1937 1134 1993 dicitur:
1166 1937 1269 2004 Qui
1302 1944 1516 1992 sanctus
1546 1938 1709 2008 fuerit
1765 1952 1870 1991 non

308 2028 675 2096 confundetur,
696 2045 816 2083 cum
846 2029 1085 2098 loquetur
1108 2031 1336 2084 inimicis
1358 2030 1469 2084 suis
1493 2030 1548 2083 in
1579 2038 1734 2098 porta
1763 2044 1783 2083 :
1816 2029 1871 2083 in

305 2119 686 2188 Jeanhristo,
717 2124 803 2178 cui
824 2135 903 2179 est
931 2126 1101 2179 honor
1120 2136 1173 2179 et
1202 2125 1365 2195 glori.)
1400 2126 1454 2179 in
1478 2125 1677 2180 saecula
1702 2139 1875 2179 saecu-

312 2212 510 2268 lorum.
547 2214 748 2269 Amen.

430 2368 750 2429 IIONH‘UM
778 2371 846 2429 IN
876 2372 1296 2442 SEQUENTEM
1325 2373 1741 2431 EPISTOLAM.

380 2478 449 2535 Ut
481 2481 618 2535 nihil
645 2481 712 2537 de
738 2483 948 2537 artilice
984 2484 1100 2552 ipso
1132 2483 1330 2548 dicam,
1362 2482 1453 2550 qui
1479 2481 1871 2551 Hieronymum

306 2552 523 2605 mentiri
552 2554 655 2605 hac
677 2553 906 2616 epistola
936 2562 1044 2605 tam
1083 2554 1240 2607 malis
1264 2552 1475 2606 artibus
1505 2560 1734 2607 conatus
1763 2562 1871 2617 est,

306 2636 507 2691 quique
532 2625 670 2675 adeo
702 2626 827 2691 plus
864 2623 1005 2691 satis
1034 2623 1103 2676 ab
1130 2622 1359 2691 Erastno
1392 2620 1651 2688 vapulat:
1679 2631 1876 2675 auctor

305 2706 426 2746 sunt
458 2701 515 2743 ut
544 2705 640 2744 eas
689 2690 812 2745 cum
860 2690 1015 2745 Beda:
1067 2705 1321 2759 sermone
1349 2690 1407 2745 in
1435 2691 1540 2745 hoc
1573 2691 1747 2759 ipsum
1785 2705 1877 2743 ar-

306 2774 644 2828 gumentum,
677 2776 908 2828 cumque
962 2761 1070 2814 alio
1118 2758 1381 2814 Eucomio
1433 2758 1771 2828 catenarum,
1819 2768 1902 2828 et‘

305 2826 469 2897 gladii
518 2828 660 2882 Petri
708 2826 850 2897 apud
898 2826 1344 2899 Metaphrastem,
1377 2827 1651 2883 conferas.
1685 2827 1877 2899 Conng

305 2910 453 2952 etum
492 2899 561 2951 ab
589 2912 656 2951 eo
682 2913 846 2952 etiam
873 2909 957 2968 est
986 2897 1117 2953 illud
1149 2899 1496 2968 imperatoris
1518 2897 1872 2968 Constantini

305 2969 374 3038 ad
438 2970 677 3038 universi
727 2970 874 3024 orbis
930 2966 1273 3024 Christianos
1323 2966 1670 3038 Epistolium,
1726 2967 1875 3038 quod

303 3035 582 3092 interserit
636 3053 759 3107 cap.
785 3038 840 3104 5,
871 3038 1124 3108 quodque
1178 3051 1338 3094 nemo
1372 3035 1679 3093 hominum
1736 3035 1875 3091 alius

304 3107 481 3161 novit.

827 3176 1163 3231 EPISTULA
1192 3175 1281 3231 XX
1297 3176 1365 3232 Χ.

858 3286 926 3326 an
960 3264 1316 3338 susrocutuu,

736 3363 812 3418 De
844 3366 1065 3418 uinculis
1127 3364 1265 3418 beati
1288 3366 1454 3418 Petri.

375 3473 422 3526 l.
450 3471 764 3540 Saepissime
796 3479 1009 3538 rogatu,
1032 3483 1066 3523 ο
1090 3467 1242 3539 virgo
1265 3466 1467 3523 Christi
1494 3467 1875 3533 Eustochium,

303 3577 333 3614 a
385 3578 475 3614 me
519 3568 609 3615 tua
661 3560 909 3629 deposcit
939 3559 1200 3624 charitas,
1228 3568 1287 3613 ut
1318 3560 1414 3614 tibi
1448 3560 1665 3630 tuisque
1705 3559 1896 3632 virgis

302 3659 474 3714 nibus
499 3671 680 3712 notum
717 3656 936 3718 faciam,
968 3659 1112 3712 unde
1164 3657 1310 3711 beati
1357 3656 1505 3711 Petri
1558 3655 1789 3724 apostoli
1822 3657 1875 3710 in

299 3750 569 3804 Kalendis
595 3750 848 3820 Augusti,
872 3763 993 3818 quas
1020 3748 1324 3803 celebratur
1340 3746 1637 3811 festivitas,
1662 3748 1875 3803 initium

298 3840 563 3896 habuerit
592 3858 609 3897 :
642 3852 698 3896 et
722 3858 891 3912 quare
932 3857 1033 3896 nec
1066 3852 1212 3909 post,
1238 3856 1336 3896 uec
1362 3850 1544 3907 antea,
1576 3845 1670 3897 sed
1702 3843 1878 3912 prima

295 3932 395 3986 die
424 3934 653 3988 mensis.
694 3932 949 4003 lngeritis
983 3942 1164 3987 autem
1198 3934 1463 4002 quosdam
1496 3948 1620 3988 esse
1649 3935 1740 4002 qui
1773 3935 1878 3988 hoc

293 4023 395 4077 die
423 4024 724 4091 apostolum
764 4023 987 4079 Petrum
1025 4023 1285 4079 eductum
1326 4039 1451 4080 esse
1483 4026 1554 4079 ab
1591 4027 1785 4101 angelo
1812 4028 1878 4082 de

293 4127 530 4168 carcere
557 4117 803 4171 credant.
835 4116 917 4175 Ad
952 4116 1199 4170 ultimum
1254 4116 1437 4186 petitis
1492 4117 1646 4172 vobis
1697 4117 1879 4172 decla-

293 4207 442 4270 rari,
468 4208 695 4273 qualiter
720 4208 961 4275 psalmus
986 4207 1319 4263 centesimus
1346 4207 1660 4263 tricesimus
1691 4218 1880 4264 sextus

290 4298 673 4365 apostolorum
703 4298 937 4366 principi
972 4297 1133 4353 beato
1160 4299 1329 4354 Petro
1365 4298 1680 4362 conveniat,
1709 4298 1792 4352 vel
1830 4299 1877 4353 si

288 4386 367 4442 de
398 4388 525 4455 ipse
549 4389 902 4457 prophetatus
932 4391 1026 4445 sit.

374 4480 449 4535 ll.
502 4480 581 4535 Ad
610 4496 732 4552 quas
783 4484 889 4537 duo
938 4483 1139 4551 priora,
1172 4482 1413 4538 breviter
1436 4498 1523 4538 me
1545 4483 1878 4554 respondere

286 4586 543 4644 oportet,
564 4586 625 4629 ut
649 4577 705 4629 iu
732 4585 1011 4643 postremo
1052 4575 1189 4629 mihi
1215 4575 1375 4630 liceat
1403 4574 1706 4631 immorari.
1734 4576 1877 4628 Bea-

290 4681 415 4721 tum
450 4664 669 4720 Petrum
695 4665 1001 4736 apostolum
1031 4667 1136 4722 hoc
1159 4666 1250 4722 die
1279 4666 1347 4722 de
1374 4681 1598 4725 carcere
1625 4668 1877 4723 eductum

284 4772 429 4812 esse
466 4756 553 4825 qui
587 4756 780 4820 credit,
814 4756 985 4825 ipsius
1016 4754 1355 4825 repetitionis
1381 4757 1708 4827 evangelicae
1736 4760 1880 4829 legat

286 4856 619 4908 textum.et
671 4848 912 4902 inveniet
958 4861 1199 4902 errorem
1242 4862 1300 4901 se
1349 4862 1567 4917 passum
1618 4862 1785 4905 esse:
1823 4852 1877 4904 in

286 4950 520 4995 tantum
546 4939 693 4993 enim
730 4945 918 5007 aperte
970 4939 1226 4999 refertur.
1248 4946 1311 4994 ut
1336 4940 1548 4994 cunctis
1574 4939 1880 5009 legentibus

280 5031 473 5085 facile
495 5030 566 5082 sit
603 5030 671 5082 ad
721 5027 1142 5098 intelligendum.
1177 5025 1315 5081 Nam
1360 5025 1602 5084 Herodes
1633 5044 1749 5093 rex,
1777 5029 1883 5085 ile-

280 5124 459 5178 roJis
509 5122 731 5190 majoris
761 5119 923 5185 (ilius,
957 5119 1049 5190 qui
1081 5120 1136 5174 in
1169 5118 1471 5176 Salvatoris
1521 5136 1712 5176 necem
1746 5136 1882 5177 con-

274 5214 552 5271 sentiens
577 5211 698 5278 iuit,
723 5211 937 5265 Domini
970 5211 1141 5264 nostri
1166 5208 1291 5265 Jesu
1313 5210 1516 5266 Christi
1540 5212 1879 5278 doctrinam‘,

274 5324 419 5380 qua
455 5321 553 5376 per
573 5305 845 5375 apostolos
871 5304 1267 5372 praedicabatur
1284 5304 1606 5359 subvertere
1624 5305 1879 5367 studens,

272 5404 445 5457 nisi:
484 5416 669 5454 manus
708 5409 765 5453 ut
799 5398 1049 5469 inﬁgeret
1075 5398 1329 5469 quosdam
1360 5398 1425 5452 de
1464 5394 1701 5451 Ecclesia
1735 5397 1880 5467 (Act.

272 5512 392 5555 xit.
432 5492 522 5557 1).
550 5492 625 5546 lbi
665 5500 824 5546 datur
863 5488 1087 5560 intelligi
1123 5491 1308 5560 plures
1347 5487 1520 5558 ipsius
1544 5489 1883 5558 signiﬁcatus

270 5595 546 5641 cantatus
573 5598 712 5647 esse,
734 5585 827 5651 qui
858 5581 1038 5637 adhuc
1070 5582 1339 5651 superbiae
1358 5597 1467 5638 sua:
1489 5598 1671 5637 ramos
1693 5592 1885 5637 exten-

258 5684 462 5745 dens,
496 5677 684 5730 occidit
711 5674 971 5730 lucebunt
998 5677 1213 5743 fratrem
1243 5674 1465 5730 Joannis
1493 5674 1676 5745 gladio
1710 5672 1881 5746 (Ibid.

636 5774 901 5834 Paeon.
938 5772 1131 5834 XXX.

1898 3075 1945 3138 C

1974 1833 2039 1885 de
2072 1831 2311 1885 manibus
2340 1830 2474 1899 ejus,
2497 1839 2545 1882 et
2570 1830 2746 1883 exiens
2781 1827 3093 1899 sequebatur
3126 1827 3369 1896 angelum
3399 1825 3540 1894 (Act.

1974 1936 2076 1987 xu,
2101 1920 2242 1991 6-9).
2272 1919 2409 1976 Ecce
2441 1922 2712 1989 quomodo
2743 1919 2939 1975 Petrus
2985 1918 3179 1973 diebus
3219 1932 3543 1989 azymorum

1976 2013 2373 2075 incarceratus,
2402 2021 2527 2082 post
2562 2012 2767 2082 pascha
2822 2019 3041 2081 ereptus
3093 2011 3186 2078 sit,
3216 2019 3273 2065 et
3319 2025 3425 2065 non
3489 2009 3542 2063 in

1974 2103 2232 2159 Kalendis
2254 2104 2499 2173 Augusti.

2044 2195 2138 2253 l-ll.
2188 2196 2295 2253 Sed
2354 2197 2467 2250 lucc
2515 2195 2788 2251 festivitas
2847 2194 2981 2250 tanti
3040 2195 3265 2263 apostoli
3308 2193 3545 2263 qualiter

1948 2288 2268 2342 'adinveuta
2324 2287 2416 2351 sit,
2463 2285 2718 2355 pandam.
2749 2283 3078 2341 Octavianus
3107 2284 3291 2340 Caesar
3325 2286 3541 2352 imperii

1974 2379 2057 2434 sui
2105 2380 2359 2445 aemulum
2422 2378 2492 2432 Μ.
2520 2378 2811 2431 Antonium
2864 2375 3251 2446 liahuit,‘qnem
3301 2373 3545 2431 assiduis

1946 2469 2452 2539 congressionibus
2485 2484 2547 2523 ac
2584 2462 2782 2537 praeliis
2825 2464 2914 2523 vix
2944 2470 3289 2539 exstinguere
3324 2468 3540 2523 valuit:

1973 2577 2137 2633 quem
2193 2561 2476 2632 Cleopatra
2530 2560 2729 2631 conjux
2792 2570 3063 2616 mortuum
3111 2560 3322 2627 dolens,
3376 2577 3545 2632 seque

1974 2655 2149 2725 ipsam
2182 2653 2358 2707 vivam
2396 2653 2683 2723 sepelieris.
2716 2654 2977 2709 uberibus
3018 2653 3132 2709 suis
3181 2654 3395 2723 aspides
3442 2669 3544 2725 ap-

1976 2758 2207 2813 ponens,
2239 2744 2429 2799 maluit
2484 2747 2606 2799 viro
2656 2759 2759 2800 suo
2812 2744 3095 2808 commori,
3128 2761 3293 2817 quam
3352 2762 3545 2802 manus

1976 2836 2255 2890 incurrere
2276 2834 2668 2892 Romanorum.
2687 2828 2874 2892 Catsar
2900 2852 3032 2891 vero
3057 2837 3126 2892 de
3180 2848 3405 2908 tyranno
3449 2854 3545 2893 ce-

1976 2926 2181 2982 lebrata
2219 2927 2475 2993 victoria,
2520 2925 2751 2982 Romam
2788 2928 3064 2997 repedavit
3114 2929 3319 2983 ducens
3349 2944 3536 2984 secum

1976 3015 2250 3071 inﬁnitum
2307 3017 2647 3084 captivorum
2708 3031 3020 3085 numerum,
3069 3027 3126 3091 et
3193 3020 3541 3088 antiquorum

1980 3109 2396 3165 Ptolemaeorum
2447 3111 2691 3165 omnium
2753 3124 2946 3180 gazas:
2979 3120 3038 3166 ut
3093 3126 3197 3166 nec
3253 3121 3400 3178 ante,
3445 3125 3546 3166 nec

1979 3209 2119 3270 post,
2149 3210 2293 3256 tanta
2332 3200 2485 3272 copia
2517 3201 2662 3267 auri,
2694 3201 2901 3272 argenti
2954 3216 3402 3272 gentmarumque
3438 3203 3546 3258 lto-

1978 3308 2123 3348 mam
2138 3294 2385 3349 .adducta
2414 3292 2587 3349 fuisse
2612 3303 2895 3349 noscatur.
2916 3292 3052 3349 Cum
3100 3305 3282 3350 autem
3314 3294 3419 3350 hoc
3458 3295 3546 3350 die

1978 3382 2206 3438 Romam
2237 3385 2706 3454 ingredereturmh
2737 3385 3069 3456 triumphum
3094 3394 3259 3440 tanta
3287 3386 3544 3451 victorias.

1979 3492 2043 3530 ac
2076 3491 2262 3545 pacem
2311 3476 2681 3532 ﬁrmissimam
2716 3479 2813 3534 toti
2861 3477 2979 3532 orbi
3015 3477 3291 3542 collatam,
3324 3485 3547 3532 vocatus

1980 3576 2064 3621 est
2126 3569 2421 3637 Augustus,
2445 3570 2538 3638 qui
2588 3570 2766 3637 primo
2812 3570 2989 3624 solum
3021 3568 3205 3624 Caesar
3236 3570 3540 3625 dicebatur.

1979 3659 2292 3713 Coronatur
2318 3658 2617 3723 civitas,tit
2655 3659 2836 3714 laetitia
2873 3659 3065 3727 ingens
3098 3659 3153 3713 in
3192 3659 3409 3726 populo,
3433 3668 3546 3712 sta-

1983 3749 2153 3802 tnitur
2180 3762 2208 3799 a
2243 3756 2454 3813 senatu,
2478 3759 2534 3803 et
2559 3749 2811 3803 omnibus
2838 3745 3102 3803 Romanis
3119 3747 3344 3817 scriptis
3362 3746 3547 3802 ﬁrma-

1985 3852 2091 3908 tur,
2120 3842 2508 3909 nuntiaturque
2546 3854 2643 3910 per
2693 3840 3006 3894 universum
3046 3841 3259 3907 orbem,
3291 3841 3546 3895 omnibus

1986 3931 2239 4001 gentibus
2277 3929 2629 3986 Octavianum
2657 3930 2959 3999 Augustum
3006 3929 3147 3983 inter
3184 3931 3315 3983 deos
3348 3914 3547 3984 dobere

1982 4023 2216 4078 colizet
2266 4031 2326 4074 ut
2385 4022 2585 4076 mensis
2636 4021 2739 4075 iste
2774 4020 2865 4088 qui
2912 4020 3212 4090 antiquitus
3260 4022 3314 4075 in
3356 4021 3548 4076 ordine

1985 4115 2251 4170 mensium
2300 4113 2522 4169 Sextilis
2566 4111 2870 4177 dicebatur,
2901 4111 2955 4164 in
3000 4112 3265 4168 honorem
3317 4114 3546 4184 Augusti

1979 4210 2256 4275 Augustus
2293 4215 2559 4260 vocetur:
2597 4212 2655 4258 et
2697 4203 2799 4258 hoc
2848 4202 3144 4272 tripudium
3187 4206 3549 4260 soleinnitatis

1980 4297 2053 4354 ob
2100 4296 2431 4367 triumphum
2474 4295 2786 4366 Augustalis
2819 4294 3078 4362 victoria),
3124 4295 3241 4366 lege
3290 4310 3546 4367 perpetua

1909 4405 1958 4461 ι)
1984 4394 2232 4448 volumus
2267 4393 2553 4448 custodiri.

2055 4485 2146 4541 IV.
2183 4487 2276 4542 Sic
2330 4499 2612 4556 quousque
2647 4485 2714 4540 ad
2748 4484 2929 4554 magni
2976 4482 3323 4538 Constantini
3381 4485 3551 4553 impe-

1985 4580 2125 4634 rium
2184 4589 2412 4633 ventum
2446 4588 2573 4633 est:
2614 4578 2706 4647 qui
2749 4589 3033 4647 postquam
3095 4576 3407 4647 dignatione
3455 4592 3551 4633 su-

1984 4686 2174 4742 perna,
2226 4684 2325 4739 per
2354 4680 2572 4724 sanctos
2627 4668 2905 4739 apostolos
2943 4668 3165 4724 Petrum
3220 4679 3277 4724 et
3324 4669 3550 4725 Paulum

1987 4763 2259 4827 visitatus,
2288 4771 2343 4816 et
2370 4777 2466 4830 per
2493 4760 2826 4837 Sylvestrum
2862 4775 3059 4831 papam
3111 4762 3420 4831 baptizatus
3444 4772 3553 4827 est,

1987 4862 2037 4906 et
2066 4868 2131 4906 ex
2172 4860 2519 4920 persecutore
2554 4849 2678 4904 fidei
2735 4847 3011 4913 defensor,
3061 4860 3117 4905 et
3176 4850 3556 4906 mandatorum

1985 4944 2188 5000 Christi
2223 4945 2520 4999 custoditur
2537 4943 2791 4998 assiduus
2836 4942 3038 5008 factus,
3067 4943 3260 4997 harum
3291 4943 3556 4998 solemni-

1990 5047 2159 5092 tatum
2211 5039 2587 5106 phantasmata
2616 5035 3062 5100 perhorrescens,
3092 5049 3244 5104 papas
3277 5035 3410 5090 dicit
3435 5032 3556 5103 Syl-

1990 5141 2171 5184 vestro
2205 5146 2220 5182 :
2260 5129 2550 5190 ilaclenus,
2583 5127 2767 5193 Pater,
2811 5127 3061 5182 humanis
3114 5136 3271 5181 utens
3321 5125 3553 5195 legibus,

1991 5223 2135 5277 sicut
2163 5223 2281 5290 ipse
2312 5222 2479 5282 nosti.
2515 5220 2663 5275 omni
2711 5220 2915 5278 studio.
2947 5230 3003 5274 et
3032 5219 3131 5273 hos
3158 5220 3274 5274 dies
3318 5229 3374 5272 et
3418 5219 3557 5274 alios

1992 5312 2331 5368 excolebam.
2353 5310 2507 5367 Nunc
2532 5313 2659 5379 quia
2688 5312 2890 5379 placuit
2919 5312 3142 5365 Domino
3160 5308 3286 5365 Jestt
3309 5308 3554 5387 Christo.

1994 5419 2079 5458 me
2111 5412 2451 5472 peceatorem
2482 5403 2585 5457 sibi
2617 5402 2878 5457 famulum
2911 5392 3090 5457 iacere
3115 5421 3129 5457 :
3155 5403 3400 5472 iniquum
3427 5403 3560 5457 mihi

1992 5496 2208 5550 videtur
2240 5497 2431 5549 harum
2463 5496 2838 5550 eelehritatum
2864 5493 3255 5549 lavorahilibus
3310 5495 3563 5550 laudibus

1994 5587 2202 5642 extolli.
2257 5585 2392 5641 Vide
2445 5603 2577 5655 ergo
2616 5587 2887 5656 quomodo
2933 5586 2998 5640 ad
3056 5588 3316 5643 honorem
3364 5587 3564 5644 summi

1999 5679 2113 5737 Dei.
2142 5678 2301 5734 beato
2329 5677 2487 5733 Petro
2512 5680 2757 5749 apostolo
2790 5677 2930 5733 hanc
2954 5677 3096 5732 diem
3125 5679 3396 5739 dedicem.
3420 5677 3562 5736 Sau-
3622 5669 3634 5681 ’

3189 5782 3229 5841 8
