4012 6188
485 279 593 344 235

1415 280 1476 342 S.
1523 274 1964 338 HIERONYMI
2011 277 2328 339 OPERUM
2370 277 2771 340 MANTiSSA.

3613 286 3718 350 236

486 414 608 455 ctus
640 407 818 450 autem
858 395 1133 465 Sylvester
1167 395 1268 448 hoc
1293 396 1754 464 audiens,g:.tnlio
1789 399 2048 463 repletus,
2083 422 2132 476 Α
2162 415 2302 450 meus
2356 397 2596 462 dilectus,
2626 401 2793 466 ipsum
2836 400 3015 454 audite
3047 398 3250 469 (Matth.
3294 415 3424 465 xvii,
3457 401 3531 469 5).
3567 401 3718 455 lllum

487 491 689 558 gratias
739 487 843 540 Deo
875 487 1077 549 retulit,
1101 495 1155 541 et
1197 502 1320 542 cum
1371 489 1451 540 sui
1495 489 1626 541 cleri
1667 489 1897 541 concilio
1940 491 2057 540 Au-

487 594 644 652 gusto
675 582 944 648 respondit
978 597 993 633 :
1027 581 1121 633 Est
1169 594 1360 633 carcer
1406 579 1455 632 in
1493 595 1598 648 quo
1635 580 1828 636 beatus
1863 581 2055 634 Petrus

489 673 767 741 apostolos
818 688 912 738 pro
963 669 1184 725 Christo
1221 672 1537 738 agonizans,
1572 670 1880 723 vinculatus
1931 669 2050 733 fuit,

489 775 543 820 et
596 765 738 817 sacri
783 763 946 815 fontis
979 761 1214 822 lavacro,
1248 761 1493 830 pluribus
1529 761 1600 813 ibi
1637 760 1927 828 baptizatis
1959 760 2054 814 de-

486 857 723 910 dicavit:
759 857 900 907 hunc
929 855 1074 907 omni
1108 855 1267 907 sorde
1295 852 1511 922 purgari
1542 850 1712 906 facias
1743 869 1756 903 :
1789 860 2054 918 quatenus

488 947 728 1000 Ecclesia
763 943 835 996 ibi
889 941 1178 1004 fabricata,
1204 943 1267 995 ad
1326 942 1587 995 honorem
1621 939 1753 992 tanti
1799 937 2052 1006 apostoli,

489 1039 724 1093 fidelium
761 1045 881 1089 vota
942 1034 1252 1104 perenniter
1286 1031 1601 1094 reddantur.
1658 1029 1772 1083 Hoc
1828 1027 2054 1081 audiens

487 1132 783 1199 Augustus,
810 1127 963 1181 laetus
1021 1125 1281 1179 efﬁcitur:
1315 1133 1575 1194 purgatur
1624 1121 1796 1198 locus,
1826 1117 2055 1172 fabrica-

489 1235 577 1277 tur
615 1221 866 1284 ecclesia,
912 1229 960 1274 et
1007 1218 1118 1272 haec
1164 1225 1515 1270 consecratur
1546 1213 1614 1268 ab
1663 1211 1856 1266 eodem
1895 1222 2053 1279 papa.

561 1359 622 1414 ν.
651 1359 821 1413 Affuit
855 1356 926 1410 ibi
957 1356 1234 1424 Augustus
1269 1364 1362 1411 :et
1391 1353 1560 1408 sacris
1601 1349 1818 1418 scriptis
1846 1363 1942 1418 per
1964 1361 2054 1401 ve-

487 1453 732 1507 redarios
765 1450 859 1504 toti
892 1449 1008 1503 orbi
1061 1448 1318 1501 mandare
1351 1445 1580 1508 studuit,
1606 1445 1658 1497 in
1696 1444 1808 1496 haec
1839 1441 2000 1495 verba
2035 1452 2054 1494 :

493 1564 511 1596 ι
551 1545 745 1599 Νυιυιιι
779 1557 900 1596 esse
949 1542 1198 1594 volumus
1231 1537 1484 1591 omnibus
1509 1534 1788 1590 Christum
1827 1532 1914 1601 pie
1959 1544 2055 1584 co-

487 1637 744 1698 lentibus,
782 1633 996 1686 beatum
1033 1629 1250 1683 Petrum
1302 1626 1600 1696 aposmlum
1655 1640 1684 1676 a
1738 1622 1848 1676 Deo
1900 1621 2056 1674 nobis

487 1729 671 1782 datum
711 1734 980 1794 pastorem
1011 1731 1060 1775 et
1091 1720 1390 1790 principem
1423 1730 1638 1773 summo
1677 1713 1861 1778 studio
1891 1725 2056 1765 vene-

489 1821 596 1876 rari
639 1819 721 1874 vcl
751 1817 987 1881 assidue,
1011 1824 1065 1868 et
1095 1813 1328 1866 maxime
1355 1813 1408 1864 in
1443 1811 1542 1864 hac
1571 1808 1658 1862 die
1684 1805 2048 1860 Kalendarum
2079 1795 2128 1854 Β

487 1920 876 1982 Augustarum,
910 1909 963 1960 in
995 1921 1100 1976 quo
1132 1914 1190 1958 ut
1230 1906 1361 1958 deus
1400 1918 1430 1956 a
1463 1901 1614 1955 vobis
1645 1899 1788 1954 soliti
1838 1911 2054 1951 eramus

486 2003 699 2060 adorari
735 2017 748 2053 :
783 2009 838 2052 ut
873 1998 990 2066 ipse
1038 1997 1160 2066 pius
1194 2003 1398 2063 pastor,
1436 1991 1713 2060 precibus,
1740 1989 1850 2042 Deo
1895 1986 2050 2048 fusis,

489 2111 586 2150 nos
615 2104 668 2148 et
699 2091 984 2160 imperium
1036 2097 1279 2142 nostrum
1330 2084 1588 2152 adjuvare
1632 2081 1920 2150 dignetur:
1947 2077 2053 2132 Va-

485 2190 611 2243 lete.
649 2203 668 2236 s
700 2185 933 2238 Sanctus
959 2189 1136 2233 autem
1162 2178 1434 2247 Sylvester
1456 2176 1596 2229 hunc
1617 2173 1756 2226 diem
1785 2170 2052 2224 celebrem

486 2278 743 2335 omnibus
771 2271 1034 2328 Ecclesiis
1062 2285 1183 2325 esse
1215 2269 1472 2330 instituit,
1498 2277 1552 2320 ut
1578 2265 1721 2318 sicut
1743 2263 2056 2316 celebraba-

488 2383 573 2426 tur
605 2371 671 2424 ad
698 2372 959 2422 honorem
986 2361 1182 2417 terreni
1219 2359 1502 2430 principis,
1527 2357 1590 2410 ad
1617 2356 1780 2410 decus
1815 2352 2056 2406 celebre-

491 2475 575 2516 tnr
603 2459 857 2527 clavigeri
888 2455 1146 2512 coelestis.
1172 2452 1394 2520 Accepit
1423 2459 1598 2511 autem
1626 2448 1740 2500 haec
1767 2444 2054 2499 celebritas

488 2569 686 2609 nomen
742 2552 886 2604 beati
937 2547 1083 2602 Petri
1145 2542 1386 2612 apostoli
1424 2541 1492 2594 ad
1548 2539 1794 2602 Vincula,
1831 2547 2058 2604 propter

488 2643 832 2700 vinculorum
882 2653 1003 2707 qua:
1050 2635 1122 2690 ibi
1173 2649 1370 2703 passus
1401 2641 1483 2686 est
1531 2636 1839 2686 tormenta:
1876 2634 1935 2680 ut
1963 2624 2053 2678 ubi

490 2733 785 2793 abundavit
807 2740 1106 2801 peccatum,
1124 2725 1583 2797 superabundaret
1605 2732 1658 2777 et
1680 2719 1852 2790 gratia
1876 2716 2052 2788 (Rom.

490 2849 546 2893 v.
591 2830 705 2899 20).
757 2825 884 2880 llaec
933 2824 1122 2878 domus
1151 2819 1510 2882 vinculorum,
1547 2820 1647 2871 hoc
1683 2813 1873 2869 ordine
1911 2811 2052 2865 facta

491 2937 575 2978 est
606 2925 798 2977 domus
826 2926 1137 2974 sanctarum
1172 2914 1505 2968 orationum.

563 3059 648 3113 Vl.
678 3055 798 3110 llaec
830 3051 1066 3107 breviter
1089 3052 1154 3103 ad
1181 3049 1284 3102 duo
1311 3044 1572 3114 inquisita
1607 3041 1881 3110 respondi,
1911 3053 2056 3094 nunc

494 3152 560 3203 ad
587 3147 853 3218 psalmqu
884 3142 1098 3196 veniam
1124 3158 1138 3193 :
1163 3149 1213 3192 et
1240 3138 1284 3190 si
1325 3137 1480 3190 beato
1505 3135 1663 3188 Petro
1683 3130 1972 3185 cenveniat
2001 3140 2056 3181 ut
2077 3125 2127 3189 C

489 3245 544 3295 in
565 3240 708 3294 nullo
725 3246 960 3291 vestrum
986 3233 1182 3286 bonum
1204 3226 1522 3282 desiderium
1546 3222 1849 3283 fraudetur,
1873 3230 2056 3274 osten-

492 3334 638 3386 dam.
667 3330 820 3382 Dicat
852 3341 978 3394 ergo
1003 3322 1184 3377 verbis
1223 3316 1548 3388 propheticis
1600 3315 1826 3392 Domino
1871 3312 2059 3365 beatus

494 3423 728 3477 Petrus:
761 3418 1001 3481 Domine,
1048 3412 1282 3483 probasti
1333 3425 1413 3462 me
1470 3405 1644 3476 (Psat.
1685 3418 1945 3466 cxxsvm,
1978 3400 2053 3465 1),

496 3516 751 3582 quoniam
785 3507 990 3564 vocasti
1021 3523 1035 3560 :
1067 3501 1370 3574 cognovisti,
1413 3498 1668 3568 quoniam
1711 3493 2052 3565 praesumpsi,

493 3620 546 3659 et
580 3618 744 3657 ausus
774 3600 852 3653 fui
885 3599 1102 3652 dicere:
1133 3591 1358 3647 Etiamsi
1387 3588 1674 3660 oportuerit
1697 3602 1777 3639 me
1813 3583 1945 3637 mori
1980 3592 2056 3635 te-

491 3713 629 3759 cum,
661 3710 765 3748 non
814 3702 860 3746 te
905 3689 1100 3758 negabo
1165 3685 1378 3755 (Matth.
1425 3697 1572 3744 xxvx,
1610 3679 1722 3748 35).
1757 3674 1836 3729 Tu
1885 3683 2057 3727 autem

493 3786 778 3858 cognouisti
832 3797 1008 3836 omnes
1053 3779 1397 3849 cogitationes
1431 3790 1574 3827 meas
1618 3789 1648 3825 a
1684 3771 1856 3837 longe,
1894 3776 2058 3858 ante-

490 3896 651 3949 qnam
683 3893 773 3931 eas
803 3875 1132 3942 cogitarem:
1170 3869 1410 3920 semitam
1439 3877 1607 3917 meam
1638 3869 1687 3914 et
1717 3857 2057 3910 directionem

493 3948 664 4026 meam
689 3964 1045 4036 inrestigasti:
1078 3971 1126 4015 et
1166 3975 1342 4013 omnes
1367 3959 1478 4010 vias
1508 3969 1650 4007 meas
1675 3948 1963 4018 prart'idisti
2008 3954 2058 3997 et

494 4062 744 4133 probasti,
768 4059 894 4128 quia
942 4071 1044 4108 non
1069 4061 1180 4107 erat
1217 4050 1368 4104 dolus
1395 4050 1450 4102 in
1491 4049 1673 4115 lingua
1728 4058 1841 4096 mea
1876 4037 2055 4109 (l’sal.

491 4167 750 4214 csxxvtu,
773 4152 829 4215 5,
850 4149 930 4217 4),
963 4160 1082 4198 cum
1111 4145 1348 4196 dicerem
1376 4157 1393 4196 :
1421 4138 1478 4192 Si
1503 4155 1582 4191 me
1609 4134 1898 4205 oportuerit
1925 4133 2059 4184 mori

495 4261 686 4312 tecum,
712 4259 810 4297 non
842 4251 890 4294 te
915 4239 1134 4306 negabo.
1153 4235 1224 4288 Tu
1255 4252 1317 4287 an
1329 4245 1425 4287 tem
1446 4231 1674 4300 ﬁrmasti
1691 4244 1789 4294 me,
1807 4236 1856 4280 et
1883 4227 2061 4296 posui-

495 4343 564 4396 sti
587 4352 797 4392 manum
824 4345 967 4386 tuam
1000 4345 1156 4398 super
1181 4343 1258 4380 me
1303 4343 1320 4381 :
1348 4325 1573 4393 ﬁrmasti
1600 4337 1678 4374 me
1710 4324 1774 4376 de
1801 4332 1893 4376 tua
1921 4335 2058 4389 prtee

2159 490 2247 555 qni
2285 505 2485 542 ciccum
2528 499 2672 543 tactu
2705 505 2806 544 suo
2839 491 3186 553 illuminavit,
3219 491 3311 559 qui
3345 495 3510 545 verbo
3551 493 3718 560 lepro-

2158 595 2248 633 sos
2291 581 2588 646 mundavit,
2612 581 2702 649 qui
2733 581 2884 647 jussu
2921 585 3184 637 daemonia
3218 584 3444 652 expulit,
3485 592 3539 638 et
3587 583 3721 636 mul-

2159 681 2241 727 tas
2269 673 2495 727 virtutes
2521 667 2632 745 sua:
2662 671 2878 728 deitatis
2912 676 3169 728 ostendit.

2227 803 2338 857 Vll.
2383 803 2524 868 Quid
2573 817 2717 857 nunc
2756 803 3010 869 facimus,
3056 802 3356 858 Novatiane
3383 804 3406 858 ?
3435 804 3720 861 Perdiiuus

2158 897 2460 962 apostolum
2498 893 2716 947 Petrum
2751 909 2765 947 :
2800 910 2870 948 an
2924 896 3214 964 recipi-mus
3266 907 3621 951 revertentem
3655 901 3721 951 ad

2157 987 2430 1042 Christum
2459 985 2482 1038 ἲ
2511 985 2647 1040 Ecce
2677 985 2928 1040 Christus
2981 1002 3103 1040 eum
3159 989 3369 1057 recipit,
3405 997 3460 1043 tu
3496 991 3681 1060 ejicics
3701 991 3744 1044 ἳι

2158 1077 2264 1134 Sed
2299 1079 2494 1132 clamat
2523 1088 2712 1133 contra
2749 1089 2800 1134 te
2849 1079 3088 1134 Paulus:
3143 1079 3202 1134 Si
3253 1081 3392 1134 Deus
3435 1081 3720 1148 justi/icat,

2158 1179 2213 1224 tu
2234 1186 2396 1239 quare
2417 1171 2729 1225 condemnas
2761 1170 2934 1230 (Rom.
2968 1187 3077 1236 vni,
3109 1171 3199 1240 55)
3221 1173 3243 1224 ?
3269 1172 3450 1228 Dicis:
3484 1173 3719 1237 Credite,

2156 1261 2445 1332 baptizatis
2480 1279 2584 1318 non
2621 1263 2782 1319 debet
2812 1265 3203 1334 ptenitentibus
3257 1265 3552 1319 subveniri.
3584 1264 3722 1318 Ecce

2159 1357 2403 1424 apostolo
2431 1357 2710 1424 pmnitenti
2739 1359 3096 1420 succurritur,
3125 1359 3214 1428 qui
3239 1370 3319 1411 cst
3341 1359 3718 1429 episcoporum

2157 1450 2472 1518 cpiscopus,
2541 1460 2594 1502 et
2658 1451 2830 1518 major
2882 1451 3082 1519 gradus
3149 1451 3392 1505 redditur
3432 1453 3715 1521 .ploranti,

2158 1556 2320 1611 quam
2346 1541 2589 1596 sublatus
2615 1551 2697 1596 est
2726 1543 3036 1612 deneganti.
3059 1543 3211 1608 Quod
3239 1553 3297 1597 ut
3317 1545 3563 1608 doceam,
3591 1545 3718 1599 illud

2158 1635 2407 1697 ostendo.
2450 1636 2592 1704 quod
2641 1635 2818 1689 nullus
2867 1637 3230 1705 apostolorum
3262 1637 3494 1706 pastoris
3526 1652 3718 1691 nomen

2160 1728 2365 1797 accepit
2395 1743 2411 1785 :
2441 1729 2538 1782 soli
2569 1728 2713 1782 enim
2752 1727 2914 1797 hujus
2947 1729 3182 1784 nominis
3238 1740 3558 1799 pmestatem
3597 1742 3722 1798 post

2157 1819 2610 1874 resurrectionem
2665 1835 2818 1874 suam
2888 1819 3048 1875 Petro
3105 1823 3389 1890 poenitenti
3457 1822 3721 1877 Dominus

2155 1909 2445 1990 concessit,
2499 1917 2554 1962 et
2604 1919 2854 1978 negatus,
2880 1925 3040 1977 quam
3097 1911 3242 1964 solus
3309 1912 3516 1975 habuit,
3562 1911 3721 1966 Petro

2157 1999 2342 2054 tribuit
2369 2008 2694 2070 potestatem
2724 2019 2738 2056 :
2767 2010 2826 2055 ut
2855 2017 2959 2057 non
3003 2003 3175 2057 solum
3201 2018 3556 2074 recuperasse
3579 2006 3720 2074 quod

2156 2092 2411 2148 amiserat
2440 2091 2783 2160 probaretur,
2811 2108 2998 2148 verum
3031 2104 3085 2149 et
3131 2095 3299 2149 multo
3333 2096 3566 2164 amplius
3605 2113 3719 2165 νω-

2156 2179 2378 2234 nitendo
2407 2193 2569 2248 quam
2616 2181 2865 2248 negando
2893 2181 3220 2250 perdiderat,
3253 2181 3718 2258 acquisisscalioc

2159 2272 2416 2342 magister
2444 2273 2620 2328 bonus
2648 2273 2702 2326 in
2733 2275 2908 2328 electo
2946 2274 3212 2344 discipulo
3255 2275 3509 2329 formavit
3539 2291 3720 2330 excin-

2156 2363 2325 2432 pluni,
2346 2373 2405 2416 ut
2424 2364 2601 2417 omnis
2622 2365 2921 2433 discipulus
2953 2365 3159 2422 Christi
3181 2369 3250 2421 sit
3278 2372 3486 2439 integro
3515 2370 3718 2434 animo,

2156 2464 2210 2505 et
2251 2452 2509 2520 pmniteat
2554 2453 2601 2506 si
2655 2454 2728 2507 ita
2765 2455 3004 2509 evenerit
3045 2465 3102 2510 ut
3136 2457 3432 2527 delinquat,
3465 2476 3562 2512 nec
3607 2475 3719 2512 rem

2158 2543 2374 2595 noxiam
2414 2541 2516 2596 sibi
2554 2543 2868 2610 permittere
2914 2543 3096 2610 debet,
3151 2553 3208 2598 ut
3265 2546 3566 2601 decrescat.
3616 2547 3720 2602 Sed

2156 2634 2247 2704 qui
2302 2643 2450 2689 tanto
2498 2634 2660 2690 citius
2694 2635 2952 2700 vincitur,
2991 2644 3143 2691 tanto
3174 2638 3338 2692 citius
3368 2648 3718 2710 expurgatur.

2231 2725 2551 2782 Vlll.‘Certe
2595 2727 2774 2782 omnis
2816 2729 3082 2784 sanctitas
3136 2729 3203 2782 ad
3259 2730 3426 2786 Deum
3458 2733 3628 2796 ducit,
3665 2741 3722 2788 et

2156 2833 2318 2874 ornne
2347 2828 2627 2888 peccatum
2659 2819 2726 2874 ad
2765 2819 3068 2876 diabolum.
3096 2822 3162 2876 Et
3192 2823 3290 2876 sub
3319 2822 3546 2878 Domino
3582 2825 3724 2878 bona

2157 2909 2346 2980 positi,
2371 2912 2666 2988 quomodo
2704 2913 2980 2968 credimus
3029 2914 3184 2969 nobis
3209 2917 3622 2984 possibilitatem
3657 2919 3722 2970 ad

2158 3001 2432 3056 diabolum
2455 3001 2620 3056 eundi
2644 3017 2984 3068 concessam,
3013 3014 3068 3059 et
3099 3007 3408 3062 revertendi
3437 3006 3504 3062 ad
3536 3006 3724 3064 Domi-
3817 3023 3825 3030 ·

2159 3108 2288 3147 num
2307 3092 2664 3162 denegatam?
2693 3095 2846 3149 Addo
2880 3095 3105 3164 aliquid.
3141 3096 3299 3152 Certe
3327 3098 3596 3152 hominem
3630 3114 3726 3168 per

2159 3194 2440 3253 peccatum
2464 3200 2494 3238 a
2515 3199 2573 3240 se
2596 3187 2846 3241 recedere
2865 3186 3010 3242 Deus
3031 3201 3137 3241 non
3165 3189 3297 3253 vult,
3322 3199 3373 3242 et
3391 3199 3721 3258 peccatorem

2160 3276 2223 3328 ad
2248 3291 2308 3330 se
2326 3276 2511 3330 venire
2529 3290 2742 3331 omnem
2767 3278 2900 3332 vult:
2925 3289 2978 3332 et
3008 3279 3051 3332 si
3076 3279 3206 3334 illud
3230 3281 3400 3349 potuit
3418 3278 3524 3352 [ΑΙ.
3541 3275 3725 3348 potue-

2160 3367 2253 3439 rit]
2274 3367 2388 3422 fieri
2407 3367 2547 3436 quod
2573 3369 2709 3422 Deus
2728 3384 2831 3424 non
2856 3370 2986 3433 vult,
3007 3372 3392 3440 quantojmagis
3415 3382 3586 3441 potest
3608 3372 3721 3426 fieri

2158 3458 2303 3526 quod
2337 3459 2475 3512 Deus
2504 3459 2650 3512 vult!
2687 3459 2810 3515 Ideo
2839 3461 3071 3529 denique
3101 3465 3354 3530 cogitatio
3382 3467 3587 3531 peccati
3617 3480 3720 3516 non

2159 3557 2280 3602 esta
2307 3549 2414 3602 Deo
2438 3551 2706 3619 prohibita
2731 3567 2824 3620 per
2849 3563 3123 3615 naturam,
3156 3555 3248 3608 sed
3271 3568 3367 3620 per
3389 3555 3673 3619 imperium
3703 3570 3722 3608 :

2161 3649 2220 3692 ut
2247 3639 2452 3695 laboris
2481 3641 2600 3712 ejus
2651 3658 2828 3712 pugna
2861 3642 3225 3709 incumberet,
3260 3653 3313 3700 et
3343 3647 3625 3708 praemium
3659 3649 3725 3698 de

2159 3733 2454 3786 certamine
2501 3735 2833 3802 proveniret.
2879 3733 3061 3788 Voluit
3118 3736 3268 3790 enim
3309 3735 3447 3790 Deus
3511 3738 3722 3792 homini

2159 3822 2340 3890 operis
2377 3822 2748 3894 fatigationem
2782 3825 3108 3894 relinquere,
3143 3843 3208 3882 ne
3245 3828 3299 3882 in
3330 3829 3510 3896 aliqua
3549 3829 3720 3882 detri-

2160 3914 2327 3970 menti
2362 3925 2516 3984 parte
2569 3917 2852 3985 praemium
2889 3917 3195 3986 impediret.

2229 4051 2323 4107 lX.
2364 4049 2510 4106 Duos
2564 4059 2711 4106 certe
2757 4050 3026 4107 bonorum
3069 4063 3125 4107 et
3178 4054 3440 4108 malorum
3496 4056 3724 4124 populos

2160 4159 2302 4208 esse,
2329 4157 2487 4200 nemo
2512 4151 2596 4198 est
2638 4144 2731 4212 qui
2768 4144 2995 4198 nesciat.
3025 4144 3200 4200 Bonos
3231 4147 3463 4203 dicimus
3493 4151 3724 4203 creden-

2159 4246 2265 4301 tes,
2295 4244 2350 4290 et
2375 4234 2644 4304 pessimos
2670 4250 2776 4288 non
2803 4236 3111 4290 credentes.
3145 4237 3264 4290 Non
3296 4241 3578 4294 credentes
3599 4254 3726 4295 esse

2151 4331 2259 4386 sub
2289 4328 2540 4383 diabolo:
2587 4337 2640 4383 et
2685 4328 2968 4384 credentes
2996 4331 3097 4383 sub
3143 4329 3274 4387 Deo.
3306 4331 3496 4401 Magna
3524 4337 3724 4401 praedi-

489 4435 691 4495 sentia,
715 4429 858 4500 quod
893 4440 1064 4479 essem
1102 4429 1435 4490 negaturus:
1478 4427 1525 4469 et
1565 4414 1786 4483 posuisti
1845 4427 2056 4465 manum
2083 4451 2138 4512 Β
2163 4419 2305 4472 ratio
2345 4429 2456 4480 tua,
2489 4417 2586 4486 qui
2622 4431 2838 4470 servum
2864 4417 3064 4472 diaboli
3095 4421 3160 4471 ad
3198 4427 3249 4472 te
3279 4434 3459 4484 vocas,
3502 4435 3721 4473 servum

496 4541 640 4582 tuam
671 4537 824 4586 super
850 4535 928 4571 me
956 4533 972 4569 :
1010 4523 1064 4568 ut
1096 4521 1374 4584 peccatum
1405 4511 1654 4578 lacryma:
1675 4513 2056 4575 sequerentur.

497 4616 758 4673 Mirabiiis
795 4614 937 4682 facta
983 4617 1058 4662 est
1110 4606 1340 4676 potentia
1373 4613 1463 4656 tua
1513 4617 1576 4654 ea:
1609 4616 1689 4652 me
1717 4618 1731 4654 :
1762 4597 2059 4663 confortata

495 4723 591 4774 est,
621 4725 711 4762 nec
761 4715 934 4774 potero
987 4703 1054 4752 ad
1087 4716 1201 4752 eam
1243 4695 1408 4768 (Ibid.
1438 4695 1490 4760 5,
1538 4694 1614 4763 6).
1641 4692 1880 4748 Conatus
1939 4704 2060 4742 sum

497 4819 598 4856 non
634 4811 832 4867 negare
857 4810 879 4850 ‘.
911 4791 1126 4863 promisi
1166 4789 1330 4844 etiam
1381 4803 1465 4841 me
1501 4787 1636 4840 mori
1673 4784 1840 4853 magis
1862 4783 2061 4851 eligere

496 4911 656 4963 qnam
683 4887 927 4958 negantis
977 4885 1181 4937 crimen
1235 4882 1513 4934 incurrere
1547 4896 1560 4932 :
1597 4879 1688 4930 sed
1725 4873 2059 4945 prmscientia

499 5000 584 5039 tua
612 4985 684 5037 ita
727 4979 1026 5035 conl'ortata
1065 4983 1166 5034 est,
1217 4983 1272 5025 ut
1308 4987 1412 5025 non
1449 4981 1634 5039 potero
1661 4969 1727 5022 ad
1755 4983 1896 5021 cam.
1923 4965 2059 5031 Quid

496 5092 640 5131 nunc
671 5071 909 5127 faciam?
944 5068 1130 5134 negavi
1178 5065 1462 5118 Dominum
1509 5072 1562 5116 et
1596 5062 1934 5130 magistrum,
1963 5071 2059 5110 nec

498 5175 569 5237 (ut
607 5168 823 5236 quidam
858 5163 1170 5228 opinantur)
1210 5156 1480 5210 hominem
1519 5154 1729 5220 negavi.
1762 5151 1874 5220 Ego
1908 5152 2056 5203 illum

495 5258 702 5326 negavi,
734 5255 818 5309 cui
868 5253 978 5306 dixi
1010 5267 1024 5302 :
1061 5249 1138 5301 Tu
1192 5265 1243 5300 cs
1304 5247 1538 5299 Christus
1595 5243 1762 5296 Filius
1821 5242 1914 5294 Dei
1958 5243 2059 5295 viui

497 5349 713 5416 (Matth.
744 5360 852 5405 xvu,
879 5343 992 5410 16).
1020 5340 1168 5392 Illum
1210 5339 1422 5406 negavi,
1469 5349 1629 5404 qttem
1674 5334 1897 5403 pedibus
1941 5350 2059 5385 am-

495 5444 766 5492 lmtantem
803 5450 962 5502 super
1013 5445 1178 5499 aquas
1231 5438 1486 5496 expertus
1535 5441 1674 5479 sum.
1715 5425 1864 5476 Illum
1898 5439 2056 5492 quem

497 5545 626 5585 recc
674 5543 768 5582 sua
810 5526 918 5580 vidi
967 5535 1237 5578 mortuum
1277 5530 1550 5572 vocantem
1595 5519 1659 5571 de
1692 5518 1963 5586 sepulcro.
1994 5516 2058 5568 ll-

489 5622 603 5674 lum
638 5634 794 5686 quem
823 5616 974 5672 caelis
996 5613 1324 5679 patentibus,
1343 5611 1448 5663 vidi
1479 5625 1598 5662 cum
1633 5607 1816 5676 Moyse
1841 5618 1894 5662 ct
1917 5607 2055 5672 Elia,

399 5707 406 5715 ’
494 5724 545 5768 et
573 5726 756 5766 vocem
791 5709 965 5762 audivi
995 5721 1156 5776 super
1183 5720 1304 5759 cum
1340 5707 1404 5757 de
1437 5702 1572 5757 coelo
1603 5715 1617 5754 :
1649 5701 1747 5754 llic
1778 5711 1852 5756 est
1883 5699 2054 5754 Filius

2163 4510 2257 4565 Dei
2289 4525 2317 4562 a
2354 4519 2406 4563 te
2433 4509 2653 4577 repellis
2703 4509 2906 4575 :quasi
2963 4509 3054 4576 qui
3098 4509 3233 4563 velis
3292 4508 3458 4564 Deum
3519 4510 3720 4564 luctari

2163 4601 2307 4668 quod
2348 4616 2454 4654 non
2491 4601 2676 4664 habet,
2730 4612 2785 4654 et
2817 4601 3042 4670 perdere
3071 4603 3212 4668 quod
3270 4602 3452 4654 habet.
3488 4600 3621 4654 Hinc
3656 4608 3722 4655 ad

2164 4695 2256 4748 Dei
2289 4701 2607 4761 computans
2635 4692 2876 4753 divitias,
2929 4692 3074 4760 quod
3105 4693 3272 4760 possit
3307 4693 3448 4746 Deus
3478 4704 3724 4746 mortuos

2157 4787 2455 4846 suscitare,
2481 4791 2535 4837 et
2574 4784 2819 4836 infirmos
2839 4783 3056 4835 salvare
3114 4799 3216 4834 non
3261 4786 3447 4849 possit.
3481 4782 3614 4836 Nam
3645 4787 3727 4837 in-

2163 4879 2366 4934 creduli
2400 4877 2622 4938 mortui,
2656 4885 2712 4929 et
2744 4881 3030 4930 credentes
3063 4874 3192 4926 licet
3245 4887 3562 4943 peccatores
3591 4879 3721 4938 sint,

2167 4973 2352 5022 vivunt
2383 4968 2435 5021 in
2470 4967 2790 5020 infirmitate
2814 4980 2934 5020 sua.
2968 4963 3032 5016 Et
3062 4965 3106 5018 si
3131 4965 3379 5019 Salvator
3412 4975 3595 5020 noster
3627 4970 3725 5018 ha-

2163 5063 2273 5126 bet,
2305 5062 2414 5116 imo
2461 5061 2588 5130 quia
2633 5059 2790 5113 habet
2826 5067 3149 5128 potestatem
3196 5059 3497 5113 suseitandi
3576 5075 3724 5113 mor-

2163 5167 2307 5222 tuos,
2364 5153 2639 5223 quomodo
2692 5153 2944 5205 virtutem
3006 5167 3109 5206 non
3168 5152 3329 5205 habet
3391 5167 3726 5220 quascunque

2165 5247 2367 5301 fuerint
2421 5244 2764 5300 infirmitates
2819 5231 3090 5295 curandi?
3151 5243 3225 5295 Es
3277 5254 3510 5310 utroque
3561 5244 3731 5296 latere

2151 5322 2572 5407 blasphematur
2625 5350 2653 5386 a
2721 5333 2898 5398 vobis,
2935 5335 3024 5402 qui
3085 5334 3473 5401 ptenilentibus
3521 5336 3730 5401 negatis

2162 5430 2436 5483 effectum.
2465 5423 2521 5479 Si
2562 5424 2706 5477 cnim
2757 5439 2913 5491 posse
2942 5439 3066 5476 eum
3113 5424 3725 5491 docetisinﬂrmitatem

2163 5534 2376 5574 omnem
2407 5533 2599 5570 curare
2630 5531 2646 5572 :
2689 5515 2782 5569 sed
2837 5516 2880 5568 si
2916 5515 3069 5577 nolit,
3106 5515 3329 5584 impium
3383 5515 3631 5585 arguitis.
3668 5514 3726 5566 Si

2163 5613 2298 5664 velle
2330 5621 2384 5664 et
2418 5624 2524 5661 non
2558 5621 2714 5676 posse
2753 5623 2874 5658 cum
2911 5606 3134 5661 forsitan
3164 5608 3432 5670 dixeritis,
3463 5622 3493 5660 a
3527 5607 3728 5659 dcitale

2165 5701 2493 5765 cxcluditis,
2553 5710 2612 5752 ut
2683 5689 3130 5755 miscricordiam
3165 5699 3318 5752 vobis
3379 5715 3442 5754 ex
3498 5712 3728 5758 utroque
