4004 6192
289 349 401 412 237

796 347 1168 411 EPISTOLA
1208 347 1389 408 XXX.
1432 348 1533 406 AD
1573 332 2096 416 EUSTOCHIUM,
2144 347 2238 405 DE
2277 346 2641 407 VlNCULlS
2681 349 2746 406 Β.
2795 347 3050 406 PETRI.

3449 346 3554 409 9.38

293 467 468 523 latere
491 467 839 522 condemnati
872 467 1176 538 denegetis,
1209 483 1331 521 cum
1382 467 1616 536 negatis,
1655 463 1876 518 familia:
1905 488 1955 542 Α
1985 473 2275 531 antequam
2317 465 2546 518 dicendo
2585 466 2668 517 vel
2701 467 2977 531 operando
3013 466 3303 535 pandatur,
3342 481 3369 518 a
3409 467 3558 519 reni-

294 559 392 615 Dei
416 563 664 630 pereuuti
707 577 810 614 non
847 576 1007 630 posse
1041 561 1311 615 succurri.

370 651 438 706 Χ.
470 652 744 707 Hactenus
769 668 892 706 cum
924 651 1242 705 Novatianis
1269 652 1370 706 sim
1402 651 1633 714 locutus,
1690 665 1882 703 rever-

296 752 482 796 tamur
506 744 574 796 ad
619 743 926 810 apostolum
955 743 1314 812 ptenitentem
1364 754 1418 797 et
1459 742 1678 796 ﬂentem
1735 757 1882 794 ama-

299 836 520 890 rissime
557 845 722 904 atque
755 834 1024 890 dicentem
1059 856 1072 893 ;
1111 835 1226 900 Quo
1258 837 1341 888 ibo
1373 853 1404 888 a
1437 837 1626 903 spiritu
1665 844 1776 896 tuo,
1831 844 1879 884 et

298 946 401 997 quo
435 946 468 980 a
493 928 631 996 [acie
681 937 772 980 tua
826 929 1028 997 fugiam
1055 930 1080 983 .9
1104 927 1232 981 Scio
1263 926 1393 994 quia
1419 925 1496 980 Tu
1541 941 1593 978 es
1642 923 1881 978 Christus

302 1021 480 1072 Filius
545 1019 646 1073 Dei
699 1020 844 1073 vivi:
899 1035 1061 1090 quam
1129 1020 1417 1074 scientiam
1474 1033 1583 1070 non
1621 1017 1882 1071 revelavit

303 1114 432 1165 inihi
464 1130 589 1166 caro
620 1122 673 1165 et
705 1111 952 1180 sanguis,
989 1110 1086 1165 sed
1137 1111 1298 1164 Pater
1331 1119 1459 1163 tuus
1493 1111 1586 1179 qui
1643 1110 1694 1162 in
1725 1111 1881 1162 ccelis

299 1213 405 1257 est.
439 1203 555 1269 Quo
586 1204 817 1273 fugiant,
851 1204 943 1272 qui
1003 1214 1054 1256 te
1083 1203 1255 1256 Deum
1291 1203 1417 1256 novi
1452 1213 1506 1256 et
1534 1203 1880 1271 omnipoten-

306 1307 416 1350 tem
461 1297 694 1364 agnovi?
734 1296 795 1350 Si
840 1297 894 1349 in
941 1297 1091 1350 caelos
1125 1295 1431 1360 ascendero,
1468 1304 1522 1347 tu
1557 1295 1667 1348 illic
1707 1311 1805 1359 es;
1835 1298 1882 1348 si

299 1386 618 1438 descendero
653 1385 710 1437 iu
737 1385 1027 1453 infernum,
1059 1385 1210 1436 ades.
1249 1382 1324 1436 lbi
1363 1384 1506 1436 enim
1541 1396 1636 1449 per
1667 1382 1881 1449 passio-

303 1491 432 1527 nem
485 1473 796 1543 specialiter
851 1473 1187 1528 descendisti
1242 1487 1256 1528 ;
1305 1472 1396 1525 ubi
1447 1485 1544 1538 per
1580 1469 1881 1538 potentiam

303 1577 478 1631 tuam,
508 1544 653 1621 sietit
679 1567 877 1635 ubique
898 1567 1250 1636 generaliter,
1301 1573 1500 1634 praesto
1529 1577 1610 1617 es.
1646 1561 1706 1616 Si
1733 1577 1885 1614 sum-

307 1676 460 1728 psero
517 1676 714 1729 pennas
781 1675 925 1712 meas
974 1656 1234 1721 diluculo,
1270 1657 1322 1710 id
1384 1665 1487 1720 est,
1523 1666 1651 1709 ante
1683 1654 1881 1709 lucem.

1985 555 2086 608 bus
2119 556 2377 625 gignitur,
2421 557 2719 610 secundum
2753 556 2882 610 illud
2924 559 3068 626 quod
3100 557 3151 610 in
3203 557 3310 612 alio
3347 558 3560 626 psalmo

1987 647 2218 701 dicimus
2249 647 2359 702 Deo
2393 664 2406 701 :
2459 648 2726 712 Quoniam
2759 657 2816 701 tu
2871 650 3152 718 possedisti
3206 667 3353 704 renes
3393 668 3562 707 meos.
3597 673 3608 684 ’

1987 739 2138 794 Dicet
2169 741 2313 794 enim
2345 757 2359 793 :
2390 742 2511 808 quia
2549 741 2619 794 ita
2659 742 2752 795 tibi
2810 743 2862 795 in
2898 757 2982 795 me
3032 742 3165 795 nihil
3227 743 3559 796 occultatum

1985 843 2088 896 est,
2131 840 2190 885 ut
2233 847 2338 885 non
2376 834 2552 886 solum
2601 849 2721 901 qua:
2772 843 2899 889 sunt
2939 835 3173 904 cogitata
3210 833 3559 899 consideres;

1986 923 2080 977 sed
2111 913 2164 976 ei
2203 923 2492 993 cogitanda
2521 938 2639 992 qua:
2667 936 2796 979 sunt
2840 925 2894 978 in
2927 926 3152 979 renibus
3191 940 3407 980 cernas.
3456 925 3561 990 Tu,

1987 1015 2238 1079 Domine,
2281 1017 2374 1084 qui
2428 1018 2701 1082 suscepisti
2752 1034 2832 1070 me
2866 1033 2932 1071 ea:
2973 1028 3120 1071 utero
3151 1017 3341 1069 matris
3392 1033 3561 1070 mete:

1986 1107 2060 1158 ita
2095 1119 2149 1158 ut
2177 1105 2434 1174 quidquid
2462 1106 2530 1158 ab
2570 1115 2692 1159 ortu
2729 1123 2848 1163 meo
2874 1108 3168 1163 semisonis
3202 1107 3560 1163 balbutientis

1987 1197 2229 1251 infantia:
2252 1198 2430 1252 verbis
2458 1198 2751 1266 aliquando
2781 1200 2917 1254 forte
2944 1200 3185 1268 peccavi,
3212 1215 3510 1270 cognoscas
3544 1216 3560 1256 :

1989 1289 2040 1341 itt
2061 1289 2160 1342 hoc
2179 1288 2339 1342 etiam
2363 1288 2662 1356 Conﬁtebor
2681 1289 2794 1356 tibi,
2817 1293 2941 1360 quia
2967 1292 3273 1345 terribiliter
3300 1293 3562 1360 miri/ica-

1989 1380 2298 1442 tuses,mira
2321 1391 2730 1448 operatuu,qu:e
2747 1383 2987 1437 etoculis
3017 1385 3150 1436 meis
3175 1383 3306 1450 vidi,
3333 1393 3384 1437 et
3408 1399 3566 1437 exer-

1988 1479 2147 1526 cente
2178 1483 2230 1525 te
2257 1471 2371 1544 [Αι.
2411 1488 2676 1528 exercens
2704 1483 2775 1539 te,
2804 1474 3028 1529 Domine
3051 1475 3182 1530 Jesn
3215 1474 3451 1542 Christe,
3481 1493 3568 1531 co-

1988 1561 2150 1631 gnovi
2171 1577 2186 1616 :
2206 1571 2254 1615 ct
2269 1553 2448 1616 anima
2469 1579 2582 1616 utea
2599 1567 2837 1632 cognovit
2859 1566 3036 1619 nimis.
3057 1565 3200 1618 Intra
3219 1581 3303 1620 nte
3319 1577 3406 1620 est
3425 1570 3568 1634 quod

1989 1654 2195 1708 credidi
2229 1672 2244 1708 :
2277 1671 2382 1709 non
2413 1657 2466 1710 in
2502 1657 2793 1727 superﬁcie
2824 1657 3141 1722 verborum,
3199 1657 3294 1713 sed
3327 1657 3472 1712 intus
3511 1656 3568 1710 in

307 1752 522 1808 Pennas
551 1754 653 1806 hoc
685 1752 803 1806 loco
833 1766 931 1819 pro
960 1749 1384 1818 cogitationibus
1425 1748 1598 1818 ponit,
1631 1762 1752 1816 quae
1786 1761 1880 1800 re-
1947 1749 1968 1774 ’
1988 1745 2292 1799 visceribus
2323 1747 2518 1801 animae
2548 1764 2564 1801 :
2591 1749 2733 1818 quod
2764 1750 2838 1803 ita
2861 1764 2984 1804 esse
3012 1750 3108 1804 tibi
3142 1765 3248 1804 non
3280 1761 3360 1803 eet
3387 1748 3570 1803 occul-

311 1847 535 1914 pentino
571 1844 748 1898 volatu
782 1843 984 1911 ubique
1037 1852 1165 1896 sunt
1195 1857 1210 1897 :
1251 1841 1304 1893 in
1339 1839 1502 1904 ccelo,
1537 1840 1587 1892 in
1627 1849 1797 1901 terra,
1830 1839 1885 1891 in
1919 1835 1962 1890 Β
1994 1843 2130 1888 tum.
2162 1833 2218 1888 Si
2243 1835 2464 1904 quidem
2491 1837 2587 1890 tibi
2613 1839 2884 1893 occultum
2917 1854 3026 1894 non
3049 1851 3132 1894 est
3156 1855 3258 1893 nec
3282 1855 3344 1896 os
3367 1855 3572 1903 meum,

313 1938 508 2008 abysso
533 1946 588 1991 et
617 1935 931 2004 ubicunque
967 1933 1231 1987 liniuntur
1275 1921 1466 1985 maria;
1522 1930 1580 1984 Si
1610 1945 1760 2001 ergo,
1803 1931 1885 1984 in-

311 2031 451 2098 quit,
481 2028 608 2081 illuc
653 2037 781 2082 ante
834 2025 1009 2079 lucem
1075 2031 1180 2077 tua:
1230 2020 1648 2076 resurrectionis
1695 2020 1885 2074 vatiam

315 2122 623 2192 ubicunque
662 2121 1118 2176 inaccessibilitas
1152 2120 1289 2174 Solet
1328 2117 1606 2188 fugitivum
1655 2116 1889 2169 abscon-

315 2214 464 2277 dere,
495 2223 554 2266 ut
605 2213 738 2267 illuc
776 2214 857 2267 ire
892 2213 1119 2281 possim,
1150 2226 1338 2263 manus
1378 2219 1471 2262 tua
1513 2209 1731 2261 deducet
1767 2222 1846 2260 me
1869 2222 1887 2258 :

314 2316 362 2359 et
395 2306 548 2376 quasi
584 2305 858 2374 fugitiuum
890 2304 1078 2357 tenebit
1107 2319 1187 2355 me
1218 2303 1435 2355 dextera
1467 2309 1580 2354 tua.
1617 2299 1757 2352 Ante
1804 2297 1889 2352 lu-

317 2413 432 2453 cem
469 2398 581 2462 hic,
631 2407 758 2452 ante
815 2397 1270 2452 resurrectionem
1309 2396 1488 2463 posuit
1540 2391 1887 2446 Salvatoris:

316 2488 438 2554 quia
465 2486 787 2541 intenebris
819 2485 923 2540 fuit
973 2500 1137 2540 omne
1190 2485 1470 2548 sazculnm,
1527 2483 1746 2552 jacente
1785 2480 1891 2535 Do-

317 2582 463 2634 mino
495 2580 550 2634 in
577 2579 827 2648 sepulcro
861 2595 877 2634 :
907 2577 962 2631 in
999 2592 1109 2647 quo
1151 2587 1395 2645 tempore
1429 2573 1751 2646 paenitentia
1788 2571 1893 2628 Pe-

316 2671 382 2725 tri
410 2672 696 2740 agebatur,
723 2671 778 2724 in
825 2684 934 2739 quo
967 2671 1134 2725 etiam
1165 2670 1296 2724 dicit
1336 2686 1349 2722 :
1390 2667 1640 2721 Forsitan
1668 2667 1892 2720 tenebrae

316 2763 702 2817 conculcabunt
730 2778 853 2828 me;
882 2769 939 2822 et
971 2761 1028 2814 in
1088 2759 1265 2814 tribus
1325 2759 1704 2830 negatiouibus
1757 2757 1892 2823 suis,

318 2866 429 2909 tres
453 2855 706 2923 fugarum
760 2865 946 2924 partes
985 2854 1201 2908 clausas
1257 2867 1378 2906 esse
1409 2851 1511 2905 sibi
1560 2852 1604 2904 si
1655 2851 1892 2918 fugeret,

318 2946 655 3000 memorabat
687 2963 700 2998 :
737 2945 789 2998 in
821 2945 984 3011 coelo,
1012 2946 1062 2997 in
1122 2944 1356 3007 inferno,
1407 2951 1461 2996 ct
1497 2944 1552 2996 in
1605 2940 1894 3010 postremis

323 3039 492 3092 maris
524 3055 538 3090 :
571 3054 699 3108 ergo
727 3055 947 3109 negare,
983 3019 1222 3093 tenebrae
1253 3046 1400 3100 sttnt,
1449 3045 1505 3090 et
1542 3035 1727 3105 fugere
1758 3049 1894 3089 con-

317 3131 558 3184 culcatio
582 3131 928 3185 tenebrarum
967 3147 981 3186 :
1025 3134 1126 3184 hoc
1158 3129 1377 3196 timens,
1418 3145 1486 3183 ne
1533 3127 1895 3196 comprehen-

325 3239 418 3278 sus
457 3226 525 3277 ab
555 3224 687 3292 ipsis
723 3225 962 3277 tenebris
987 3222 1427 3285 conculcaretur,
1463 3219 1616 3287 quasi
1653 3218 1895 3272 tenebris

325 3316 484 3369 malis
509 3316 622 3371 suis
651 3316 989 3382 sobmersns,
1023 3318 1281 3384 operibus
1322 3325 1466 3369 esset
1495 3313 1712 3366 deditus
1741 3323 1894 3367 tene-

321 3407 562 3470 brarum,
584 3407 789 3459 habens
816 3417 1049 3459 tractum
1078 3404 1564 3474 percnnem,juges
1592 3401 1888 3470 lacrymas,

319 3495 536 3551 dolores
596 3507 851 3550 (etet-uos.
908 3496 1022 3550 lloc
1075 3498 1218 3552 enim
1283 3497 1442 3548 modo
1499 3492 1898 3548 conculcantur

315 3591 559 3644 tenebrae
589 3591 785 3644 tnortis
815 3591 997 3658 hujus,
1047 3605 1153 3658 qua
1197 3588 1556 3657 corporaliter
1607 3586 1893 3639 morimur.

318 3679 381 3736 Si
417 3696 544 3734 vero
586 3680 739 3734 fuero
773 3680 1033 3745 ntoriens,
1069 3680 1268 3748 inquit,
1307 3694 1414 3732 non
1449 3677 1814 3733 conculcabor
1863 3691 1896 3732 a

321 3773 562 3827 tenebris
596 3772 729 3827 :sed
755 3773 822 3825 ad
857 3773 1079 3826 delicias
1109 3782 1424 3826 sanctorum
1457 3771 1744 3839 attingam.

339 3921 348 3928 ,
392 3862 488 3918 XI.
522 3865 646 3918 Nox
674 3867 789 3929 ipsa
814 3865 1135 3917 illuminatio
1170 3881 1282 3917 mea
1314 3875 1387 3918 est
1415 3865 1468 3916 in
1503 3862 1709 3916 deliciis
1741 3864 1890 3916 meis.

315 3955 401 4011 Ibi
437 3957 580 4010 enim
615 3957 826 4010 habebo
861 3958 1034 4010 lucem
1087 3955 1367 4011 Christum
1408 3971 1611 4020 meum,
1645 3956 1734 4023 qui
1787 3971 1892 4008 non

313 4048 531 4116 patitur
557 4047 944 4102 obscuritatem
1004 4048 1392 4100 tenebrarum:
1451 4047 1503 4100 in
1557 4047 1715 4116 cujus
1763 4061 1896 4100 con-

317 4149 516 4212 spectu
575 4158 680 4195 no.1:
735 4143 870 4195 sicut
926 4141 1036 4194 dies
1081 4140 1497 4194 illuminabitur.
1554 4140 1683 4194 llaec
1751 4141 1894 4195 docti

315 4235 655 4304 pmdicante
683 4233 845 4287 Petro
880 4233 1148 4302 apostolo,
1190 4242 1246 4285 et
1283 4243 1570 4286 cantamus
1614 4243 1670 4286 ct
1713 4233 1895 4286 credi-

314 4335 473 4378 tnus.
505 4324 651 4379 Sicut
683 4327 907 4378 tcnebra:
943 4325 1058 4392 ejus
1080 4333 1222 4390 sunt,
1251 4325 1326 4376 itu
1356 4332 1404 4376 et
1435 4322 1613 4377 lumen
1641 4325 1756 4392 ejus
1791 4334 1890 4379 est.

315 4415 582 4470 Tenebrze
620 4417 766 4471 enim
822 4431 928 4470 non
962 4416 1216 4471 omnibus
1278 4417 1552 4469 creaturis
1603 4415 1893 4470 obscurum

1992 1925 2042 1978 id
2076 1933 2161 1979 est
2212 1941 2276 1982 os
2315 1941 2495 1982 meum
2525 1932 2670 1998 quod
2727 1929 2903 1986 fecisti
2966 1933 3020 1986 in
3052 1932 3290 1986 occulto.
3331 1931 3387 1986 Si
3437 1947 3600 2001 ergo.

1993 2031 2092 2070 nec
2121 2033 2183 2072 os
2245 2033 2425 2073 meum
2478 2021 2578 2074 tibi
2638 2024 2913 2078 occultum
2951 2032 3057 2089 cst,
3109 2025 3246 2094 quod
3295 2025 3568 2080 occultum

1991 2111 2316 2166 naturaliter
2336 2128 2455 2170 esse
2487 2103 2701 2172 soluisti
2731 2135 2744 2171 :
2779 2120 3052 2186 quomodo
3070 2129 3194 2174 ante
3215 2129 3264 2173 te
3290 2120 3567 2174 occultum

1991 2204 2097 2256 erit
2141 2203 2195 2258 in
2250 2205 2448 2272 corde,
2469 2209 2612 2277 quod
2661 2208 3001 2264 manifestari
3035 2211 3288 2278 jussisti?

2062 2291 2204 2348 XIII.
2240 2295 2319 2351 Ad
2351 2297 2545 2353 altiora
2573 2300 2824 2356 ducimur
2853 2317 2976 2356 cum
3009 2303 3074 2357 de
3099 2304 3320 2359 ossibus
3345 2315 3402 2359 et
3432 2306 3568 2360 sub-

1992 2387 2218 2452 stantia,
2260 2404 2382 2458 quze
2421 2390 2476 2444 in
2535 2391 2886 2450 inferioribus
2914 2403 2997 2450 est
3037 2405 3194 2450 terra:
3247 2408 3568 2454 tractamus.

1992 2480 2184 2546 Agitur
2226 2481 2374 2536 enim
2411 2482 2465 2536 in
2501 2483 2601 2539 hoc
2650 2485 2794 2549 loco,
2824 2487 2968 2557 quod
3000 2504 3123 2542 cum
3166 2489 3286 2545 dies
3326 2505 3572 2544 resurre-

1993 2568 2194 2626 ctionis
2239 2573 2540 2638 advenerit,
2574 2575 2882 2646 ubicunque
2932 2577 3187 2634 [neritos
3232 2595 3412 2634 meum
3454 2599 3468 2636 :
3515 2592 3571 2637 et

1995 2660 2042 2716 si
2081 2649 2432 2718 inferioribus
2465 2673 2626 2720 terrze
2661 2667 2826 2722 fuerit
2862 2669 3167 2725 substantia
3205 2689 3346 2737 mea,
3377 2674 3573 2742 imper-

1996 2755 2188 2824 fectum
2215 2772 2388 2810 meum
2421 2758 2663 2814 videbunt
2711 2761 2853 2816 oculi
2885 2764 2985 2828 tui,
3035 2765 3162 2834 quia
3195 2767 3314 2820 solo
3346 2776 3570 2836 aspectu

1996 2847 2279 2902 oculorum
2316 2858 2538 2905 tuorum
2565 2864 2846 2920 exsurget.
2878 2855 2932 2908 lu
2959 2856 3098 2911 libro
3129 2859 3276 2911 enim
3327 2873 3571 2914 resurre-

1996 2939 2193 2994 ctionis
2224 2942 2318 3010 qui
2349 2943 2463 2996 nati
2492 2953 2621 2997 sunt
2641 2945 2960 3000 scribuntur
2982 2958 3254 3017 quotquot
3283 2951 3347 3004 de
3375 2951 3460 3005 die
3505 2952 3561 3005 in

1997 3032 2139 3087 diem
2171 3035 2586 3103 formabuntur:
2617 3047 2664 3091 et
2692 3056 2842 3093 nemo
2874 3050 2952 3094 est
2988 3043 3044 3094 in
3073 3044 3166 3106 eis,
3192 3042 3283 3110 qui
3323 3042 3394 3096 ibi
3436 3044 3573 3097 serio

1999 3135 2122 3192 ptus
2152 3142 2262 3180 non
2293 3128 2387 3182 sit.
2427 3129 2483 3184 lit
2516 3146 2621 3200 quo
2649 3132 2789 3186 libro
2823 3134 2952 3186 mihi
2989 3148 3093 3188 non
3142 3145 3268 3189 sunt
3299 3135 3350 3187 in
3385 3151 3572 3189 amore

1999 3227 2055 3272 et
2104 3220 2328 3285 honore,
2363 3221 2464 3276 nisi
2523 3227 2620 3278 soli
2674 3228 2830 3279 amici
2859 3228 2959 3291 tui,
2992 3226 3133 3280 Deus
3171 3245 3186 3282 :
3231 3229 3387 3282 nimis
3425 3231 3570 3284 enim

1998 3313 2328 3381 confortatus
2355 3325 2431 3367 est
2463 3317 2786 3383 principatus
2815 3336 3017 3374 eorum.
3049 3319 3332 3388 Siquidem
3361 3322 3577 3390 partici-

2001 3420 2096 3472 pes
2127 3418 2222 3459 eos
2249 3408 2325 3461 tui
2350 3410 2535 3463 aeterni
2562 3411 2772 3478 imperii
2804 3414 3156 3480 repromittis.
3184 3414 3298 3467 Nec
3325 3416 3568 3470 haeretici

1999 3500 2251 3554 audiendi
2281 3511 2406 3555 sunt
2438 3505 2528 3571 qui
2552 3503 2738 3558 dicunt
2769 3524 2780 3560 :
2815 3505 2934 3559 Non
2967 3507 3153 3561 debuit
3180 3509 3412 3562 mundus
3438 3509 3569 3562 sub-

2001 3589 2195 3645 sistere
2227 3607 2323 3658 per
2376 3609 2522 3658 eum,
2555 3595 2647 3662 qui
2703 3599 2964 3666 praescius
3007 3609 3128 3653 erat
3175 3600 3425 3654 homines
3478 3616 3574 3668 per

2000 3694 2219 3750 peccata
2245 3695 2300 3737 et
2327 3686 2532 3739 scelera
2571 3704 2667 3742 sua
2697 3689 2762 3741 ad
2786 3700 3050 3744 a-ternum
3095 3693 3358 3758 gehennae
3382 3691 3572 3746 incen-

2002 3777 2150 3829 dium
2179 3777 2556 3833 destinandos.
2584 3778 2639 3832 Si
2661 3781 2804 3833 enim
2830 3782 2901 3834 ita
2931 3783 3132 3850 putetis
3157 3783 3270 3835 ﬁeri
3297 3784 3570 3848 debuisse,

2002 3869 2313 3923 consultum
2367 3872 2543 3939 magis
2593 3871 2700 3925 reis
2732 3872 3046 3939 judicabitis
3081 3889 3247 3942 quam
3303 3876 3512 3930 sanctis
3554 3893 3569 3932 :

2003 3963 2048 4014 si
2081 3964 2225 4015 enim
2259 3966 2489 4019 mundus
2523 3966 2716 4020 fuisset
2745 3983 2774 4018 a
2825 3982 2922 4020 suo
2973 3968 3203 4022 transitu
3248 3966 3570 4031 revocatus.

2003 4055 2183 4107 tmllus
2208 4055 2399 4109 fuisset
2430 4065 2748 4111 sanctormn
2782 4057 3051 4127 particeps
3085 4060 3237 4129 regni
3270 4078 3283 4113 :
3335 4072 3389 4116 et
3440 4062 3569 4116 dum

2002 4147 2385 4216 providebatur
2439 4148 2620 4215 malis,
2657 4165 2723 4203 ne
2776 4150 2844 4204 ad
2896 4150 3177 4206 interitum
3229 4154 3572 4220 devenirent,

2000 4252 2055 4295 et
2085 4253 2142 4294 ut
2173 4258 2278 4297 non
2310 4243 2552 4310 perirent
2588 4258 2683 4313 pro
2737 4245 2928 4298 merito
2955 4261 3057 4301 suo
3094 4249 3241 4312 muli,
3280 4250 3421 4304 hanc
3447 4252 3571 4306 boni

2001 4336 2344 4403 accipiebant
2392 4338 2743 4402 sententiam,
2799 4353 2866 4393 ne
2903 4343 2984 4393 vel
3019 4342 3369 4409 temporalem
3405 4345 3570 4397 titan:

2002 4429 2368 4496 susciperent,
2412 4429 2606 4498 quibus
2642 4429 2942 4484 debebatur
2977 4439 3201 4486 azterna.
3236 4432 3345 4486 Nos
3391 4449 3570 4489 autem

317 4511 552 4562 iaciunt.
579 4510 859 4578 Siquidem
887 4519 942 4563 et
973 4508 1101 4562 forte
1131 4524 1342 4572 omnes,
1383 4510 1474 4562 Sed
1507 4520 1562 4562 et
1595 4509 1892 4577 noctivaga:
1926 4523 1971 4576 Ι)
2003 4535 2126 4573 cum
2159 4520 2446 4588 propheta,
2475 4521 2810 4590 gaudeamus
2842 4537 2964 4576 cum
3004 4526 3212 4579 sanctis
3259 4526 3372 4587 Dei,
3407 4515 3575 4595 atque

316 4602 516 4656 bestia:
563 4606 799 4656 noctium
844 4603 1046 4654 nullum
1105 4602 1385 4669 patiuntur
1438 4603 1752 4656 obscurum.
1787 4603 1894 4656 Sed

317 4707 374 4749 et
398 4709 530 4748 aves
559 4706 686 4748 sunt
717 4710 837 4763 qua:
860 4695 912 4746 in
942 4696 1193 4748 noctiims
1219 4693 1424 4768 volant.
1459 4692 1609 4748 Unde
1633 4695 1894 4749 docemur

311 4798 515 4841 natura
540 4788 727 4840 oculos
751 4803 858 4839 non
902 4789 1083 4838 omnia
1121 4788 1378 4840 anintalia
1410 4802 1438 4839 a
1472 4785 1738 4864 Creatore
1796 4787 1895 4842 hos

311 4894 450 4933 esse
493 4879 704 4943 sortita,
767 4890 822 4930 ut
872 4879 922 4930 in
985 4881 1222 4933 tenebris
1275 4880 1458 4932 videre
1496 4894 1601 4932 non
1662 4878 1890 4947 possint:

309 4973 465 5026 Deus
488 4988 634 5026 enim
666 4976 732 5027 ad
763 4973 1003 5039 requiem
1036 4972 1322 5025 hominum
1370 4981 1558 5027 noctes
1607 4971 1841 5025 instituit
1878 4989 1892 5025 :

310 5077 374 5117 nt
412 5066 749 5133 generalium
786 5066 1037 5119 humana:
1084 5068 1265 5134 quiete
1299 5075 1485 5134 posset
1513 5080 1632 5118 esse
1679 5064 1893 5118 consul-

309 5167 458 5210 tum.
498 5157 671 5224 ipsius
703 5174 831 5228 ergo
860 5168 986 5212 sunt
1021 5160 1276 5219 tenebrae,
1301 5159 1454 5224 cujus
1482 5166 1566 5211 est
1597 5160 1707 5220 lux,
1751 5157 1894 5224 quod

305 5248 649 5302 Manichacus
695 5260 879 5318 negat.
942 5249 1058 5318 Ipse
1091 5254 1254 5303 etiam
1312 5258 1530 5303 eruatur
1597 5262 1893 5315 corporum

305 5351 653 5405 nostrorum,
693 5352 884 5395 contra
922 5345 1064 5411 quod
1096 5351 1326 5410 suseipit
1350 5342 1448 5419 cui
1470 5341 1582 5409 LAI.
1626 5337 1890 5419 qui]_im-

301 5435 590 5503 pwnitens
629 5435 822 5490 Petrus
854 5436 1072 5489 dicitur.
1427 5416 1448 5419 ἡ
1757 5416 1774 5422 ’

379 5526 500 5582 XII.
531 5527 606 5581 Tu
627 5528 908 5594 possedisti
965 5545 1112 5583 renes
1170 5545 1333 5592 nteos,
1363 5531 1453 5598 qui
1491 5530 1770 5596 suscepisti
1813 5544 1892 5580 me

298 5625 366 5676 de
394 5633 549 5674 utero
581 5623 764 5674 matris
791 5636 936 5675 mete.
975 5620 1127 5675 Sicut
1155 5623 1299 5676 enim
1334 5624 1386 5676 in
1424 5637 1520 5675 ore
1555 5623 1680 5675 dtnn
1714 5619 1892 5687 loqui-

309 5731 472 5774 mur,
501 5725 556 5766 et
601 5716 652 5765 in
713 5729 876 5782 Opere
936 5717 1063 5768 dum
1107 5716 1288 5785 aliqua
1338 5731 1647 5784 operatuur,
1707 5715 1892 5769 cordis

305 5806 496 5860 μυθιτί
526 5807 756 5875 cogitata
815 5809 1196 5864 ostendimus:
1248 5810 1322 5863 ita
1377 5813 1517 5878 quod
1552 5811 1886 5879 cogitamus,

1632 5972 1654 5996 \

1999 4627 2124 4666 cum
2157 4613 2404 4681 apostolo
2454 4612 2616 4668 Petro
2652 4615 2830 4683 dignis
2868 4615 3174 4671 honoribus
3205 4621 3412 4673 amicos
3474 4624 3573 4675 Do-

2002 4706 2132 4759 tnini
2193 4705 2542 4760 recordemur
2577 4723 2592 4761 :
2626 4723 2857 4775 quorum
2901 4719 3083 4764 tantus
3138 4721 3227 4765 est
3284 4729 3571 4774 numerus.

2001 4806 2058 4851 nt
2090 4814 2254 4868 super
2280 4814 2503 4853 arenam
2540 4799 2889 4866 multiplicati
2911 4815 3035 4857 esse
3071 4815 3392 4859 noscantur.
3429 4807 3568 4871 Quid

2000 4901 2177 4944 autem
2208 4891 2310 4944 erit
2345 4891 2389 4944 si
2433 4892 2646 4946 occidat
2676 4890 2939 4947 Dominus
2966 4905 3281 4963 peccatores
3310 4915 3324 4951 :
3355 4901 3570 4953 occidat

1999 4982 2306 5046 Neronem;
2346 4994 2400 5036 ct
2433 4995 2553 5052 post
2585 4999 2708 5038 eum
2739 4999 2929 5041 onmcs
2965 4989 3112 5042 viros
3166 4991 3565 5058 sanguinarios,

2000 5074 2090 5138 qui
2116 5085 2335 5128 sanctos
2370 5072 2583 5128 Domini
2619 5077 2975 5131 occiderunt?

2070 5162 2213 5218 XIV.
2245 5164 2303 5220 Si
2339 5175 2601 5226 vestrum,
2636 5183 2668 5220 ο
2702 5169 2963 5228 haeretici,
3003 5169 3147 5224 Deus
3177 5180 3320 5225 esset
3344 5182 3572 5228 secutus

2000 5256 2311 5318 consilium,
2360 5272 2462 5309 nec
2492 5259 2735 5325 perirent
2761 5258 2903 5313 Nero
2936 5272 3030 5314 aut
3063 5261 3449 5330 Diocletianus,
3483 5269 3569 5321 vel

2000 5347 2179 5402 ca-teri
2247 5349 2622 5403 interfectores
2655 5363 2988 5414 sanctorum,
3036 5369 3134 5406 nec
3172 5355 3388 5410 fecisset
3434 5374 3571 5427 apo-

1999 5441 2190 5504 smlos,
2218 5457 2316 5494 nec
2344 5454 2606 5511 martyres
2629 5445 2800 5506 nasci,
2823 5458 2967 5500 esset
2990 5462 3086 5512 par
3112 5446 3375 5515 judicium
3405 5449 3568 5517 justis

1998 5549 2053 5588 et
2102 5534 2338 5602 injustis,
2386 5547 2441 5588 et
2489 5553 2681 5592 omnes
2735 5554 2843 5592 una
2889 5541 3228 5607 praeveniens
3272 5544 3569 5608 sententia,

1999 5643 2094 5693 per
2123 5644 2283 5695 quam
2316 5643 2508 5682 ouines
2534 5629 2847 5684 viderentur
2882 5642 3010 5684 ante
3045 5633 3219 5700 puniti
3243 5651 3404 5703 quam
3433 5637 3571 5692 nati.

1999 5718 2105 5771 Sed
2131 5734 2245 5782 vos,
2281 5736 2310 5773 ο
2348 5720 2444 5771 tiri
2477 5724 2825 5789 sanguinum,
2874 5722 3146 5776 declinato
3177 5741 3205 5776 a
3241 5727 3422 5786 nobis,
3477 5727 3574 5791 qui

1999 5808 2198 5872 dicitis,
2234 5810 2360 5877 quia
2395 5824 2446 5860 In
2479 5824 2675 5863 Vanum
2728 5823 3057 5882 acceperunt
3087 5814 3341 5871 civitates
3398 5829 3524 5868 was
3553 5829 3576 5868 ζ
