4004 6192
423 304 530 367 $39
1350 305 1412 368 S.
1454 301 1904 366 IIIERONYMI
1945 301 2263 365 OPEliUM
2310 303 2716 365 MANTISSA.
3556 302 3667 369 233

419 418 518 472 hoc
547 429 657 485 est,
682 419 799 476 sine
832 433 994 475 causa
1024 425 1149 474 sunt
1179 421 1437 475 mortales
1463 418 1644 479 eﬂ'ecti
1684 436 1699 470 :
1727 428 1783 473 et
1812 417 1990 472 omnia
2021 419 2070 477 Α
2121 433 2152 470 n
2189 418 2273 492 bis
2325 417 2462 473 falso
2524 419 2778 491 ascriptis
2818 418 3021 477 llieron
3040 436 3182 492 ymo.
3225 424 3315 491 qui
3371 420 3669 492 dictionem

419 527 539 587 culp
578 515 777 566 mundo
813 520 1061 581 pereunt,
1091 519 1146 565 ct
1177 526 1274 579 par
1304 522 1390 566 est
1422 512 1535 579 ipsa
1574 511 1832 580 perditio.
1868 510 1986 564 Non

418 616 497 658 est
544 604 638 670 ita,
668 620 858 660 omnes
890 605 1034 657 enim
1087 603 1138 657 in
1190 603 1332 657 libro
1374 604 1562 673 scripti
1598 613 1745 678 sunt,
1800 618 1990 657 omnes

419 708 709 768 resurgant
757 697 894 755 :sed
953 696 1076 751 aliis
1107 695 1324 750 dabitur
1371 695 1503 749 odor
1561 694 1684 748 vitae
1721 694 1775 748 iu
1828 684 1990 747 vitam

418 804 700 856 aeternam,
730 791 850 847 aliis
878 792 1028 846 odor.
1058 792 1252 847 monis
1286 789 1340 844 in
1378 798 1609 843 mortem
1646 798 1991 857 perpetuam,

417 885 507 941 ubi
537 885 823 939 devenient
850 884 902 939 hi
926 884 1126 955 quibus
1149 883 1383 939 dicitur:
1418 880 1605 935 Nonne
1643 882 1732 950 qui
1769 880 1991 933 oderunt

420 987 490 1039 te,
522 976 690 1039 Deus,
724 977 846 1030 odio
883 975 1063 1039 habui,
1096 983 1143 1028 et
1169 990 1325 1043 super
1352 975 1586 1028 inimicos
1617 982 1733 1025 tuos
1758 972 1992 1025 tabesco.

419 1070 583 1124 bam?
628 1067 765 1124 Ηωσ
802 1069 999 1122 Petrus
1035 1065 1298 1135 loquitur,
1343 1076 1398 1121 et
1456 1063 1700 1119 Ecclesia
1737 1064 1792 1116 in
1835 1061 1994 1116 Petro

420 1163 775 1229 pronuntiat:
824 1159 1064 1228 Perfecto
1097 1159 1218 1213 odio
1243 1158 1458 1211 oderam
1510 1157 1655 1217 illos.
1688 1167 1738 1210 et
1789 1156 1995 1209 inimici

421 1257 545 1324 facti
591 1264 712 1308 sunt
743 1254 894 1307 milii.
933 1253 995 1304 Et
1023 1252 1110 1305 his
1148 1251 1269 1304 ideo
1300 1248 1798 1310 anathentatizatis,
1830 1246 1994 1314 proba

419 1360 520 1406 me,
554 1343 793 1407 Domine,
820 1351 870 1395 et
895 1343 1022 1395 scito
1048 1357 1141 1393 tor
1165 1355 1360 1401 meum,
1394 1338 1523 1408 quid
1550 1339 1618 1393 de
1653 1349 1704 1393 te
1736 1339 1989 1399 sentiam,

420 1434 545 1501 quiti
577 1433 646 1486 de
677 1446 732 1487 te
761 1434 979 1486 credam
1013 1448 1026 1483 ι
1069 1431 1337 1498 interroga
1382 1445 1483 1493 me,
1514 1436 1566 1482 et
1611 1428 1742 1484 scito
1775 1428 1993 1481 semitas

2097 489 2332 560 eandem
2355 500 2516 560 atque
2541 489 2814 556 iugo-num
2839 489 3137 553 rcdutvaut,
3172 489 3412 560 episcopi
3437 491 3669 547 scilicet.

2098 558 2419 611 monasticis
2484 558 2751 613 institutis
2804 577 2833 612 a
2905 576 3076 627 puero
3130 558 3458 621 iinbttti,‘nc
3506 575 3671 625 porro

2098 636 2288 682 sancte
2339 628 2594 695 populum
2654 630 2757 683 sibi
2809 631 3081 684 creditum
3114 630 3467 685 instituentis.
3500 629 3675 683 Nimis

2097 696 2326 766 proinde
2359 707 2564 750 temere
2607 696 2892 762 Erasmus,
2935 703 3078 753 hunc
3118 709 3438 762 tractatum,
3467 711 3524 753 ut
3556 714 3622 754 su
3644 715 3674 750 c

2100 766 2272 833 magis
2299 767 2770 833 tttodestiaamuant
2800 767 2945 821 illius
2983 768 3162 823 meriti
3198 770 3467 822 rationem
3502 770 3669 820 halte-

2098 844 2203 894 ret,
2235 835 2288 888 in
2318 836 2421 889 hoc
2447 837 2523 889 ait
2545 851 2603 890 se
2631 838 2824 891 ordine
2848 837 3161 893 retinuisse.
3217 836 3279 891 S.
3308 838 3548 893 Isidorus
3578 836 3674 889 Hi-

2096 904 2361 978 spalensis
2396 906 2625 978 ttiittitne
2679 906 2919 971 erubuit,
2968 909 3236 978 integrum
3260 915 3424 978 caput
3450 907 3521 978 2i
3570 905 3673 978 Ec-

2097 975 2442 1095 clesilpsticor.
2475 974 2708 1043 Oﬂicior.
2741 991 2806 1029 es
2840 994 2906 1030 c0
2944 974 3168 1032 totidem
3202 974 3533 1032 lem'verbis
3574 977 3674 1031 de-

2097 1057 2204 1095 scrt
2247 1058 2358 1095 ere.

2095 1057 2358 1097 sertuere.

2596 1124 2934 1182 EPISTOLA
2998 1127 3188 1192 XXXI,

2218 1257 2314 1296 SEU
2346 1256 2656 1297 TRACTLTUS
2680 1257 2748 1296 οε
2777 1257 3171 1299 οβεειιινλτιοιιε
3202 1257 3533 1300 νιςιιυιιιωι.

2168 1354 2402 1427 Dignum
2428 1365 2511 1412 est
2538 1356 2579 1421 ¹,
2608 1355 2832 1421 fratrea,
2861 1366 3157 1426 aptumque
3205 1368 3453 1428 prorsus,
3503 1357 3668 1413 satis-

2097 1460 2203 1516 que
2224 1436 2561 1502 conveniens
2600 1449 2668 1503 de
2706 1449 2921 1502 Sanctis
2954 1445 3168 1518 Vigiliis
3194 1462 3344 1504 nunc
3395 1447 3583 1504 dicere
3614 1460 3671 1503 et

638 1516 708 1579 έει
731 1524 828 1579 um
856 1522 1171 1579 ευιιεείιυάο
1200 1523 1266 1576 de
1295 1520 1682 1613 Ecclesium.
1706 1526 1759 1613 ςι
2098 1500 2340 1608 iam...
2367 1500 2674 1594 autem}.
2718 1500 2983 1609 4......
3006 1500 3671 1610 suasuaagaia;
3710 1500 3723 1613 ξ
3780 1540 3791 1549 -

418 1619 521 1674 bus
548 1618 676 1683 tuis,
705 1626 760 1673 et
783 1619 848 1672 dc
882 1617 1192 1685 pastoribus
1220 1614 1332 1668 tuis
1358 1630 1373 1668 :
1399 1621 1449 1667 et
1480 1611 1595 1667 uide
1625 1614 1669 1664 si
1693 1609 1990 1679 via‘iniqui—

2098 1641 2188 1687 tur
2218 1645 2247 1685 a
2290 1630 2567 1686 sollicitis.
2598 1629 2714 1686 Nos
2755 1647 2884 1687 ecce
2912 1641 2999 1686 est
3048 1631 3224 1701 caligo
3247 1633 3515 1702 corporis,
3551 1648 3671 1703 qua:

420 1712 543 1763 tutis
588 1711 641 1763 in
683 1724 766 1761 me
806 1718 909 1762 est.
973 1705 1072 1761 Via
1123 1704 1427 1775 iniquitatis
1462 1703 1708 1758 diabolus
1764 1713 1868 1768 est,
1898 1700 1990 1770 qui

2101 1674 2177 1687 ..η
2218 1674 2247 1685 ..
2290 1674 2567 1686 -......,...-.
2598 1674 2714 1686 -.....
2756 1674 2884 1687 νυν..
2916 1674 2999 1686 ν-.
3050 1674 3222 1701 --πον
3248 1674 3515 1702 --.γυνη
3551 1674 3671 1703 ν...

2103 1739 2209 1779 ιιοιι
2259 1726 2436 1780 solum
2469 1726 2744 1791 nomines,
2772 1724 2866 1779 sed
2896 1726 3060 1781 etiam
3088 1735 3319 1780 cunctos
3350 1739 3545 1779 somno
3584 1725 3673 1779 de-
3716 1674 3761 1744 ι’

421 1816 476 1854 se
531 1801 595 1854 ad
653 1799 1038 1853 ambulandum
1097 1798 1148 1851 itt
1231 1813 1296 1850 ea
1365 1796 1661 1850 incredulis
1711 1802 1765 1847 et
1828 1795 2000 1848 haere-

421 1894 543 1947 ticis
595 1895 816 1961 prwbet.
880 1888 946 1947 Et
994 1889 1139 1956 vide,
1204 1890 1400 1958 inquit,
1449 1888 1502 1941 in
1552 1888 1750 1957 populo
1783 1896 1894 1947 tuo,
1924 1900 1995 1941 ne

420 1984 490 2037 sit
530 1982 726 2053 aliquis
801 1983 854 2036 in
911 1996 1017 2051 quo
1070 1982 1155 2035 via
1217 1979 1519 2047 iniquitatis
1577 1980 1680 2031 iter
1718 1977 1996 2031 erroribus

422 2077 659 2145 prmbeat
698 2093 711 2130 :
748 2074 1157 2143 excludensque
1183 2072 1324 2126 viam
1358 2071 1683 2142 ittitptitatis,
1710 2070 1877 2125 deduc
1914 2084 1995 2123 me

420 2170 473 2222 in
505 2168 667 2221 vitam
700 2175 951 2221 wternam
990 2163 1160 2236 (Psal.
1191 2177 1455 2228 cxxxvttt,
1498 2161 1652 2238 7-24)
1679 2180 1695 2228 ;
1728 2173 1797 2215 ut.
1825 2172 1996 2232 porta:

421 2258 617 2313 mortis
667 2265 723 2312 et
767 2256 927 2311 inferi
970 2270 1079 2310 non
1112 2253 1440 2324 praevaleant
1495 2250 1655 2315 mihi,
1692 2249 1993 2305 secundum

418 2352 641 2405 verbum
689 2360 863 2415 tuum,
897 2348 1126 2404 Domine
1146 2346 1277 2402 Jesu
1303 2344 1551 2409 Christe,
1595 2344 1686 2413 qui
1719 2358 1909 2411 regnas
1940 2344 1993 2396 in

420 2441 617 2494 stecula
653 2439 999 2495 sucularum.
1035 2438 1230 2492 Amen.

525 2593 848 2651 MONITUM
898 2593 965 2649 ΙΝ
1014 2591 1405 2650 EPISTOLAM
1435 2589 1883 2658 SEQUENTEM.

492 2706 670 2770 llunc,
712 2706 953 2778 perinde
992 2716 1155 2776 atque
1208 2708 1445 2761 nondum
1500 2714 1659 2778 antea
1692 2703 1991 2774 vulgatum,

421 2775 804 2832 Dacherius'in
864 2775 1158 2847 Spicilegio
1208 2791 1453 2830 Veterum
1494 2775 1819 2847 scriptorum
1854 2786 1986 2829 tom.

423 2863 506 2912 ιιι,
528 2864 594 2903 ex
628 2844 1093 2917 Sangermanensi
1116 2847 1340 2915 optima:
1364 2854 1504 2917 uota:
1528 2844 1628 2917 ms.
1667 2844 1986 2917 Tractatum

425 2918 594 2972 edidit
630 2933 646 2972 :
686 2914 788 2970 nec
844 2914 1369 2981 animadverterunt,
1404 2914 1609 2983 jamdiu
1667 2916 1798 2968 olim
1850 2914 1992 2969 inter

423 2990 561 3043 lalso
609 2987 877 3056 ascriptos
907 2985 1239 3056 Hieronymo
1295 2986 1502 3050 haberi,
1545 2985 1636 3053 qui
1692 2984 1988 3038 Dacheria-

422 3074 547 3111 nam
577 3055 954 3111 collectionem
1002 3055 1345 3125 postmodum
1392 3064 1821 3125 recognoverunt
1846 3055 1979 3109 socii

419 3126 780 3183 Benedictiui.
815 3127 907 3179 Est
933 3136 1115 3179 autem
1148 3124 1222 3178 ibi
1253 3124 1464 3192 aliquot
1500 3124 1658 3187 locis,
1687 3125 1980 3192 autiquarii

419 3200 729 3259 oscitantia,
761 3195 1001 3259 mutilus,
1047 3206 1240 3249 cartera
1277 3210 1381 3246 non
1436 3194 1849 3255 inemendatus;
1885 3195 1980 3248 sed

422 3267 551 3320 illud
585 3283 709 3321 t'ttltt
743 3265 1095 3333 printisliette
1117 3264 1300 3327 habet,
1330 3265 1568 3333 quodex
1588 3263 1796 3333 “titulo,
1823 3279 1981 3330 quem

382 3338 641 3404 .praefet't
695 3331 754 3388 in
787 3349 889 3388 ms.
924 3331 1126 3387 Nicetii
1173 3333 1405 3402 τρίβει)ρὶ
1460 3332 1541 3404 de,
1585 3331 1782 3399 Vigiliis
1810 3348 1986 3385 servo-

420 3403 539 3459 rum
593 3404 710 3469 Dei,
770 3419 955 3457 verum
1022 3404 1143 3473 ejus
1190 3415 1473 3473 auctorem
1535 3403 1981 3460 interuoScitnus.

419 3474 667 3529 Nicetius
728 3474 814 3527 hic
878 3471 1071 3541 nempe
1132 3483 1217 3527 est
1276 3471 1621 3526 Trevir-ensis
1669 3473 1980 3540 episcopus,

420 3561 582 3614 quem
654 3541 882 3596 summis
942 3540 1191 3614 laudibus
1256 3553 1656 3614 prosequmttur
1729 3543 1984 3614 Sidonius

419 3612 769 3682 Apollinaris,
797 3613 1128 3682 cjttsietiatn,
1151 3624 1205 3664 ιιι
1234 3618 1443 3682 Volunt,
1473 3612 1732 3682 allittitatc
1754 3612 1984 3682 conjun-

422 3678 566 3750 ct'us,
612 3684 740 3737 l'uw
771 3683 870 3736 SS.
912 3681 1144 3735 Patrum
1175 3697 1297 3750 cap.
1333 3681 1397 3732 i7
1426 3696 1442 3746 ;
1483 3680 1778 3750 Gregorius
1809 3678 1983 3750 Turo-

420 3747 604 3810 nensis
636 3756 733 3808 lib.
768 3769 797 3806 ι
834 3751 1091 3806 Historia:
1123 3747 1491 3815 Francorum;
1531 3747 1826 3802 Vcitantius
1850 3747 1983 3802 For-

424 3834 663 3887 tunatus,
713 3824 806 3876 lib.
843 3838 926 3884 ιιι,
977 3825 1220 3875 carmine
1259 3822 1316 3884 9,
1350 3833 1508 3889 atque
1548 3822 1637 3872 alii
1676 3836 1691 3873 :
1746 3830 1984 3889 etcinus

421 3898 636 3948 demum
661 3896 712 3947 in
744 3892 1126 3960 Martyrologio
1146 3890 1388 3944 Romano
1418 3888 1609 3960 Sancta
1633 3892 1699 3943 ad
1720 3889 1750 3940 7
1782 3888 1986 3960 Janua-

422 3967 486 4018 rii
518 3964 800 4019 meritoria.
832 3959 1019 4017 Eidem
1054 3972 1217 4014 etiam
1244 3978 1296 4014 tu
1327 3961 1449 4013 aliis
1482 3959 1753 4013 Vaticana:
1794 3959 1985 4011 biblio-

424 4035 851 4088 thecaelandatts
881 4032 1162 4084 llolsteuto
1211 4046 1276 4084 ac
1317 4030 1610 4082 Sirmoudo
1647 4033 1983 4083 membranis

420 4105 715 4159 ascribitur
753 4118 767 4156 :
803 4102 1017 4153 tametsi
1050 4098 1252 4170 Nic-eia:
1287 4113 1385 4170 pro
1416 4095 1635 4170 Nicetii,
1671 4098 1753 4151 vel
1783 4114 1983 4153 evane-

419 4174 702 4227 scentibus
759 4180 1022 4224 vetustate
1076 4169 1299 4230 litteris,
1346 4169 1429 4222 vcl
1479 4183 1545 4221 ex
1602 4177 1981 4237 praeconcepta

418 4244 711 4312 Opinione,
746 4241 978 4312 legerint
1018 4238 1108 4312 ibi
1161 4238 1515 4312 eruditissimi
1575 4238 1738 4312 _viri:
1792 4252 1884 4312 qut
1929 4246 1986 4289 et

420 4306 703 4380 designari
722 4306 992 4380 celi-breui
1017 4308 1162 4380 illum
1186 4306 1431 4380 Nicetqu
1462 4307 1746 4380 Daciarum
1769 4306 1982 4374 episco-

422 4377 573 4451 pum,
608 4383 804 4449 smpius
831 4393 861 4431 ιι
887 4379 945 4431 ὃ.
978 4377 1203 4430 l’auliuo
1228 4379 1525 4451 laudatum,
1556 4378 1980 4451 arbitratiqsnut.

419 4447 536 4510 Jaut
581 4447 777 4521 praeter
808 4463 1102 4521 somniant
1125 4449 1346 4521 codicis
1374 4447 1862 4521 Sat‘tgerutanensis
1890 4463 1986 4499 an-
2022 4456 2066 4511 ι)

419 4517 751 4583 ctoritatem,
770 4520 908 4589 ejus,
929 4534 1089 4588 quem
1106 4518 1439 4578 dicebamus,
1454 4517 1648 4571 Nicetii
1671 4532 1989 4587 germanum

419 4595 569 4648 hunc
598 4593 767 4645 letum
803 4605 951 4653 esse,
980 4590 1213 4643 suadent
1240 4592 1406 4641 etiam
1440 4589 1561 4641 duae
1618 4590 1857 4654 ejusdem
1906 4589 1993 4640 in-

419 4666 601 4733 signes
633 4662 876 4729 epistola:
920 4660 987 4733 in
1036 4656 1296 4733 Consiliis
1317 4654 1505 4712 Gallia:
1544 4657 1612 4733 ad
1663 4672 1836 4712 annos
1886 4656 1994 4712 565

419 4727 598 4789 et'565
627 4727 850 4795 relatae;
881 4732 1046 4782 altera
1079 4734 1143 4783 ad
1165 4727 1530 4781 Justinranum
1582 4728 1990 4794 imperatorem,

418 4806 588 4858 altera
640 4804 708 4855 ad
758 4801 1182 4856 Ctodosviudatn
1234 4799 1459 4850 Clotarii
1514 4798 1701 4858 tiliam,
1752 4800 1992 4866 itemque

419 4872 562 4927 alius
601 4881 871 4927 tractatus
910 4873 977 4924 de
1012 4868 1332 4923 Psalmodt’w
1379 4868 1514 4921 licito
1547 4868 1870 4934 inscriptus,
1902 4868 1995 4935 qui

419 4944 666 4997 eumdem
688 4956 912 4995 mnnttto
941 4946 1162 5009 stylunt,
1194 4941 1522 5002 doctrinam,
1550 4947 1604 4990 et
1632 4950 1820 5004 pectus
1853 4942 1997 4990 relc-

422 5026 566 5069 ruut.
608 5010 747 5066 Sunt
787 5028 949 5081 porro
980 5020 1095 5075 alti,
1136 5024 1191 5062 ut
1213 5025 1343 5063 vere
1373 5021 1518 5076 quod
1571 5016 1751 5060 sentio
1789 5009 1989 5071 dicunt,

493 5222 508 5251 ί
539 5219 711 5275 Penes
761 5215 1106 5279 Dacheriutn,
1138 5214 1289 5268 Bona
1312 5225 1358 5266 et
1386 5212 1547 5282 digna
1570 5222 1615 5265 et
1641 5222 1832 5265 sancta
1883 5229 1988 5273 res.

418 5300 467 5344 et
492 5302 618 5359 apta
638 5303 878 5356 prorsus;
897 5300 951 5342 et
979 5303 1125 5350 mox,
1155 5286 1408 5359 Con{_e_rre
1430 5298 1742 5347 sermonem,
1775 5288 1988 5350 quando

420 5351 540 5429 ipsi
571 5351 870 5413 lucubratio
899 5360 1139 5430 geritur;
1170 5365 1245 5418 et,
1270 5351 1394 5406 No.1:
1421 5368 1561 5406 ctera
1594 5362 1691 5417 est,
1725 5362 1773 5404 et
1814 5368 1992 5407 neces-

419 5447 564 5484 saria
598 5434 770 5500 caligo
808 5430 1142 5498 corporibus,
1176 5435 1284 5481 etc.

494 5504 513 5532 ³
547 5502 688 5554 Duos
704 5492 1247 5554 vferute'vcrsus'ab.
1285 5493 1422 5563 Ergo
1450 5492 1588 5545 diem
1625 5507 1799 5561 usque
1848 5509 1992 5563 pra:-

421 5572 557 5624 stitit
591 5587 683 5638 qut
713 5572 994 5635 deceraut,
1017 5583 1081 5622 et
1117 5562 1458 5620 Dachertaua
1510 5564 1749 5618 editione
1780 5562 1994 5617 sull'cci-

420 5657 561 5694 ιιιιιε.

492 5712 513 5742 ⁵
540 5715 622 5766 Ab
672 5714 755 5767 liis
796 5712 1000 5775 verbis,
1058 5712 1101 5764 Α
1144 5705 1449 5771 Salomone,
1498 5720 1665 5775 usque
1697 5707 1762 5760 ad
1804 5706 1995 5762 subse-

2101 1816 2239 1871 tinet
2268 1817 2579 1871 animantes
2610 1832 2626 1871 :
2660 1825 2720 1870 ut
2754 1815 3065 1871 reformatis
3089 1815 3203 1888 [ΑΙ.
3230 1813 3520 1888 reparatis]
3540 1816 3673 1869 viri-

2098 1910 2199 1965 bus
2233 1924 2329 1979 per
2353 1924 2635 1979 soporem,
2663 1909 2871 1977 pOSsittl
2896 1909 3123 1963 diurnos
3149 1910 3367 1965 labores
3395 1910 3672 1964 sustinere

2096 2001 2406 2069 vigilantes.
2436 1999 2618 2055 Bonus
2653 2001 2820 2065 Deus,
2862 2002 2955 2069 qui
2986 2001 3060 2054 ita
3096 2002 3396 2070 prospexit,
3437 2002 3509 2055 ita
3538 2016 3671 2056 con-

2096 2090 2295 2154 Stituit,
2321 2099 2379 2144 ιιι
2412 2091 2574 2146 homo
2594 2090 2844 2146 exiturus
2879 2090 2949 2144 ad
2978 2106 3108 2157 opus
3180 2106 3338 2145 suum
3368 2100 3421 2146 et
3452 2091 3523 2144 ad
3549 2107 3674 2162 ope-

2094 2182 2354 2235 rationem
2376 2196 2530 2235 suam
2550 2196 2714 2251 usque
2762 2183 2831 2234 ad
2859 2196 3129 2250 vesperam
3194 2180 3370 2252 (Psal.
3397 2194 3520 2248 ettt,
3552 2183 3672 2252 9.3),

2097 2275 2320 2329 haberet
2348 2274 2606 2329 vicariqu
2642 2283 2875 2343 tempus,
2906 2274 2964 2328 in
2988 2289 3095 2343 quo
3118 2289 3150 2329 a
3179 2274 3332 2330 duris
3362 2274 3667 2341 laboribus,

2092 2373 2151 2420 et
2192 2364 2359 2419 multa
2385 2362 2705 2434 fatigatione
2751 2366 3141 2435 requiesceret.
3194 2363 3340 2437 Ergo
3368 2365 3511 2421 diem
3547 2370 3569 2400 ³
3602 2369 3672 2423 ad

2093 2468 2249 2522 opus,
2294 2464 2511 2509 noctem
2552 2454 2680 2509 fecit
2711 2453 2780 2510 ad
2814 2457 3084 2526 requiem,
3112 2464 3171 2512 et
3223 2472 3321 2527 pro
3372 2459 3498 2522 hoc,
3531 2460 3676 2514 sicut

2094 2562 2194 2617 pro
2216 2546 2469 2602 omnibus
2490 2547 2696 2619 gratias
2730 2547 2994 2607 debemus
3026 2564 3187 2619 agere
3216 2549 3292 2604 illi
3328 2551 3420 2617 qui
3456 2560 3671 2618 praesti-

2095 2640 2183 2695 tit.
2217 2637 2478 2694 Novimus
2512 2648 2695 2694 autem
2726 2639 2925 2695 multos
2955 2640 3262 2706 hominum,
3290 2650 3348 2696 ut
3379 2651 3476 2695 aut
3496 2641 3675 2711 majo-

2094 2732 2244 2786 ribus
2272 2731 2387 2788 suis
2438 2730 2709 2802 placeant,
2763 2741 2859 2786 aut
2894 2733 2995 2787 sibi
3044 2733 3251 2801 aliquid
3318 2734 3672 2802 peculiariter

2094 2826 2325 2894 prosint,
2356 2825 2532 2878 noctis
2571 2824 2892 2893 particulam
2941 2830 3008 2880 ad
3052 2825 3270 2895 aliquod
3311 2841 3447 2897 opus
3478 2841 3669 2897 aegre.

2092 2930 2244 2986 gare;
2297 2915 2351 2970 id
2389 2930 2486 2985 pro
2515 2915 2665 2971 lucro
2708 2918 2933 2985 ducere,
2988 2918 3136 2987 quod
3163 2917 3325 2972 furati
3376 2920 3443 2972 de
3472 2932 3671 2985 sopore

2090 3021 2211 3072 suo,
2227 3008 2438 3076 operari
2462 3006 2756 3075 potuerint.
2782 3009 2821 3058 Δ
2843 3007 3133 3061 Salomone
3151 3007 3172 3039 ⁸
3198 3022 3324 3062 vero
3355 3006 3601 3062 laudatur
3619 3019 3676 3062 et

2008 3103 2052 3159 Ο
2085 3099 2284 3154 letnina
2309 3098 2490 3169 (Prov.
2524 3114 2674 3163 sui,
2702 3098 2916 3169 ill-51),
2936 3115 3058 3167 qua:
3090 3116 3255 3170 pensa
3274 3110 3327 3154 ct
3352 3099 3671 3162 [artiﬁcium

2087 3194 2153 3247 ad
2178 3188 2454 3248 lucernam
2485 3193 2771 3265 vigilanter
2804 3203 3048 3249 exercet.
3077 3193 3299 3247 Addidit
3321 3191 3491 3271 etiam
3523 3192 3669 3263 quod

2086 3296 2150 3337 es
2175 3281 2278 3336 hoc
2300 3283 2419 3337 laus
2448 3282 2564 3335 riro
2598 3281 2717 3351 ejus
2745 3283 2798 3337 in
2845 3283 3016 3351 portis
3063 3295 3117 3338 et
3147 3284 3317 3355 gloria
3348 3297 3543 3354 magna
3572 3300 3671 3339 na-

2086 3378 2293 3426 scatur.
2328 3369 2483 3437 Quod
2517 3372 2563 3427 si
2595 3372 2647 3426 in
2682 3371 2998 3426 carnalibus
3032 3371 3439 3436 instrumentis,
3494 3372 3550 3427 id
3586 3383 3673 3427 est

2089 3464 2279 3529 victui,
2312 3474 2407 3518 aut
2437 3465 2658 3519 vestitui
2708 3465 3057 3537 necessariis,
3084 3468 3177 3535 qui
3216 3466 3400 3536 vigilat
3438 3481 3544 3520 non
3580 3480 3671 3521 re-

2087 3556 2461 3625 prehenditur,
2488 3558 2596 3611 imo
2626 3557 2877 3611 laudatur
2910 3573 2924 3609 :
2961 3558 3150 3621 mirari
3176 3558 3197 3589 ⁸
3230 3574 3314 3613 me
3341 3558 3513 3613 lateor
3544 3574 3668 3615 esise
3708 3586 3713 3599 -

2086 3645 2333 3716 aliquos,
2383 3649 2474 3717 qui
2518 3662 2707 3703 sacras
2748 3646 2961 3717 vigilias
3014 3660 3122 3704 tam
3180 3652 3452 3720 spirituuli
3504 3668 3670 3718 opere

2088 3736 2440 3805 fruetuosas,
2498 3740 2884 3809 orationibus,
2960 3743 3178 3814 bytnuis
3232 3742 3671 3809 lectionibusque

2086 3828 2371 3897 fecundas,
2415 3842 2509 3886 aut
2557 3837 2861 3903 superﬂuas
2906 3836 3248 3897 existimant,
3292 3846 3387 3889 aut
3435 3836 3665 3899 otiosas,

2087 3931 2211 3983 aut,
2243 3922 2393 3987 quod
2436 3922 2520 3976 his
2542 3933 2630 3977 est
2662 3926 2924 3991 deterius,
2961 3927 3318 3993 importnitas.

2160 4010 2226 4065 ll.
2250 4011 2316 4085 IjJt
2340 4011 2557 4081 quidem
2586 4013 2629 4067 si
2653 4025 2781 4068 sunt
2827 4016 3076 4071 homines
3106 4034 3135 4070 a
3175 4016 3435 4085 religione
3469 4028 3665 4071 nostra

2089 4072 2277 4166 alicui:
2308 4103 2398 4173 qui
2430 4103 2535 4159 ista
2580 4106 2660 4160 sic
2687 4110 2951 4172 sentiunt,
2998 4124 3106 4162 non
3158 4118 3241 4162 est
3269 4109 3487 4163 mirum.
3514 4108 3667 4174 Quo-

2090 4195 2250 4249 tuodo
2273 4197 2421 4250 enim
2449 4196 2692 4267 profanis
2731 4199 2982 4269 religiosa
3012 4201 3225 4269 placere
3253 4201 3525 4270 possunt?
3549 4201 3673 4268 qui-

2089 4286 2189 4340 bus
2230 4288 2276 4342 si
2322 4290 2618 4356 placerent,
2673 4292 2843 4345 nostri
2890 4304 3119 4347 essent:
3158 4294 3286 4361 quia
3335 4293 3507 4347 simus
3552 4290 3667 4363 [ΔΙ.

2090 4377 2317 4453 scimus]
2352 4381 2540 4450 utique
2563 4383 2877 4438 Christiani.
2911 4381 2971 4437 Si
2998 4399 3127 4438 vero
3154 4384 3329 4439 nostri
3362 4392 3493 4438 sunt
3531 4399 3671 4453 quos

2097 4468 2401 4538 vigiliarum
2439 4470 2688 4526 salutifer
2742 4484 2899 4528 actus
2927 4472 3177 4539 oll‘eudit,
3214 4484 3272 4527 ut
3314 4474 3452 4529 nihil
3485 4478 3552 4530 de
3581 4476 3674 4531 his

2097 4562 2335 4616 deterius
2362 4563 2629 4632 suspicer,
2669 4573 2766 4618 aut
2791 4564 2933 4634 pigri
2980 4576 3131 4632 sunt,
3164 4576 3259 4620 aut
3289 4566 3670 4632 somniculosa,

2098 4660 2216 4716 aut,
2248 4650 2391 4720 quod
2417 4651 2503 4706 his
2552 4663 2636 4707 est
2662 4656 2991 4723 proximum,
3050 4669 3212 4713 senes
3242 4656 3325 4710 vel
3352 4655 3573 4711 inﬁrmi.
3612 4658 3677 4712 Si

2098 4744 2235 4814 pigri
2267 4753 2419 4813 sunt,
2454 4747 2801 4813 erubescant,
2853 4748 2983 4818 quia
3034 4748 3145 4803 illis
3198 4758 3457 4804 resonant
3506 4752 3679 4803 verba

2098 4835 2451 4893 Salomonis:
2492 4837 2635 4894 Vade
2654 4842 2724 4894 ad
2755 4840 3057 4908 formicam,
3091 4858 3120 4893 ο
3146 4844 3310 4910 piger,
3338 4852 3389 4897 et
3420 4858 3680 4898 animare

2096 4932 2209 4983 vias
2243 4930 2355 4998 ejus
2392 4929 2580 5001 (Prov.
2607 4944 2685 4996 γι,
2709 4929 2789 5000 6).
2818 4929 2873 4984 Si
2913 4930 3267 4986 somniculosi
3296 4943 3443 4997 sunt,
3476 4946 3680 5000 exper-

2096 5019 2398 5087 giscantur,
2423 5019 2701 5089 Scriptura
2732 5019 3105 5090 proclamante
3140 5039 3155 5075 :
3192 5018 3237 5075 0
3260 5023 3427 5091 piger,
3454 5037 3657 5090 quous-

2099 5221 2313 5285 queutis
2372 5221 2578 5287 periodi
2645 5221 2831 5283 linem,
2886 5231 3167 5285 nascatur,
3230 5218 3551 5273 intermedia
3610 5222 3680 5274 in

2098 5287 2430 5343 Dacheriana
2470 5289 2711 5344 editione
2742 5292 3144 5344 desiderantur.

2168 5362 2190 5389 ⁵
2222 5361 2377 5426 Apud
2404 5358 2725 5429 Dachcrium
2755 5372 2771 5411 :
2815 5379 2835 5412 ι
2872 5359 3089 5427 Quanto
3138 5359 3311 5429 magis
3357 5373 3455 5412 nos
3483 5372 3681 5415 sacras

2095 5429 2412 5496 vigilias...
2450 5427 2712 5483 fecundas
2743 5430 3035 5484 observare
3082 5440 3137 5484 et
3175 5427 3361 5484 amare
3386 5431 3679 5489 debemus,

2097 5498 2459 5554 ntaDoutino
2484 5498 2596 5554 Deo
2646 5508 2953 5554 mercedem
3010 5500 3357 5568 recipiamus.
3408 5497 3683 5566 Equidem

2095 5581 2221 5623 sunt
2267 5569 2535 5633 homines,
2571 5572 2660 5636 qui
2719 5570 2820 5623 ista
2855 5573 3254 5639 reprehendunt
3284 5584 3300 5625 ξ
3336 5572 3428 5622 sed
3487 5584 3516 5619 ιι
3568 5568 3687 5623 title

2095 5640 2361 5693 catholica
2395 5650 2450 5690 et
2486 5640 2749 5707 religione
2780 5640 2942 5692 alieni
2995 5651 3141 5693 sunt.
3174 5641 3278 5692 Sed
3324 5653 3429 5692 ιιοιι
3461 5648 3543 5690 est
3571 5656 3687 5690 ιιιι-

2100 5726 2239 5775 rum,
2276 5712 2547 5776 quomodo
2568 5712 2715 5762 cuiut
2756 5709 2940 5779 impiis
2975 5722 3025 5764 ct
3068 5710 3332 5779 profanis,
3363 5727 3395 5759 σι
3434 5718 3546 5760 etc.
