4004 6192
256 400 359 465 ait
597 384 673 429 at“

905 406 1278 466 EPISTULA
1336 406 1551 468 XXXI.
1610 404 1708 466 nn
1743 407 2328 470 OBSERVATIONE
2373 408 2866 470 VlGlLIAltUM.
3121 454 3145 479 ,
3406 398 3530 459 ita

257 533 358 589 que
404 516 649 571 domis?
677 516 906 582 Quando
939 528 1115 573 autem
1147 521 1211 573 de
1235 536 1417 573 somno
1448 536 1627 588 surges
1647 521 1672 572 1’
1693 519 1840 574 Pau-

1954 525 2198 593 1uentius
2219 526 2421 578 clamas
2454 540 2468 579 :
2498 524 2574 576 Ab
2617 522 2835 577 occultis
2866 522 2992 573 meis
3028 518 3225 571 munda
3270 532 3370 576 me,
3404 514 3511 567 Do-

260 608 425 663 lultim
456 610 668 685 quidem
716 609 966 674 dormies,
1004 612 1266 663 modicum
1298 610 1496 664 sedebis
1526 626 1544 675 ;
1579 612 1834 678 pusillum

185 760 199 779 ι
261 708 435 753 autem
466 700 801 758 dormitabis.
834 699 1091 769 pusillum
1126 716 1242 754 vero
1265 702 1627 768 complecteris
1666 704 1836 755 mani-

262 792 354 841 bus
379 802 579 856 pectus.
618 788 819 842 Deinde
871 792 1196 857 superueniet
1238 792 1332 845 tibi
1386 800 1638 859 tanquam
1668 793 1836 845 uiator

261 889 581 943 paupertas:
617 877 818 943 inopia,
853 886 1102 947 tanquam
1139 881 1303 933 bonus
1363 891 1412 933 et
1470 879 1592 934 leuis
1652 896 1837 933 cursor

261 970 363 1019 cito
384 969 549 1021 veniet
571 968 737 1037 (Ibid.
771 968 955 1037 9-ll).
989 968 1043 1022 Si
1076 983 1240 1022 senex
1274 984 1332 1023 es
1362 968 1408 1032 ⁸,
1443 970 1567 1038 quis
1597 979 1648 1021 te
1690 984 1837 1023 coni-

262 1058 406 1127 pellit
440 1067 496 1113 ut
525 1060 760 1129 vigiles?
818 1074 1129 1131 quanquam
1160 1069 1216 1115 et
1248 1076 1357 1115 non
1388 1064 1702 1127 compulsus
1739 1076 1836 1130 pro

261 1157 423 1201 aetate
458 1161 633 1201 tamen
665 1149 883 1218 vigilas.
918 1148 980 1202 Et
1011 1149 1057 1201 si
1087 1160 1237 1203 stare
1270 1164 1375 1202 non
1408 1158 1581 1216 potes,
1604 1158 1660 1202 et
1693 1159 1834 1203 tuam

263 1240 473 1307 cogitas
519 1239 1037 1308 iinpossibilitatem,
1088 1254 1192 1293 non
1226 1239 1392 1293 debes
1412 1241 1642 1305 juvenes
1662 1250 1717 1294 et
1745 1254 1835 1291 ra-

262 1332 443 1385 lentes
471 1334 534 1385 ad
567 1345 722 1385 tuum
772 1346 1040 1387 revocare
1090 1343 1386 1401 torporem,
1432 1344 1568 1400 quos
1613 1338 1841 1400 propter

264 1423 447 1474 varias
476 1422 802 1475 tentationes
834 1420 1164 1488 iuventutis,
1217 1421 1428 1490 seipsos
1460 1422 1837 1491 propensiorio

267 1512 366 1565 ltus
392 1526 673 1566 macerare
709 1516 863 1566 decet
890 1512 1110 1581 vigiliis.

336 1601 429 1655 ιιι.
466 1602 525 1656 Si
557 1618 684 1656 vero
742 1604 991 1658 inﬁrmus
1039 1616 1099 1659 es
1155 1604 1437 1664 membris.
1472 1602 1614 1671 quod
1659 1602 1841 1657 facere

268 1707 372 1746 non
400 1702 557 1761 potes
581 1695 687 1747 noli
715 1696 1153 1764 reprehendere:
1188 1697 1296 1749 imo
1325 1696 1436 1764 riga
1466 1708 1517 1747 et
1552 1705 1604 1750 tu
1641 1709 1838 1749 secun—

269 1787 395 1838 dum
428 1786 755 1855 Prophetam
801 1787 1056 1857 iacryinis
1102 1798 1333 1841 stratum
1378 1799 1550 1848 tuum,
1606 1796 1657 1839 et
1693 1788 1781 1840 dic
1820 1803 1836 1842 :

1947 621 2106 685 mins,
2137 630 2185 674 et
2219 620 2284 674 ab
2311 619 2496 674 alienis
2522 634 2677 683 parce
2703 632 2848 669 servo
2866 626 2953 667 tuo
2977 612 3207 668 (Partim.
3231 624 3389 669 xviii,
3426 607 3511 669 15,

1944 710 2056 773 14).
2076 710 2175 776 Qui
2192 709 2332 763 enim
2358 711 2468 778 jam
2486 708 2552 763 ab
2569 706 2802 760 occuitis
2818 704 3086 757 desiderat
3108 697 3383 753 emundari
3398 694 3512 767 [ΑΙ.

1946 800 2215 874 purgari],
2259 816 2479 857 necesse
2497 810 2580 855 est
2602 812 2660 854 ιιι
2682 814 2804 853 eum
2826 812 2931 850 non
2959 793 3322 850 delectetistis
3352 790 3517 844 misc-

1945 894 2044 949 riis
2068 892 2364 963 inquinari.
2546 964 2551 968 _

2018 981 2081 1037 V.
2110 983 2219 1037 Res
2252 981 2465 1049 exigit‘,
2491 976 2907 1042 citarissimi,'ttt
2927 974 2994 1029 de
3026 973 3348 1027 auctoritate
3377 971 3515 1041 vigi-

1945 1072 2162 1135 liarum,
2196 1080 2251 1126 et
2285 1070 2630 1139 antiquitate,
2675 1067 2853 1133 deque
2894 1066 3009 1135 ipsa
3064 1062 3296 1117 utilitate
3347 1077 3515 1131 pauca

1947 1161 2211 1213 dicamus.
2250 1158 2418 1226 Magis
2449 1158 2591 1210 enim
2623 1155 2851 1225 quilibet
2890 1153 3043 1207 labor
3088 1152 3322 1206 libenter
3343 1151 3516 1204 susci.

1946 1251 2113 1319 pitur,
2143 1250 2187 1304 si
2217 1259 2345 1304 ante
2383 1248 2574 1303 oculos
2607 1256 2942 1315 proponatur
2973 1244 3143 1314 ipsius
3186 1242 3389 1297 laboris
3417 1240 3521 1296 titi-

1942 1343 2086 1396 litas.
2120 1340 2354 1410 Antiqua
2372 1349 2464 1395 est
2490 1339 2798 1408 vigiliarum
2828 1338 3063 1400 devotio,
3128 1335 3395 1389 familiare
3422 1334 3516 1387 bo-

1949 1450 2074 1486 itum
2114 1433 2366 1487 omnibus
2395 1432 2621 1485 sanctis.
2661 1430 2827 1483 Isaias
2854 1428 3083 1493 denique
3109 1426 3370 1495 prOplteta
3399 1422 3515 1478 cla-

1947 1534 2057 1591 mat
2086 1525 2152 1576 ad
2182 1524 2344 1577 Deum
2385 1541 2398 1577 :
2424 1522 2502 1575 De
2535 1530 2683 1574 nocte
2710 1510 2892 1589 vigilat
2924 1517 3145 1585 spiritus
3170 1531 3315 1568 meus
3344 1516 3411 1567 ad
3445 1523 3516 1575 te,

1952 1613 2110 1676 Deus,
2137 1613 2386 1682 quoniam
2432 1611 2526 1665 lus:
2547 1621 2809 1677 praecepta
2832 1619 2925 1659 tua
2954 1620 3108 1674 super
3148 1616 3340 1657 terram
3376 1601 3519 1672 (Isa.

1947 1720 2097 1770 XXVI,
2123 1703 2199 1772 9).
2239 1702 2429 1767 David,
2482 1702 2633 1769 regio
2683 1709 2737 1752 et
2784 1698 3104 1767 prophetico
3143 1695 3521 1749 sanctiﬁcatus

1950 1801 2248 1860 unguento.
2304 1793 2376 1846 ita
2425 1792 2572 1846 canit
2610 1805 2626 1847 :
2662 1789 2903 1851 Domine,
2948 1786 3083 1839 Dens
3115 1785 3306 1839 salutis
3340 1800 3470 1837 meo:
3500 1800 3519 1839 :

270 1876 355 1931 Sic
383 1894 585 1932 metuar
628 1880 709 1947 [iii
733 1880 811 1934 tui
832 1895 991 1948 super
1021 1889 1257 1933 stratum
1284 1894 1452 1931 meum
1496 1878 1671 1945 (Paul.
1706 1895 1840 1951 uti,

1954 1888 1996 1939 in
2020 1886 2102 1940 die
2140 1886 2368 1938 clamavi
2394 1892 2443 1937 et
2474 1892 2623 1935 nocte
2669 1898 2844 1935 comm
2879 1890 2928 1933 te
2966 1878 3137 1947 (Psai.
3169 1893 3411 1939 utrm,
3438 1874 3519 1945 2).

270 1963 343 2030 Ἰ).
382 1962 605 2034 liijniige
642 1966 806 2020 etiam
844 1968 1215 2033 vigilantibus,
1267 1977 1327 2019 ut
1354 1980 1406 2021 te
1439 1970 1553 2020 suis
1590 1969 1843 2036 pret-ibus

269 2053 507 2129 iuvent;
531 2071 640 2124 quo
665 2059 885 2126 adjutus
919 2073 946 2110 a
985 2056 1219 2111 Domino
1269 2073 1435 2129 super
1461 2058 1659 2126 lectum
1686 2059 1843 2115 dolo-

272 2146 351 2200 ris
408 2148 485 2201 tui
520 2161 721 2201 canere
768 2150 966 2216 possis,
1011 2157 1066 2202 et
1120 2158 1171 2200 tu
1232 2148 1523 2216 aliquando
1587 2152 1847 2205 merentis

273 2237 454 2295 dicere
485 2241 602 2295 :‘ln
647 2245 921 2299 matutinis
974 2243 1269 2298 meditabor
1319 2246 1375 2297 in
1419 2256 1489 2309 te,
1531 2247 1657 2315 quia
1693 2246 1845 2315 [sisti

272 2330 487 2399 adiutor
510 2350 654 2386 meus
678 2332 891 2404 (Ibid.).
932 2336 1184 2406 Alioquin
1241 2338 1468 2391 stultum
1512 2348 1565 2391 et
1588 2337 1722 2392 satis
1746 2352 1836 2392 ex-

276 2433 519 2479 transuat
546 2436 629 2479 est
655 2429 696 2491 ³,
726 2434 783 2480 ut
810 2426 939 2497 quia
986 2428 1090 2496 ipsi
1139 2442 1363 2481 currere
1411 2443 1521 2482 non
1577 2430 1842 2493 valemus,

272 2518 794 2574 bene‘currentibus
844 2520 1189 2587 derogetnus.
1220 2518 1355 2574 Nam
1384 2522 1484 2575 etsi
1518 2536 1621 2575 non
1652 2537 1845 2590 possu-

277 2621 419 2670 mus,
458 2607 721 2663 debemus
752 2609 1120 2678 congratulari
1147 2611 1480 2680 potentibus.
1514 2611 1668 2667 Sicut
1699 2616 1843 2666 enim

275 2698 345 2750 de
372 2712 645 2753 consensu
678 2701 904 2755 malitiae
955 2702 1317 2771 participatur
1359 2718 1483 2757 cunt
1526 2704 1847 2759 facientibus

276 2802 437 2856 piens
473 2805 491 2843 :
519 2792 597 2845 sic
618 2791 964 2863 participatio
990 2793 1176 2863 gloria:
1201 2797 1469 2863 speranda
1498 2806 1584 2852 est
1615 2788 1685 2851 de
1714 2813 1848 2852 coii-

275 2880 531 2935 sensione
582 2860 860 2940 bonitatis.
890 2860 1037 2937 Alios
1086 2860 1248 2937 enini
1282 2886 1506 2941 ell‘ectus
1561 2901 1794 2944 coronit
1827 2906 1843 2946 :

274 2970 414 3027 alios
444 2974 693 3028 voluntas
718 2976 805 3044 pia
841 2976 1101 3031 laetiﬁcat.

350 3062 441 3123 IV.
463 3064 576 3121 Nec
607 3082 740 3123 sane
773 3082 1087 3135 cinerosam,
1134 3070 1215 3124 vel
1240 3068 1458 3125 diliicile
1486 3071 1658 3125 videri
1684 3071 1845 3124 debet

1947 1977 2011 2030 Et
2049 1977 2100 2029 iii
2130 1976 2236 2029 alio
2268 1974 2475 2043 psalmo
2502 1989 2516 2027 :
2541 1969 2745 2024 Memor
2778 1970 2864 2040 fni
2893 1968 3000 2041 [ΑΙ.
3026 1968 3351 2021 Memoratus
3378 1963 3519 2035 sum]

1945 2082 2093 2122 nocte
2128 2066 2353 2119 nominis
2394 2066 2494 2127 tui,
2532 2064 2771 2126 Domine,
2808 2071 2858 2114 et
2894 2060 3154 2115 custodivi
3185 2060 3346 2127 legem
3376 2068 3517 2109 tuam

1946 2157 2116 2229 (Psal.
2143 2172 2330 2221 CXVIII,
2354 2156 2445 2226 55)
2462 2157 2503 2210 ⁸.
2534 2154 2639 2209 Sed
2674 2154 2901 2206 forsitan
2930 2152 2980 2204 iii
3018 2151 3217 2205 lectulo
3240 2163 3342 2203 suo
3374 2146 3522 2212 pasi-

1947 2258 2032 2302 tus
2048 2248 2163 2301 haec
2183 2247 2435 2300 cantabat
2460 2262 2475 2301 :
2498 2245 2650 2315 ‘quod
2680 2242 2942 2312 aliquanti
2989 2241 3253 2315 pigriores
3278 2234 3524 2291 sumsere

1945 2350 2293 2412 putaverunt,
2325 2340 2370 2392 si
2401 2347 2608 2390 tantum
2645 2336 2698 2388 iit
2731 2345 2904 2388 strain
2951 2349 3049 2387 suo
3076 2340 3171 2385 aut
3201 2342 3323 2385 oret
3353 2346 3511 2383 titius-

1945 2432 2200 2500 quisque,
2226 2438 2319 2481 aut
2348 2427 2612 2496 psalmum
2658 2426 3086 2479 subiiiurmuret.
3114 2421 3269 2489 Quod
3300 2421 3522 2493 quidem

1944 2532 2001 2576 et
2035 2524 2205 2592 ipsum
2240 2521 2439 2574 bonum
2468 2531 2554 2574 est
2594 2533 2610 2571 :
2656 2517 2748 2572 Dei
2776 2528 2990 2586 semper
3015 2526 3068 2570 et
3099 2515 3299 2584 ubique
3331 2515 3520 2569 memi-

1947 2612 2123 2676 nisse,
2158 2610 2398 2664 salutare
2436 2619 2541 2661 est.
2569 2608 2676 2663 Sed
2717 2607 2860 2676 quod
2904 2606 2976 2659 sit
3005 2607 3199 2660 melius
3225 2618 3523 2672 exsurgere

1946 2713 2002 2757 et
2067 2703 2386 2770 conspectui
2440 2701 2635 2755 divino
2681 2700 2975 2763 assistere,
3023 2697 3211 2767 accipe
3274 2696 3520 2765 ejusdem

1946 2794 2229 2865 Propheta:
2259 2796 2423 2859 aliam
2460 2809 2668 2857 vocem,
2701 2806 2820 2861 quae
2847 2801 2901 2846 et
2934 2802 3147 2855 tempus
3179 2798 3232 2844 et
3255 2790 3433 2844 locum
3466 2802 3522 2844 et

1948 2884 2191 2939 liabitutn
2227 2884 2573 2954 deprecantis
2608 2884 2847 2937 ostendit
2883 2897 2903 2934 :
2933 2879 3001 2933 lii
3027 2880 3287 2944 noctibus,
3320 2880 3519 2946 inquit,

1947 2976 2180 3032 extollite
2212 2992 2400 3029 manus
2452 2986 2654 3031 vestras
2678 2975 2733 3028 in
2761 2983 2970 3037 sancta,
2998 2982 3046 3026 et
3088 2973 3377 3026 benedicite
3415 2971 3525 3027 Do-

1948 3071 2149 3123 minum
2183 3067 2362 3136 (Psal.
2414 3082 2645 3128 curiit,
2689 3066 2766 3134 2).
2815 3065 2880 3119 Et
2915 3080 2981 3118 ne
3024 3064 3367 3133 vespertinas
3401 3073 3525 3118 tau-

275 3157 442 3211 etiaiii
497 3158 743 3212 delicatis
775 3159 887 3230 ιΑι.
930 3160 1059 3214 add.
1109 3161 1191 3216 vel
1236 3160 1496 3235 inﬁrmis]
1526 3164 1844 3231 corporibus
1876 3198 1919 3250 ϐ
1954 3168 2063 3210 ιιιιιι
2098 3158 2256 3212 lioras
2290 3165 2464 3209 noctis
2495 3154 2778 3209 existimes
2830 3155 3149 3223 appellatas,
3201 3153 3442 3206 occurrit
3468 3165 3524 3208 et

276 3251 334 3303 in
358 3250 659 3319 septimana
679 3250 905 3305 duarum
935 3252 1200 3318 noctium,
1256 3255 1311 3307 id
1338 3263 1423 3308 est
1455 3253 1666 3309 sabbati
1686 3264 1848 3323 atque

272 3341 596 3406 Donauit-ai,
634 3343 934 3412 portionem
975 3344 1210 3413 aliquant
1248 3345 1345 3402 Dei
1401 3347 1706 3401 ministerio
1749 3350 1847 3401 «ιε-

276 3445 493 3501 putare.
548 3434 657 3489 Ista
712 3440 856 3489 enim
913 3439 1067 3506 quasi
1124 3438 1434 3500 puriﬁcatio
1497 3450 1583 3493 est
1635 3439 1846 3494 dierum

276 3523 516 3593 quinque
554 3525 645 3579 vel
698 3527 965 3589 noctium,
1019 3528 1222 3596 quibus
1278 3539 1502 3598 stupore
1547 3529 1847 3583 carnalium

280 3607 397 3682 [AL
420 3611 650 3684 carnali]
692 3614 1143 3683 ingravesciinus,
1180 3627 1274 3670 aut
1306 3618 1599 3672 mundanis
1633 3620 1851 3673 actibus

274 3704 575 3759 incitemus
602 3705 645 3757 ³.
677 3702 792 3760 Nec
833 3708 1121 3762 erubescat
1167 3708 1364 3780 aliquis
1397 3708 1450 3763 iit
1484 3711 1627 3764 bono
1667 3711 1851 3766 studio

272 3796 582 3851 inuitatis
616 3812 787 3853 :ciini
824 3814 929 3853 non
952 3801 1277 3855 erubescant
1305 3801 1540 3871 improbi
1573 3804 1625 3855 in
1660 3817 1852 3872 perpe-

274 3889 477 3941 trando
496 3904 661 3956 opere
709 3888 1000 3948 lcditetis.
1054 3889 1249 3947 Merito
1294 3908 1427 3964 ergo
1477 3892 1763 3963 Scriptura
1795 3896 1850 3949 in

272 3977 588 4036 Proverbiis
618 3981 813 4050 ingerit
845 4000 859 4034 :
892 3982 995 4037 Est
1022 3984 1267 4053 confusio
1307 4000 1428 4055 qua
1454 3983 1603 4038 ducit
1637 3985 1705 4037 ad
1730 4000 1850 4053 pec-

268 4088 457 4126 camus
479 4066 674 4145 (Eccli.
704 4089 776 4139 iv,
802 4075 919 4145 25).
957 4076 1013 4130 In
1059 4077 1203 4131 bono
1229 4077 1377 4131 enim
1399 4091 1568 4146 opere
1589 4076 1849 4133 confundi

272 4175 567 4233 peccatum
592 4176 676 4221 est
708 4185 723 4222 :
753 4168 895 4222 sicut
923 4169 977 4221 in
1002 4169 1145 4224 malo
1173 4168 1421 4225 iaciendo
1443 4185 1565 4223 non.
1588 4169 1849 4225 confundi

268 4258 551 4327 pernicies
597 4268 703 4315 est.
744 4257 803 4313 Si
834 4271 1056 4315 sanctus
1106 4276 1188 4324 es,
1214 4275 1337 4315 ama
1365 4260 1608 4330 vigilias,
1645 4274 1704 4316 ιιι
1732 4263 1851 4317 tlte-

270 4365 504 4405 nurum
544 4362 695 4405 tuum
728 4353 999 4420 vigilando
1028 4354 1323 4418 custodias,
1353 4362 1410 4408 et.
1453 4353 1567 4423 ipse
1632 4355 1684 4407 in
1724 4370 1853 4407 san-

268 4444 473 4496 ctitate
493 4445 747 4499 servaris.
785 4443 841 4497 Si
876 4452 1131 4512 peccator
1156 4459 1238 4505 es.
1264 4445 1436 4513 magis
1456 4459 1610 4506 cura,
1640 4455 1700 4498 ut
1716 4445 1850 4514 vigi-

1950 3251 2083 3304 dicit
2121 3267 2137 3306 :
2170 3250 2342 3303 Media
2380 3259 2529 3303 nocte
2557 3249 2855 3317 surgebam,
2906 3256 2962 3299 ut
3003 3245 3281 3315 confiterer
3304 3246 3398 3301 tibi
3430 3263 3523 3300 sii-

1948 3359 2042 3412 per
2058 3343 2266 3409 judicia
2281 3337 2512 3411 ju'stitiw
2539 3351 2643 3395 tuo:
2677 3339 2854 3411 (Psal.
2888 3354 3082 3405 csvm,
3112 3339 3229 3407 62).
3258 3338 3442 3395 Habes
3471 3349 3528 3396 et

1951 3446 2161 3504 tempus
2205 3449 2521 3505 expressum
2559 3432 2914 3503 exsurgendi,
2969 3442 3024 3487 et
3074 3431 3522 3496 sollicitudinem,

1950 3528 2223 3597 quomodo
2256 3526 2366 3582 Deo
2400 3524 2734 3590 conﬁtearis.
2764 3536 3064 3582 ostensam.

2020 3617 2112 3676 Vl.
2149 3621 2338 3675 Adltuc
2371 3620 2736 3675 consideranti
2764 3619 2895 3672 mihi
2926 3619 3282 3673 intentiuncm
3307 3628 3525 3673 sancto-

1949 3729 2094 3777 rum,
2116 3713 2294 3778 majus
2331 3712 2534 3781 aliquid
2556 3723 2610 3766 et
2641 3710 2965 3765 laboriosius
2994 3713 3255 3772 occurrit,
3297 3718 3347 3763 et
3382 3712 3518 3762 ultra

1951 3806 2187 3861 humana
2229 3815 2438 3858 natura:
2456 3804 2824 3860 conditionem
2855 3802 3186 3870 suggeritur,
3224 3815 3345 3853 cum
3372 3816 3523 3854 eum-

1952 3899 2073 3952 dem
2108 3898 2271 3950 audio
2304 3895 2629 3962 Pmplietam
2662 3894 2981 3962 psallentem
3022 3907 3037 3946 :
3068 3890 3127 3946 Si
3150 3892 3434 3944 ascendere
3467 3892 3521 3945 in

1948 3998 2174 4042 stratum
2204 3987 2323 4042 lecti
2367 3989 2491 4052 inci,
2532 3986 2579 4040 si
2607 3985 2797 4040 dedero
2829 3998 3072 4038 somnum
3121 3983 3288 4036 oculis
3321 3983 3448 4036 meis
3476 3994 3524 4034 et

1951 4077 2217 4149 palpebris
2236 4081 2361 4133 meis
2391 4080 2845 4138 dormitationetn,
2870 4084 2920 4130 et
2950 4076 3177 4147 requiem
3202 4074 3525 4145 temporibus

1952 4173 2081 4226 meis
2111 4187 2131 4225 :
2172 4171 2333 4225 donec
2356 4170 2617 4224 inveniam
2643 4169 2814 4222 locum
2844 4168 3087 4233 Domino,
3128 4166 3524 4221 tabernaculum

1951 4262 2063 4317 Deo
2109 4262 2273 4317 Jacob
2308 4260 2485 4330 (Psal.
2538 4277 2723 4326 exui,
2754 4254 2906 4330 545).
2937 4257 3072 4325 Quis
3129 4259 3276 4315 enim
3314 4268 3523 4313 tantum

1954 4368 2060 4406 non
2092 4363 2305 4422 stupest
2336 4352 2427 4407 Dei
2459 4367 2700 4407 amorem
2727 4358 2783 4405 et
2806 4350 2973 4404 animi
3006 4349 3347 4404 devotionem
3390 4348 3434 4413 ‘,
3467 4361 3526 4404 ut

1954 4460 2201 4500 somnum
2230 4446 2357 4510 sibi,
2385 4448 2501 4499 sine
2533 4460 2643 4515 quo
2685 4444 2917 4497 humana
2953 4442 3138 4511 utique
3167 4456 3393 4510 corpora
3425 4444 3525 4496 de-

268 4536 447 4590 la-do
475 4547 527 4590 et
548 4536 759 4592 orando
786 4538 1056 4608 purgeris,
1114 4539 1243 4592 dum
1278 4547 1439 4591 tunso
1492 4546 1713 4607 pectore
1744 4538 1851 4595 lre-
1883 4533 1928 4588 υ
1959 4538 2167 4602 ﬁciunt,
2202 4540 2416 4606 penitus
2458 4535 2802 4591 interdixerit
2838 4551 2854 4591 :
2884 4534 3054 4590 donec
3103 4532 3281 4589 locum
3313 4531 3381 4586 ad
3414 4531 3525 4605 [ΑΙ.

351 4743 373 4774 ³
406 4740 649 4795 Plurium
681 4752 911 4795 numero
956 4738 1008 4793 in
1060 4739 1401 4795 Daciteriana
1442 4739 1699 4806 editione,
1737 4760 1755 4795 ι
1789 4739 1847 4797 Si

265 4824 466 4868 autem
498 4826 659 4864 senes
692 4823 842 4877 sunt,
877 4811 1001 4878 quis
1046 4826 1141 4866 eos
1168 4812 1455 4879 compellit
1500 4824 1556 4863 ιιι
1585 4813 1851 4881 vigilem?

262 4895 589 4951 quitquam
619 4890 675 4934 et
705 4896 811 4951 non
831 4881 1093 4949 compulsi
1124 4880 1342 4951 vigilare
1363 4881 1584 4946 debent,
1612 4898 1708 4950 pro
1734 4883 1849 4951 ipsa

264 4948 599 5007 tetate'sua.
637 4969 656 5001 ι
695 4948 858 5015 Tum,
892 4968 913 5002 ι
953 4948 1014 5004 Et
1040 4948 1327 5005 Domitium
1359 4951 1523 5005 Deum
1559 4948 1853 5006 ιιιὲιιιιιίιιιε

260 5038 461 5078 orare.
494 5021 729 5091 Vigilare
763 5022 948 5089 itaque
963 5021 1160 5075 debent
1186 5024 1461 5091 sedentes,
1497 5021 1542 5073 si
1567 5030 1714 5076 stare
1740 5037 1847 5075 non

263 5090 612 5161 praevalent;
651 5108 671 5143 ι
710 5104 836 5161 quae
867 5092 1243 5145 tantummodo
1275 5090 1543 5145 habentur
1577 5107 1673 5158 pro
1708 5092 1853 5145 inse-

260 5158 481 5233 quente
510 5158 753 5227 periodo}
776 5158 857 5212 ‘Et
898 5162 945 5233 si
995 5172 1141 5214 stare
1190 5175 1292 5214 non
1315 5169 1486 5233 potes,
1512 5172 1646 5223 etc.,
1683 5176 1853 5229 usque

259 5227 425 5287 decet
477 5232 687 5301 uigiliis,
719 5244 842 5299 quae
882 5231 950 5284 ibi
986 5234 1202 5300 penitus
1225 5234 1397 5301 deest.
1440 5227 1612 5284 Porro
1656 5227 1851 5284 iterum

260 5299 540 5372 plurium
574 5316 824 5372 numero,
862 5319 881 5353 ι
923 5299 999 5355 δῖ
1031 5315 1168 5372 _vero
1223 5299 1416 5354 inﬁrmi
1460 5312 1606 5372 sunt,
1658 5321 1677 5352 ι
1719 5311 1852 5364 etc.,

258 5368 642 5429 baberent”.
671 5368 939 5438 Denique,
962 5387 983 5421 s
1017 5370 1410 5425 Comineitdcitt
1436 5371 1600 5426 etiam
1620 5371 1852 5440 vigilan-

260 5452 453 5498 titius.
492 5452 551 5493 iit
580 5456 676 5494 eos
704 5440 821 5495 suis
847 5441 1123 5509 precibus,
1162 5458 1180 5492 i
1212 5450 1318 5495 etc.

341 5517 366 5546 ³
396 5512 636 5565 Additur
667 5508 1217 5578 penesDaclierium,
1253 5528 1283 5563 ii
1320 5508 1593 5579 religione,
1627 5521 1681 5564 et
1718 5524 1841 5563 mox

264 5605 287 5635 ε
335 5584 615 5651 debemus
648 5595 757 5633 uoti
802 5581 1064 5647 invidere,
1100 5584 1194 5635 sed
1226 5584 1589 5651 congratulari
1618 5591 1853 5650 potenti-

260 5654 405 5709 bus.
449 5650 601 5703 Sicut
649 5651 793 5721 enim
842 5652 936 5720 qui
993 5653 1262 5706 consentit
1308 5655 1544 5712 malitiae,
1585 5656 1852 5721 particeps

259 5736 353 5777 est
380 5736 588 5793 pennae.
626 5738 645 5771 ι
683 5719 818 5774 Maio
846 5733 1027 5776 autem
1088 5731 1250 5791 paulo
1289 5728 1432 5791 post,
1460 5719 1675 5774 coronat
1727 5720 1853 5788 a/i'e-

260 5792 393 5849 suis
430 5806 537 5861 pro
564 5792 797 5859 effectus.

2027 4748 2063 4780 ⁸·
2085 4746 2191 4801 Pro
2215 4747 2526 4807 oscitamus,
2564 4746 2619 4800 in
2650 4740 2880 4797 Daclter.
2927 4740 3059 4796 edit.
3090 4739 3319 4796 duobus.
3344 4740 3548 4797 verbis.
3602 4742 3610 4751 '

1954 4817 2152 4872 obsessi
2179 4818 2451 4886 liniantur.
2484 4817 2628 4879 Mox,
2655 4831 2674 4865 ι
2703 4812 2967 4886 Copiusic
2998 4826 3121 4880 qua:
3157 4811 3380 4886 adducit
3402 4824 3526 4878 pee-

1950 4900 2153 4941 eatum.
2187 4906 2207 4939 ι
2238 4884 2459 4951 Deinde,
2499 4903 2520 4937 ι
2563 4886 2619 4939 Si
2646 4879 2820 4939 sanc'ti
2848 4882 3002 4946 estis,
3027 4890 3205 4951 amate
3233 4879 3475 4951 vigilias,
3490 4900 3521 4951 γ»

1953 4969 2085 5019 etc.,
2120 4954 2357 5019 plurium
2404 4949 2631 5009 numero
2660 4953 3001 5007 continentes
3024 4961 3079 5007 et
3104 4949 3354 5014 inferius,
3392 4969 3411 5001 i
3459 4949 3527 5005 Ut

1957 5031 2247 5081 tundentes
2290 5035 2512 5095 pectora
2557 5021 3190 5095 frequentiusclainetis
3241 5020 3308 5073 ad
3345 5020 3527 5075 Domi-

1951 5112 2081 5153 tium
2111 5111 2181 5149 ex
2216 5091 2330 5150 tot'o
2360 5097 2527 5149 corde
2546 5091 2791 5147 dicentes
2823 5109 2838 5145 :
2865 5092 2940 5144 Ab
2972 5091 3209 5153 occultis,
3249 5108 3268 5140 ι
3300 5099 3409 5145 etc.

2022 5166 2044 5199 ⁵
2078 5168 2135 5220 lii
2176 5165 2429 5221 Dacberii
2463 5165 2595 5218 edit.
2624 5163 2846 5232 Tempus
2873 5164 3068 5232 eaigu:
3094 5175 3158 5213 ex
3183 5175 3286 5228 qua
3324 5172 3379 5232 et
3410 5162 3526 5217 stil-

1953 5237 2179 5292 l‘eciinus
2207 5238 2367 5304 paulo
2397 5246 2520 5302 post
2538 5230 2853 5304 adverbium
2870 5230 3111 5304 libenter,
3143 5232 3287 5304 quod
3306 5230 3517 5286 deerat.

1951 5306 2075 5363 Mox
2111 5300 2256 5374 quod
2288 5310 2344 5358 iii
2371 5300 2435 5358 ea
2474 5305 2714 5368 additur,
2762 5303 2968 5371 spiritu,
3005 5300 3092 5354 ubi
3122 5302 3343 5365 dicitur,
3381 5306 3525 5372 regio

1950 5391 2000 5431 et
2029 5377 2350 5443 prophetico,
2378 5379 2699 5444 glossatoris
2725 5383 2812 5427 est
2844 5374 3057 5444 vitium.

2022 5439 2044 5479 ⁸
2075 5439 2206 5513 Quae
2237 5457 2362 5516 tunc
2383 5439 2792 5516 subsequuntur
2822 5457 2920 5516 per
2972 5439 3179 5516 solidos
3208 5455 3302 5497 sex
3335 5454 3539 5516 versus.

1954 5510 2130 5586 usque
2157 5516 2223 5570 ad
2250 5510 2519 5578 aisistsre,
2559 5510 2612 5567 in
2658 5511 2998 5566 Dacbcriaua
3032 5510 3274 5567 editione
3305 5514 3521 5566 deside-

1952 5596 2161 5643 rantur.

2026 5656 2048 5688 ‘
2084 5656 2281 5711 Eadem
2317 5655 2447 5709 edit.
2475 5672 2494 5704 i
2536 5653 2669 5719 Quis
2720 5668 2825 5706 non
2859 5658 3077 5720 stupent
3101 5660 3311 5707 tantum
3343 5650 3397 5707 in
3433 5649 3526 5707 Dei

1956 5742 2142 5783 amore
2170 5730 2336 5780 animi
2370 5728 2740 5779 devotionem.
2784 5742 2801 5773 ι
