4012 6188
424 391 530 452 243

1370 387 1437 446 S.
1475 383 1919 444 HIERONYMI
1959 382 2284 444 OPERUM
2324 380 2728 442 MANTISSA.

3556 370 3658 432 244

425 503 510 577 ac]
549 501 805 574 templum
842 501 1070 558 Domino
1116 500 1488 578 fabricandum
1517 515 1608 554 rex
1652 511 1702 554 et
1734 502 1992 570 pIOphela
2021 505 2068 564 Α
2097 501 2280 569 parati
2321 538 2334 552 .
2374 497 2498 568 quia
2537 513 2642 565 qua
2697 496 2826 548 hora
2884 509 2985 546 non
3021 495 3240 560 putatis,
3275 493 3416 561 [ilius
3447 489 3670 544 hominis

428 593 851 664 reperiet?Qure
883 609 968 648 res
1014 599 1114 648 nos
1159 594 1316 647 debet
1359 592 1584 645 ﬁrmiter
1617 590 1729 663 [ΑΙ.
1760 586 1994 658 fortiter]

428 689 721 742 admouere
752 703 766 739 :
813 695 870 738 ut
900 687 944 740 si
980 686 1084 755 ipsi
1127 687 1278 739 locus
1325 682 1540 740 Domini
1576 697 1695 737 esse
1726 681 1995 744 volumus,

429 788 484 834 et
514 777 923 832 tabernaculum
951 777 1068 844 ejus
1113 791 1179 831 ac
1218 776 1479 844 templum
1526 774 1777 842 cupimus
1813 772 1997 825 haberi

433 883 746 941 perpetuum
789 887 803 926 :
836 872 976 924 sicut
1003 868 1201 923 Paulus
1249 867 1446 922 asserit
1478 867 1706 920 dicens:
1751 863 1853 918 Vos
1875 862 1999 916 estis

434 961 676 1032 templum
715 961 806 1014 Dei
832 963 932 1015 vivi
955 959 1043 1031 (II
1069 959 1192 1014 Cor.
1229 975 1302 1023 vt,
1337 956 1422 1026 l6)
1461 973 1476 1012 :
1508 959 1559 1010 in
1583 967 1845 1026 quantum
1877 968 2002 1025 pos-

435 1072 619 1108 sumus
649 1057 896 1123 excmplo
931 1062 1263 1116 sanctorum,
1328 1051 1544 1119 vigilias
1571 1049 1899 1118 diligamus:
1937 1062 2004 1102 ne

435 1153 500 1205 de
526 1151 681 1205 nobis
711 1148 945 1209 dicatur,
995 1161 1053 1200 ut
1088 1145 1339 1213 psallitur
1380 1143 1490 1212 lAl.
1553 1149 1690 1195 tacet
1729 1149 1788 1194 ut
1816 1138 2008 1208 psalli-

437 1240 543 1314 tur]
580 1257 595 1294 :
639 1241 978 1293 Dormierunt
1024 1251 1262 1290 somnum
1312 1249 1464 1287 suum
1491 1246 1511 1285 :
1550 1241 1600 1286 et
1635 1231 1766 1286 nihil
1797 1232 2008 1286 invene-

438 1343 554 1387 runt
586 1336 638 1386 in
686 1332 924 1386 manibus
964 1330 1074 1382 suis
1126 1326 1302 1396 (Psal.
1347 1341 1510 1391 Lxxv,
1541 1324 1621 1394 6).
1655 1323 1794 1390 Quin
1827 1323 2006 1392 potius

439 1424 868 1496 gratulabundus
897 1421 1010 1487 [ΑΙ.
1038 1421 1162 1473 add.
1205 1418 1474 1490 vestrum]
1499 1420 1875 1486 unusquisque
1894 1415 2007 1486 jam

440 1518 584 1570 dicat
611 1533 625 1568 :
656 1515 720 1568 In
743 1518 824 1569 die
858 1513 1215 1566 tribulationis
1249 1526 1375 1565 mete
1408 1511 1572 1566 Deum
1612 1508 1867 1578 exquisivi
1893 1520 2008 1559 ma-

441 1612 588 1663 nibus
649 1609 776 1661 meis
823 1619 970 1660 nocte
1005 1622 1184 1660 coram
1239 1621 1319 1669 eo,
1369 1614 1416 1658 et
1464 1619 1568 1657 non
1615 1618 1733 1655 sum
1768 1599 2010 1664 demittas

442 1700 616 1770 (Psal.
649 1714 828 1760 LXXVI,
859 1697 933 1768 5).
969 1697 1108 1761 Quia
1155 1697 1346 1748 bonum
1374 1703 1447 1748 est
1478 1693 1719 1762 conﬁteri
1767 1690 2009 1749 Domino,

443 1803 491 1846 et
529 1792 753 1861 psallere
787 1791 986 1843 nomini
1015 1798 1124 1850 tuo,
1157 1788 1445 1842 Altissime.
1483 1785 1562 1838 Ad
1589 1782 2011 1837 annuntiandnm

2100 602 2344 646 venturus
2376 600 2449 644 est
2477 588 2632 660 (an.
2666 603 2763 651 xit,
2800 587 2869 641 ’ὃς
2931 589 3099 652 seq.).
3135 583 3244 638 Nec
3279 584 3451 638 solum
3495 583 3672 637 verbis

2102 685 2289 739 docuit
2317 683 2529 751 vigilias
2555 699 2570 735 :
2600 679 2695 734 sed
2715 679 2880 733 etiam
2915 677 3103 732 docuit
3132 675 3401 744 exemplo.
3434 674 3674 742 Namque

2104 785 2335 830 testatur
2367 773 2420 826 in
2459 771 2750 841 Evangelia
2786 788 2801 824 :
2841 769 2982 834 Quia
3030 778 3146 822 erat
3179 767 3333 820 Jesus
3361 777 3675 832 pernoctans

2103 865 2156 918 in
2183 866 2420 918 oratione
2451 861 2556 934 [AL
2590 861 2714 915 add.
2740 859 2858 932 Dei]
2883 860 3034 927 (Luc.
3063 875 3140 922 vt,
3179 858 3285 930 l2).
3313 857 3677 911 Pernoctabat

2108 959 2395 1019 Dominus.
2423 971 2532 1010 non
2565 955 2695 1019 sibi,
2724 957 2819 1009 sed
2853 963 2913 1008 ut
2953 955 3154 1011 scirent
3209 952 3352 1006 servi
3408 952 3595 1020 inopes
3621 957 3679 1004 et

2107 1050 2308 1106 inﬁrmi
2367 1049 2495 1120 quid
2542 1061 2706 1116 agere
2763 1047 3024 1099 deberent
3067 1061 3081 1098 :
3130 1043 3347 1113 quando
3413 1041 3680 1096 Dominus

2108 1144 2257 1198 dives
2281 1145 2332 1197 in
2370 1141 2644 1207 omnibus,
2675 1154 2776 1194 nec
2810 1138 2972 1192 ullius
2995 1137 3263 1207 indigens,
3295 1151 3459 1204 quam
3494 1133 3681 1190 fortis-

2107 1238 2244 1291 sime
2278 1250 2378 1304 per
2417 1243 2629 1289 noctem
2653 1232 2706 1286 in
2734 1232 2984 1286 oratione
3041 1231 3280 1282 duraret.
3315 1227 3406 1281 Sic
3427 1238 3479 1282 et
3502 1227 3682 1280 incre-

2109 1340 2202 1400 pat
2229 1329 2449 1383 Petrum
2475 1338 2716 1398 tempore
2743 1323 3030 1396 passionis,
3060 1323 3246 1376 dicens
3277 1337 3292 1374 :
3317 1319 3434 1374 Non
3463 1318 3681 1387 potuisti

2110 1436 2217 1474 una
2273 1419 2401 1471 hora
2433 1417 2654 1487 vigilare
2681 1431 2876 1470 mecum
2937 1413 3135 1481 (Marc.
3197 1428 3309 1476 xiv,
3360 1412 3489 1480 57)?
3521 1410 3584 1464 Et
3613 1407 3680 1462 ad

2111 1526 2302 1566 omnes
2327 1511 2436 1580 jam
2465 1509 2598 1564 dicit
2632 1526 2646 1561 :
2696 1505 2920 1576 l'igilate
2948 1514 2997 1559 et
3046 1514 3216 1567 orate,
3273 1519 3334 1556 ne
3373 1503 3578 1554 intretis
3629 1501 3686 1553 in

2114 1600 2456 1652 tentationem
2489 1597 2657 1668 (Ibid.
2699 1597 2810 1666 58.)
2835 1596 2960 1650 Haec
2985 1597 3171 1658 verba,
3191 1595 3304 1648 haac
3335 1602 3388 1646 et
3418 1590 3685 1658 ejusmodi

2114 1691 2360 1757 exempla
2394 1693 2436 1756 ⁸,
2475 1703 2572 1744 om
2620 1703 2739 1752 vos,
2767 1703 2926 1758 quem
2975 1703 3082 1742 non
3112 1687 3182 1740 de
3225 1684 3496 1755 profundo
3520 1683 3685 1738 etiam

2118 1798 2307 1840 somno
2339 1793 2394 1838 et
2416 1783 2576 1837 morti
2601 1781 2876 1836 simillimo
2899 1782 3119 1835 valeant
3150 1777 3452 1833 suscitare?

445 1884 1024 1937 manemisericordiam
1059 1891 1223 1944 tuum,
1251 1890 1299 1933 et
1325 1881 1595 1932 veritatem
1617 1886 1763 1930 tuam
1802 1891 1894 1945 per
1916 1889 2014 1928 no-
2042 1859 2090 1918 Β
2188 1875 2328 1930 Vill.
2371 1875 2462 1928 His
2498 1873 2748 1927 instructi
2803 1870 3172 1933 sermonibus,
3231 1868 3317 1922 his
3380 1863 3686 1920 conﬁrmati

447 1987 578 2031 clem
599 1976 769 2048 (Psal,
793 1990 900 2039 χει,
921 1975 1058 2043 2,5).
1083 1973 1205 2026 Πεεο
1233 1983 1286 2025 et
1317 1970 1621 2040 huiusmodi
1643 1977 1787 2022 tanta
1812 1981 1876 2019 ac
1894 1965 2018 2016 talia

449 2069 570 2122 ideo
598 2078 767 2121 sancti
801 2066 912 2140 [ΑΙ.
941 2067 1066 2118 add.
1103 2062 1207 2136 illi]
1237 2064 1556 2117 cet-inerunt
1579 2069 1634 2114 et
1663 2061 1864 2126 scripta
1893 2057 2018 2110 reli-

447 2173 705 2231 querunt,
737 2168 794 2213 ut
823 2174 920 2213 nos
949 2173 1138 2212 eorum
1173 2156 1374 2223 posteri
1409 2153 1628 2222 paribus
1659 2152 2022 2204 excitarentur

449 2255 711 2324 exemplis
755 2253 822 2307 ad
877 2251 1258 2307 celebrandam
1309 2249 1476 2300 etiam
1517 2243 1766 2298 noctibus
1819 2250 2022 2294 nostrae

451 2346 643 2401 salutis
675 2346 950 2400 exeubias.

520 2439 632 2492 VII.
668 2440 775 2491 Sed
811 2456 836 2487 ιι
877 2436 1148 2489 veteribus
1195 2433 1471 2486 veniamus
1502 2429 1566 2482 ad
1603 2442 1740 2480 nova
1777 2445 1789 2480 :
1823 2425 1889 2478 de
1926 2423 2024 2475 tui-

457 2531 646 2584 nistris
668 2530 800 2596 legis
823 2530 888 2580 ad
921 2528 1198 2578 ministros
1223 2521 1500 2589 Evangelii
1533 2537 1546 2573 :
1580 2520 1645 2572 de
1680 2515 1830 2570 Novo
1857 2516 2021 2568 etiam

457 2624 804 2678 Testamento
857 2619 1158 2688 vigiliarum
1218 2613 1391 2681 gratia
1440 2611 1814 2677 consignatur.
1870 2606 2022 2660 Anna

454 2715 748 2771 Phanuelis
790 2711 897 2766 ﬁlia
932 2710 1110 2773 vidua,
1160 2704 1434 2760 continuis
1478 2701 1815 2756 orationibus
1849 2708 1905 2752 et
1943 2697 2027 2766 je-

454 2809 626 2880 juuiis
680 2805 906 2859 Domino
937 2801 1048 2872 [AL
1105 2809 1240 2853 tacet
1300 2792 1550 2864 Domino]
1584 2793 1850 2854 serviens,
1921 2805 2026 2842 non
2085 2795 2088 2798 ’

458 2898 780 2955 discessisse
811 2895 829 2926 ί
889 2895 955 2949 dc
999 2892 1202 2962 templo
1246 2891 1333 2944 die
1361 2904 1425 2942 ac
1457 2897 1615 2940 nocte
1651 2885 1703 2938 in
1739 2882 2029 2950 Evangelio

459 2994 678 3064 legitur.
728 2989 981 3044 Pastores
1017 2986 1092 3039 illi
1139 2980 1493 3046 sanctissimi,
1527 2979 1654 3033 dum
1695 2991 1855 3044 super
1903 2987 2028 3042 gie-

461 3101 556 3153 ges
585 3098 716 3140 suos
761 3093 1055 3136 nocturnas
1090 3084 1346 3130 exercent
1396 3071 1632 3141 vigilias,
1656 3078 1708 3122 et
1729 3065 1948 3136 angelos
1977 3065 2028 3115 in

2121 1969 2458 2024 documentis
2483 1965 2626 2019 beati
2649 1963 2902 2034 apostoli,
2935 1973 2988 2016 et
3017 1962 3120 2030 ipsi
3173 1959 3489 2030 vigilarunt,
3517 1969 3572 2010 et
3610 1955 3689 2008 vi-

2121 2062 2278 2132 gilias
2324 2061 2681 2128 imperarunt.
2736 2056 2932 2110 Petrus
2974 2065 3136 2109 noctu
3169 2051 3281 2124 [AL
3313 2060 3449 2104 tacet
3499 2045 3687 2117 noctu]

2121 2154 2189 2205 ab
2233 2150 2423 2218 angelo
2454 2151 2508 2202 in
2539 2161 2759 2202 carcere
2795 2147 3108 2207 suscitatur,
3158 2151 3214 2196 et
3246 2141 3365 2211 ipso
3415 2147 3690 2194 reserante

2124 2255 2332 2316 portam
2373 2243 2626 2307 ferream,
2672 2240 2727 2294 in
2779 2241 2997 2292 domum
3058 2233 3244 2288 Mariae
3299 2234 3563 2300 pervenit,
3601 2227 3690 2280 ubi

2124 2348 2280 2393 erant
2345 2335 2496 2388 multi
2539 2332 2849 2402 congregati
2881 2347 2895 2384 :
2926 2343 3032 2382 non
3090 2333 3386 2380 stertentes
3426 2321 3534 2393 [ΑΙ.
3568 2321 3694 2374 dor-

2127 2427 2374 2496 mientes)
2419 2427 2626 2494 utique,
2651 2425 2744 2478 sed
2785 2431 3031 2476 orantes.
3067 2419 3210 2471 idem
3236 2418 3289 2470 in
3325 2429 3423 2469 sua
3448 2411 3692 2482 Epistola

2127 2529 2299 2599 ponit,
2332 2540 2396 2578 ac
2451 2525 2630 2578 dicit:
2693 2517 2866 2572 Sobrii
2920 2522 3104 2576 estolc,
3147 2527 3208 2564 ac
3270 2507 3510 2578 vigilate,
3565 2505 3695 2569 quia

2127 2620 2464 2675 adversarius
2523 2626 2688 2669 vester
2737 2609 2982 2663 diabolus
3045 2618 3298 2674 tanquam
3361 2600 3440 2654 leo
3489 2601 3694 2668 rugiens

2128 2714 2393 2776 circumit,
2453 2723 2689 2778 quaerens
2747 2719 2900 2772 quem
2953 2700 3160 2752 devoret
3208 2694 3318 2767 [AL
3373 2687 3696 2760 transvoret]

2131 2807 2182 2877 (I
2210 2804 2355 2860 Petr.
2386 2819 2437 2866 v,
2471 2801 2552 2871 8).
2615 2797 2814 2852 Paulus
2860 2803 2916 2848 et
2949 2792 3090 2844 Silas
3127 2789 3180 2842 in
3214 2785 3455 2840 custodia
3486 2781 3696 2851 publica

2129 2873 2274 2954 circa
2305 2896 2534 2949 medium
2569 2889 2744 2945 noctis
2771 2893 3012 2947 orantes,
3063 2882 3319 2949 hymnum
3349 2873 3699 2930 audientibus

2083 3051 2086 3054 ,
2129 2989 2328 3046 vinctis
2382 2986 2582 3039 dixisse
2637 2986 3006 3034 memorantur
3054 2972 3201 3029 :Ubi
3254 2979 3479 3038 repente
3543 2975 3701 3020 terra:

2133 3091 2280 3137 motu
2320 3079 2429 3150 [ΑΙ.
2459 3075 2584 3130 add.
2618 3071 2784 3143 facto]
2805 3068 3086 3124 concussis
3111 3065 3350 3142 careeris
3377 3059 3695 3112 fundamen-

460 3176 749 3245 splendore
773 3173 980 3236 videre,
1013 3178 1066 3223 et
1097 3166 1375 3222 Chrisrum
1414 3172 1596 3217 natum
1647 3161 1700 3214 in
1734 3160 1894 3211 terris
1917 3157 2029 3224 pri-
2059 3197 2101 3252 ϐ
2136 3173 2226 3237 ηε,
2261 3147 2516 3239 “ianua,
2562 3175 2753 3233 sponte
2783 3163 2803 3193 s
2833 3171 3052 3230 θρετηῆ
3087 3168 3142 3212 ει
3195 3156 3440 3210 omnium
3493 3147 3704 3202 vincula

465 3283 608 3321 mum
643 3265 829 3318 audire
861 3269 1200 3316 meruerunt.
1227 3256 1345 3310 Jam
1381 3269 1510 3308 vero
1540 3251 1812 3307 institutio
1838 3248 2028 3302 Salva-

463 3359 600 3412 toris
627 3370 804 3411 nonne
829 3364 939 3409 tota
975 3349 1250 3421 diligentia
1300 3349 1365 3401 ad
1392 3343 1722 3415 vigilandum
1757 3341 2032 3396 auditores

464 3447 762 3503 exsuscitat
792 3459 812 3499 °.
841 3444 955 3496 sive
990 3445 1042 3494 in
1093 3439 1346 3509 parabola
1400 3437 1522 3491 boni
1565 3432 1912 3490 semiuatoris
1957 3431 2035 3484 di-

467 3537 642 3594 cendo
699 3534 812 3606 [AL
878 3530 1378 3604 docendolsbum
1433 3527 1724 3580 dormirent
1778 3522 2032 3585 homines,

468 3632 604 3686 venit
629 3630 804 3684 malus
837 3629 1015 3690 homo,
1066 3634 1120 3679 et
1144 3620 1572 3693 superseminavit
1614 3619 1822 3670 zizania
1854 3617 1907 3668 in
1938 3618 2036 3665 tri-

471 3726 656 3787 ticum,
683 3733 732 3776 ει
762 3721 886 3774 abiit
921 3719 1140 3789 (Matth.
1174 3732 1296 3778 xm,
1325 3716 1380 3777 2,
1406 3714 1484 3782 5).
1512 3711 1664 3776 Quod
1692 3709 1738 3762 si
1773 3723 1877 3761 non
1914 3706 2040 3760 dor-

473 3817 718 3879 missent,
756 3827 854 3868 nec
889 3813 1064 3866 malus
1114 3811 1346 3865 fortasse
1384 3805 1593 3858 zizania
1629 3802 1896 3856 seminare
1940 3812 2037 3864 po-

472 3913 662 3964 tuisset
695 3923 712 3963 :
745 3907 860 3961 sive
885 3915 1005 3960 cum
1028 3904 1200 3958 dicit:
1231 3900 1348 3955 Sint
1379 3898 1539 3951 lumbi
1560 3895 1720 3949 vestri
1746 3891 2038 3963 praecincti,

474 4001 782 4054 et‘lurernw
807 3998 1049 4052 ardentes
1083 3997 1138 4048 in
1163 3993 1406 4048 manibus
1440 3990 1623 4044 vestris
1653 4003 1671 4041 :
1704 3997 1751 4039 et
1781 4001 1868 4038 vos
1892 3983 2041 4036 sinti-

475 4099 548 4151 les
575 4103 740 4147 estote
765 4091 1062 4146 hominibus
1095 4083 1522 4153 exspectantibus
1568 4079 1840 4133 doniinum
1864 4090 2040 4137 suum,

476 4190 684 4261 quando
734 4193 1027 4240 revertatur
1075 4199 1107 4234 a
1138 4181 1350 4248 nuptiis.
1387 4176 1542 4230 Beati
1601 4173 1737 4227 servi
1762 4171 2043 4238 tlli,quos,

457 4299 595 4344 cum
621 4280 817 4335 venerit
845 4276 1112 4337 dominus,
1166 4271 1424 4325 invenerit
1457 4267 1754 4337 vigilantes.
1795 4262 1862 4315 Et
1889 4264 1932 4314 si
1959 4277 2048 4314 ve-

481 4375 730 4442 spertina,
785 4368 982 4436 inquit,
1015 4367 1146 4418 hora
1205 4363 1422 4424 uenerit,
1467 4361 1513 4413 si
1570 4357 1741 4410 media
1790 4363 1960 4413 nocte.
1999 4353 2045 4405 si

483 4467 607 4538 galli
641 4475 823 4525 cantu,
851 4469 899 4514 et
931 4457 1180 4512 invenerit
1210 4453 1318 4526 (Al.
1352 4448 1612 4517 inveniat)
1631 4465 1717 4502 eos
1745 4446 2045 4516 vigilantes,

2138 3274 2261 3319 sunt
2291 3263 2488 3315 soluta.
2521 3258 2665 3312 idem
2719 3253 2914 3306 Paulus
2957 3249 3236 3320 apostolus
3270 3263 3300 3298 a
3333 3242 3546 3296 Troade
3576 3254 3702 3304 pro-

2140 3359 2405 3414 lecturus.
2437 3363 2743 3406 sermonem
2790 3345 3014 3400 docebat
3047 3356 3218 3409 usque
3248 3338 3315 3391 ad
3346 3337 3575 3390 mediam
3609 3347 3705 3384 uo-

2141 3461 2305 3512 ctem,
2333 3445 2576 3500 accensis
2607 3439 2870 3494 lanternis
2919 3451 3080 3504 quam
3137 3431 3384 3500 pluribus
3439 3426 3492 3480 in
3521 3437 3708 3479 coma-

2142 3541 2286 3596 cnlo.
2335 3537 2414 3591 Ex
2445 3549 2552 3603 quo
2581 3529 2855 3600 Eutychus
2890 3525 3204 3580 adolescens
3249 3532 3442 3573 somno
3482 3525 3706 3583 oppres-

2144 3647 2256 3694 sus,
2287 3629 2596 3696 disputante
2649 3619 2816 3674 Paulo
2853 3615 3137 3687 prolixius,
3170 3627 3198 3662 a
3233 3608 3466 3662 fenestra
3543 3603 3712 3656 dedu-

2146 3733 2292 3786 ctus,
2312 3719 2507 3775 cecidit
2529 3717 2595 3770 de
2614 3713 2774 3768 tertio
2791 3719 2959 3772 tecto,
2990 3717 3045 3761 et
3069 3703 3314 3759 sublatus
3333 3707 3418 3753 est
3445 3705 3710 3756 mortuus,

2147 3831 2255 3887 quo
2277 3782 2460 3868 statim
2497 3807 2708 3864 reddito
2761 3805 2910 3867 vitae,
2955 3814 3132 3868 usque
3161 3797 3228 3850 ad
3259 3793 3430 3847 lucem
3452 3782 3715 3844 sermoci-

2147 3880 2334 3974 natus,
2377 3906 2487 3960 Deo
2527 3903 2884 3972 gubernante,
2913 3890 3186 3960 prolectus
3211 3894 3314 3942 est.
3347 3883 3518 3950 Quam
3555 3880 3716 3948 plene

2151 3997 2292 4050 idem
2322 3968 2615 4061 quamque
2665 3985 2888 4050 copiose
2938 3993 3107 4048 super
3134 3973 3468 4032 exercendis
3513 3968 3717 4037 vigiliis

2153 4059 2494 4146 adhortatus,
2523 4072 3099 4134 Thessalonicensibus
3127 4069 3372 4123 scribens
3401 4065 3474 4117 ait
3497 4078 3512 4116 :
3533 4059 3721 4126 Itaque

2153 4196 2257 4234 non
2277 4175 2606 4231 dormiamus
2636 4171 2770 4224 sicut
2787 4177 2836 4220 et
2857 4163 3054 4228 ca’teri,
3082 4162 3171 4216 sed
3192 4159 3462 4227 vigilemus
3485 4164 3535 4208 et
3558 4149 3722 4207 sobrii

2156 4272 2342 4325 simus.
2393 4263 2529 4318 Nam
2563 4261 2652 4330 qui
2683 4257 2974 4318 dormiunt,
3028 4260 3177 4306 nocte
3212 4250 3520 4301 dormiunt:
3551 4254 3600 4297 et
3630 4241 3722 4311 qui

2158 4359 2508 4416 inebriantur,
2563 4359 2712 4404 nocte
2743 4347 2872 4401 ebrii
2913 4351 3057 4398 sunt.
3092 4340 3202 4395 Nos
3263 4351 3435 4392 autem
3493 4337 3581 4403 qui
3628 4333 3722 4385 Dei

2157 4466 2360 4513 sumus,
2392 4445 2554 4500 sobrii
2595 4444 2759 4496 simus
2791 4437 2840 4509 (I
2879 4437 3058 4491 Thess.
3086 4450 3142 4498 v,
3195 4433 3228 4487 6
3258 4431 3419 4500 seq.).
3469 4428 3535 4481 Et
3587 4426 3724 4480 mire

485 4559 622 4612 beati
653 4565 801 4610 sunt.
832 4552 979 4607 Illud
1013 4559 1188 4603 autem
1211 4547 1415 4608 scitote.
1447 4545 1570 4613 quia
1599 4543 1646 4596 si
1676 4543 1833 4594 sciret
1871 4548 2048 4608 pater-
2081 4543 2125 4596 Ι)
2153 4541 2425 4598 concludit
2455 4555 2469 4593 :
2501 4537 2641 4600 Sive,
2673 4530 2870 4601 inquit,
2918 4529 3210 4598 vigilemus,
3244 4519 3722 4578 sive-dormiamus,

486 4649 742 4714 lautitias,
791 4662 896 4714 qua
924 4649 1054 4696 hora
1095 4643 1183 4708 [ur
1213 4641 1426 4702 veniret,
1459 4635 1701 4704 vigilaret
1751 4633 1950 4699 utique,
2005 4636 2052 4682 et

489 4757 588 4792 non
618 4740 806 4793 sineret
826 4735 1028 4806 perfodi
1047 4733 1260 4785 domum
1295 4745 1470 4794 suam.
1494 4725 1683 4796 Itaque
1705 4733 1753 4777 et
1776 4739 1862 4776 vos
1893 4729 2056 4774 estote

559 4853 577 4883 ¹
615 4851 840 4911 Ibidem,
877 4867 896 4898 ε
934 4845 1066 4917 Non_
1089 4842 1339 4917 discessit
1366 4842 1430 4895 de
1463 4839 1684 4917 templo.
1720 4837 1778 4890 In
1809 4835 2056 4902 Evange-

491 4925 564 4976 lio
614 4910 996 4989 legitnr’quod
1038 4910 1310 4989 Pasto'res,
1351 4931 1369 4962 ι
1414 4910 1712 4989 ειε.“ΙιιςΙθ
1771 4917 1825 4960 et
1874 4920 2056 4989 vocem

491 4974 1034 5047 videreusuﬂecinius,
1089 4988 1228 5052 quod
1264 4974 1475 5036 deerat.
1528 4979 1695 5052 Paulo
1723 4985 1865 5052 post,
1901 4995 1918 5026 ι
1955 4974 2060 5040 Qui

491 5066 538 5117 si
571 5061 908 5130 vigilassent,
951 5076 970 5107 ι
1023 5047 1141 5124 pro,
1178 5054 1481 5130 cQuodusi
1517 5066 1621 5104 non
1645 5047 2000 5130 dormissent.
2037 5061 2055 5093 ι

492 5117 772 5187 Τιιιυυάύο
803 5117 986 5188 verba,
1021 5117 1178 5178 estote
1200 5117 1524 5184 hominibus,
1555 5135 1618 5172 ac
1638 5117 1832 5170 deitide
1857 5118 2059 5188 integra

493 5185 775 5272 periocha,
825 5217 843 5250 ι
885 5185 1710 5272 Illudautemscitote,.quia,li
1756 5195 1902 5272 etc...
1929 5185 2064 5272 reti-

494 5257 706 5324 Lentnr.
731 5257 900 5323 P'orro
933 5267 1150 5334 legitur,
1191 5283 1209 5314 ‹
1247 5262 1358 5317 Nec
1381 5257 1564 5334 verbis
1600 5257 1940 5334 solummodo
1963 5257 2064 5334 go-

495 5323 611 5393 cutt
644 5341 888 5408 vigilare,
922 5323 1014 5390 sed
1043 5323 1203 5388 etiam
1238 5333 1484 5408 exemplo
1524 5331 1920 5408 continuavit.»
1961 5323 2066 5376 De-

499 5397 764 5478 nique,vt
805 5397 1194 5478 Pernoctabat‘
1227 5419 1334 5478 non
1383 5397 1509 5463 sibi,
1548 5399 1748 5478 _sedont
1798 5397 2065 5477 sciremus

497 5465 625 5544 quid
671 5465 870 5534 omnes
928 5479 1108 5530 facere
1165 5474 1478 5526 debeamus.
1526 5467 1610 5544 ΔΕι
1660 5467 1774 5544 ipse
1822 5465 2070 5530 increpat

501 5539 740 5615 l’etrum,
783 5567 802 5600 ι
837 5558 969 5606 etc..
998 5546 1315 5605 decurtatis,
1350 5556 1470 5608 quae
1526 5539 1939 5599 interl'eruntur,
1976 5548 2070 5602 per

500 5623 708 5674 librarii
731 5617 1101 5673 oscitantiam.

575 5693 596 5721 ²
626 5689 802 5743 Minus
837 5691 1029 5739 iterum
1069 5687 1203 5738 bene
1253 5683 1478 5736 Dacher.
1511 5679 1648 5733 edit.
1694 5697 1712 5727 ε
1755 5675 1877 5729 ιιερυ
1908 5674 2068 5728 verba

501 5761 766 5825 ciusrnodi
821 5757 1095 5820 exemplo;
1153 5772 1170 5803 ι
1222 5754 1560 5825 tumplane
1593 5750 1874 5825 mendose,
1926 5763 1943 5794 ι
1999 5746 2071 5796 De

503 5816 772 5902 profundo
806 5816 1191 5882 etiam-mortis
1233 5816 1400 5877 simili
1440 5820 1600 5874 modo
1635 5817 1847 5872 valeant
1895 5816 2070 5869 susci-

2159 4632 2314 4687 simul
2347 4645 2462 4682 cum
2497 4626 2589 4680 illo
2641 4624 2876 4677 vivamus
2924 4617 3089 4686 (Ibid.
3147 4615 3258 4681 10).
3295 4612 3373 4664 Ad
3407 4609 3724 4663 Corinthios

2161 4736 2342 4778 autem
2377 4737 2393 4778 :
2434 4717 2678 4788 Vigilatc,
2699 4721 2833 4766 state
2853 4711 2907 4763 in
2926 4709 3050 4778 ﬁde,
3082 4701 3474 4776 confortamini,
3511 4698 3729 4753 viriliter

2163 4851 2299 4893 tare.

2234 4888 2452 4961 {Tacet
2483 4903 2710 4961 Dacher.
2743 4897 3020 4965 exemplar
3056 4900 3260 4962 sponte,
3297 4888 3415 4956 plus
3447 4899 3576 4938 vero
3608 4896 3729 4965 mox
3786 4919 3798 4965 ἕ

2165 4980 2351 5043 habet,
2374 4986 2497 5029 sunt
2529 4976 2700 5030 subito
2723 4961 2924 5025 solula'.
2950 4961 3158 5043 (Littera
3189 4975 3308 5043 qlttie
3329 4963 3734 5043 consequuntur

2280 5024 2903 5120 femineam-inlinemus.
2922 5052 2957 5120 ξ
2983 5035 3184 5093 verbis,
3207 5024 3356 5120 Idem
3384 5024 3584 5106 lfautus
3605 5035 3735 5097 apo-

2165 5098 2639 5178 :t—olu—siaiTroti'de,
2671 5123 2802 5169 etc..
2839 5107 3301 5178 adlinem_usque
3323 5098 3484 5162 hujus
3523 5103 3734 5178 numeri

2166 5159 2308 5244 idem
2357 5159 2680 5240 Dacheriaii.
2707 5159 2985 5244 exemplar
3011 5159 3375 5244 oniittit,_sive
3395 5159 3502 5233 pro
3533 5159 3736 5244 ingenti

2169 5229 2268 5313 have
2300 5229 2657 5319 lacinianunc
2681 5229 2844 5305 modo
2854 5229 3034 5319 (habet
3069 5229 3225 5319 ;__.na'
3246 5229 3739 5319 beatus‘apoz‘tplus

2169 5297 2377 5384 Publii;
2414 5297 3174 5394 superwexerceuil'is_vigiliis
3215 5297 3534 5394 adhortatpr
3564 5297 3740 5352 T-hes-

2172 5371 2539 5454 salonicenses
2567 5371 2802 5446 dicens:
2849 5371 3092 5456 Vigilatve,
3121 5389 3169 5456 et
3204 5387 3339 5456 state
3372 5375 3436 5452 in.
3460 5371 3584 5456 fide,
3615 5382 3742 5456 con:

2173 5435 2539 5454 samum..-“
2567 5435 2749 5446 ...νην
2789 5435 2802 5444 .
2859 5435 2866 5439 .
2897 5435 2902 5436 ν
2950 5435 2977 5438 η
3008 5435 3014 5436 ,
3050 5435 3092 5445 ,,
3460 5435 3470 5440 _

2173 5467 2468 5537 fortamini,
2505 5475 2553 5518 et
2598 5463 2821 5514 viriliter
2850 5435 3014 5526 agite.
3058 5473 3076 5504 ι
3112 5451 3357 5537 Quaalita
3394 5447 3642 5537 videntur
3673 5435 3742 5537 at:

2172 5507 3198 5605 Kniiqiiari’o'ex'sequenti"contexit!
3234 5518 3576 5605 deformata,“
3595 5507 3741 5605 quid

2173 5588 2450 5676 exet—ulplar
2473 5588 2545 5658 ob
2574 5588 2762 5676 oculos
2796 5599 3018 5676 haberet
3045 5591 3314 5676 mutilum,
3339 5588 3747 5676 obnoxiam":

2175 5656 2643 5732 tnodire'ri'orihus
2685 5673 2822 5730 loco,
2852 5669 2938 5720 ubi
2990 5662 3216 5733 apostoli
3251 5656 3396 5710 Pauli
3444 5663 3639 5704 nomen
3677 5657 3746 5698 ac

2175 5747 2545 5803 testimonium
2585 5744 2811 5797 recurrit
