4012 6188
273 376 388 440 245

925 373 1299 437 EPISTOLA
1335 375 1558 437 XXXI.
1601 375 1701 436 DE
1729 374 2343 439 'OBSERVATIONE
2406 376 2900 440 VIGILIARUM.

3433 373 3540 436 2m

279 489 424 558 agite
452 485 504 556 tl
530 484 655 540 Cor.
699 501 810 550 xvi,
869 487 979 557 l3).
1009 488 1101 543 Sic
1132 496 1188 544 et
1229 487 1297 544 ad
1323 486 1589 557 Ephesios
1615 487 1803 544 scribit
1839 506 1856 544 :
1890 497 1938 554 Α
2034 491 2105 548 Χ.
2149 472 2302 548 [inde
2339 493 2449 562 jam
2491 493 2660 547 nostri
2709 493 2914 555 fideles,
2945 491 2987 543 si
3024 485 3345 543 de'suoruin
3386 488 3513 540 inin

278 579 502 636 Orontes
549 579 776 632 inomni
816 589 1043 647 tempore
1089 582 1141 635 in
1181 582 1366 650 spiritu
1397 581 1608 653 (Ephes.
1639 598 1711 646 vi,
1747 581 1857 646 18).

281 672 352 726 Et
408 672 524 741 ipse
581 671 856 742 vigilantis
891 688 1107 743 quoque
1171 674 1475 743 exemplum
1541 688 1748 742 ponens
1801 673 1856 726 in

281 765 530 830 catalogo
555 764 816 817 virtutum
851 779 1097 829 suarum,
1130 765 1362 820 fructum
1389 765 1456 820 de
1488 765 1684 834 vigiliis
1720 764 1860 816 inul-

283 858 360 908 tis
393 857 534 923 apud
571 853 881 908 Corinthios
907 855 1190 922 gloriatur.

359 942 452 995 IX.
494 941 617 996 Haec
663 941 930 996 sulIiciant
974 943 1040 996 de
1093 943 1418 1013 antiquitate
1451 954 1505 1000 et
1537 946 1862 1000 auctoritate

287 1034 594 1096 vigiliarum
639 1049 655 1087 :
699 1044 943 1100 superest
977 1042 1036 1086 ut
1069 1036 1359 1088 secundum
1409 1037 1738 1104 promissum
1773 1053 1865 1089 or-

285 1125 469 1177 dinem
498 1122 608 1194 [AL
640 1133 747 1178 tac.
777 1122 1047 1195 ordinem]
1077 1105 1144 1178 de
1175 1139 1363 1179 earum
1396 1125 1629 1180 utilitate
1658 1127 1863 1196 aliquid

286 1215 635 1269 conferamus
683 1215 794 1288 [ΑΙ.
847 1217 1026 1284 aliqua
1077 1216 1447 1290 proferamus]
1492 1232 1857 1286 :quanquam

284 1308 483 1362 sentiri
534 1313 709 1378 magis
747 1310 918 1378 possit
965 1325 1060 1378 per
1101 1310 1423 1365 exercitium
1473 1311 1592 1380 ipsa
1634 1311 1864 1374 utilitas,

283 1412 453 1466 quam
510 1399 780 1467 loquentis
829 1414 1078 1455 sermone
1134 1403 1342 1455 narrari
1387 1417 1401 1454 :
1472 1400 1808 1456 (instandum
1846 1402 1862 1431 ¹

283 1491 432 1542 enim
468 1490 701 1553 videtur,
735 1491 860 1560 quia
895 1493 1072 1546 suavis
1101 1501 1178 1547 est
1221 1493 1471 1546 Dominus
1505 1492 1682 1563 (I’sal.
1720 1508 1867 1556 xcrx,

283 1581 382 1649 5);
416 1583 564 1636 sicut
597 1583 858 1652 scriptum
893 1594 997 1639 est.
1032 1585 1134 1652 Qui
1163 1600 1293 1656 ergo
1321 1587 1582 1656 gustavit,
1616 1586 1868 1654 intelligit

283 1683 340 1727 et
369 1675 545 1727 sentit
575 1682 836 1743 quantum
881 1676 1090 1743 pondus
1129 1681 1365 1746 pectoris
1398 1666 1670 1746 vigilando
1703 1679 1867 1746 depo-

284 1767 457 1830 nltttr,
489 1775 726 1835 quantus
760 1771 955 1824 mentis
985 1779 1180 1838 stupor
1215 1770 1514 1838 excutitur,
1546 1779 1746 1840 quanta
1776 1771 1870 1824 lux

286 1858 532 1911 animam
567 1861 841 1929 vigilantis
878 1871 933 1916 et
961 1864 1168 1916 orantis
1201 1861 1436 1916 illustrat
1472 1878 1487 1917 :
1521 1878 1640 1931 qua:
1671 1863 1865 1932 gratia,
1899 1843 1941 1899 θ

286 1952 684 2018 «ιυεε,νίεἰιειὶο
715 1953 955 2007 membra
995 1953 1246 2009 universa
1289 1952 1546 2008 letiﬁcat.
1582 1952 1867 2022 Vigilando

289 2045 454 2095 timor
485 2043 664 2098 omnis
701 2045 1030 2112 excluditur,
1062 2047 1257 2101 fiducia
1290 2047 1554 2111 nascitur,
1587 2062 1715 2100 caro
1753 2059 1868 2099 nia-

288 2145 531 2200 ceratur,
564 2137 692 2191 vitia
726 2141 1030 2205 tabescunt,
1063 2140 1304 2196 cliaritas
1353 2145 1665 2203 roboratur,
1712 2153 1867 2192 rece-

285 2226 363 2278 dit
388 2229 638 2290 stultitia,
668 2229 877 2284 accedit
905 2230 1191 2300 prudentia
1222 2247 1237 2285 :
1268 2246 1418 2284 tuens
1444 2231 1686 2296 acuitur,
1715 2246 1867 2285 error

287 2319 633 2383 obtunditur,
665 2321 955 2375 criminum
996 2332 1160 2392 caput
1203 2323 1454 2378 diabolus"
1493 2323 1672 2391 gladio
1707 2323 1869 2393 spiri-

291 2419 379 2462 tus
423 2410 767 2468 vulneratur.
807 2411 943 2479 Quid
967 2415 1069 2468 hac
1122 2414 1354 2469 utilitate
1401 2415 1570 2484 magis
1617 2428 1867 2468 necessa-

289 2498 472 2552 rium?
510 2501 637 2569 quid
689 2503 806 2557 istis
856 2504 1020 2558 lucris
1056 2505 1163 2575 [ΑΙ.
1199 2505 1328 2559 add.
1362 2505 1590 2577 sanctis]
1622 2521 1868 2560 commo-

290 2588 455 2643 dius?
506 2591 639 2656 quid
702 2593 806 2646 hac
851 2593 1210 2648 delectatione
1257 2596 1523 2649 suavius?
1579 2596 1708 2659 quid
1765 2595 1869 2650 hac

293 2680 556 2734 felicitate
606 2683 860 2738 beatius?
907 2693 1045 2741 teste
1093 2687 1258 2741 etiam
1307 2686 1578 2757 Propheta
1617 2687 1758 2756 :q‘ui
1811 2689 1866 2741 iit

293 2773 564 2842 principio
601 2773 942 2830 Psalmorum
991 2793 1239 2842 suorum,
1278 2777 1498 2833 beatum
1549 2780 1724 2834 virum
1774 2781 1868 2834 deo

294 2866 560 2931 scribens,
599 2881 864 2921 summam
911 2871 1297 2926 beatitudinem
1345 2869 1456 2942 [ΑΙ.
1491 2873 1868 2944 beatitudinis]

291 2956 416 3025 ejus
445 2956 497 3009 in
530 2957 635 3012 hoc
664 2959 931 3016 versiculo
959 2963 1291 3018 collocavit:
1326 2966 1382 3020 Si
1417 2965 1471 3019 in
1504 2967 1620 3034 lege
1655 2965 1867 3019 Domini

297 3049 588 3102 meditetur
629 3051 716 3102 die
762 3066 826 3106 ac
873 3065 1053 3108 nocte.
1099 3053 1249 3111 Bona
1293 3066 1379 3111 est
1417 3059 1632 3126 quidem
1673 3058 1869 3112 diurna

1969 586 2177 640 tutione
2208 601 2313 639 non
2344 584 2652 638 excitantur
2677 583 2746 637 ad
2779 581 3058 636 habendas
3091 581 3300 648 vigilias
3333 593 3540 643 sacras,

1965 676 2021 731 in
2054 677 2277 730 adversa
2307 675 2587 729 varietatis
2620 673 2975 743 usurpatione
3000 681 3305 729 cernentes,
3336 669 3546 721 alienas

1963 783 1996 821 a
2035 768 2125 822 Dei
2172 769 2339 822 rebus
2388 781 2493 820 non
2540 781 2662 820 esse
2702 765 2975 819 fateantur
3009 779 3024 819 :
3057 777 3190 828 quas
3235 776 3343 813 non
3376 775 3548 812 amin-

1967 861 2176 914 laretur
2217 859 2432 928 iniquus
2480 857 2546 911 ad
2592 858 2983 925 deceptionem,
3023 855 3123 908 nisi
3164 852 3274 906 Deo
3321 851 3552 920 placitas
3593 839 3597 844 ⁷

1965 969 2088 1008 esse
2130 961 2482 1019 cognosceret
2527 951 2592 1004 ad
2645 951 3036 1004 celebrantium
3089 946 3541 1001 benedictionem.

1969 1047 2197 1112 Tamen,
2228 1047 2534 1100 citatissimi
2567 1046 2780 1112 fratres,
2807 1047 2896 1115 qui
2926 1045 3112 1115 vigilat
3139 1043 3332 1105 oculis,
3363 1038 3549 1108 vigilet

1966 1148 2021 1192 et
2055 1141 2216 1192 corde
2250 1155 2265 1194 :
2299 1139 2386 1205 qui
2438 1149 2559 1193 orat
2605 1124 2822 1208 spiritu,
2879 1147 2999 1192 oret
3041 1145 3098 1190 et
3145 1143 3363 1199 mente;
3419 1131 3545 1200 quin

1968 1231 2124 1284 valde
2157 1232 2345 1285 inutile
2374 1242 2457 1286 est
2483 1231 2658 1286 oculis
2684 1233 2928 1300 vigilare,
2959 1231 3142 1284 animo
3171 1228 3478 1284 dormiente
3503 1225 3546 1278 ³.

1968 1323 2100 1380 Cum
2164 1326 2476 1379 econtrario
2541 1341 2606 1379 ex
2664 1341 2898 1393 persona
2951 1323 3206 1379 Ecclesiae
3265 1320 3545 1388 Scriptura

1971 1425 2198 1471 testetttr
2226 1433 2240 1471 :
2273 1415 2405 1486 Ego,
2441 1419 2637 1488 inquit,
2685 1419 2915 1479 dormio,
2949 1427 2999 1472 et
3039 1433 3129 1471 cor
3157 1431 3330 1469 meum
3369 1415 3549 1483 vigilat

1971 1507 2148 1578 (Cant.
2184 1525 2235 1572 v,
2264 1509 2344 1578 2).
2381 1509 2696 1563 Curandum
2727 1518 2810 1564 est
2838 1509 3001 1563 etiam
3036 1522 3102 1562 ne
3136 1505 3414 1561 nimietate
3444 1501 3548 1556 cibi

1970 1599 2055 1654 vel
2089 1609 2249 1669 potus
2284 1599 2555 1670 vigilaturi
2590 1611 2783 1669 pectus
2816 1610 3074 1656 oneretur
3105 1617 3120 1653 ε
3156 1614 3220 1652 ne
3251 1596 3550 1650 cruditates

1971 1700 2284 1747 eructantes
2308 1703 2364 1747 et
2391 1693 2668 1762 crapulam
2703 1709 2808 1747 non
2843 1692 3015 1747 solum
3047 1691 3151 1761 ipsi
3185 1690 3340 1744 nobis
3371 1689 3552 1741 insua-

1972 1800 2068 1840 ves
2099 1785 2292 1847 simus,
2317 1786 2411 1840 sed
2439 1795 2493 1840 et
2521 1787 2709 1855 gratia:
2731 1785 2952 1855 spiritus
2975 1783 3186 1855 indigni
3206 1782 3551 1854 iudicentur:

1969 1877 2190 1946 quidam
2226 1892 2462 1947 namque
2505 1881 2588 1931 vir
2621 1877 2762 1932 inter
2797 1887 3042 1946 pastores
3075 1874 3310 1930 eximius
3341 1892 3354 1928 :
3401 1872 3556 1927 Sicut

1968 1966 2171 2030 fumus,
2208 1966 2406 2035 inquit,
2447 1965 2596 2034 fugat
2645 1981 2796 2036 apes,
2833 1968 2912 2021 sic
2967 1967 3236 2034 indigesta
3288 1961 3555 2018 eructatio

1970 2059 2168 2113 avertit
2196 2070 2252 2111 et
2281 2059 2472 2129 objicit
2502 2059 2738 2125 Spiritus
2765 2059 2937 2113 sancti
2972 2059 3328 2113 charismata.

2040 2149 2132 2205 XI.
2173 2151 2315 2220 Ergo
2368 2160 2624 2218 tanquam
2678 2152 2863 2204 divino
2916 2151 3156 2204 iuncturi
3211 2149 3554 2215 ministerio,

1969 2252 2095 2298 ante
2145 2259 2247 2298 nos
2302 2259 2400 2312 per
2454 2243 2842 2298 abstinentiam
2909 2257 3103 2313 parare
3167 2243 3451 2306 debemus,
3497 2253 3564 2296 ut

1971 2337 2242 2406 ingravati
2299 2336 2606 2406 expeditius
2656 2335 2876 2405 vigilare
2931 2336 3225 2406 possimus.
3277 2334 3554 2405 COgitatio

1969 2445 2185 2501 quoque
2237 2429 2378 2484 mala
2429 2429 2683 2499 pellatur,
2736 2443 2802 2481 ne
2858 2428 2997 2482 male
3053 2427 3327 2496 vigilantis
3377 2428 3554 2480 oratio

1969 2521 2103 2590 ﬁat,
2155 2521 2298 2576 sicut
2343 2521 2562 2590 legitur,
2609 2522 2663 2573 in
2709 2529 2981 2588 peccatum
3035 2516 3215 2589 (Psal.
3259 2533 3427 2580 cvm,
3476 2519 3553 2585 7).

1973 2615 2112 2671 Sunt
2153 2615 2298 2670 enim
2343 2627 2399 2670 et
2427 2631 2494 2668 ex
2527 2616 2766 2682 maligno
2795 2615 3027 2684 vigiliae;
3063 2616 3202 2667 sicut
3235 2611 3286 2665 in
3326 2610 3559 2664 Prover—

1971 2709 2075 2763 biis
2117 2708 2360 2776 legitur:
2404 2706 2582 2772 Quare
2631 2708 2843 2760 ablatus
2893 2716 2969 2760 est
3020 2720 3234 2759 somnus
3277 2703 3340 2755 ab
3393 2701 3558 2756 oculis

1969 2818 2173 2856 eorum.
2213 2799 2334 2854 Non
2369 2804 2506 2854 enim
2550 2801 2844 2874 dormiunt,
2879 2799 3072 2868 inquit,
3109 2797 3209 2849 nisi
3251 2796 3387 2849 male
3428 2796 3560 2864 [ecc-

1972 2895 2078 2947 rint
2130 2890 2310 2963 (Prov.
2347 2907 2422 2959 iv,
2457 2892 2568 2960 l6).
2603 2892 2824 2955 Absint,
2867 2889 3086 2950 fratres,
3121 2888 3302 2940 absint
3346 2887 3413 2939 ab
3455 2888 3558 2939 hoc

1972 2995 2238 3041 conventu
2269 2985 2402 3058 tales
2429 2985 2648 3054 vigiliae.
2677 2985 2760 3037 Sit
2786 2983 2968 3052 potius
2994 2980 3333 3051 vigilantium
3368 2987 3558 3048 pectus

1949 3057 2216 3132 iclausuut
2252 3076 2488 3140 diabolo,
2521 3086 2774 3144 apertum.
2804 3075 3020 3128 Christo
3057 3088 3072 3125 :
3113 3081 3168 3124 ut
3202 3087 3360 3140 quem
3401 3071 3560 3123 labiis

295 3143 586 3194 meditatio.
615 3145 658 3205 ',
698 3146 794 3198 sed
835 3147 1104 3201 ellicacior
1143 3159 1226 3202 est
1275 3159 1539 3204 nocturna
1569 3168 1583 3205 :
1617 3151 1740 3220 quia
1775 3167 1872 3220 per

1979 3183 2234 3223 sonamus
2266 3168 2306 3232 ⁸,
2341 3168 2506 3220 corde
2559 3177 2858 3220 teneamus.
2907 3163 3059 3218 Tunc
3101 3173 3264 3216 erunt
3309 3171 3560 3228 accepta-

297 3233 439 3286 diem
487 3237 846 3292 necessitates
890 3242 1054 3292 variae
1099 3241 1448 3310 obstrepunt,
1488 3243 1873 3311 occupationes

296 3325 610 3379 distrahunt
639 3338 898 3394 mentem,
929 3345 1147 3384 sensum
1186 3333 1384 3401 duplex
1421 3347 1556 3388 cura
1585 3334 1870 3404 dispergit.

297 3417 417 3472 mox
459 3423 682 3489 quieta,
737 3438 840 3476 nox
893 3436 1102 3478 secreta
1150 3435 1508 3494 opportunam
1560 3442 1621 3482 se
1675 3429 1877 3496 praebet

297 3514 604 3580 orantibus,
643 3517 980 3584 aptissimam
1022 3517 1368 3584 vigilantibus
1407 3535 1421 3571 :
1456 3519 1585 3573 dum
1632 3520 1872 3574 carnali-

296 3609 404 3662 bus
441 3610 886 3678 occupationibus
930 3611 1264 3680 expeditum,
1300 3613 1584 3666 collectum
1625 3627 1874 3678 sensum,

296 3703 570 3755 intentum
605 3705 876 3756 hominem
905 3703 1110 3758 divinis
1136 3705 1518 3774 conspectibus
1548 3704 1713 3760 sistit.
1746 3705 1878 3760 inde

297 3794 550 3847 diabolus
616 3797 923 3848 divinarum
970 3810 1186 3864 semper
1224 3783 1402 3851 rerum
1455 3797 1681 3853 callidus
1713 3814 1880 3851 attnu-

295 3886 464 3949 lator,
502 3887 649 3940 sicut
687 3886 894 3955 jejunia
947 3896 1002 3943 et
1049 3889 1436 3959 virginitatem,
1498 3905 1636 3944 vana
1689 3891 1876 3958 bapti-

295 3990 473 4032 smata
497 3991 550 4034 et
596 3981 775 4034 inania
816 3983 934 4036 suis
976 3981 1281 4037 cultoribus
1323 3984 1515 4038 dedit:
1551 3984 1624 4036 ita
1671 3991 1726 4038 et
1773 3983 1877 4037 hoc

295 4083 552 4127 sanctum
594 4073 880 4128 aemulatus
919 4072 1174 4140 ollicium,
1211 4084 1480 4130 nocturna
1514 4089 1670 4131 sacra
1707 4085 1761 4130 et
1794 4075 1876 4130 vi-

296 4165 462 4234 gilias
489 4164 603 4220 suis
629 4168 1118 4224 comessationibus
1148 4168 1374 4226 addidit.

373 4396 394 4427 ³
433 4393 582 4448 Ezlit.
639 4393 866 4452 Daeher.
927 4396 1198 4468 Gustando
1243 4415 1268 4451 :
1313 4407 1426 4452 tum
1485 4399 1690 4461 verba,
1747 4400 1879 4453 sicut

299 4467 558 4538 scriptum
583 4475 684 4531 est,
707 4472 1073 4534 ρτιειθτιιιιιιιι
1101 4486 1114 4520 :
1151 4469 1388 4538 legitque
1415 4485 1598 4538 porro,
1623 4479 1879 4538 quantum

299 4536 523 4604 pudoris
564 4553 660 4602 pro
700 4547 952 4605 quantum
996 4539 1201 4605 pondus
1240 4536 1486 4606 pectoris.
1533 4536 1705 4606 Paulo
1739 4550 1878 4607 post,

300 4626 324 4659 ι
361 4611 497 4670 Qua:
533 4619 720 4662 sancta
761 4607 996 4660 visitatio
1043 4613 1284 4662 membra
1319 4611 1568 4661 universa
1607 4610 1880 4676 vigilantis

300 4678 564 4733 laetiﬁcat.
601 4697 620 4729 ι
655 4678 890 4734 Omnino
920 4689 1100 4732 autem
1152 4683 1376 4744 rectius,
1407 4682 1624 4734 castitas
1658 4681 1880 4732 robora-

299 4760 393 4803 tur
423 4752 533 4814 pro"
557 4749 800 4802 Charitas.

377 4819 398 4847 ²
437 4818 686 4882 Amplius
740 4824 789 4873 in
832 4816 1019 4874 eadem
1067 4817 1197 4870 edit.
1234 4835 1248 4876 ;
1286 4836 1310 4884 ,ι
1348 4817 1492 4871 Bona
1541 4816 1737 4882 oratio,
1789 4821 1881 4872 sed

302 4889 480 4942 multo
513 4894 718 4952 gratior
759 4900 810 4942 et
851 4889 1119 4942 elliCarior
1148 4900 1229 4940 est
1262 4899 1519 4941 nocturna
1553 4889 1832 4940 meditatio
1865 4905 1878 4941 :

304 4961 462 5028 quia,
499 4973 518 5004 ι
554 4968 686 5022 etc.,
721 4970 854 5020 tum,
892 4956 1187 5024 multiplex,
1222 4973 1321 5024 pro
1352 4959 1565 5024 duplex.
1600 4959 1688 5023 Et,
1718 4977 1735 5008 ι
1766 4958 1883 5011 Nox

304 5037 491 5080 autem
542 5039 751 5081 Secreta
799 5041 905 5092 est,
943 5043 1046 5079 nox
1103 5039 1286 5097 quieta
1339 5038 1442 5089 est,
1480 5039 1535 5079 et
1580 5038 1880 5095 opportuna

303 5098 620 5160 orantibus,
657 5101 956 5165 aptissima,
990 5109 1122 5160 etc.,
1154 5110 1208 5150 et
1240 5097 1470 5151 collecto
1504 5112 1668 5150 sensu
1711 5109 1880 5150 totum

305 5169 590 5219 hominem
629 5171 833 5222 divitiis
879 5171 1261 5235 COllSpet‘libUS
1298 5170 1461 5220 sistit.
1497 5187 1515 5219 ι
1563 5168 1884 5220 Econtrario

305 5250 430 5304 quae
456 5247 755 5301 sequuntur
781 5255 875 5306 per
900 5242 1180 5292 duodecim
1212 5241 1381 5290 let-me
1404 5251 1594 5290 versus
1617 5252 1647 5289 a
1684 5239 1882 5299 verbis,

305 5309 448 5363 Inde
498 5307 738 5361 diabolus
782 5311 1102 5369 divitiarum,
1151 5317 1285 5372 etc.,
1331 5323 1500 5376 usque
1551 5309 1617 5359 ad
1669 5309 1880 5360 numeri

307 5379 689 5446 hujuslinetu,
724 5391 778 5430 et
811 5381 1193 5444 subsequentis
1224 5379 1399 5432 locum
1436 5377 1604 5440 illum,
1637 5378 1722 5430 ubi
1752 5377 1885 5430 diet-

309 5444 398 5501 tur
417 5465 431 5498 :
453 5444 574 5495 Νἰοέ
595 5447 698 5499 Deo
714 5449 943 5516 placitas
961 5462 1072 5500 esse
1095 5463 1448 5516 cognosceres,
1472 5452 1522 5499 in
1546 5447 1732 5500 eadem
1753 5450 1883 5501 edit.

307 5520 714 5586 desiderantur.
749 5519 828 5572 Ita
863 5535 989 5572 vero
1018 5529 1313 5586 conceptus
1339 5527 1423 5570 est
1446 5532 1641 5572 sensus
1673 5533 1688 5572 z
1724 5537 1740 5569 t
1773 5517 1884 5569 lia-

305 5602 419 5655 qne
453 5585 561 5638 Deo
592 5590 821 5654 placitas
853 5586 1164 5656 cognoscite
1198 5585 1342 5641 esse
1382 5588 1594 5656 vigilias
1632 5591 1697 5642 ad
1737 5592 1884 5642 cele-

309 5659 577 5710 brandam
629 5663 1080 5714 benedwnoneni.
1131 5657 1394 5721 Tantum,
1424 5659 1764 5726 citatissimi,
1793 5660 1884 5728 qui

311 5729 525 5792 vigilas,
557 5745 575 5778 ι
606 5739 714 5783 etc.

390 5798 409 5825 ³
442 5797 763 5864 Dachcrius,
823 5821 840 5849 ι
881 5803 1002 5871 quia
1059 5817 1158 5855 nec
1209 5801 1336 5854 satis
1395 5801 1524 5854 utile
1577 5809 1660 5854 cst
1713 5799 1884 5856 oculis

1981 3263 2117 3317 biles
2150 3273 2344 3314 nostra:
2374 3260 2589 3328 vigilite,
2621 3270 2747 3312 tunc
2774 3257 3112 3328 pernoctatio
3140 3255 3398 3310 salutaris
3427 3255 3556 3317 erit,

1981 3356 2025 3412 si
2055 3354 2380 3424 competenti
2415 3353 2713 3421 diligentia,
2749 3361 2801 3404 et
2834 3352 3118 3404 devotione
3153 3350 3363 3403 sincera
3399 3349 3560 3400 titini-

1981 3449 2204 3502 Sterium
2250 3458 2497 3498 nosmnu
2543 3443 2742 3496 divinis
2786 3443 3066 3496 obtutibus
3109 3441 3389 3494 oﬂeratur.
3434 3436 3560 3492 ille:

1978 3541 2045 3590 de
2090 3536 2397 3606 vigiliarum
2445 3537 2766 3589 auctoritate
2807 3543 2862 3587 et
2901 3533 3256 3601 antiquitate.
3309 3545 3406 3585 nec
3449 3545 3554 3583 non

1982 3628 2214 3681 utilitate
2247 3628 2389 3681 dicta
2423 3626 2714 3680 sufliciant.
2747 3624 2932 3680 Gratia
2972 3625 3182 3680 Domini
3221 3625 3391 3678 nostri
3425 3620 3556 3677 Jesu

1979 3719 2181 3774 Christi
2219 3734 2341 3773 cum
2377 3718 2630 3772 omnibus
2660 3718 2835 3772 vobis.
2870 3716 3065 3770 Amen.

2084 3906 2403 3964 MONITUM
2451 3907 2515 3960 ΙΝ
2565 3905 2953 3961 EPISTOLAM
3001 3902 3447 3972 SEQUENTEM.

2049 4025 2212 4090 Nihil,
2248 4036 2310 4079 ut
2350 4039 2474 4078 vere
2515 4024 2592 4078 ait
2637 4023 2914 4090 Erasmus,
2949 4031 3032 4078 est
3070 4024 3122 4077 in
3166 4023 3264 4077 hac
3303 4021 3530 4091 epistola

1979 4099 2122 4168 quod
2157 4099 2223 4150 ad
2258 4094 2670 4148 Pamtnachium
2713 4104 2807 4148 aut
2843 4092 3119 4168 Oceanum
3171 4093 3442 4161 pertinere
3476 4095 3558 4145 vi-

1980 4163 2195 4224 deatur.
2252 4167 2509 4238 Objurgat
2562 4179 2694 4229 eos,
2747 4179 2974 4234 quorum
3031 4163 3286 4233 pietatem
3344 4176 3559 4230 semper

1990 4399 2240 4476 vigilare,
2275 4407 2330 4455 et
2361 4397 2946 4476 animoZdo_rmitare,_r
2976 4408 3116 4476 _tttnt
3155 4414 3174 4448 ι
3208 4397 3559 4476 {Curandum

1989 4467 2082 4522 est?
2117 4472 2281 4524 etiam
2337 4482 2463 4523 ante
2509 4471 2714 4531 omnia,
2750 4484 2818 4522 ne
2861 4467 3136 4521 nimietate
3181 4468 3286 4520 cibi
3333 4468 3412 4521 vel
3469 4485 3566 4538 po-

1991 4550 2075 4593 lus
2129 4550 2440 4594 nostrorum
2499 4539 2839 4607 vigilatorum
2898 4547 3117 4606 pectora
3179 4548 3496 4593 Ottet‘ettttir.
3536 4557 3557 4590 ι

1986 4608 2158 4662 Paulo
2209 4619 2348 4678 post,
2400 4627 2418 4659 t
2463 4609 2605 4662 Dixit
2653 4621 2888 4676 namque
2947 4609 3028 4660 vir
3072 4609 3315 4675 quidam,
3355 4626 3373 4658 ι
3431 4618 3594 4672 θιας,

1987 4683 2360 4748 subsequente
2409 4693 2638 4731 numero
2689 4695 2704 4731 :

1985 4748 2312 4802 ceiebraturi
2342 4750 2678 4815 mysterium,
2709 4758 2763 4801 et
2791 4753 2935 4812 mox,
2975 4755 3032 4800 ttt
3070 4748 3346 4816 integrati,
3375 4758 3429 4800 et
3467 4764 3565 4800 ex-

1988 4819 2176 4885 pediti,
2209 4835 2227 4868 i
2261 4829 2368 4871 etc.
2407 4820 2672 4886 Denique,
2708 4836 2726 4867 ι
2763 4816 2901 4870 Sunt
2943 4818 3087 4870 enim
3122 4827 3178 4869 et
3205 4832 3271 4869 ex
3311 4816 3562 4882 malignis

1990 4890 2288 4942 inaledictte
2327 4890 2545 4956 Vigilim,
2584 4895 2644 4940 ut
2688 4889 2742 4940 in
2789 4887 3096 4941 Proverbiis
3142 4887 3365 4955 legitur,
3409 4890 3591 4954 quia,

1986 4967 2167 5011 etc....
2203 4958 2310 5012 Sed
2352 4961 2534 5010 absint
2570 4967 2624 5008 et
2657 4957 2812 5026 longe
2841 4957 3023 5011 absint
3055 4958 3123 5010 ab
3155 4956 3259 5011 hoc
3290 4967 3562 5010 conventu

1991 5028 2127 5098 tales
2153 5029 2371 5098 vigiliae,
2405 5030 2496 5080 sed
2529 5028 2728 5092 potius,
2767 5045 2788 5077 ι
2822 5036 2930 5080 etc.

2059 5099 2080 5127 "
2110 5093 2284 5152 Pen'es
2327 5099 2598 5158 eumdem,
2647 5108 2704 5149 ut
2751 5113 2866 5166 qua:
2914 5097 3069 5150 labiis
3117 5111 3385 5150 sonamus.
3440 5093 3503 5148 Et
3549 5109 3583 5147 :.

1993 5186 2011 5219 t
2042 5171 2424 5237 Acceptabiles
2450 5170 2590 5232 apud
2619 5167 2787 5221 Deum
2815 5175 3012 5220 nostra:
3037 5167 3266 5233 vigilias;
3302 5184 3320 5216 ι
3355 5169 3407 5218 in
3434 5173 3564 5228 line,

1995 5257 2012 5289 ι
2059 5239 2278 5292 Necnon
2331 5240 2494 5289 etiam
2547 5240 2614 5290 de
2662 5253 2848 5291 earum
2901 5248 3085 5290 sancta
3137 5239 3372 5290 utilitate
3420 5240 3574 5287 dicta.

1986 5310 2280 5362 subiciant.
2321 5326 2339 5358 ι
2393 5308 2598 5370 Quibus
2646 5311 2759 5362 haec
2811 5309 3208 5360 subuectuntur
3252 5306 3562 5358 continuo:

1993 5397 2011 5428 ι
2056 5380 2129 5432 De
2170 5382 2498 5448 hymnorum
2549 5389 2730 5430 autem
2773 5379 3212 5448 psaltiiortttnque
3254 5377 3563 5441 deVOttotte,

1988 5465 2148 5516 quam
2179 5446 2329 5513 grata
2371 5448 2481 5499 sint
2521 5457 2574 5500 et
2620 5446 2969 5515 acceptabilia
3005 5446 3132 5509 Deo,
3168 5462 3307 5498 nunc
3337 5458 3570 5512 quatitu-

1987 5521 2320 5586 lntncunque
2357 5519 2632 5582 dixissem,
2687 5523 2791 5570 nisi
2837 5519 2974 5570 ratio
3016 5517 3281 5584 prolixior
3315 5522 3564 5568 volumen

1990 5592 2129 5640 aliud
2177 5589 2477 5655 postularet
2521 5592 2666 5654 quod
2715 5586 2947 5640 Domitio
2993 5587 3281 5656 largiente,
3317 5595 3565 5653 sequenti

1989 5659 2338 5712 exhibebitur
2386 5661 2637 5710 lectione.
2683 5676 2701 5707 ι
2756 5658 2833 5710 lie
2874 5667 3052 5710 autem
3106 5672 3218 5724 ipsa
3261 5661 3312 5709 iit
3354 5673 3415 5708 ea
3454 5657 3568 5706 etii-

1993 5735 2137 5781 tione
2168 5732 2304 5782 alter
2348 5738 2718 5798 subsequitur.
2761 5727 3042 5782 'l'ractatus
3079 5728 3324 5798 ejusdem
3364 5724 3567 5778 Niccttt'

1989 5800 2214 5867 episcopi
2242 5802 2305 5850 de
2339 5797 2656 5851 l‘stttmouiw
2697 5804 2850 5853 bona.

2762 4695 2781 4727 ι
2842 4678 2952 4745 ligo
3006 4686 3264 4744 tanquam
3323 4680 3576 4730 divinum.
3646 4731 3651 4736 ,
