4012 6188
486 322 597 387 ΞΠ

1429 304 1493 389 s;
1533 328 1978 392 HIERONYMI
2018 332 2339 405 oesauu
2379 334 2775 397 MANTISSA.

3600 334 3705 395 248

487 439 627 495 alias
659 428 953 510 praedicare
984 441 1119 496 solet
1156 457 1171 497 :
1203 449 1473 510 postremo
1508 458 1617 510 quo
1661 444 1814 567 signo
1852 445 2047 511 depre-
2077 457 2120 513 Α
2152 448 2384 516 argutiis
2416 447 2736 518 praetereundi
2777 446 3098 502 Ciceronis?
3126 444 3231 500 .lub
3265 454 3483 500 sanctus
3512 446 3566 500 in
3599 458 3712 499 ten-

487 509 691 565 bendas
718 511 788 565 ad
815 511 951 567 duos
980 512 1237 567 scriptam
1274 511 1451 567 potius
1479 526 1643 567 uuam
1671 528 1699 565 a
1772 515 1978 567 unum?
2155 539 2359 567 .-.που
2386 539 2450 567 ...ι
2479 553 2634 567 ........
2665 538 2889 567 -i..-:.....
2920 537 3145 567 .i...,......
3170 553 3182 566 .
3216 536 3294 567 .:..
3325 538 3376 567 ς..
3409 537 3587 567 ani"...
3613 553 3712 567 .....

485 509 691 565 bendas
718 511 788 565 ad
815 511 951 567 duos
980 512 1237 581 scriptam
1274 511 1451 580 potius
1479 509 1643 583 quam
1671 509 1740 567 ad
1772 509 1978 567 unum?

962 664 1292 725 EPISTOLA
1331 665 1497 720 XXXI
1505 666 1544 721 Ι.

625 796 690 834 AD
721 795 1065 835 PAIIIACBIUM
1099 795 1167 835 ΕΤ
1199 794 1441 835 OCEANUS
1468 795 1897 836 EIKOBTATORM.

553 894 596 950 1.
634 893 735 959 Qui
769 892 1079 962 IEthiopcm
1117 890 1309 949 invitat
1348 892 1412 947 ad
1451 893 1687 957 balneas,
1718 893 1821 947 etsi
1867 892 2045 962 nigre-

482 987 657 1041 dinem
688 1000 795 1040 uon
827 984 1039 1040 auferat
1066 984 1163 1050 illi,
1194 994 1342 1040 certe
1404 982 1488 1039 vel
1525 968 1809 1053 pecuniam
1846 983 2046 1053 accipit

480 1076 606 1138 sibi,
646 1087 701 1132 et
742 1077 868 1132 licet
910 1078 965 1130 in
997 1077 1144 1131 illius
1184 1077 1420 1131 candore
1462 1092 1567 1131 uott
1610 1074 1858 1145 gaudeat,
1894 1081 2045 1129 certe

477 1168 563 1223 vel
597 1183 696 1221 suo
731 1169 782 1223 in
822 1169 971 1222 lucro
1003 1150 1236 1223 lteiatur.
1269 1167 1349 1237 ita
1379 1168 1496 1222 sine
1532 1167 1700 1222 dubio
1733 1166 2043 1221 inobedien-

479 1269 588 1313 tem
635 1260 725 1327 qui
772 1259 970 1314 divinis
1026 1259 1367 1314 sermonibus
1415 1267 1621 1323 monet,
1660 1257 1908 1328 quamvis
1952 1272 2040 1314 re-

474 1349 739 1420 fragantis
790 1361 1011 1420 peccata
1056 1364 1167 1406 non
1215 1350 1384 1412 tollat,
1424 1328 1720 1403 mercedem
1760 1358 1936 1404 tamen
1975 1350 2041 1404 de

474 1439 780 1511 ministerio
823 1454 961 1494 verte
1005 1439 1286 1495 cbaritatis
1329 1439 1433 1495 sibi
1483 1440 1734 1506 acquirit.
1779 1439 1885 1493 Sed
1922 1439 2042 1493 ideo

474 1535 580 1588 hoc
621 1535 762 1597 dico,
792 1535 922 1603 quia
971 1549 1063 1587 vos
1108 1532 1347 1603 sperno?
1381 1531 1504 1587 Ideo
1531 1531 1739 1601 loquor,
1772 1533 1898 1602 quia
1945 1547 2041 1585 vos

473 1623 611 1678 forte
643 1637 749 1677 non
779 1621 984 1692 diligo?
1018 1622 1339 1685 Respondeo
1375 1621 1616 1692 Apostoli
1652 1637 1786 1676 voce
1823 1636 1839 1677 :
1872 1621 2039 1675 Testis

474 1721 552 1767 est
585 1713 723 1768 Deus
759 1712 1017 1783 (Philipp.
1046 1729 1085 1782 t,
1110 1714 1187 1790 8),
1214 1714 1355 1783 quod
1394 1713 1559 1782 facio,
1588 1721 1643 1769 et
1685 1713 1903 1778 faciam,
1931 1727 2037 1766 non

2155 539 2359 593 talione
2385 539 2452 593 ad
2479 538 2891 607 snamgloriatn
2919 537 3184 601 devotus;
3216 536 3295 591 sic
3325 538 3377 590 in
3407 537 3587 590 dolore
3613 553 3713 589 suo

2150 630 2464 685 clamabat:
2500 628 2642 696 Quid
2681 631 2891 698 prodest
2931 630 2985 682 in
3025 639 3281 681 tormento
3311 627 3451 681 tua?
3490 625 3557 682 Ut
3588 629 3712 697 quid

2150 722 2282 775 mihi
2313 721 2509 789 juncta
2553 731 2675 775 sunt
2716 720 2931 790 genua?
2961 730 3014 775 ut
3052 721 3176 791 quid
3215 720 3372 773 ubera
3405 719 3567 773 auxi?
3605 718 3710 774 Cur

2151 812 2340 865 nonin
2388 818 2562 865 centre
2604 821 2844 865 martuus
2892 828 3007 864 sum
3037 825 3057 865 :
3090 822 3139 879 et
3186 826 3307 863 mox
3353 821 3408 863 ut
3461 810 3524 863 de
3567 820 3713 865 utero

2149 900 2312 959 exivi.
2344 915 2446 952 non
2475 899 2713 960 protinus
2755 901 2860 954 obii
2892 898 3012 969 (Job
3054 913 3136 963 ut,
3174 899 3242 952 lt)
3270 897 3487 968 seqq.)?
3518 897 3572 951 Si
3611 901 3713 952 hoc

2148 992 2239 1047 Dei
2278 992 2488 1046 amicus
2523 990 2738 1045 dicebat
2772 991 2824 1044 iu
2870 991 3017 1051 luce.
3046 992 3174 1060 quid
3228 991 3295 1045 ab
3329 990 3564 1045 inimicis
3593 990 3714 1059 ejus

2146 1082 2355 1138 dicetur
2387 1082 2438 1135 in
2480 1081 2758 1135 tenebris?
2794 1080 2852 1136 Si
2891 1081 2981 1136 ille
3018 1082 3323 1150 iugemiscit
3352 1096 3511 1149 quem
3541 1079 3713 1135 febris

2147 1176 2363 1241 urebat,
2409 1175 2536 1245 quid
2584 1174 2748 1229 faciet
2795 1189 2954 1243 quem
2998 1174 3243 1244 geheuna
3300 1172 3622 1228 consumet?
3653 1171 3710 1225 Si

2147 1268 2236 1321 ille
2267 1266 2370 1321 sibi
2404 1266 2552 1320 dolet
2593 1280 2768 1335 genua
2808 1264 2974 1319 fuisse
3016 1264 3330 1332 conjuncta,
3358 1264 3514 1331 cujus
3545 1261 3709 1329 pedes

2144 1370 2359 1423 semper
2395 1355 2450 1410 in
2495 1354 2589 1409 Dei
2621 1369 2807 1413 amore
2862 1342 3243 1419 cucurrerunt,
3286 1353 3413 1422 quid
3465 1353 3709 1408 dicturus

2144 1452 2248 1511 est,
2278 1444 2435 1512 cujus
2463 1459 2740 1513 nunquam
2773 1444 2827 1497 itt
2860 1444 3088 1498 veritate
3117 1444 3429 1501 steterunt?
3456 1442 3708 1511 Displicet

2143 1537 2221 1591 illi
2263 1537 2408 1606 quod
2452 1520 2613 1590 natus
2657 1549 2723 1589 ex
2767 1545 2927 1589 utero
2972 1535 3191 1598 vixerit,
3246 1536 3339 1603 qui
3377 1537 3512 1591 bene
3557 1533 3707 1592 vixit,

2140 1630 2272 1694 quia
2319 1643 2446 1682 eum
2504 1628 2707 1683 vermis
2760 1627 3059 1682 moriturus
3113 1626 3352 1681 edebat:
3390 1625 3517 1695 quid
3571 1622 3709 1676 male

2144 1721 2384 1775 viventes
2430 1718 2672 1781 facient.
2725 1733 2862 1788 quos
2917 1719 3057 1787 ignis
3108 1728 3364 1779 aeternus,
3402 1726 3458 1770 et
3512 1715 3709 1767 vermis

474 1814 784 1871 εοιιιθηιῐιον
833 1809 927 1862 sed
977 1807 1149 1874 doleo,
1208 1806 1543 1863 infidelitatis
1590 1806 1645 1872 in
1690 1806 1826 1861 meis
1873 1820 2037 1875 argu-
2068 1802 2109 1859 Β
2138 1828 2411 1881 nunquam
2452 1813 2750 1867 moriturus
2792 1811 3111 1881 exspectat?
3148 1811 3322 1865 Durus
3358 1820 3433 1863 est
3474 1809 3558 1862 hic
3599 1826 3711 1863 δεῖν

476 1907 657 1951 menta
705 1913 983 1967 apparere,
1020 1913 1123 1953 non
1173 1898 1317 1965 fidei,
1352 1899 1478 1969 quia
1524 1897 1748 1953 Iudaica
1795 1898 1849 1952 in
1886 1897 2036 1952 vobis

474 1988 806 2054 testimonia,
837 2005 943 2045 non
981 1991 1289 2047 Christiana
1334 2006 1623 2061 cognosco.
1657 1990 1923 2057 Quoniam
1960 1990 2036 2042 vi-

475 2080 683 2144 dentes,
717 2097 823 2136 non
872 2082 1062 2137 videtis
1097 2100 1112 2141 :
1150 2093 1204 2136 et
1234 2084 1535 2147 audientes,
1574 2098 1679 2137 non
1726 2082 1887 2138 vultis
1935 2097 2038 2137 au—

476 2173 611 2227 dire.
642 2172 774 2228 Rem
819 2172 1011 2229 fortem
1058 2175 1301 2230 dicturus
1342 2190 1487 2230 sum.
1532 2172 1608 2228 Ex
1646 2184 1876 2244 utroque
1909 2189 2038 2228 cou-

475 2264 683 2319 turbor.
715 2263 904 2320 Timeo
932 2265 1205 2320 auditores
1242 2264 1541 2328 odendere.
1572 2270 1666 2319 sed
1711 2265 1833 2334 plus
1876 2264 2038 2318 timeo

473 2366 873 2426 contemptores
918 2369 1305 2428 prteceptorum
1342 2375 1357 2414 :
1392 2358 1484 2428 qui
1531 2359 1753 2411 verbum
1798 2356 1888 2411 Dei
1937 2373 2037 2412 au-

473 2447 591 2502 dire
618 2446 982 2512 dissimulant,
1020 2448 1229 2516 pejores
1263 2447 1420 2504 idolis
1454 2448 1743 2515 habentur.
1779 2448 1876 2502 Illa
1917 2449 2039 2520 qui-

475 2540 596 2594 dem
634 2553 795 2595 aures
840 2542 1061 2606 habent,
1091 2543 1184 2596 sed
1231 2557 1334 2596 non
1383 2541 1714 2596 voluntatem
1749 2561 1763 2596 :
1801 2559 1905 2595 non
1940 2558 2038 2597 att-

475 2632 653 2698 diunt,
687 2647 794 2687 non
835 2632 1052 2703 pulpam
1083 2632 1352 2701 manibus,
1383 2648 1480 2688 nec
1514 2634 1758 2707 capiunt.

548 2722 615 2778 11.
668 2723 823 2780 Unde
873 2722 928 2778 in
987 2724 1251 2779 malorum
1302 2725 1581 2779 hominum
1637 2724 2040 2794 comparatione

475 2815 697 2870 meliora
747 2825 895 2881 sunt,
931 2815 1054 2887 quia
1108 2831 1210 2871 nec
1259 2817 1650 2887 concupiscunt
1695 2817 1889 2880 oculis,
1937 2831 2040 2872 nec

475 2922 574 2978 per
594 2908 869 2962 contraria
898 2920 952 2964 et
983 2907 1088 2963 Deo
1116 2908 1333 2963 inimica
1359 2909 1693 2967 discurrunt.
1727 2908 1792 2964 Et
1815 2919 2039 2964 natura-

472 3001 598 3058 liter
626 3003 815 3068 surda,
863 3010 1009 3058 recte
1049 3002 1270 3058 meliora
1318 3001 1751 3057 inobedienlibus
1790 3001 2041 3070 judican-

2112 2357 2441 2413 zLuxurioso
2499 2364 2717 2414 verbum
2772 2362 3039 2416 castitatis
3086 2359 3311 2415 offensio
3361 2370 3445 2414 est
3490 2375 3508 2415 :

2139 1919 2223 1955 mo
2255 1917 2275 1954 :
2313 1903 2426 1971 quis
2473 1913 2642 1972 potest
2694 1903 2881 1956 audire
2925 1919 3043 1956 eum
3093 1902 3269 1972 (Joan.
3321 1918 3394 1963 vt,
3436 1902 3546 1970 6|).
3601 1901 3711 1953 Iloc

2139 1996 2390 2048 dixerunt
2424 1995 2496 2049 illi
2526 1996 2801 2063 discipuli,
2826 1998 2916 2066 qui
2947 1997 3153 2051 Christi
3192 1998 3412 2063 vestigia
3443 1995 3498 2049 in
3531 1994 3708 2048 Evan~

2140 2086 2279 2154 gelio
2328 2084 2667 2153 reliquerunt
2704 2103 2719 2141 :
2755 2098 2808 2141 ct
2853 2088 2920 2141 de
2965 2088 3147 2141 divino
3192 2089 3355 2140 verbo
3397 2085 3707 2140 scandalum

2141 2178 2322 2244 passi,
2378 2179 2632 2233 Saeculum
2695 2180 3001 2235 maluerunt
3056 2194 3239 2233 amare
3289 2195 3451 2247 quam
3508 2177 3706 2241 Deum;

2139 2282 2368 2336 quorum
2423 2280 2608 2325 venter
2638 2271 2795 2334 deus,
2826 2271 3029 2325 cultum
3063 2271 3245 2324 nolunt
3280 2270 3469 2324 audire
3490 2270 3707 2339 jejuuii.

3567 2362 3711 2414 sicut

2139 2451 2411 2518 PrOphcta
2446 2451 2576 2504 dicit
2605 2467 2621 2508 :
2656 2454 2992 2506 Abominatio
3032 2463 3108 2505 est
3145 2454 3256 2506 viro
3300 2454 3478 2522 iniquo
3509 2454 3708 2506 directa

2140 2543 2221 2595 uia
2249 2540 2442 2609 (Eccli.
2486 2559 2594 2609 xu,
2629 2543 2707 2615 2).
2756 2544 2873 2599 Jam
2919 2545 3222 2613 antiquitus
3263 2545 3470 2599 dictum
3513 2554 3596 2599 est
3640 2544 3710 2607 ab

2140 2633 2275 2689 Isaia
2313 2650 2329 2689 :
2370 2639 2511 2704 quod
2559 2636 2813 2697 Christus
2863 2637 3175 2711 infidelibus
3210 2636 3345 2705 lapis
3398 2635 3711 2691 oll‘eusionis

2138 2729 2428 2783 exstiterit.
2486 2730 2711 2782 Adulari
2770 2745 2877 2783 non
2934 2745 3191 2800 poasuut,
3251 2745 3318 2785 ne
3369 2739 3427 2784 et
3489 2730 3708 2783 fratrem

2141 2819 2428 2888 decipiam.
2472 2831 2527 2875 et
2575 2836 2661 2873 me
2714 2835 2895 2875 sermo
2946 2822 3210 2888 percutiat
3260 2820 3584 2883 Salomonis,
3616 2818 3708 2889 qui

2141 2912 2263 2965 ait:
2318 2908 2478 2963 Verba
2524 2911 2865 2967 adulatorum
2924 2911 3106 2964 mollia
3159 2920 3283 2964 sunt
3318 2926 3337 2964 :
3374 2911 3484 2964 lucc
3535 2921 3707 2963 autem

2143 3001 2338 3068 feriunt
2384 3003 2635 3055 interiora
2672 3004 2864 3057 ventris
2894 3000 3077 3074 (Prov.
3129 3018 3284 3067 xvtlt,
3344 3004 3424 3071 8).
3469 3001 3589 3057 Non
3627 3014 3711 3059 est

475 3107 582 3150 tur.
633 3093 789 3149 Dicat
838 3095 1123 3165 Pmpheta,
1156 3092 1202 3148 si
1251 3095 1503 3147 mentior.
1552 3093 1827 3163 Loquatur
1866 3092 2039 3173 David
2063 3129 2110 3189 ϐ
2144 3092 2316 3146 ﬁdelis
2375 3096 2617 3146 medicus
2685 3098 2774 3163 qui
2842 3103 2968 3149 ante
3037 3095 3296 3164 digestant
3369 3095 3707 3165 putrediuetn

471 3188 562 3257 qui
594 3187 897 3257 hujusmodi
930 3186 1174 3242 homines
1204 3185 1596 3255 cctuparandos
1623 3201 1743 3239 esse
1773 3187 2042 3255 serpenti-

472 3281 574 3334 bus
624 3291 728 3332 non
785 3275 1219 3348 negavit:Sirut
1270 3277 1495 3345 aspidis,
1534 3277 1630 3340 ait,
1662 3277 1836 3331 surda:
1890 3280 2043 3330 obtu-

472 3370 645 3425 rantis
717 3385 871 3424 aures
929 3384 1088 3435 suas,
1138 3385 1205 3423 ne
1254 3385 1422 3449 uocent
1481 3370 1665 3424 audiat
1718 3371 2039 3423 incantantls

473 3461 651 3534 (Psal.
682 3478 810 3527 ινιι,
834 3462 912 3531 5).
951 3461 1019 3516 Et
1054 3461 1270 3517 videant
1298 3463 1340 3517 si
1371 3478 1480 3517 non
1512 3472 1660 3517 recte
1693 3463 2040 3532 serpentibus

472 3563 882 3626 comparantur,
923 3553 1013 3622 qui
1061 3554 1205 3624 quod
1249 3553 1474 3608 audiunt
1513 3561 1721 3607 natura:
1755 3554 2036 3619 beneficio,

472 3648 818 3703 dissimulant
862 3646 1175 3702 calliditatis
1221 3648 1443 3700 astutia.
1474 3646 1557 3699 Au
1595 3645 1891 3700 Christiani
1932 3645 2038 3700 dici

472 3750 718 3813 possunt.
740 3742 833 3812 qui
864 3740 1025 3795 etiam
1054 3754 1246 3794 nomen
1280 3740 1466 3808 primae
1501 3738 1856 3792 humanitatis
1888 3734 2042 3791 amit-

471 3835 635 3891 tunt?
682 3832 826 3889 Ecce
877 3832 1146 3888 Jeremias
1205 3832 1335 3887 dicit
1379 3847 1397 3887 :
1443 3829 1835 3886 Incircumcisae
1885 3846 2040 3884 aures

469 3941 672 3990 eorum,
708 3927 800 3997 qui
829 3924 926 3978 hoc
969 3940 1072 3978 non
1107 3934 1322 3992 possunt
1358 3924 1540 3976 audire
1573 3922 1786 3994 (larem.
1817 3937 1891 3990 vt,
1926 3921 2037 3987 10).

468 4015 586 4073 Non
622 4018 745 4087 quia
776 4031 883 4070 non
928 4025 1173 4086 possunt,
1207 4015 1301 4069 sed
1334 4014 1816 4080 impossibilitatem
1847 4013 2039 4068 volun—

474 4119 558 4162 tas
592 4116 801 4161 naturae
832 4105 1051 4161 inimica
1080 4105 1404 4173 superduxit
1436 4119 1451 4161 :
1482 4111 1608 4159 dum
1641 4105 1798 4173 longe
1832 4104 2039 4158 vitiosi-

470 4198 602 4252 tatis
629 4212 752 4263 usu,
784 4197 1005 4267 genuini
1035 4211 1213 4250 mores
1243 4211 1337 4263 per
1366 4198 1651 4251 adversam
1683 4195 2037 4250 consuetudi-

473 4304 595 4344 nem
641 4289 918 4356 corrupti,
961 4288 1120 4343 tualis
1167 4285 1422 4356 operibus
1474 4287 1810 4343 ceciderunt.
1864 4287 2039 4342 Etiam

471 4395 601 4436 vasa
630 4380 761 4434 limo
797 4382 977 4450 plena,
1011 4379 1278 4449 liquorem
1332 4382 1454 4449 puri
1496 4378 1752 4434 elementi
1796 4382 2041 4448 recipere

2142 3183 2454 3253 Superducit
2484 3186 2692 3240 vulneri
2730 3186 3057 3241 cicatricem.
3094 3185 3207 3241 Non
3242 3202 3533 3256 possumus
3563 3203 3708 3242 sem-

2142 3287 2239 3341 per
2275 3274 2354 3327 lac
2389 3277 2517 3329 dare
2554 3295 2566 3327 :
2604 3278 2729 3345 quia
2782 3293 2882 3332 nec
2929 3291 3023 3331 vos
3076 3294 3292 3347 semper
3333 3280 3545 3349 parvuli
3589 3294 3710 3336 esse

2145 3364 2374 3419 debetis.

2214 3455 2306 3511 IV.
2350 3458 2521 3513 D.cite
2569 3458 2723 3522 mihi,
2759 3469 2887 3535 quot
2928 3458 3053 3511 anni
3099 3469 3313 3515 suntex
3343 3476 3451 3531 quo
3484 3476 3702 3531 regene-

2142 3550 2242 3603 rati
2296 3565 2484 3604 sumus
2540 3549 2592 3603 in
2644 3548 2906 3604 Christo?
2957 3549 3282 3624 Consideret
3339 3557 3707 3623 unusquisque

2142 3651 2399 3709 quantum
2444 3658 2507 3695 ex
2550 3657 2616 3698 co
2665 3652 2906 3711 tempore
2939 3646 2990 3698 in
3025 3646 3116 3699 illa
3148 3645 3354 3701 cmlesti
3389 3657 3546 3701 aetate
3579 3660 3705 3717 pro-

2143 3732 2357 3787 fecerit.
2394 3730 2587 3787 Nescio
2628 3735 2863 3805 qualiter
2892 3737 3139 3804 placeant
3172 3738 3488 3806 parentibus
3520 3740 3592 3792 illi
3626 3740 3709 3791 in-
3734 3767 3747 3771 ’

2142 3824 2318 3879 fantes
2356 3825 2553 3895 quibus
2585 3838 2713 3878 sunt
2745 3827 2872 3880 anni
2910 3823 3152 3895 quinque
3201 3828 3283 3880 vel
3328 3829 3538 3893 decem,
3568 3828 3611 3881 si
3656 3825 3711 3881 itt

2143 3931 2203 3968 ea
2252 3931 2356 3985 qua
2402 3917 2517 3985 nati
2567 3927 2695 3972 sunt
2745 3919 3054 3974 modicitate
3096 3921 3421 3989 perdurant.
3455 3910 3594 3985 Quid
3646 3920 3713 3973 de

2142 4007 2301 4060 nobis
2335 4005 2621 4060 dicendum
2657 4017 2762 4077 est,
2794 4006 2929 4077 quos
2961 4011 3219 4073 temporis
3257 4013 3417 4075 ratio,
3451 4028 3556 4065 non
3591 4027 3711 4064 mo-

2140 4096 2311 4160 dicos,
2341 4097 2435 4151 sed
2468 4097 2743 4156 abortivos
2774 4101 3020 4157 invenit?
3046 4100 3203 4156 Ibunt
3231 4104 3293 4156 de
3320 4106 3509 4156 virtute
3531 4106 3584 4156 in
3608 4106 3713 4158 vir-

2145 4196 2308 4242 tutem
2361 4187 2539 4259 (Prol.
2583 4204 2808 4256 uxxntt,
2854 4194 2949 4262 8),
2999 4195 3067 4248 de
3117 4197 3275 4250 bonis
3318 4197 3577 4266 scriptum
3630 4210 3714 4252 est

2142 4280 2488 4337 Christianis.
2524 4281 2821 4338 Videamus
2869 4288 2915 4340 si
2968 4287 3269 4342 Christiani
3315 4303 3549 4344 sumus:
3584 4291 3715 4359 quid

2144 4374 2199 4428 itt
2231 4374 2385 4429 nobis
2413 4376 2503 4445 (ex
2542 4391 2650 4445 quo
2676 4378 2976 4447 regenerati
3015 4393 3205 4433 stnuus
3236 4380 3289 4433 in
3316 4378 3556 4449 Christo)
3603 4383 3718 4434 vir-

471 4488 529 4532 et
559 4477 839 4533 continere
871 4492 975 4531 non
1017 4483 1263 4544 possunt.
1295 4474 1441 4545 Ager
1482 4474 1733 4544 spinosus
1774 4474 1879 4529 nisi
1921 4482 2039 4529 ante

2149 4464 2278 4517 tutis
2311 4465 2621 4531 accesserit,
2649 4467 2777 4534 quid
2812 4466 3129 4521 humilitatis
3161 4468 3213 4521 iu
3244 4470 3542 4538 prosperis,
3583 4471 3712 4537 quid

472 4570 698 4627 cultoris
735 4569 924 4625 labore
972 4569 1134 4622 fuerit
1173 4569 1523 4636 exstirpatus,
1558 4584 1664 4622 non
1697 4569 1864 4622 nutrit
1899 4566 1952 4622 in
1983 4583 2044 4622 se

467 4661 615 4733 iacta
660 4663 886 4722 semina.
922 4660 1017 4721 sed
1061 4660 1291 4715 suﬁ'ocat
1320 4677 1334 4713 :
1364 4661 1436 4713 ita
1474 4670 1532 4714 et
1574 4660 1790 4714 animus
1825 4659 2043 4713 saecula-

473 4754 615 4808 rium
656 4751 1301 4829 sollicitudinumplenus
1342 4750 1631 4816 illecebris,
1668 4750 1893 4805 verbum
1939 4765 2040 4803 non

468 4853 652 4912 potest
682 4846 952 4901 sustinere
1001 4844 1291 4899 divinum:
1328 4843 1434 4898 nisi
1478 4842 1628 4912 prius
1672 4841 1817 4911 ipsas
1858 4842 2041 4895 mundi

472 4936 871 4991 sollicitudines
893 4938 1286 5006 culparumque
1310 4937 1552 4989 omnium
1589 4934 1865 4997 materias,
1883 4947 2045 4988 evan-

471 5028 642 5101 gelica
677 5028 731 5083 in
760 5044 823 5084 se
868 5029 1002 5084 falce
1046 5027 1354 5084 succiderit.
1394 5024 1552 5080 Modo
1579 5025 1899 5094 quibusdam
1940 5025 2042 5077 mi-

471 5135 577 5174 nus
622 5116 853 5175 forsitan
902 5119 1109 5184 videor,
1162 5117 1271 5172 Deo
1319 5115 1716 5180 dissimulante,
1764 5126 2037 5183 peccare:

472 5201 779 5267 sed'aderit
807 5211 896 5266 illa
929 5209 1070 5274 dies,
1098 5224 1205 5279 qua
1234 5210 1381 5263 facta
1411 5215 1596 5264 nostra
1625 5207 1780 5275 quasi
1819 5205 1870 5259 itt
1904 5221 2039 5273 qua-

471 5303 591 5358 dam
622 5303 803 5357 tabula
833 5302 1044 5370 depicta
1074 5301 1422 5355 monstranda
1449 5310 1599 5354 sunt.

544 5391 633 5451 Ill.
672 5392 717 5448 Ο
754 5393 973 5461 quantis
1020 5394 1073 5447 in
1108 5393 1197 5447 die
1234 5392 1323 5446 illa
1374 5391 1704 5460 expedisset.
1742 5391 1787 5445 si
1834 5392 1886 5445 in
1938 5391 2041 5445 bac

471 5485 581 5538 vita
617 5494 673 5539 et
702 5487 1066 5540 membrorum
1114 5484 1280 5539 sensu
1323 5493 1379 5541 et
1415 5486 1685 5539 viscerum
1728 5484 1914 5551 vigore
1951 5498 2040 5537 ca-

474 5574 736 5631 ruissent.
774 5573 840 5629 Et
867 5574 1054 5645 quanti
1080 5575 1188 5630 illic
1215 5575 1459 5643 elingues
1493 5585 1547 5628 et
1582 5575 1742 5639 muti,
1773 5575 2043 5629 feliciores

476 5666 795 5735 loquacibus
828 5677 961 5723 tunc
989 5674 1172 5722 erunt.
1203 5665 1269 5720 Et
1292 5666 1480 5737 quanti
1521 5675 1769 5736 pastores
1799 5668 2040 5734 philoso-

477 5757 636 5825 phis;
684 5757 873 5825 quanti
923 5755 1112 5811 rustici
1161 5757 1470 5813 oratoribus
1516 5771 1534 5813 ι
1574 5759 1761 5828 quanti
1815 5756 2039 5813 hebetes

2153 4557 2425 4626 patientiae
2468 4558 2521 4612 itt
2564 4559 2831 4623 adversis,
2865 4561 2996 4629 quid
3035 4561 3089 4615 in
3126 4563 3479 4616 tribulatione
3508 4564 3713 4632 gaudii,

2150 4646 2281 4719 quid
2330 4650 2607 4706 felicitatis
2662 4652 2716 4705 itt
2769 4652 3020 4717 damnis,
3074 4655 3205 4723 quid
3256 4657 3601 4725 indulgentiae
3660 4657 3713 4708 iu

2149 4743 2390 4808 oflensis,
2425 4745 2557 4813 quid
2597 4747 2863 4802 castitatis
2901 4749 2952 4800 iu
2995 4748 3286 4802 occasione
3319 4749 3570 4804 luxuriat.
3607 4750 3715 4802 Alii

2152 4832 2220 4886 de
2252 4834 2448 4889 virtute
2486 4835 2729 4904 quotidie
2767 4845 3051 4890 transerunt
3080 4838 3148 4888 ad
3181 4837 3430 4891 virtutem
3467 4854 3482 4891 :
3518 4853 3614 4892 nos
3648 4841 3718 4891 de

2151 4925 2466 4983 infirmitate
2499 4927 2566 4983 ad
2600 4928 2990 4985 inﬁrmitatem.
3035 4929 3142 4983 Alii
3184 4929 3437 4985 meliores
3469 4944 3568 4998 per
3601 4946 3716 4991 nui-

2136 5028 2334 5087 lmeuta
2365 5019 2501 5073 fiunt
2529 5035 2546 5074 :
2581 5036 2679 5074 nos
2723 5021 3022 5076 deteriores
3058 5014 3212 5090 saepe
3237 5020 3523 5084 efﬁcimur,
3556 5019 3719 5088 quasi

2154 5126 2258 5165 non
2290 5110 2539 5165 eumdem
2580 5112 2818 5181 judicetn
2870 5122 3269 5183 exspectemus.
3302 5109 3467 5164 Stulti
3510 5125 3719 5175 sumus,

2149 5205 2194 5255 si
2248 5217 2412 5255 unum
2460 5203 2815 5271 probavimus
2863 5205 3200 5259 credentium
3243 5201 3578 5255 Salvmorem
3612 5216 3629 5253 :
3664 5212 3724 5253 et

2154 5308 2260 5346 non
2305 5309 2475 5348 unum
2516 5295 2751 5364 judicent
2809 5295 2924 5350 fore
2973 5296 3283 5350 credamus.
3317 5291 3490 5348 Unam
3534 5294 3721 5355 fidem,

2152 5401 2321 5440 unum
2351 5386 2637 5456 baptiSma,
2661 5403 2823 5440 uuam
2852 5388 3170 5454 Ecclesium,
3195 5402 3361 5441 unum
3390 5385 3557 5439 Deum
3585 5385 3724 5438 dicit

2150 5476 2462 5546 Apostolus.

2219 5567 2285 5623 ν.
2314 5571 2414 5637 Qui
2458 5584 2588 5638 ergo
2621 5570 2778 5624 hodie
2810 5574 3004 5633 malus,
3054 5569 3295 5624 crastina
3327 5567 3512 5637 pejor:
3558 5568 3727 5624 hodie

2147 5677 2364 5726 avarus,
2401 5664 2633 5718 crastina
2663 5664 2900 5717 avarior.
2931 5665 3070 5718 Ante
3121 5679 3319 5717 annum
3354 5678 3486 5718 metu
3513 5661 3730 5732 cupidi—

2153 5755 2249 5809 tati
2281 5771 2387 5810 una
2411 5756 2533 5811 villa
2561 5757 2844 5813 sudet-crat
2880 5772 2893 5811 :
2909 5755 3021 5824 jam
3056 5756 3157 5811 hoc
3176 5771 3316 5811 anno
3362 5755 3548 5825 quinta
3580 5756 3733 5810 forte
