4012 6188
374 273 489 339 249

1299 277 1673 339 EPISTOLA
1716 279 2002 339 XXXIII.
2046 281 2141 341 DE
2195 282 2706 343 ΡίΕΝιΤΕΝΤΙΑ.

3521 287 3631 346 2ἱο

376 402 493 442 non
522 384 739 441 suﬂicit.
774 383 934 441 Prius
989 384 1382 442 estcodehatur
1431 390 1651 445 animus
1680 398 1740 444 ut
1773 392 1955 445 decem
1990 408 2029 458 ,ι
2064 393 2140 447 Ad
2171 401 2224 447 te
2246 394 2539 462 increpatio
2562 407 2681 447 mea
2705 391 2944 457 festinat,
2982 405 3140 461 quem
3173 388 3346 445 sentio
3374 403 3495 445 esse
3535 404 3627 444 su-

379 477 589 534 solidos
619 477 956 548 possiderem
988 492 1005 530 :
1033 476 1145 544 iam
1169 493 1315 534 nunc
1357 491 1575 537 centum
1629 483 1778 550 parvi
1835 496 1956 537 esse

376 576 684 638 ceperunt.
715 569 781 623 Et
806 583 931 623 cum
969 569 1078 623 veri
1106 567 1425 633 Christiani,
1456 574 1570 625 veri
1600 573 1697 628 filii
1739 574 1831 627 Dei
1861 574 1951 643 qui

376 662 589 715 vadunt
603 660 674 714 de
696 662 897 715 virtute
921 660 977 713 in
1001 660 1280 723 virtutem,
1303 662 1707 731 si;perdiderint
1722 665 1949 734 aliquid,

377 755 449 807 de
478 751 697 807 virtutis
729 752 1019 806 occasione
1047 750 1301 807 laetantur
1329 770 1346 809 :
1373 767 1473 822 ego
1501 754 1605 809 nisi
1651 755 1825 810 aliena
1854 771 1948 810 ac-

374 854 592 906 cepero,
623 856 855 896 securus
895 843 1158 909 prandere
1200 857 1306 896 non
1362 857 1601 911 possum.
1630 845 1769 911 Quid
1809 848 1961 915 agis,

374 949 519 988 cera
544 933 847 1003 cupiditas?
863 931 1004 998 Quid
1024 932 1261 989 crudelis
1282 934 1337 989 in
1360 936 1587 1003 parvulo
1607 936 1630 990 ?
1651 937 1784 1003 Quid
1809 953 1949 992 saeva

372 1025 429 1079 in
456 1025 637 1077 alieno
667 1023 821 1078 lilio?
857 1024 1115 1079 Ordinem
1148 1035 1355 1079 natura:
1377 1044 1444 1079 an
1479 1027 1760 1096 religionis
1790 1044 1949 1082 ever»

373 1116 447 1167 tis
469 1115 493 1167 ?
513 1115 634 1168 Jam
665 1116 837 1169 fecisti
951 1116 1202 1183 pedibus,
1229 1117 1373 1185 quod
1414 1118 1467 1171 in
1502 1120 1677 1188 capite
1713 1135 1834 1177 esse
1853 1122 1950 1175 de-

370 1205 595 1261 buerat.
626 1208 829 1261 Aurum
857 1209 1176 1264 insensibile
1199 1210 1398 1278 pariter
1418 1212 1673 1275 omnibus
1702 1213 1950 1267 dmuiua-

371 1311 485 1352 tur.
524 1297 589 1351 Et
612 1301 741 1366 quid
768 1310 852 1354 est
883 1300 1034 1360 illud,
1070 1315 1223 1369 rogo,
1253 1303 1339 1359 vel
1367 1304 1527 1371 quale
1554 1313 1659 1369 est.
1682 1307 1821 1377 quod
1850 1320 1951 1369 nos

367 1391 625 1445 avertita
654 1391 811 1446 Deo?
848 1393 985 1457 Quis
1032 1393 1289 1464 splendor
1329 1407 1384 1451 et
1435 1408 1671 1466 quantus
1715 1408 1820 1461 est,
1848 1414 1949 1468 per-

366 1497 533 1550 quem
560 1484 695 1535 mihi
736 1484 997 1553 splendor
1042 1487 1154 1540 veri
1210 1486 1356 1543 Solis
1400 1490 1702 1547 amittitur!
1736 1491 1943 1547 Aurum

367 1583 425 1628 et
452 1584 737 1642 argentum
768 1576 957 1630 lutum.
981 1578 1312 1646 exquisitum
1342 1595 1415 1634 ex
1442 1596 1606 1637 arena
1632 1590 1686 1637 et
1712 1583 1941 1646 miuera,

367 1674 446 1737 (ει,
477 1675 536 1718 ιιι
559 1664 828 1734 Propheta
854 1669 952 1734 ait,
994 1669 1193 1740 lignum
1220 1672 1523 1740 οῙΪεηείοηὶσ
1558 1684 1644 1729 est
1698 1690 1885 1733 aurum
1924 1695 1938 1732 :

368 1771 522 1824 quia,
548 1758 758 1826 judicio
777 1761 974 1815 mentis
997 1776 1209 1827 everso,
1228 1780 1325 1832 per
1341 1767 1758 1823 aurnmdibidiui
1794 1785 1942 1827 man-

368 1850 633 1917 cipatur:
678 1851 770 1929 qui
823 1853 1019 1908 eodem
1083 1863 1203 1909 astu
1253 1858 1486 1926 acquirit
1541 1861 1944 1929 soliilutu,.mio

372 1940 617 1992 animam
647 1943 825 2010 perdit
849 1961 865 1999 :
894 1943 1145 2000 lucratur
1169 1948 1513 2016 imperatoris
1546 1950 1859 2020 imaginem,
1888 1969 1941 2007 et

375 2032 579 2084 amittit
612 2028 902 2104 imaginem
937 2036 1165 2093 Christi.
1206 2036 1302 2095 Vis
1349 2056 1511 2095 nosse
1549 2057 1711 2110 quam
1764 2044 1943 2112 perui—

372 2121 559 2176 ciosus
586 2124 656 2177 sit
682 2140 835 2179 amor
864 2128 1121 2193 habendi,
1155 2140 1212 2183 et
1235 2146 1388 2183 amor
1418 2134 1755 2201 requirenda:
1784 2150 1938 2203 perm,

372 2214 516 2266 nim?
544 2213 647 2267 Per
673 2215 815 2271 hunc
845 2216 1014 2272 Judas
1044 2220 1265 2275 tradidit
1292 2198 1649 2281 Salvatorem.
1681 2225 1744 2279 Et
1784 2198 1943 2283 certe

373 2304 595 2372 quando
620 2307 859 2373 auditur,
900 2319 996 2364 ant
1021 2315 1237 2380 quando
1283 2314 1498 2383 legitur,
1524 2324 1735 2377 tantum
1764 2320 1941 2377 scelus

375 2393 733 2449 abhorremus
818 2411 1028 2453 omnes.
1088 2400 1157 2461 Et
1209 2416 1469 2471 quantum
1519 2406 1571 2459 iu
1624 2407 1785 2463 nobis
1834 2419 1938 2470 est.

377 2483 605 2554 impium
636 2488 957 2558 discipulum
985 2492 1443 2550 condemnemus:
1469 2509 1524 2551 et
1550 2514 1646 2563 per
1681 2499 1941 2565 ignorans

375 2576 509 2630 tiam
536 2587 779 2633 nostram
824 2593 1011 2638 nostra
1042 2598 1142 2637 nos
1180 2600 1443 2641 mucrone
1466 2588 1831 2647 confodimus.

448 2663 539 2719 Vl.
588 2665 790 2732 Quanti
842 2671 982 2725 inter
1037 2686 1139 2725 nos
1196 2672 1351 2728 Judm
1373 2671 1570 2731 ludam
1632 2678 1941 2733 damnant?

373 2754 577 2822 Quanti
613 2760 668 2813 in
699 2762 1013 2828 semetipsis
1068 2778 1193 2837 cum
1251 2779 1350 2835 per
1408 2768 1759 2835 cupiditatem
1812 2787 1941 2829 suas

378 2845 597 2900 animas
632 2849 855 2907 aternis
891 2852 1224 2909 cruciatibus
1257 2856 1479 2911 tradunt
1524 2872 1543 2911 ε
1573 2872 1631 2911 et
1656 2859 1940 2927 ιηιιὶιοι-υε

370 2934 510 2990 ﬁunt
532 2939 737 3005 pariter
755 2949 811 2995 et
854 2943 1071 2998 occisi?
1100 2946 1184 2999 An
1238 2955 1514 3014 putamus,
1546 2946 1766 3011 fratres,
1793 2954 1937 3021 quod

363 3026 607 3096 iocando
671 3031 966 3099 praedicent
1024 3035 1320 3104 prophetae,
1362 3039 1589 3096 ridendo
1650 3040 1941 3110 loquantur
1968 3084 2009 3110 ,.

368 3121 627 3188 apostoli,
657 3122 920 3179 inutiliter
946 3125 1198 3189 Christus
1237 3129 1497 3199 judicium
1537 3134 1938 3190 committetur?

369 3207 479 3264 Sed
510 3210 757 3280 jocinon
808 3226 958 3281 sunt,
1008 3217 1097 3272 ubi
1153 3221 1417 3290 supplicia
1475 3223 1937 3282 interceduutzsi

360 3303 597 3373 iocando
622 3308 767 3377 passi
797 3321 944 3376 sunt,
962 3314 1256 3369 credantur
1295 3316 1531 3384 iocando
1559 3320 1744 3375 locuti.
1774 3320 1940 3377 Isaias

365 3410 519 3455 serra
567 3408 802 3458 secatur.
838 3402 1031 3461 Daniel
1078 3406 1327 3463 leonibus
1379 3408 1693 3479 deputatur.
1738 3409 1937 3469 Paulus

302 3553 321 3569 ε
367 3488 658 3545 truncatur
685 3488 887 3557 gladio.
910 3490 1099 3548 Petrus
1130 3495 1187 3549 in
1207 3510 1390 3559 cruce.
1423 3497 1639 3554 Domini
1668 3503 1934 3571 exemplo,

365 3577 739 3643 suspenditur.
772 3578 843 3637 Et
873 3582 980 3639 hoc
1033 3592 1205 3645 tntum
1243 3597 1303 3645 ut
1334 3604 1433 3645 nos
1456 3606 1484 3642 a
1544 3593 1783 3659 peccatis
1836 3610 1938 3650 sua

365 3665 619 3723 doctrina
651 3682 993 3727 revocarent.
1028 3673 1133 3729 Sed
1165 3676 1333 3735 timeo
1383 3694 1453 3735 ne
1502 3681 1938 3738 inobedientihus

366 3754 427 3809 in
456 3761 790 3836 contrarium
827 3763 1010 3819 divina
1062 3765 1318 3825 beneﬁcia
1351 3775 1695 3840 deputentur,
1725 3785 1778 3828 et
1810 3791 1938 3845 pro-

360 3846 515 3909 ﬁniat
538 3851 608 3909 ad
641 3864 853 3922 pinnam
879 3856 935 3913 in
960 3855 1191 3929 judicio,
1216 3863 1365 3929 quod
1407 3863 1494 3919 hic
1545 3866 1727 3919 datum
1758 3865 1937 3921 fuerat

360 3945 433 4001 ad
452 3945 708 4001 salutem.
739 3948 929 4004 Timeo
960 3966 1030 4005 ne
1078 3950 1216 4007 fides
1282 3966 1470 4011 nostra
1512 3958 1685 4028 magis
1737 3959 1936 4027 jocalis

361 4038 441 4091 sit
472 4053 633 4107 quam
658 4030 792 4096 fides
817 4052 874 4097 et
895 4046 1059 4098 verba
1112 4044 1351 4100 illorum.
1384 4045 1572 4104 Timeo
1608 4063 1679 4104 ne
1734 4066 1831 4105 nos
1850 4052 1934 4121 jo-

362 4131 667 4187 candonon
716 4134 993 4189 salvemnr
1022 4151 1039 4194 :
1066 4145 1124 4191 et
1169 4141 1436 4208 quomodo
1486 4156 1584 4210 per
1631 4143 1805 4201 risum
1851 4145 1927 4201 io-

364 4226 598 4281 troimus
626 4227 679 4281 in
706 4224 815 4298 [ΑΙ.
848 4227 967 4301 per]
1011 4230 1334 4296 Ecclesium,
1376 4233 1461 4289 sic
1507 4235 1681 4289 rideat
1727 4235 1819 4291 ille
1863 4237 1932 4290 de

358 4316 525 4373 nobis
551 4354 568 4377 .
594 4317 1017 4387 sicutscriptum
1044 4328 1160 4375 est;
1186 4318 1293 4385 Qui
1324 4321 1529 4376 habitat
1555 4322 1609 4376 in
1649 4322 1796 4379 cretis
1853 4327 1931 4378 ir-

358 4505 457 4558 sed
493 4503 712 4557 fastidio
759 4513 964 4569 vestro,
1013 4507 1157 4572 quod
1203 4518 1399 4573 aspera
1450 4517 1505 4561 et
1550 4506 1755 4562 inculta
1800 4507 1931 4563 facit

356 4593 560 4658 oratio,
591 4604 647 4648 et
672 4594 841 4649 labori
876 4610 1000 4649 meo
1040 4594 1201 4652 tinem
1234 4598 1385 4666 ponit
1433 4599 1762 4655 membranae
1788 4614 1936 4655 con-

357 4685 559 4741 clusio.
585 4683 765 4766 Unum
793 4685 916 4741 dico
941 4688 1086 4753 quod
1118 4687 1300 4755 cupio,
1340 4690 1465 4756 quia
1488 4688 1787 4745 Christiani
1817 4706 1934 4747 cm-

357 4778 476 4832 lum
508 4777 712 4833 debent
741 4793 948 4838 amare,
978 4792 1084 4847 non
1111 4789 1311 4834 terram
1346 4799 1361 4836 :
1390 4792 1443 4836 et
1490 4784 1659 4837 verbo
1689 4782 1782 4838 Dei
1808 4785 1932 4854 plus

358 4869 586 4925 obedire
605 4884 769 4939 quam
805 4869 1019 4925 diabolo
1045 4884 1062 4927 :
1084 4882 1138 4925 et
1160 4870 1427 4941 judicium
1459 4882 1721 4929 aeternum
1763 4876 1934 4946 magis

357 4962 558 5017 timere
585 4975 745 5029 quam
776 4961 1083 5021 hominum.

492 5094 815 5153 ΜΟΝΙἹὌΜ
845 5095 913 5150 IN
944 5096 1340 5154 EPISTOLAM
1369 5098 1804 5167 SEQUENTEM.

434 5183 598 5261 Vere,
637 5188 717 5261 ait
750 5190 1027 5261 Erasmus,
1063 5198 1170 5242 tota
1207 5192 1389 5261 specie
1440 5194 1604 5246 refert
1650 5205 1929 5261 parentem

357 5258 614 5333 eumdem
672 5258 789 5333 haec
822 5259 1081 5333 epistola,
1132 5258 1315 5333 quem
1353 5266 1625 5333 superior,
1651 5258 1837 5333 quam
1874 5264 1928 5317 in

358 5326 637 5399 plerisque
661 5329 941 5383 codicibus
967 5326 1170 5395 absque
1198 5331 1355 5384 titulo
1398 5326 1574 5399 reperi
1602 5350 1616 5386 :
1646 5326 1795 5387 nullo
1846 5333 1931 5387 in-

357 5396 530 5462 dicio,
553 5411 653 5453 nec
680 5400 744 5451 ad
772 5413 929 5467 quem
981 5401 1182 5469 scripta
1208 5401 1387 5465 fuerit,
1417 5396 1515 5456 nec
1541 5415 1571 5454 a
1602 5418 1728 5471 quo.

838 5509 1168 5567 EPISTOLA
1224 5512 1461 5568 XXXlIl.

567 5619 633 5659 AD
657 5617 906 5666 MIDAI
932 5618 1023 5666 QUI
1058 5620 1109 5659 IN
1137 5621 1347 5662 ωυιο
1385 5623 1716 5665 ΡωΝΙῚἘΒΑτο

429 5693 471 5747 ι.
502 5692 585 5748 Ad
617 5705 669 5749 te
699 5709 860 5763 surgo
882 5695 1180 5762 hominem,
1210 5712 1370 5766 quem
1396 5702 1510 5761 scio
1536 5714 1655 5756 esse
1680 5700 1919 5756 lidelem.

2060 482 2308 550 perhum.
2342 482 2613 537 Pcenitere
2658 494 2710 538 te
2751 484 2975 550 asseris,
3009 481 3098 552 qui
3162 489 3304 535 totus
3338 481 3389 535 in
3430 481 3627 535 saeculo

2056 573 2417 629 conversaris.
2454 573 2725 629 Pmuitere
2749 583 2800 628 te
2824 573 3145 641 asseris,qui
3175 587 3237 626 ea
3260 587 3379 640 qua-
3403 588 3627 626 vomue-

2059 680 2167 727 rus,
2203 666 2395 719 iterum
2454 665 2648 720 sumis.
2684 665 2956 721 Pmnitere
2995 675 3044 720 te
3096 667 3323 727 asseris,
3348 667 3445 733 qui
3501 666 3625 717 dum

2054 772 2215 824 opera
2249 756 2446 811 diaboli
2472 758 2742 825 sequeris,
2770 756 3052 810 Dominum
3072 756 3457 825 praetermittis.
3479 754 3632 810 Scire
3715 746 3722 753 ’

2054 860 2083 897 a
2115 856 2167 899 te
2189 843 2438 898 desidero
2461 845 2588 911 quid
2618 847 2903 914 pmnileas.
2929 843 3125 900 Nescio
3148 844 3273 914 quid
3299 844 3370 898 sit
3403 852 3490 895 tua
3514 859 3631 912 pe:-

2052 933 2306 988 nitentia.
2332 933 2604 988 Poenitere
2638 944 2688 990 te
2717 934 2937 997 asseris,
2975 935 3070 1003 qui
3102 935 3227 987 dum
3268 932 3475 1000 iustitia
3532 931 3628 985 Dei

2055 1022 2381 1093 praecinctus
2405 1038 2487 1087 es,
2531 1025 2962 1101 superinduxisti
2996 1026 3327 1093 superbiam.
3355 1024 3628 1078 Pmnitere

2052 1120 2105 1167 te
2143 1113 2366 1176 asseris,
2394 1113 2484 1183 qui
2522 1112 2648 1167 dum
2678 1114 2908 1168 alienam
2973 1129 3194 1167 carnem
3249 1115 3513 1181 sequeris,
3548 1112 3627 1166 sic

2051 1205 2320 1275 iatigaris,
2348 1215 2405 1258 ut
2433 1206 2587 1260 canis
2612 1221 2865 1260 reversus
2888 1204 2952 1258 ad
2978 1207 3235 1259 vomitum
3262 1220 3417 1258 suum
3446 1220 3462 1259 :
3486 1203 3631 1258 sicut

2049 1298 2200 1350 canis
2229 1295 2487 1363 fumidus,
2519 1305 2612 1353 aut
2665 1311 2760 1350 sus
2789 1312 2817 1349 a
2848 1296 3029 1350 calore
3078 1294 3284 1349 defecta
3338 1295 3392 1348 in
3437 1294 3622 1347 limum

2050 1397 2205 1441 terra:
2222 1397 2511 1456 prostrata.
2539 1386 2671 1453 Qua:
2691 1388 2760 1442 sit
2788 1396 2875 1439 tua
2900 1386 3238 1455 pmniteutia,
3262 1402 3365 1438 nou
3382 1386 3618 1437 invenio.

2046 1480 2331 1533 Ambulavi
2369 1480 2421 1533 in
2453 1480 2628 1533 locum
2684 1478 3016 1550 poenitentiae
3051 1488 3238 1532 etnon
3288 1477 3466 1529 inveni
3504 1487 3621 1543 pue-

2046 1573 2333 1625 nitentiam
2366 1580 2535 1624 tuam.
2572 1570 2654 1622 'l‘u
2694 1569 2788 1640 qui
2841 1570 3096 1623 sarculum
3149 1569 3491 1630 deserueras,
3521 1570 3623 1618 ite-

2048 1678 2163 1717 rum
2203 1663 2398 1718 ibidem
2436 1662 2717 1717 inveniris.
2747 1661 2848 1727 Qui
2895 1661 3079 1714 carnis
3113 1658 3426 1728 superbiam
3457 1657 3622 1725 depo-

1977 1757 2017 1815 B
2048 1770 2257 1817 sueras,
2290 1755 2570 1809 submittis
2600 1754 2910 1818 humerum,
2944 1762 3002 1806 ut
3045 1752 3240 1805 iterum
3284 1756 3490 1820 portes.
3516 1746 3619 1812 Qui

2047 1847 2290 1902 avaritize
2322 1849 2548 1900 dederas
2573 1847 2815 1906 dorsum,
2843 1845 3023 1899 denuo
3052 1844 3125 1895 illi
3175 1836 3388 1897 obviam
3437 1855 3620 1895 rever-

2048 1940 2202 1993 teris.
2237 1938 2339 2005 Qui
2374 1938 2602 1990 vanitati
2648 1935 2944 1990 remedium
2979 1934 3136 2006 [forte
3170 1932 3479 2002 repudiumj
3525 1930 3618 1985 de-

2045 2032 2224 2093 deras,
2256 2030 2450 2083 iterum
2489 2028 2780 2081 reverteris
2815 2028 2867 2080 in
2900 2026 3127 2096 gratiam
3158 2025 3298 2090 ejus.
3331 2022 3435 2089 Qui
3465 2037 3620 2091 pom-

2044 2138 2167 2192 pam
2223 2121 2409 2177 saeculi
2482 2120 2811 2191 Iugaveras,
2848 2120 3038 2172 iterum
3096 2117 3148 2169 in
3204 2132 3397 2170 manus
3468 2115 3616 2168 illius

2044 2214 2304 2269 incidisti.
2330 2212 2591 2266 Ambulus
2618 2222 2796 2265 autem
2826 2209 3092 2279 superbus
3109 2215 3164 2261 et
3183 2212 3355 2261 elatus
3381 2207 3614 2270 cervice,

2044 2306 2221 2357 nescis
2250 2303 2510 2372 scriptum
2557 2318 2680 2357 esse
2712 2317 2726 2354 :
2763 2303 2903 2367 Quid
2930 2300 3075 2353 nobis
3119 2298 3322 2368 profuit
3348 2296 3616 2367 superbia,

2042 2404 2091 2447 et
2145 2393 2269 2462 quid
2321 2396 2564 2445 honestas
2619 2408 2735 2444 cum
2800 2390 3093 2458 iactatione
3147 2390 3292 2440 nobis
3347 2385 3619 2440 contulit?

2046 2484 2194 2554 (Sep.
2216 2500 2266 2547 v,
2299 2483 2386 2554 8)?
2418 2483 2618 2537 lterum
2651 2486 2853 2536 dictum
2882 2480 3050 2534 fuisse
3077 2497 3091 2533 :
3130 2479 3479 2534 Transierunt
3503 2496 3618 2532 om-

2045 2579 2135 2630 nia
2157 2576 2255 2629 illa
2283 2585 2535 2644 tanquam
2574 2572 2773 2627 umbra:
2807 2572 2973 2643 (Ibid.
3011 2572 3065 2641 9)
3093 2570 3117 2623 ?

2112 2663 2182 2723 ll.
2224 2664 2461 2719 Fidelem
2495 2673 2545 2718 te
2575 2664 2867 2716 meministi
2898 2663 3102 2731 qui;per
3132 2677 3327 2731 nquam
3356 2661 3614 2731 baptismi

2044 2754 2225 2808 fueras
2258 2764 2549 2808 renovatus
2588 2769 2602 2806 :
2645 2754 2786 2806 sicut
2835 2753 3095 2821 scriptum
3146 2764 3225 2806 est
3260 2768 3273 2805 :
3312 2748 3613 2812 Lavamiui,

2045 2844 2226 2900 mundi
2256 2856 2467 2900 estote:
2499 2844 2706 2911 auferte
2754 2844 3017 2914 nequitias
3076 2843 3141 2896 ab
3185 2844 3377 2896 animis
3429 2844 3615 2896 vestris

2044 2936 2181 3000 (lsa.
2216 2954 2256 3001 t,
2290 2938 2401 3008 16).
2445 2940 2569 2993 Illos
2600 2941 2665 2993 ad
2701 2937 2985 2991 lavandum
3024 2944 3272 2990 hortatur
3304 2953 3319 2990 :
3354 2947 3406 2990 tu
3438 2947 3612 2989 autem

2043 3047 2165 3085 cum
2197 3046 2345 3087 esses
2382 3032 2633 3092 mundus.
2664 3030 2915 3085 sordidus
2959 3028 3133 3083 factus
3162 3044 3243 3083 es.
3293 3027 3410 3082 Non
3462 3036 3616 3096 potes

2038 3125 2149 3193 jam
2189 3104 2560 3179 denuo‘lnvari
2592 3123 2772 3178 :sieut
2799 3122 2933 3175 dicit
2960 3122 3153 3175 Petrus
3178 3122 3245 3173 ad
3284 3119 3569 3174 Dominum
3597 3137 3612 3173 :

2045 3215 2282 3281 Domine,
2306 3232 2408 3269 non
2432 3216 2602 3269 solum
2611 3215 2790 3285 pedes,
2812 3215 2903 3267 sed
2924 3222 2970 3267 et
2997 3228 3183 3265 manus
3212 3212 3352 3273 lava,
3382 3221 3432 3267 et
3459 3223 3615 3282 caput

2039 3316 2088 3360 et
2120 3324 2198 3363 me
2228 3317 2416 3365 totum.
2446 3307 2548 3374 Qui
2572 3310 2730 3361 semel
2752 3307 2887 3360 lotus
2929 3316 3029 3372 est,
3069 3310 3238 3359 denuo
3271 3322 3375 3360 non
3405 3304 3614 3376 “indiget

2039 3400 2210 3453 lavari
2267 3398 2448 3469 (locu.
2509 3416 2630 3468 xui,
2653 3401 2711 3465 9,
2741 3400 2853 3469 10).
2884 3399 2939 3453 Si
2973 3398 3053 3451 vis
3100 3408 3277 3451 autem
3331 3410 3388 3451 ut
3418 3397 3609 3452 iterum

2039 3491 2366 3559 cmunderis,
2390 3492 2457 3544 da
2473 3492 2875 3563 eleemosynam,
2901 3500 2950 3545 et
2973 3506 3087 3543 ecce
3104 3492 3281 3544 omnia
3303 3501 3395 3543 tua
3414 3486 3609 3542 munda

2038 3592 2162 3645 sunt
2194 3581 2348 3643 (Luc.
2378 3600 2455 3646 si,
2495 3584 2610 3654 41).
2652 3584 2785 3649 Quia
2817 3585 3156 3655 eleenmsyna
3178 3591 3281 3643 est,
3319 3598 3440 3652 quae
3478 3596 3610 3649 pur-

2038 3686 2127 3745 gat
2159 3692 2377 3731 onmem
2408 3678 2648 3731 sordem.
2684 3676 2913 3729 Humilia
2949 3686 3002 3730 te
3035 3676 3088 3728 in
3122 3674 3394 3737 omnibus,
3424 3687 3479 3728 et
3509 3689 3607 3726 co-

2039 3785 2152 3825 ram
2195 3769 2304 3823 Deo
2331 3770 2577 3823 invenies
2604 3770 2854 3837 gratiam.
2885 3766 3136 3822 Subditus
3189 3776 3320 3832 esto,
3365 3775 3412 3819 et
3463 3765 3611 3819 obse-

2037 3878 2129 3915 cra
2159 3877 2297 3922 eum.
2329 3876 2391 3914 ne
2415 3861 2682 3914 temuleris
2724 3869 2783 3913 ut
2816 3840 3052 3930 nequiter
3101 3859 3293 3927 facias.
3321 3856 3456 3910 Nam
3517 3855 3608 3925 qui

2038 3954 2422 4024 malignantur,
2470 3951 2965 4006 exterminabunlur
3015 3950 3192 4022 (Prol.
3236 3964 3419 4013 xxxvi,
3467 3947 3603 4017 7-9).

2036 4049 2139 4101 Ora
2169 4047 2458 4101 Dominum
2489 4046 2732 4115 quotidie
2764 4061 2887 4101 cum
2925 4046 3201 4116 lacrymis,
3226 4045 3272 4098 si
3306 4043 3445 4099 forte
3477 4057 3605 4111 pec-

2035 4149 2157 4197 cata
2186 4147 2280 4197 tua
2316 4141 2619 4197 solvantur.
2653 4139 2919 4207 Quoniam
2946 4138 3184 4208 superbis
3216 4137 3357 4192 Deus
3386 4138 3607 4202 resistit,

2035 4232 2322 4287 humilibus
2348 4242 2521 4288 autem
2551 4235 2646 4287 dat
2674 4236 2906 4303 gratiam
2950 4230 3090 4311 (ζου.
3120 4247 3190 4296 ιν,
3221 4230 3298 4299 6).
3335 4230 3609 4285 Memento

2037 4318 2202 4380 ﬁliuni
2223 4327 2276 4381 in
2298 4326 2593 4395 longinquo
2612 4325 2864 4395 positum,
2892 4326 3169 4379 luxuriose
3200 4324 3432 4378 vivendo
3462 4323 3602 4379 sub-

272 4410 285 4419 '
361 4411 557 4465 ridebit
578 4427 667 4466 eos
695 4410 925 4482 (Psalm.
948 4426 1010 4477 tt,
1035 4412 1113 4479 4).
1143 4411 1307 4467 Multa
1330 4424 1459 4470 sunt
1489 4429 1611 4484 quae
1654 4416 1925 4483 dicantur,
1958 4423 2002 4477 υ
2033 4416 2282 4473 stantiam
2314 4417 2364 4470 in
2398 4416 2770 4470 meretricibus
2803 4416 3146 4481 dispensasse
3179 4432 3194 4479 ;
3267 4423 3453 4482 postea
3505 4415 3607 4469 hu-

2039 4504 2184 4558 milis
2213 4503 2414 4569 factus,
2469 4519 2716 4557 reversus
2777 4506 2939 4558 estin
2992 4494 3368 4574 semeiipsum,
3397 4512 3451 4559 et
3472 4504 3547 4558 ait
3583 4520 3599 4558 :

2035 4596 2233 4662 Quanti
2288 4598 2594 4652 mercenarii
2645 4598 2700 4649 in
2745 4597 2899 4651 domo
2964 4597 3132 4663 patris
3190 4597 3290 4650 mei
3334 4597 3603 4652 abundant

2032 4686 2299 4758 panibu's!
2350 4699 2398 4743 ct
2438 4705 2530 4759 ego
2565 4688 2649 4741 hic
2699 4688 2840 4757 fame
2886 4687 3091 4757 pereo!
3125 4686 3354 4758 Surgam
3405 4692 3600 4757 itaque,

2033 4790 2083 4835 et
2143 4781 2331 4835 vadum
2380 4783 2451 4833 ad
2488 4788 2687 4846 patrem
2736 4795 2929 4843 meum,
2969 4789 3018 4833 et
3057 4780 3227 4834 dicunt
3270 4779 3388 4835 illi:
3420 4779 3599 4840 Pater,

2032 4873 2240 4940 peccavi
2279 4873 2336 4925 in
2369 4869 2555 4925 caelum
2583 4882 2632 4925 et
2653 4887 2830 4925 coram
2854 4881 2924 4937 te,
2942 4872 3063 4942 jam
3114 4888 3216 4925 non
3250 4886 3365 4925 sum
3412 4872 3600 4940 dignus

2032 4965 2207 5019 vocari
2228 4963 2371 5033 [ilius
2399 4975 2556 5017 tuus:
2581 4965 2664 5034 [ac
2693 4980 2772 5017 me
2792 4965 2927 5017 sicut
2959 4979 3120 5032 unum
3173 4964 3237 5015 de
3266 4962 3602 5017 mercenariis

2035 5057 2146 5110 tuis
2177 5054 2331 5126 (Luc.
2356 5070 2451 5117 xv.
2482 5055 2547 5110 17
2579 5057 2782 5124 seqq.).
2810 5053 2972 5110 Pater
3011 5064 3190 5110 autem
3219 5068 3344 5109 cum
3375 5053 3603 5109 vidisset

2032 5148 2400 5203 humilitatem
2456 5148 2576 5211 lilii.
2632 5156 2688 5204 et
2727 5147 2891 5202 nimis
2922 5150 3105 5217 inopia
3166 5146 3459 5211 defessum,
3496 5145 3602 5199 nii-

2031 5240 2331 5295 sericordia
2356 5247 2660 5297 commotus
2710 5248 2795 5295 est
2828 5258 2843 5295 :
2879 5254 2978 5306 pro
3006 5240 3116 5293 filio
3150 5238 3337 5292 humili
3400 5238 3601 5291 occidit

2031 5318 2258 5385 vitulum
2310 5330 2637 5401 saginatum.
2687 5329 2956 5384 Memento
3009 5343 3158 5397 ergo,
3193 5328 3290 5391 ﬁli,
3339 5327 3595 5396 quoniam

2027 5422 2278 5479 Christus
2310 5438 2407 5493 pro
2429 5433 2481 5477 te
2505 5432 2752 5478 mortuus
2777 5433 2880 5487 est,
2910 5422 3002 5491 qui
3037 5432 3160 5473 ante
3182 5419 3361 5474 fuerat
3394 5419 3600 5473 vitulus

2027 5514 2329 5582 saginatus.
2361 5513 2529 5567 Filius
2590 5524 2768 5567 autem
2837 5515 2979 5566 illius
3025 5513 3194 5575 major
3244 5508 3598 5563 contristatns

2026 5613 2134 5661 est.
2166 5602 2344 5670 Quare
2377 5605 2595 5658 occisus
2652 5612 2736 5657 est
2788 5600 3054 5664 Christus,
3091 5601 3186 5682 qui
3229 5611 3347 5655 erat
3393 5600 3596 5654 vitulus

2025 5696 2341 5766 saginatus?
2374 5695 2535 5752 Pater
2593 5709 2770 5752 autem
2830 5697 2976 5752 illius
3030 5696 3361 5768 corripiebat
3418 5694 3591 5761 illum,
