  <div class='ocr_page' id='page_1' title='image "/cluster/home/n/w/nwhite01/storage/ocr_20150623/30/hvd.32044096580527/131.png"; bbox 0 0 4004 6192; ppageno 0'>
   <div class='ocr_carea' id='block_1_1' title="bbox 390 326 494 388">
    <p class='ocr_par' dir='ltr' id='par_1_1' title="bbox 390 326 494 388">
     <span class='ocr_line' id='line_1_1' title="bbox 390 326 494 388; baseline 0 0"><span class='ocrx_word' id='word_1_1' title='bbox 390 326 494 388; x_wconf 76' lang='grc'><strong><em>251</em></strong></span> 
     </span>
    </p>
   </div>
   <div class='ocr_carea' id='block_1_2' title="bbox 1340 318 2697 381">
    <p class='ocr_par' dir='ltr' id='par_1_2' title="bbox 1340 318 2697 381">
     <span class='ocr_line' id='line_1_2' title="bbox 1340 318 2697 381; baseline -0.001 0"><span class='ocrx_word' id='word_1_2' title='bbox 1340 323 1401 381; x_wconf 93' lang='lat' dir='ltr'><strong><em>S.</em></strong></span> <span class='ocrx_word' id='word_1_3' title='bbox 1444 319 1888 380; x_wconf 80' lang='lat' dir='ltr'><strong><em>HlEBONY-Ml</em></strong></span> <span class='ocrx_word' id='word_1_4' title='bbox 1934 319 2250 379; x_wconf 70' lang='lat' dir='ltr'><strong><em>Ol’EllUM</em></strong></span> <span class='ocrx_word' id='word_1_5' title='bbox 2294 318 2697 380; x_wconf 72' lang='lat' dir='ltr'><strong><em>MANTISSA.</em></strong></span> 
     </span>
    </p>
   </div>
   <div class='ocr_carea' id='block_1_3' title="bbox 3544 320 3656 383">
    <p class='ocr_par' dir='ltr' id='par_1_3' title="bbox 3544 320 3656 383">
     <span class='ocr_line' id='line_1_3' title="bbox 3544 320 3656 383; baseline -0.009 0"><span class='ocrx_word' id='word_1_6' title='bbox 3544 320 3656 383; x_wconf 74' lang='lat'><strong><em>352&#39;</em></strong></span> 
     </span>
    </p>
   </div>
   <div class='ocr_carea' id='block_1_4' title="bbox 395 433 3650 506">
    <p class='ocr_par' dir='ltr' id='par_1_4' title="bbox 395 433 3650 506">
     <span class='ocr_line' id='line_1_4' title="bbox 395 433 3650 506; baseline -0.001 -15"><span class='ocrx_word' id='word_1_7' title='bbox 395 441 622 492; x_wconf 86' lang='lat' dir='ltr'><strong><em>dicens:</em></strong></span> <span class='ocrx_word' id='word_1_8' title='bbox 659 436 784 502; x_wconf 86' lang='lat' dir='ltr'><strong><em>Fili,</em></strong></span> <span class='ocrx_word' id='word_1_9' title='bbox 832 446 888 490; x_wconf 91' lang='lat' dir='ltr'><strong><em>tu</em></strong></span> <span class='ocrx_word' id='word_1_10' title='bbox 933 451 1131 500; x_wconf 81' lang='lat' dir='ltr'><strong><em>semper</em></strong></span> <span class='ocrx_word' id='word_1_11' title='bbox 1176 450 1374 488; x_wconf 88' lang='lat' dir='ltr'><strong><em>mecum</em></strong></span> <span class='ocrx_word' id='word_1_12' title='bbox 1412 452 1486 500; x_wconf 92' lang='lat' dir='ltr'><strong><em>es,</em></strong></span> <span class='ocrx_word' id='word_1_13' title='bbox 1522 447 1568 489; x_wconf 93' lang='lat' dir='ltr'><strong><em>et</em></strong></span> <span class='ocrx_word' id='word_1_14' title='bbox 1619 439 1796 489; x_wconf 87' lang='lat' dir='ltr'><strong><em>omnia</em></strong></span> <span class='ocrx_word' id='word_1_15' title='bbox 1853 453 1968 489; x_wconf 88' lang='lat' dir='ltr'><strong><em>mea</em></strong></span> <span class='ocrx_word' id='word_1_16' title='bbox 2001 449 2042 498; x_wconf 81' lang='grc' dir='ltr'><strong>Α</strong></span> <span class='ocrx_word' id='word_1_17' title='bbox 2076 437 2148 489; x_wconf 89' lang='lat' dir='ltr'><strong><em>ris</em></strong></span> <span class='ocrx_word' id='word_1_18' title='bbox 2179 453 2259 490; x_wconf 90' lang='lat' dir='ltr'><strong><em>me</em></strong></span> <span class='ocrx_word' id='word_1_19' title='bbox 2287 439 2340 490; x_wconf 92' lang='lat' dir='ltr'><strong><em>in</em></strong></span> <span class='ocrx_word' id='word_1_20' title='bbox 2363 453 2552 490; x_wconf 84' lang='lat' dir='ltr'><strong><em>manus</em></strong></span> <span class='ocrx_word' id='word_1_21' title='bbox 2586 433 2960 488; x_wconf 85' lang='lat' dir='ltr'><strong><em>tribuluntium</em></strong></span> <span class='ocrx_word' id='word_1_22' title='bbox 2988 450 3067 487; x_wconf 91' lang='lat' dir='ltr'><strong><em>me</em></strong></span> <span class='ocrx_word' id='word_1_23' title='bbox 3095 433 3270 504; x_wconf 76' lang='lat' dir='ltr'><strong><em>(Paul.</em></strong></span> <span class='ocrx_word' id='word_1_24' title='bbox 3304 453 3490 497; x_wconf 73' lang='grc' dir='ltr'><em>ιχχνι.</em></span> <span class='ocrx_word' id='word_1_25' title='bbox 3540 440 3650 506; x_wconf 65' lang='grc'><strong>12).</strong></span> 
     </span>
    </p>
   </div>
   <div class='ocr_carea' id='block_1_5' title="bbox 399 527 1964 594">
    <p class='ocr_par' dir='ltr' id='par_1_5' title="bbox 399 527 1964 594">
     <span class='ocr_line' id='line_1_5' title="bbox 399 527 1964 594; baseline -0.001 -14"><span class='ocrx_word' id='word_1_26' title='bbox 399 539 490 582; x_wconf 86' lang='grc' dir='ltr'><em>ιιια</em></span> <span class='ocrx_word' id='word_1_27' title='bbox 527 539 647 582; x_wconf 88' lang='lat' dir='ltr'><strong><em>sunt</em></strong></span> <span class='ocrx_word' id='word_1_28' title='bbox 681 543 698 580; x_wconf 91' lang='lat'><strong><em>:</em></strong></span> <span class='ocrx_word' id='word_1_29' title='bbox 739 527 969 594; x_wconf 88' lang='lat' dir='ltr'><strong><em>gaudere</em></strong></span> <span class='ocrx_word' id='word_1_30' title='bbox 1000 537 1048 579; x_wconf 91' lang='lat' dir='ltr'><strong><em>te</em></strong></span> <span class='ocrx_word' id='word_1_31' title='bbox 1077 536 1302 593; x_wconf 81' lang='lat' dir='ltr'><strong><em>oportet,</em></strong></span> <span class='ocrx_word' id='word_1_32' title='bbox 1345 529 1468 591; x_wconf 91' lang='lat' dir='ltr'><strong><em>quia</em></strong></span> <span class='ocrx_word' id='word_1_33' title='bbox 1503 527 1583 578; x_wconf 84' lang='lat' dir='ltr'><strong><em>hic</em></strong></span> <span class='ocrx_word' id='word_1_34' title='bbox 1615 528 1760 593; x_wconf 86' lang='lat' dir='ltr'><strong><em>filius</em></strong></span> <span class='ocrx_word' id='word_1_35' title='bbox 1821 543 1964 579; x_wconf 90' lang='lat' dir='ltr'><strong><em>meus</em></strong></span> 
     </span>
    </p>
   </div>
   <div class='ocr_carea' id='block_1_6' title="bbox 397 619 1964 688">
    <p class='ocr_par' dir='ltr' id='par_1_6' title="bbox 397 619 1964 688">
     <span class='ocr_line' id='line_1_6' title="bbox 397 619 1964 688; baseline 0.001 -17"><span class='ocrx_word' id='word_1_36' title='bbox 397 631 632 672; x_wconf 85' lang='lat' dir='ltr'><strong><em>mortuus</em></strong></span> <span class='ocrx_word' id='word_1_37' title='bbox 669 620 861 688; x_wconf 89' lang='lat' dir='ltr'><strong><em>fuerat,</em></strong></span> <span class='ocrx_word' id='word_1_38' title='bbox 901 628 947 670; x_wconf 92' lang='lat' dir='ltr'><strong><em>et</em></strong></span> <span class='ocrx_word' id='word_1_39' title='bbox 971 619 1156 670; x_wconf 72' lang='lat' dir='ltr'><strong><em>revixit</em></strong></span> <span class='ocrx_word' id='word_1_40' title='bbox 1180 633 1200 672; x_wconf 88' lang='lat'><strong><em>:</em></strong></span> <span class='ocrx_word' id='word_1_41' title='bbox 1247 620 1494 685; x_wconf 85' lang='lat' dir='ltr'><strong><em>perierat,</em></strong></span> <span class='ocrx_word' id='word_1_42' title='bbox 1523 629 1567 672; x_wconf 91' lang='lat' dir='ltr'><strong><em>et</em></strong></span> <span class='ocrx_word' id='word_1_43' title='bbox 1605 622 1842 673; x_wconf 84' lang='lat' dir='ltr'><strong><em>inventus</em></strong></span> <span class='ocrx_word' id='word_1_44' title='bbox 1865 630 1964 673; x_wconf 89' lang='lat' dir='ltr'><strong><em>est.</em></strong></span> 
     </span>
    </p>
   </div>
   <div class='ocr_carea' id='block_1_7' title="bbox 394 711 1966 782">
    <p class='ocr_par' dir='ltr' id='par_1_7' title="bbox 394 711 1966 782">
     <span class='ocr_line' id='line_1_7' title="bbox 394 711 1966 782; baseline 0.002 -18"><span class='ocrx_word' id='word_1_45' title='bbox 394 711 554 782; x_wconf 84' lang='lat' dir='ltr'><strong><em>(Ibid.</em></strong></span> <span class='ocrx_word' id='word_1_46' title='bbox 590 711 678 774; x_wconf 80' lang='grc'><strong><em>51,</em></strong></span> <span class='ocrx_word' id='word_1_47' title='bbox 715 712 826 780; x_wconf 74' lang='grc'><strong>52).</strong></span> <span class='ocrx_word' id='word_1_48' title='bbox 857 711 902 766; x_wconf 93' lang='lat' dir='ltr'><strong>O</strong></span> <span class='ocrx_word' id='word_1_49' title='bbox 933 729 1094 781; x_wconf 88' lang='lat' dir='ltr'><strong><em>quam</em></strong></span> <span class='ocrx_word' id='word_1_50' title='bbox 1123 714 1340 768; x_wconf 76' lang='lat' dir='ltr'><strong><em>beatum</em></strong></span> <span class='ocrx_word' id='word_1_51' title='bbox 1400 714 1674 782; x_wconf 88' lang='lat' dir='ltr'><strong><em>populum,</em></strong></span> <span class='ocrx_word' id='word_1_52' title='bbox 1713 729 1810 782; x_wconf 91' lang='lat' dir='ltr'><strong><em>pro</em></strong></span> <span class='ocrx_word' id='word_1_53' title='bbox 1859 729 1966 782; x_wconf 87' lang='lat' dir='ltr'><strong><em>quo</em></strong></span> 
     </span>
    </p>
   </div>
   <div class='ocr_carea' id='block_1_8' title="bbox 394 802 1967 874">
    <p class='ocr_par' dir='ltr' id='par_1_8' title="bbox 394 802 1967 874">
     <span class='ocr_line' id='line_1_8' title="bbox 394 802 1967 874; baseline 0.001 -18"><span class='ocrx_word' id='word_1_54' title='bbox 394 802 648 856; x_wconf 75' lang='lat' dir='ltr'><strong><em>Christus</em></strong></span> <span class='ocrx_word' id='word_1_55' title='bbox 682 813 924 857; x_wconf 88' lang='lat' dir='ltr'><strong><em>mortuus</em></strong></span> <span class='ocrx_word' id='word_1_56' title='bbox 967 814 1094 858; x_wconf 88' lang='lat' dir='ltr'><strong><em>est:</em></strong></span> <span class='ocrx_word' id='word_1_57' title='bbox 1129 807 1286 874; x_wconf 86' lang='lat' dir='ltr'><strong><em>quale</em></strong></span> <span class='ocrx_word' id='word_1_58' title='bbox 1346 807 1600 873; x_wconf 80' lang='lat' dir='ltr'><strong><em>gaudium</em></strong></span> <span class='ocrx_word' id='word_1_59' title='bbox 1637 814 1787 874; x_wconf 88' lang='lat' dir='ltr'><strong><em>pater</em></strong></span> <span class='ocrx_word' id='word_1_60' title='bbox 1846 821 1967 872; x_wconf 86' lang='lat' dir='ltr'><strong><em>por-</em></strong></span> 
     </span>
    </p>
   </div>
   <div class='ocr_carea' id='block_1_9' title="bbox 400 895 1969 963">
    <p class='ocr_par' dir='ltr' id='par_1_9' title="bbox 400 895 1969 963">
     <span class='ocr_line' id='line_1_9' title="bbox 400 895 1969 963; baseline 0.005 -18"><span class='ocrx_word' id='word_1_61' title='bbox 400 902 496 956; x_wconf 87' lang='lat' dir='ltr'><strong><em>tat,</em></strong></span> <span class='ocrx_word' id='word_1_62' title='bbox 532 895 750 961; x_wconf 81' lang='lat' dir='ltr'><strong>quando</strong></span> <span class='ocrx_word' id='word_1_63' title='bbox 788 895 930 962; x_wconf 87' lang='lat' dir='ltr'><strong><em>quod</em></strong></span> <span class='ocrx_word' id='word_1_64' title='bbox 994 908 1263 948; x_wconf 87' lang='lat' dir='ltr'><strong><em>mortuum</em></strong></span> <span class='ocrx_word' id='word_1_65' title='bbox 1315 896 1511 963; x_wconf 83' lang='lat' dir='ltr'><strong><em>fuerat,</em></strong></span> <span class='ocrx_word' id='word_1_66' title='bbox 1570 898 1845 953; x_wconf 84' lang='lat' dir='ltr'><strong><em>reviviseit</em></strong></span> <span class='ocrx_word' id='word_1_67' title='bbox 1875 917 1888 952; x_wconf 88' lang='lat'><strong>:</strong></span> <span class='ocrx_word' id='word_1_68' title='bbox 1914 907 1969 952; x_wconf 87' lang='lat' dir='ltr'><strong><em>et</em></strong></span> 
     </span>
    </p>
   </div>
   <div class='ocr_carea' id='block_1_10' title="bbox 396 986 1478 1061">
    <p class='ocr_par' dir='ltr' id='par_1_10' title="bbox 396 986 1478 1061">
     <span class='ocr_line' id='line_1_10' title="bbox 396 986 1478 1061; baseline 0.013 -31"><span class='ocrx_word' id='word_1_69' title='bbox 396 986 536 1052; x_wconf 87' lang='lat' dir='ltr'><strong><em>quod</em></strong></span> <span class='ocrx_word' id='word_1_70' title='bbox 572 986 822 1053; x_wconf 88' lang='lat' dir='ltr'><strong><em>perierat,</em></strong></span> <span class='ocrx_word' id='word_1_71' title='bbox 856 989 1130 1042; x_wconf 87' lang='lat' dir='ltr'><strong><em>inventum</em></strong></span> <span class='ocrx_word' id='word_1_72' title='bbox 1182 989 1300 1042; x_wconf 82' lang='lat' dir='ltr'><strong><em>est!</em></strong></span> <span class='ocrx_word' id='word_1_73' title='bbox 1472 1055 1478 1061; x_wconf 29' lang='lat' dir='ltr'><strong>I</strong></span> 
     </span>
    </p>
   </div>
   <div class='ocr_carea' id='block_1_11' title="bbox 467 1078 1970 1150">
    <p class='ocr_par' dir='ltr' id='par_1_11' title="bbox 467 1078 1970 1150">
     <span class='ocr_line' id='line_1_11' title="bbox 467 1078 1970 1150; baseline 0.006 -20"><span class='ocrx_word' id='word_1_74' title='bbox 467 1078 554 1131; x_wconf 86' lang='lat' dir='ltr'><strong><em>Ill.</em></strong></span> <span class='ocrx_word' id='word_1_75' title='bbox 591 1079 720 1132; x_wconf 81' lang='lat' dir='ltr'><strong><em>Ecce</em></strong></span> <span class='ocrx_word' id='word_1_76' title='bbox 742 1097 904 1134; x_wconf 85' lang='lat' dir='ltr'><strong><em>sanus</em></strong></span> <span class='ocrx_word' id='word_1_77' title='bbox 924 1083 1037 1149; x_wconf 87' lang='lat' dir='ltr'><strong><em>jam</em></strong></span> <span class='ocrx_word' id='word_1_78' title='bbox 1067 1083 1243 1150; x_wconf 84' lang='lat' dir='ltr'><strong><em>factus</em></strong></span> <span class='ocrx_word' id='word_1_79' title='bbox 1265 1097 1318 1135; x_wconf 87' lang='lat' dir='ltr'><strong><em>es</em></strong></span> <span class='ocrx_word' id='word_1_80' title='bbox 1343 1096 1364 1136; x_wconf 90' lang='lat'><strong><em>:</em></strong></span> <span class='ocrx_word' id='word_1_81' title='bbox 1388 1081 1497 1135; x_wconf 89' lang='lat' dir='ltr'><strong><em>noli</em></strong></span> <span class='ocrx_word' id='word_1_82' title='bbox 1524 1097 1758 1150; x_wconf 83' lang='lat' dir='ltr'><strong><em>peccare,</em></strong></span> <span class='ocrx_word' id='word_1_83' title='bbox 1791 1101 1853 1137; x_wconf 86' lang='lat' dir='ltr'><strong><em>ne</em></strong></span> <span class='ocrx_word' id='word_1_84' title='bbox 1877 1085 1970 1140; x_wconf 90' lang='lat' dir='ltr'><strong><em>tibi</em></strong></span> 
     </span>
    </p>
   </div>
   <div class='ocr_carea' id='block_1_12' title="bbox 396 1169 1968 1246">
    <p class='ocr_par' dir='ltr' id='par_1_12' title="bbox 396 1169 1968 1246">
     <span class='ocr_line' id='line_1_12' title="bbox 396 1169 1968 1246; baseline 0.003 -23"><span class='ocrx_word' id='word_1_85' title='bbox 396 1169 599 1239; x_wconf 87' lang='lat' dir='ltr'><strong><em>aliquid</em></strong></span> <span class='ocrx_word' id='word_1_86' title='bbox 618 1174 845 1226; x_wconf 85' lang='lat' dir='ltr'><strong><em>deterius</em></strong></span> <span class='ocrx_word' id='word_1_87' title='bbox 875 1175 1142 1244; x_wconf 76' lang='lat' dir='ltr'><strong><em>conlingat</em></strong></span> <span class='ocrx_word' id='word_1_88' title='bbox 1170 1175 1349 1242; x_wconf 84' lang='lat' dir='ltr'><strong><em>(Joan.</em></strong></span> <span class='ocrx_word' id='word_1_89' title='bbox 1373 1189 1442 1238; x_wconf 83' lang='lat' dir='ltr'><strong><em>tv,</em></strong></span> <span class='ocrx_word' id='word_1_90' title='bbox 1473 1176 1582 1244; x_wconf 77' lang='lat' dir='ltr'><strong><em>M).</em></strong></span> <span class='ocrx_word' id='word_1_91' title='bbox 1604 1179 1827 1230; x_wconf 82' lang='lat' dir='ltr'><strong><em>Attende</em></strong></span> <span class='ocrx_word' id='word_1_92' title='bbox 1846 1193 1968 1246; x_wconf 89' lang='lat' dir='ltr'><strong><em>ergo</em></strong></span> 
     </span>
    </p>
   </div>
   <div class='ocr_carea' id='block_1_13' title="bbox 395 1263 1967 1338">
    <p class='ocr_par' dir='ltr' id='par_1_13' title="bbox 395 1263 1967 1338">
     <span class='ocr_line' id='line_1_13' title="bbox 395 1263 1967 1338; baseline 0.006 -25"><span class='ocrx_word' id='word_1_93' title='bbox 395 1263 534 1314; x_wconf 85' lang='lat' dir='ltr'><strong><em>unde</em></strong></span> <span class='ocrx_word' id='word_1_94' title='bbox 555 1265 822 1325; x_wconf 87' lang='lat' dir='ltr'><strong><em>cecideris,</em></strong></span> <span class='ocrx_word' id='word_1_95' title='bbox 853 1275 900 1318; x_wconf 92' lang='lat' dir='ltr'><strong><em>et</em></strong></span> <span class='ocrx_word' id='word_1_96' title='bbox 930 1271 1138 1336; x_wconf 84' lang='lat' dir='ltr'><strong><em>plunge,</em></strong></span> <span class='ocrx_word' id='word_1_97' title='bbox 1159 1275 1209 1319; x_wconf 91' lang='lat' dir='ltr'><strong><em>et</em></strong></span> <span class='ocrx_word' id='word_1_98' title='bbox 1241 1282 1336 1335; x_wconf 82' lang='lat' dir='ltr'><strong><em>age</em></strong></span> <span class='ocrx_word' id='word_1_99' title='bbox 1363 1270 1738 1336; x_wconf 81' lang='lat' dir='ltr'><strong><em>pcenitentiam.</em></strong></span> <span class='ocrx_word' id='word_1_100' title='bbox 1782 1267 1842 1322; x_wconf 87' lang='lat' dir='ltr'><strong><em>Si</em></strong></span> <span class='ocrx_word' id='word_1_101' title='bbox 1865 1285 1967 1338; x_wconf 91' lang='lat' dir='ltr'><strong><em>quo</em></strong></span> 
     </span>
    </p>
   </div>
   <div class='ocr_carea' id='block_1_14' title="bbox 395 1356 1968 1422">
    <p class='ocr_par' dir='ltr' id='par_1_14' title="bbox 395 1356 1968 1422">
     <span class='ocr_line' id='line_1_14' title="bbox 395 1356 1968 1422; baseline 0.005 -16"><span class='ocrx_word' id='word_1_102' title='bbox 395 1356 595 1417; x_wconf 86' lang='lat' dir='ltr'><strong><em>minus,</em></strong></span> <span class='ocrx_word' id='word_1_103' title='bbox 625 1360 791 1409; x_wconf 76' lang='lat' dir='ltr'><strong><em>veniet</em></strong></span> <span class='ocrx_word' id='word_1_104' title='bbox 827 1357 1080 1410; x_wconf 79' lang='lat' dir='ltr'><strong><em>Dominus</em></strong></span> <span class='ocrx_word' id='word_1_105' title='bbox 1112 1359 1226 1422; x_wconf 87' lang='lat' dir='ltr'><strong><em>tibi,</em></strong></span> <span class='ocrx_word' id='word_1_106' title='bbox 1269 1368 1318 1411; x_wconf 86' lang='lat' dir='ltr'><strong><em>et</em></strong></span> <span class='ocrx_word' id='word_1_107' title='bbox 1344 1359 1564 1412; x_wconf 82' lang='lat' dir='ltr'><strong><em>movebit</em></strong></span> <span class='ocrx_word' id='word_1_108' title='bbox 1593 1359 1968 1414; x_wconf 79' lang='lat' dir='ltr'><strong><em>candelabrum</em></strong></span> 
     </span>
    </p>
   </div>
   <div class='ocr_carea' id='block_1_15' title="bbox 394 1446 1968 1518">
    <p class='ocr_par' dir='ltr' id='par_1_15' title="bbox 394 1446 1968 1518">
     <span class='ocr_line' id='line_1_15' title="bbox 394 1446 1968 1518; baseline 0.006 -23"><span class='ocrx_word' id='word_1_109' title='bbox 394 1453 545 1496; x_wconf 85' lang='lat' dir='ltr'><strong><em>tuum</em></strong></span> <span class='ocrx_word' id='word_1_110' title='bbox 589 1446 795 1499; x_wconf 88' lang='lat' dir='ltr'><strong><em>deloco</em></strong></span> <span class='ocrx_word' id='word_1_111' title='bbox 848 1463 943 1500; x_wconf 90' lang='lat' dir='ltr'><strong><em>suo</em></strong></span> <span class='ocrx_word' id='word_1_112' title='bbox 992 1449 1176 1516; x_wconf 80' lang='lat' dir='ltr'><strong><em>(Apoc.</em></strong></span> <span class='ocrx_word' id='word_1_113' title='bbox 1223 1465 1283 1516; x_wconf 90' lang='grc' dir='ltr'><strong><em>ιι,</em></strong></span> <span class='ocrx_word' id='word_1_114' title='bbox 1332 1449 1406 1518; x_wconf 88' lang='grc'><strong><em>5),</em></strong></span> <span class='ocrx_word' id='word_1_115' title='bbox 1435 1449 1541 1504; x_wconf 91' lang='lat' dir='ltr'><strong><em>nisi</em></strong></span> <span class='ocrx_word' id='word_1_116' title='bbox 1595 1451 1968 1518; x_wconf 63' lang='lat' dir='ltr'><strong><em>paenitentiam</em></strong></span> 
     </span>
    </p>
   </div>
   <div class='ocr_carea' id='block_1_16' title="bbox 396 1536 1968 1614">
    <p class='ocr_par' dir='ltr' id='par_1_16' title="bbox 396 1536 1968 1614">
     <span class='ocr_line' id='line_1_16' title="bbox 396 1536 1968 1614; baseline 0.008 -28"><span class='ocrx_word' id='word_1_117' title='bbox 396 1541 594 1602; x_wconf 81' lang='lat' dir='ltr'><strong><em>egeris.</em></strong></span> <span class='ocrx_word' id='word_1_118' title='bbox 615 1536 938 1604; x_wconf 76' lang='lat' dir='ltr'><strong><em>Memorare,</em></strong></span> <span class='ocrx_word' id='word_1_119' title='bbox 960 1538 1056 1602; x_wconf 82' lang='lat' dir='ltr'><strong><em>ﬁli,</em></strong></span> <span class='ocrx_word' id='word_1_120' title='bbox 1071 1538 1343 1594; x_wconf 81' lang='lat' dir='ltr'><strong><em>Christum</em></strong></span> <span class='ocrx_word' id='word_1_121' title='bbox 1369 1541 1654 1610; x_wconf 85' lang='lat' dir='ltr'><strong><em>reliquisse</em></strong></span> <span class='ocrx_word' id='word_1_122' title='bbox 1675 1544 1968 1614; x_wconf 77' lang='lat' dir='ltr'><strong><em>nonaginta</em></strong></span> 
     </span>
    </p>
   </div>
   <div class='ocr_carea' id='block_1_17' title="bbox 398 1629 1970 1703">
    <p class='ocr_par' dir='ltr' id='par_1_17' title="bbox 398 1629 1970 1703">
     <span class='ocr_line' id='line_1_17' title="bbox 398 1629 1970 1703; baseline 0.006 -23"><span class='ocrx_word' id='word_1_123' title='bbox 398 1643 592 1680; x_wconf 90' lang='lat' dir='ltr'><strong><em>novem</em></strong></span> <span class='ocrx_word' id='word_1_124' title='bbox 619 1629 820 1696; x_wconf 88' lang='lat' dir='ltr'><strong><em>justos,</em></strong></span> <span class='ocrx_word' id='word_1_125' title='bbox 851 1640 905 1683; x_wconf 90' lang='lat' dir='ltr'><strong><em>et</em></strong></span> <span class='ocrx_word' id='word_1_126' title='bbox 932 1631 1190 1698; x_wconf 60' lang='lat' dir='ltr'><strong><em>quaesisse</em></strong></span> <span class='ocrx_word' id='word_1_127' title='bbox 1216 1647 1381 1687; x_wconf 90' lang='lat' dir='ltr'><strong><em>unum</em></strong></span> <span class='ocrx_word' id='word_1_128' title='bbox 1416 1636 1688 1687; x_wconf 88' lang='lat' dir='ltr'><strong><em>hominem</em></strong></span> <span class='ocrx_word' id='word_1_129' title='bbox 1715 1646 1970 1703; x_wconf 71' lang='lat' dir='ltr'><strong><em>peccato~</em></strong></span> 
     </span>
    </p>
   </div>
   <div class='ocr_carea' id='block_1_18' title="bbox 402 1719 1968 1794">
    <p class='ocr_par' dir='ltr' id='par_1_18' title="bbox 402 1719 1968 1794">
     <span class='ocr_line' id='line_1_18' title="bbox 402 1719 1968 1794; baseline 0.007 -27"><span class='ocrx_word' id='word_1_130' title='bbox 402 1732 513 1769; x_wconf 90' lang='lat' dir='ltr'><strong><em>rem</em></strong></span> <span class='ocrx_word' id='word_1_131' title='bbox 544 1735 556 1769; x_wconf 92' lang='lat'>:</span> <span class='ocrx_word' id='word_1_132' title='bbox 583 1727 636 1771; x_wconf 87' lang='lat' dir='ltr'><strong><em>et</em></strong></span> <span class='ocrx_word' id='word_1_133' title='bbox 662 1719 940 1772; x_wconf 86' lang='lat' dir='ltr'><strong><em>inventum</em></strong></span> <span class='ocrx_word' id='word_1_134' title='bbox 965 1720 1020 1773; x_wconf 92' lang='lat' dir='ltr'><strong><em>in</em></strong></span> <span class='ocrx_word' id='word_1_135' title='bbox 1051 1721 1219 1790; x_wconf 86' lang='lat' dir='ltr'><strong><em>invio,</em></strong></span> <span class='ocrx_word' id='word_1_136' title='bbox 1243 1722 1486 1776; x_wconf 83' lang='lat' dir='ltr'><strong><em>humeris</em></strong></span> <span class='ocrx_word' id='word_1_137' title='bbox 1506 1725 1620 1777; x_wconf 87' lang='lat' dir='ltr'><strong><em>suis</em></strong></span> <span class='ocrx_word' id='word_1_138' title='bbox 1643 1735 1968 1794; x_wconf 85' lang='lat' dir='ltr'><strong><em>reportasse.</em></strong></span> 
     </span>
    </p>
   </div>
   <div class='ocr_carea' id='block_1_19' title="bbox 2071 525 3654 593">
    <p class='ocr_par' dir='ltr' id='par_1_19' title="bbox 2071 525 3654 593">
     <span class='ocr_line' id='line_1_19' title="bbox 2071 525 3654 593; baseline 0 -10"><span class='ocrx_word' id='word_1_139' title='bbox 2071 528 2292 583; x_wconf 78' lang='lat' dir='ltr'><strong><em>Custodi</em></strong></span> <span class='ocrx_word' id='word_1_140' title='bbox 2325 545 2425 592; x_wconf 91' lang='lat' dir='ltr'><strong><em>me,</em></strong></span> <span class='ocrx_word' id='word_1_141' title='bbox 2455 528 2698 589; x_wconf 77' lang='lat' dir='ltr'><strong><em>Domine,</em></strong></span> <span class='ocrx_word' id='word_1_142' title='bbox 2733 537 2786 579; x_wconf 89' lang='lat' dir='ltr'><strong><em>ut</em></strong></span> <span class='ocrx_word' id='word_1_143' title='bbox 2831 525 3089 593; x_wconf 81' lang='lat' dir='ltr'><strong><em>pupillam</em></strong></span> <span class='ocrx_word' id='word_1_144' title='bbox 3141 527 3299 590; x_wconf 80' lang='lat' dir='ltr'><strong><em>oculi,</em></strong></span> <span class='ocrx_word' id='word_1_145' title='bbox 3329 530 3422 580; x_wconf 89' lang='lat' dir='ltr'><strong><em>sub</em></strong></span> <span class='ocrx_word' id='word_1_146' title='bbox 3464 532 3654 583; x_wconf 81' lang='lat' dir='ltr'><strong><em>umbra</em></strong></span> 
     </span>
    </p>
   </div>
   <div class='ocr_carea' id='block_1_20' title="bbox 2071 618 3654 688">
    <p class='ocr_par' dir='ltr' id='par_1_20' title="bbox 2071 618 3654 688">
     <span class='ocr_line' id='line_1_20' title="bbox 2071 618 3654 688; baseline 0.003 -19"><span class='ocrx_word' id='word_1_147' title='bbox 2071 620 2279 672; x_wconf 88' lang='lat' dir='ltr'><strong><em>alarum</em></strong></span> <span class='ocrx_word' id='word_1_148' title='bbox 2311 631 2521 673; x_wconf 88' lang='lat' dir='ltr'><strong><em>tuarum</em></strong></span> <span class='ocrx_word' id='word_1_149' title='bbox 2544 629 2754 687; x_wconf 85' lang='lat' dir='ltr'><strong><em>protege</em></strong></span> <span class='ocrx_word' id='word_1_150' title='bbox 2794 635 2873 672; x_wconf 89' lang='lat' dir='ltr'><strong><em>me</em></strong></span> <span class='ocrx_word' id='word_1_151' title='bbox 2902 618 3073 686; x_wconf 86' lang='lat' dir='ltr'><strong><em>(Psal.</em></strong></span> <span class='ocrx_word' id='word_1_152' title='bbox 3112 633 3219 683; x_wconf 80' lang='lat' dir='ltr'><strong><em>xvr,</em></strong></span> <span class='ocrx_word' id='word_1_153' title='bbox 3247 619 3322 688; x_wconf 87' lang='lat'><strong><em>8).</em></strong></span> <span class='ocrx_word' id='word_1_154' title='bbox 3371 618 3654 674; x_wconf 78' lang='lat' dir='ltr'><strong><em>Peccatum</em></strong></span> 
     </span>
    </p>
   </div>
   <div class='ocr_carea' id='block_1_21' title="bbox 2070 708 3652 780">
    <p class='ocr_par' dir='ltr' id='par_1_21' title="bbox 2070 708 3652 780">
     <span class='ocr_line' id='line_1_21' title="bbox 2070 708 3652 780; baseline 0.003 -20"><span class='ocrx_word' id='word_1_155' title='bbox 2070 724 2241 761; x_wconf 84' lang='lat' dir='ltr'><strong><em>meum</em></strong></span> <span class='ocrx_word' id='word_1_156' title='bbox 2273 709 2540 778; x_wconf 85' lang='lat' dir='ltr'><strong><em>cognitum</em></strong></span> <span class='ocrx_word' id='word_1_157' title='bbox 2575 708 2668 760; x_wconf 90' lang='lat' dir='ltr'><strong><em>tibi</em></strong></span> <span class='ocrx_word' id='word_1_158' title='bbox 2695 709 2812 778; x_wconf 89' lang='lat' dir='ltr'><strong><em>feci,</em></strong></span> <span class='ocrx_word' id='word_1_159' title='bbox 2838 723 2885 760; x_wconf 90' lang='lat' dir='ltr'><strong><em>et</em></strong></span> <span class='ocrx_word' id='word_1_160' title='bbox 2923 708 3212 776; x_wconf 85' lang='lat' dir='ltr'><strong><em>injustitias</em></strong></span> <span class='ocrx_word' id='word_1_161' title='bbox 3258 727 3399 780; x_wconf 83' lang='lat' dir='ltr'><strong><em>meas</em></strong></span> <span class='ocrx_word' id='word_1_162' title='bbox 3429 729 3531 765; x_wconf 90' lang='lat' dir='ltr'><strong><em>non</em></strong></span> <span class='ocrx_word' id='word_1_163' title='bbox 3555 715 3652 766; x_wconf 88' lang='lat' dir='ltr'><strong><em>ab-</em></strong></span> 
     </span>
    </p>
   </div>
   <div class='ocr_carea' id='block_1_22' title="bbox 2071 799 3650 871">
    <p class='ocr_par' dir='ltr' id='par_1_22' title="bbox 2071 799 3650 871">
     <span class='ocr_line' id='line_1_22' title="bbox 2071 799 3650 871; baseline 0.004 -19"><span class='ocrx_word' id='word_1_164' title='bbox 2071 801 2256 852; x_wconf 88' lang='lat' dir='ltr'><strong><em>scondi</em></strong></span> <span class='ocrx_word' id='word_1_165' title='bbox 2278 800 2457 871; x_wconf 87' lang='lat' dir='ltr'><strong><em>(Psal.</em></strong></span> <span class='ocrx_word' id='word_1_166' title='bbox 2494 815 2647 864; x_wconf 81' lang='grc' dir='ltr'><em>χχχι,</em></span> <span class='ocrx_word' id='word_1_167' title='bbox 2679 801 2756 866; x_wconf 82' lang='lat'><strong><em>5).</em></strong></span> <span class='ocrx_word' id='word_1_168' title='bbox 2777 799 3074 868; x_wconf 79' lang='lat' dir='ltr'><strong><em>Conﬁtebor</em></strong></span> <span class='ocrx_word' id='word_1_169' title='bbox 3097 801 3208 866; x_wconf 90' lang='lat' dir='ltr'><strong><em>tibi,</em></strong></span> <span class='ocrx_word' id='word_1_170' title='bbox 3242 801 3460 858; x_wconf 84' lang='lat' dir='ltr'><strong><em>Domine</em></strong></span> <span class='ocrx_word' id='word_1_171' title='bbox 3489 805 3650 867; x_wconf 88' lang='lat' dir='ltr'><strong><em>Deus,</em></strong></span> 
     </span>
    </p>
   </div>
   <div class='ocr_carea' id='block_1_23' title="bbox 2069 890 3654 960">
    <p class='ocr_par' dir='ltr' id='par_1_23' title="bbox 2069 890 3654 960">
     <span class='ocr_line' id='line_1_23' title="bbox 2069 890 3654 960; baseline 0.003 -18"><span class='ocrx_word' id='word_1_172' title='bbox 2069 891 2125 942; x_wconf 88' lang='lat' dir='ltr'><strong><em>in</em></strong></span> <span class='ocrx_word' id='word_1_173' title='bbox 2157 901 2265 943; x_wconf 92' lang='lat' dir='ltr'><strong><em>toto</em></strong></span> <span class='ocrx_word' id='word_1_174' title='bbox 2321 892 2478 944; x_wconf 87' lang='lat' dir='ltr'><strong><em>corde</em></strong></span> <span class='ocrx_word' id='word_1_175' title='bbox 2531 907 2642 944; x_wconf 82' lang='lat' dir='ltr'><strong><em>meo</em></strong></span> <span class='ocrx_word' id='word_1_176' title='bbox 2688 890 2858 960; x_wconf 89' lang='lat' dir='ltr'><strong><em>(Psal.</em></strong></span> <span class='ocrx_word' id='word_1_177' title='bbox 2899 906 2987 956; x_wconf 82' lang='lat' dir='ltr'><strong><em>cx,</em></strong></span> <span class='ocrx_word' id='word_1_178' title='bbox 3039 891 3116 960; x_wconf 76' lang='grc'><strong>1).</strong></span> <span class='ocrx_word' id='word_1_179' title='bbox 3169 891 3412 957; x_wconf 84' lang='lat' dir='ltr'><strong><em>Domine,</em></strong></span> <span class='ocrx_word' id='word_1_180' title='bbox 3459 891 3654 947; x_wconf 73' lang='lat' dir='ltr'><strong><em>exaudi</em></strong></span> 
     </span>
    </p>
   </div>
   <div class='ocr_carea' id='block_1_24' title="bbox 2072 983 3650 1049">
    <p class='ocr_par' dir='ltr' id='par_1_24' title="bbox 2072 983 3650 1049">
     <span class='ocr_line' id='line_1_24' title="bbox 2072 983 3650 1049; baseline 0.003 -15"><span class='ocrx_word' id='word_1_181' title='bbox 2072 984 2363 1036; x_wconf 86' lang='lat' dir='ltr'><strong><em>orationem</em></strong></span> <span class='ocrx_word' id='word_1_182' title='bbox 2397 998 2589 1049; x_wconf 84' lang='lat' dir='ltr'><strong><em>meum,</em></strong></span> <span class='ocrx_word' id='word_1_183' title='bbox 2615 991 2664 1036; x_wconf 79' lang='lat' dir='ltr'><strong><em>et</em></strong></span> <span class='ocrx_word' id='word_1_184' title='bbox 2693 983 2892 1035; x_wconf 89' lang='lat' dir='ltr'><strong><em>clamor</em></strong></span> <span class='ocrx_word' id='word_1_185' title='bbox 2918 999 3063 1036; x_wconf 87' lang='lat' dir='ltr'><strong><em>meus</em></strong></span> <span class='ocrx_word' id='word_1_186' title='bbox 3093 983 3162 1035; x_wconf 90' lang='lat' dir='ltr'><strong><em>ad</em></strong></span> <span class='ocrx_word' id='word_1_187' title='bbox 3202 992 3252 1036; x_wconf 91' lang='lat' dir='ltr'><strong><em>te</em></strong></span> <span class='ocrx_word' id='word_1_188' title='bbox 3299 986 3489 1038; x_wconf 83' lang='lat' dir='ltr'><strong><em>veniat.</em></strong></span> <span class='ocrx_word' id='word_1_189' title='bbox 3525 985 3650 1039; x_wconf 81' lang='lat' dir='ltr'><strong><em>Non</em></strong></span> 
     </span>
    </p>
   </div>
   <div class='ocr_carea' id='block_1_25' title="bbox 2071 1074 3653 1144">
    <p class='ocr_par' dir='ltr' id='par_1_25' title="bbox 2071 1074 3653 1144">
     <span class='ocr_line' id='line_1_25' title="bbox 2071 1074 3653 1144; baseline 0.003 -18"><span class='ocrx_word' id='word_1_190' title='bbox 2071 1084 2274 1127; x_wconf 87' lang='lat' dir='ltr'><strong><em>avertas</em></strong></span> <span class='ocrx_word' id='word_1_191' title='bbox 2307 1074 2497 1144; x_wconf 87' lang='lat' dir='ltr'><strong><em>faciem</em></strong></span> <span class='ocrx_word' id='word_1_192' title='bbox 2527 1085 2674 1128; x_wconf 87' lang='lat' dir='ltr'><strong><em>tuam</em></strong></span> <span class='ocrx_word' id='word_1_193' title='bbox 2703 1089 2734 1126; x_wconf 89' lang='lat' dir='ltr'><strong><em>a</em></strong></span> <span class='ocrx_word' id='word_1_194' title='bbox 2774 1089 2876 1140; x_wconf 80' lang='lat' dir='ltr'><strong><em>me,</em></strong></span> <span class='ocrx_word' id='word_1_195' title='bbox 2905 1075 2959 1128; x_wconf 88' lang='lat' dir='ltr'><strong><em>in</em></strong></span> <span class='ocrx_word' id='word_1_196' title='bbox 3008 1089 3316 1143; x_wconf 87' lang='lat' dir='ltr'><strong><em>quacunque</em></strong></span> <span class='ocrx_word' id='word_1_197' title='bbox 3360 1076 3446 1128; x_wconf 91' lang='lat' dir='ltr'><strong><em>die</em></strong></span> <span class='ocrx_word' id='word_1_198' title='bbox 3489 1077 3653 1130; x_wconf 86' lang='lat' dir='ltr'><strong><em>tribu-</em></strong></span> 
     </span>
    </p>
   </div>
   <div class='ocr_carea' id='block_1_26' title="bbox 2071 1165 3654 1238">
    <p class='ocr_par' dir='ltr' id='par_1_26' title="bbox 2071 1165 3654 1238">
     <span class='ocr_line' id='line_1_26' title="bbox 2071 1165 3654 1238; baseline 0.003 -19"><span class='ocrx_word' id='word_1_199' title='bbox 2071 1166 2174 1232; x_wconf 91' lang='lat' dir='ltr'><strong><em>lor,</em></strong></span> <span class='ocrx_word' id='word_1_200' title='bbox 2207 1167 2403 1219; x_wconf 90' lang='lat' dir='ltr'><strong><em>inclina</em></strong></span> <span class='ocrx_word' id='word_1_201' title='bbox 2426 1167 2494 1219; x_wconf 88' lang='lat' dir='ltr'><strong><em>ad</em></strong></span> <span class='ocrx_word' id='word_1_202' title='bbox 2536 1183 2616 1219; x_wconf 82' lang='lat' dir='ltr'><strong><em>me</em></strong></span> <span class='ocrx_word' id='word_1_203' title='bbox 2660 1181 2841 1219; x_wconf 90' lang='lat' dir='ltr'><strong><em>aurem</em></strong></span> <span class='ocrx_word' id='word_1_204' title='bbox 2878 1178 3045 1221; x_wconf 89' lang='lat' dir='ltr'><strong><em>tuam.</em></strong></span> <span class='ocrx_word' id='word_1_205' title='bbox 3094 1165 3159 1221; x_wconf 86' lang='lat' dir='ltr'><strong><em>In</em></strong></span> <span class='ocrx_word' id='word_1_206' title='bbox 3217 1184 3526 1238; x_wconf 88' lang='lat' dir='ltr'><strong><em>quacunque</em></strong></span> <span class='ocrx_word' id='word_1_207' title='bbox 3565 1169 3654 1223; x_wconf 88' lang='lat' dir='ltr'><strong><em>die</em></strong></span> 
     </span>
    </p>
   </div>
   <div class='ocr_carea' id='block_1_27' title="bbox 2069 1257 3650 1330">
    <p class='ocr_par' dir='ltr' id='par_1_27' title="bbox 2069 1257 3650 1330">
     <span class='ocr_line' id='line_1_27' title="bbox 2069 1257 3650 1330; baseline 0.004 -21"><span class='ocrx_word' id='word_1_208' title='bbox 2069 1257 2377 1312; x_wconf 84' lang='lat' dir='ltr'><strong><em>invocavero</em></strong></span> <span class='ocrx_word' id='word_1_209' title='bbox 2407 1267 2474 1322; x_wconf 91' lang='lat' dir='ltr'><strong><em>te,</em></strong></span> <span class='ocrx_word' id='word_1_210' title='bbox 2527 1259 2770 1312; x_wconf 81' lang='lat' dir='ltr'><strong><em>velociter</em></strong></span> <span class='ocrx_word' id='word_1_211' title='bbox 2821 1258 3015 1312; x_wconf 80' lang='lat' dir='ltr'><strong><em>exaudi</em></strong></span> <span class='ocrx_word' id='word_1_212' title='bbox 3064 1276 3145 1314; x_wconf 88' lang='lat' dir='ltr'><strong><em>me</em></strong></span> <span class='ocrx_word' id='word_1_213' title='bbox 3183 1259 3352 1328; x_wconf 88' lang='lat' dir='ltr'><strong><em>(Psal.</em></strong></span> <span class='ocrx_word' id='word_1_214' title='bbox 3388 1275 3457 1325; x_wconf 89' lang='lat' dir='ltr'><strong><em>ct,</em></strong></span> <span class='ocrx_word' id='word_1_215' title='bbox 3483 1261 3538 1326; x_wconf 74' lang='grc'><em>2,</em></span> <span class='ocrx_word' id='word_1_216' title='bbox 3571 1262 3650 1330; x_wconf 82' lang='lat'><strong><em>5).</em></strong></span> 
     </span>
    </p>
   </div>
   <div class='ocr_carea' id='block_1_28' title="bbox 2071 1347 3651 1421">
    <p class='ocr_par' dir='ltr' id='par_1_28' title="bbox 2071 1347 3651 1421">
     <span class='ocr_line' id='line_1_28' title="bbox 2071 1347 3651 1421; baseline 0.003 -18"><span class='ocrx_word' id='word_1_217' title='bbox 2071 1347 2186 1403; x_wconf 81' lang='lat' dir='ltr'><strong><em>Fac</em></strong></span> <span class='ocrx_word' id='word_1_218' title='bbox 2216 1366 2415 1405; x_wconf 88' lang='lat' dir='ltr'><strong><em>mecum</em></strong></span> <span class='ocrx_word' id='word_1_219' title='bbox 2441 1351 2674 1421; x_wconf 86' lang='lat' dir='ltr'><strong><em>signum,</em></strong></span> <span class='ocrx_word' id='word_1_220' title='bbox 2709 1351 2948 1414; x_wconf 81' lang='lat' dir='ltr'><strong><em>Domine,</em></strong></span> <span class='ocrx_word' id='word_1_221' title='bbox 2986 1353 3040 1404; x_wconf 86' lang='lat' dir='ltr'><strong><em>in</em></strong></span> <span class='ocrx_word' id='word_1_222' title='bbox 3071 1353 3260 1405; x_wconf 84' lang='lat' dir='ltr'><strong><em>bonum</em></strong></span> <span class='ocrx_word' id='word_1_223' title='bbox 3297 1369 3314 1406; x_wconf 91' lang='lat'><strong><em>:</em></strong></span> <span class='ocrx_word' id='word_1_224' title='bbox 3347 1364 3403 1406; x_wconf 91' lang='lat' dir='ltr'><strong><em>ut</em></strong></span> <span class='ocrx_word' id='word_1_225' title='bbox 3439 1354 3651 1407; x_wconf 73' lang='lat' dir='ltr'><strong><em>videant</em></strong></span> 
     </span>
    </p>
   </div>
   <div class='ocr_carea' id='block_1_29' title="bbox 2069 1442 3650 1515">
    <p class='ocr_par' dir='ltr' id='par_1_29' title="bbox 2069 1442 3650 1515">
     <span class='ocr_line' id='line_1_29' title="bbox 2069 1442 3650 1515; baseline 0.004 -23"><span class='ocrx_word' id='word_1_226' title='bbox 2069 1442 2159 1510; x_wconf 95' lang='lat' dir='ltr'><strong><em>qui</em></strong></span> <span class='ocrx_word' id='word_1_227' title='bbox 2187 1442 2412 1494; x_wconf 88' lang='lat' dir='ltr'><strong><em>oderunt</em></strong></span> <span class='ocrx_word' id='word_1_228' title='bbox 2439 1458 2542 1508; x_wconf 89' lang='lat' dir='ltr'><strong><em>me,</em></strong></span> <span class='ocrx_word' id='word_1_229' title='bbox 2576 1450 2626 1495; x_wconf 84' lang='lat' dir='ltr'><strong><em>et</em></strong></span> <span class='ocrx_word' id='word_1_230' title='bbox 2659 1443 3058 1510; x_wconf 87' lang='lat' dir='ltr'><strong><em>confundantur</em></strong></span> <span class='ocrx_word' id='word_1_231' title='bbox 3101 1443 3277 1514; x_wconf 85' lang='lat' dir='ltr'><strong><em>(Psal.</em></strong></span> <span class='ocrx_word' id='word_1_232' title='bbox 3308 1459 3505 1510; x_wconf 80' lang='lat' dir='ltr'><strong><em>Lxxxv,</em></strong></span> <span class='ocrx_word' id='word_1_233' title='bbox 3535 1445 3650 1515; x_wconf 71' lang='lat' dir='ltr'><strong><em>l7).</em></strong></span> 
     </span>
    </p>
   </div>
   <div class='ocr_carea' id='block_1_30' title="bbox 2073 1529 3649 1604">
    <p class='ocr_par' dir='ltr' id='par_1_30' title="bbox 2073 1529 3649 1604">
     <span class='ocr_line' id='line_1_30' title="bbox 2073 1529 3649 1604; baseline 0.002 -19"><span class='ocrx_word' id='word_1_234' title='bbox 2073 1529 2299 1585; x_wconf 83' lang='lat' dir='ltr'><strong><em>Remitte</em></strong></span> <span class='ocrx_word' id='word_1_235' title='bbox 2349 1533 2500 1597; x_wconf 81' lang='lat' dir='ltr'><strong><em>mihi,</em></strong></span> <span class='ocrx_word' id='word_1_236' title='bbox 2560 1531 2806 1598; x_wconf 87' lang='lat' dir='ltr'><strong><em>Domine,</em></strong></span> <span class='ocrx_word' id='word_1_237' title='bbox 2863 1543 2919 1586; x_wconf 90' lang='lat' dir='ltr'><strong><em>ut</em></strong></span> <span class='ocrx_word' id='word_1_238' title='bbox 2980 1535 3280 1604; x_wconf 86' lang='lat' dir='ltr'><strong><em>refrigerer,</em></strong></span> <span class='ocrx_word' id='word_1_239' title='bbox 3341 1537 3649 1604; x_wconf 73' lang='lat' dir='ltr'><strong><em>priusquam</em></strong></span> 
     </span>
    </p>
   </div>
   <div class='ocr_carea' id='block_1_31' title="bbox 2071 1623 3507 1696">
    <p class='ocr_par' dir='ltr' id='par_1_31' title="bbox 2071 1623 3507 1696">
     <span class='ocr_line' id='line_1_31' title="bbox 2071 1623 3507 1696; baseline 0.003 -20"><span class='ocrx_word' id='word_1_240' title='bbox 2071 1623 2275 1686; x_wconf 85' lang='lat' dir='ltr'><strong><em>abeam,</em></strong></span> <span class='ocrx_word' id='word_1_241' title='bbox 2307 1632 2356 1677; x_wconf 90' lang='lat' dir='ltr'><strong><em>et</em></strong></span> <span class='ocrx_word' id='word_1_242' title='bbox 2385 1623 2614 1692; x_wconf 84' lang='lat' dir='ltr'><strong><em>amplius</em></strong></span> <span class='ocrx_word' id='word_1_243' title='bbox 2651 1640 2756 1677; x_wconf 86' lang='lat' dir='ltr'><strong><em>non</em></strong></span> <span class='ocrx_word' id='word_1_244' title='bbox 2793 1640 2882 1679; x_wconf 92' lang='lat' dir='ltr'><strong><em>ero</em></strong></span> <span class='ocrx_word' id='word_1_245' title='bbox 2922 1623 3098 1695; x_wconf 81' lang='lat' dir='ltr'><strong><em>(Psal.</em></strong></span> <span class='ocrx_word' id='word_1_246' title='bbox 3135 1641 3360 1690; x_wconf 76' lang='lat' dir='ltr'><strong><em>xxmn,</em></strong></span> <span class='ocrx_word' id='word_1_247' title='bbox 3399 1627 3507 1696; x_wconf 68' lang='lat' dir='ltr'><strong><em>ﬂ).</em></strong></span> 
     </span>
    </p>
   </div>
   <div class='ocr_carea' id='block_1_32' title="bbox 2146 1713 3650 1784">
    <p class='ocr_par' dir='ltr' id='par_1_32' title="bbox 2146 1713 3650 1784">
     <span class='ocr_line' id='line_1_32' title="bbox 2146 1713 3650 1784; baseline 0.003 -16"><span class='ocrx_word' id='word_1_248' title='bbox 2146 1713 2208 1768; x_wconf 85' lang='lat'><strong><em>\&#39;.</em></strong></span> <span class='ocrx_word' id='word_1_249' title='bbox 2277 1714 2790 1784; x_wconf 69' lang='lat' dir='ltr'><strong><em>Eccepmnitentia</em></strong></span> <span class='ocrx_word' id='word_1_250' title='bbox 2864 1715 3103 1770; x_wconf 88' lang='lat' dir='ltr'><strong><em>hominis</em></strong></span> <span class='ocrx_word' id='word_1_251' title='bbox 3161 1717 3493 1773; x_wconf 87' lang='lat' dir='ltr'><strong><em>humiliantis</em></strong></span> <span class='ocrx_word' id='word_1_252' title='bbox 3547 1732 3650 1772; x_wconf 85' lang='lat' dir='ltr'><strong><em>se:</em></strong></span> 
     </span>
    </p>
   </div>
   <div class='ocr_carea' id='block_1_33' title="bbox 399 1805 3653 1884">
    <p class='ocr_par' dir='ltr' id='par_1_33' title="bbox 399 1805 3653 1884">
     <span class='ocr_line' id='line_1_33' title="bbox 399 1805 3653 1884; baseline 0.001 -24"><span class='ocrx_word' id='word_1_253' title='bbox 399 1805 498 1861; x_wconf 74' lang='lat' dir='ltr'><strong><em>Vel</em></strong></span> <span class='ocrx_word' id='word_1_254' title='bbox 533 1807 673 1863; x_wconf 88' lang='lat' dir='ltr'><strong><em>illam</em></strong></span> <span class='ocrx_word' id='word_1_255' title='bbox 705 1811 982 1865; x_wconf 86' lang='lat' dir='ltr'><strong><em>mulierem</em></strong></span> <span class='ocrx_word' id='word_1_256' title='bbox 1017 1827 1134 1880; x_wconf 70' lang='lat' dir='ltr'><strong><em>qua:</em></strong></span> <span class='ocrx_word' id='word_1_257' title='bbox 1169 1813 1477 1881; x_wconf 65' lang='lat' dir='ltr'><strong><em>perdiderat</em></strong></span> <span class='ocrx_word' id='word_1_258' title='bbox 1503 1815 1840 1882; x_wconf 66' lang='lat' dir='ltr'><strong><em>drachmam,</em></strong></span> <span class='ocrx_word' id='word_1_259' title='bbox 1875 1819 1976 1873; x_wconf 76' lang='lat' dir='ltr'><strong><em>hoc</em></strong></span> <span class='ocrx_word' id='word_1_260' title='bbox 2006 1827 2049 1884; x_wconf 73' lang='grc' dir='ltr'>Β</span> <span class='ocrx_word' id='word_1_261' title='bbox 2077 1807 2348 1875; x_wconf 88' lang='lat' dir='ltr'><strong><em>quomodo</em></strong></span> <span class='ocrx_word' id='word_1_262' title='bbox 2377 1807 2590 1862; x_wconf 77' lang='lat' dir='ltr'><strong><em>veniam</em></strong></span> <span class='ocrx_word' id='word_1_263' title='bbox 2652 1823 2758 1860; x_wconf 91' lang='lat' dir='ltr'><strong><em>non</em></strong></span> <span class='ocrx_word' id='word_1_264' title='bbox 2792 1806 3015 1860; x_wconf 83' lang='lat' dir='ltr'><strong><em>habebit</em></strong></span> <span class='ocrx_word' id='word_1_265' title='bbox 3056 1807 3147 1877; x_wconf 88' lang='lat' dir='ltr'><strong><em>qui</em></strong></span> <span class='ocrx_word' id='word_1_266' title='bbox 3192 1808 3372 1863; x_wconf 86' lang='lat' dir='ltr'><strong><em>taliter</em></strong></span> <span class='ocrx_word' id='word_1_267' title='bbox 3421 1809 3653 1879; x_wconf 85' lang='lat' dir='ltr'><strong><em>ingemi-</em></strong></span> 
     </span>
    </p>
   </div>
   <div class='ocr_carea' id='block_1_34' title="bbox 398 1900 1971 1974">
    <p class='ocr_par' dir='ltr' id='par_1_34' title="bbox 398 1900 1971 1974">
     <span class='ocr_line' id='line_1_34' title="bbox 398 1900 1971 1974; baseline 0.008 -22"><span class='ocrx_word' id='word_1_268' title='bbox 398 1910 484 1953; x_wconf 73' lang='grc' dir='ltr'><strong><em>εει</em></strong></span> <span class='ocrx_word' id='word_1_269' title='bbox 527 1900 825 1955; x_wconf 79' lang='lat' dir='ltr'><strong><em>Ecclesium</em></strong></span> <span class='ocrx_word' id='word_1_270' title='bbox 883 1903 1159 1957; x_wconf 83' lang='lat' dir='ltr'><strong><em>bOminum</em></strong></span> <span class='ocrx_word' id='word_1_271' title='bbox 1215 1915 1612 1974; x_wconf 83' lang='lat' dir='ltr'><strong><em>peccatorum:</em></strong></span> <span class='ocrx_word' id='word_1_272' title='bbox 1665 1917 1719 1963; x_wconf 86' lang='lat' dir='ltr'><strong><em>et</em></strong></span> <span class='ocrx_word' id='word_1_273' title='bbox 1774 1923 1971 1964; x_wconf 88' lang='lat' dir='ltr'><strong><em>accen-</em></strong></span> 
     </span>
    </p>
   </div>
   <div class='ocr_carea' id='block_1_35' title="bbox 399 1992 1970 2067">
    <p class='ocr_par' dir='ltr' id='par_1_35' title="bbox 399 1992 1970 2067">
     <span class='ocr_line' id='line_1_35' title="bbox 399 1992 1970 2067; baseline 0.006 -23"><span class='ocrx_word' id='word_1_274' title='bbox 399 1993 543 2046; x_wconf 78' lang='lat' dir='ltr'><strong><em>disse</em></strong></span> <span class='ocrx_word' id='word_1_275' title='bbox 593 1992 890 2058; x_wconf 82' lang='lat' dir='ltr'><strong><em>lucernam,</em></strong></span> <span class='ocrx_word' id='word_1_276' title='bbox 926 1999 1028 2048; x_wconf 90' lang='lat' dir='ltr'><strong><em>hoc</em></strong></span> <span class='ocrx_word' id='word_1_277' title='bbox 1061 2004 1148 2050; x_wconf 86' lang='lat' dir='ltr'><strong><em>est</em></strong></span> <span class='ocrx_word' id='word_1_278' title='bbox 1183 1995 1484 2062; x_wconf 85' lang='lat' dir='ltr'><strong><em>Christum,</em></strong></span> <span class='ocrx_word' id='word_1_279' title='bbox 1516 1999 1607 2067; x_wconf 90' lang='lat' dir='ltr'><strong><em>qui</em></strong></span> <span class='ocrx_word' id='word_1_280' title='bbox 1665 2008 1749 2052; x_wconf 88' lang='lat' dir='ltr'><strong><em>est</em></strong></span> <span class='ocrx_word' id='word_1_281' title='bbox 1788 1999 1970 2054; x_wconf 89' lang='lat' dir='ltr'><strong><em>lumen</em></strong></span> 
     </span>
    </p>
   </div>
   <div class='ocr_carea' id='block_1_36' title="bbox 394 2080 1972 2152">
    <p class='ocr_par' dir='ltr' id='par_1_36' title="bbox 394 2080 1972 2152">
     <span class='ocr_line' id='line_1_36' title="bbox 394 2080 1972 2152; baseline 0.008 -19"><span class='ocrx_word' id='word_1_282' title='bbox 394 2080 642 2148; x_wconf 68' lang='lat' dir='ltr'><strong><em>justitize,</em></strong></span> <span class='ocrx_word' id='word_1_283' title='bbox 684 2093 738 2136; x_wconf 88' lang='lat' dir='ltr'><strong><em>et</em></strong></span> <span class='ocrx_word' id='word_1_284' title='bbox 798 2084 886 2137; x_wconf 87' lang='lat' dir='ltr'><strong><em>illa</em></strong></span> <span class='ocrx_word' id='word_1_285' title='bbox 938 2085 1157 2140; x_wconf 85' lang='lat' dir='ltr'><strong><em>inventa</em></strong></span> <span class='ocrx_word' id='word_1_286' title='bbox 1207 2088 1264 2141; x_wconf 93' lang='lat' dir='ltr'><strong><em>in</em></strong></span> <span class='ocrx_word' id='word_1_287' title='bbox 1327 2096 1588 2152; x_wconf 78' lang='lat' dir='ltr'><strong><em>stercore,</em></strong></span> <span class='ocrx_word' id='word_1_288' title='bbox 1639 2103 1972 2146; x_wconf 84' lang='lat' dir='ltr'><strong><em>convocasse</em></strong></span> 
     </span>
    </p>
   </div>
   <div class='ocr_carea' id='block_1_37' title="bbox 399 2175 1972 2251">
    <p class='ocr_par' dir='ltr' id='par_1_37' title="bbox 399 2175 1972 2251">
     <span class='ocr_line' id='line_1_37' title="bbox 399 2175 1972 2251; baseline 0.009 -26"><span class='ocrx_word' id='word_1_289' title='bbox 399 2175 603 2228; x_wconf 78' lang='lat' dir='ltr'><strong><em>amicas</em></strong></span> <span class='ocrx_word' id='word_1_290' title='bbox 633 2176 717 2228; x_wconf 89' lang='lat' dir='ltr'><strong><em>vel</em></strong></span> <span class='ocrx_word' id='word_1_291' title='bbox 749 2177 976 2242; x_wconf 86' lang='lat' dir='ltr'><strong><em>vicinas,</em></strong></span> <span class='ocrx_word' id='word_1_292' title='bbox 1004 2178 1180 2243; x_wconf 89' lang='lat' dir='ltr'><strong><em>idest,</em></strong></span> <span class='ocrx_word' id='word_1_293' title='bbox 1219 2179 1489 2235; x_wconf 71' lang='lat' dir='ltr'><strong><em>Ecclesiae</em></strong></span> <span class='ocrx_word' id='word_1_294' title='bbox 1534 2182 1834 2251; x_wconf 84' lang='lat' dir='ltr'><strong><em>gratulasse</em></strong></span> <span class='ocrx_word' id='word_1_295' title='bbox 1882 2199 1972 2238; x_wconf 87' lang='lat' dir='ltr'><strong><em>su-</em></strong></span> 
     </span>
    </p>
   </div>
   <div class='ocr_carea' id='block_1_38' title="bbox 400 2263 1974 2348">
    <p class='ocr_par' dir='ltr' id='par_1_38' title="bbox 400 2263 1974 2348">
     <span class='ocr_line' id='line_1_38' title="bbox 400 2263 1974 2348; baseline 0.01 -35"><span class='ocrx_word' id='word_1_296' title='bbox 400 2275 498 2329; x_wconf 85' lang='lat' dir='ltr'><strong><em>per</em></strong></span> <span class='ocrx_word' id='word_1_297' title='bbox 526 2263 798 2316; x_wconf 85' lang='lat' dir='ltr'><strong><em>inventnm</em></strong></span> <span class='ocrx_word' id='word_1_298' title='bbox 835 2267 1107 2348; x_wconf 71' lang='lat' dir='ltr'><strong><em>hominem</em></strong></span> <span class='ocrx_word' id='word_1_299' title='bbox 1145 2279 1484 2338; x_wconf 83' lang='lat' dir='ltr'><strong><em>peccatorem</em></strong></span> <span class='ocrx_word' id='word_1_300' title='bbox 1517 2289 1532 2324; x_wconf 91' lang='lat'><strong>:</strong></span> <span class='ocrx_word' id='word_1_301' title='bbox 1573 2282 1628 2324; x_wconf 91' lang='lat' dir='ltr'><strong><em>et</em></strong></span> <span class='ocrx_word' id='word_1_302' title='bbox 1657 2287 1686 2325; x_wconf 87' lang='lat' dir='ltr'><strong><em>a</em></strong></span> <span class='ocrx_word' id='word_1_303' title='bbox 1731 2281 1974 2328; x_wconf 88' lang='lat' dir='ltr'><strong><em>stercore</em></strong></span> 
     </span>
    </p>
   </div>
   <div class='ocr_carea' id='block_1_39' title="bbox 398 2355 1972 2437">
    <p class='ocr_par' dir='ltr' id='par_1_39' title="bbox 398 2355 1972 2437">
     <span class='ocr_line' id='line_1_39' title="bbox 398 2355 1972 2437; baseline 0.011 -33"><span class='ocrx_word' id='word_1_304' title='bbox 398 2362 642 2405; x_wconf 88' lang='lat' dir='ltr'><strong><em>erectum</em></strong></span> <span class='ocrx_word' id='word_1_305' title='bbox 701 2355 999 2411; x_wconf 86' lang='lat' dir='ltr'><strong><em>collocasse</em></strong></span> <span class='ocrx_word' id='word_1_306' title='bbox 1026 2374 1147 2410; x_wconf 90' lang='lat' dir='ltr'><strong><em>eum</em></strong></span> <span class='ocrx_word' id='word_1_307' title='bbox 1207 2376 1330 2414; x_wconf 90' lang='lat' dir='ltr'><strong><em>cum</em></strong></span> <span class='ocrx_word' id='word_1_308' title='bbox 1391 2365 1730 2432; x_wconf 82' lang='lat' dir='ltr'><strong><em>principibus</em></strong></span> <span class='ocrx_word' id='word_1_309' title='bbox 1789 2367 1972 2437; x_wconf 81' lang='lat' dir='ltr'><strong><em>pepuli</em></strong></span> 
     </span>
    </p>
   </div>
   <div class='ocr_carea' id='block_1_40' title="bbox 397 2440 1972 2524">
    <p class='ocr_par' dir='ltr' id='par_1_40' title="bbox 397 2440 1972 2524">
     <span class='ocr_line' id='line_1_40' title="bbox 397 2440 1972 2524; baseline 0.01 -30"><span class='ocrx_word' id='word_1_310' title='bbox 397 2440 483 2494; x_wconf 75' lang='lat' dir='ltr'><strong><em>sui</em></strong></span> <span class='ocrx_word' id='word_1_311' title='bbox 511 2457 528 2498; x_wconf 87' lang='lat'><strong>:</strong></span> <span class='ocrx_word' id='word_1_312' title='bbox 559 2441 660 2496; x_wconf 88' lang='lat' dir='ltr'><strong><em>hoc</em></strong></span> <span class='ocrx_word' id='word_1_313' title='bbox 685 2453 788 2507; x_wconf 87' lang='lat' dir='ltr'><strong><em>est,</em></strong></span> <span class='ocrx_word' id='word_1_314' title='bbox 815 2461 937 2498; x_wconf 90' lang='lat' dir='ltr'><strong><em>cum</em></strong></span> <span class='ocrx_word' id='word_1_315' title='bbox 969 2447 1231 2514; x_wconf 84' lang='lat' dir='ltr'><strong><em>apostolis</em></strong></span> <span class='ocrx_word' id='word_1_316' title='bbox 1251 2458 1304 2503; x_wconf 87' lang='lat' dir='ltr'><strong><em>et</em></strong></span> <span class='ocrx_word' id='word_1_317' title='bbox 1337 2452 1629 2520; x_wconf 84' lang='lat' dir='ltr'><strong><em>prophetis.</em></strong></span> <span class='ocrx_word' id='word_1_318' title='bbox 1665 2454 1802 2510; x_wconf 81' lang='lat' dir='ltr'><strong><em>Ecce</em></strong></span> <span class='ocrx_word' id='word_1_319' title='bbox 1841 2456 1972 2524; x_wconf 87' lang='lat' dir='ltr'><strong><em>quid</em></strong></span> 
     </span>
    </p>
   </div>
   <div class='ocr_carea' id='block_1_41' title="bbox 398 2529 1970 2609">
    <p class='ocr_par' dir='ltr' id='par_1_41' title="bbox 398 2529 1970 2609">
     <span class='ocr_line' id='line_1_41' title="bbox 398 2529 1970 2609; baseline 0.009 -28"><span class='ocrx_word' id='word_1_320' title='bbox 398 2529 566 2583; x_wconf 75' lang='lat' dir='ltr'><strong><em>faciat</em></strong></span> <span class='ocrx_word' id='word_1_321' title='bbox 599 2533 920 2600; x_wconf 67' lang='lat' dir='ltr'><strong><em>paenitentia</em></strong></span> <span class='ocrx_word' id='word_1_322' title='bbox 957 2536 1189 2588; x_wconf 88' lang='lat' dir='ltr'><strong><em>hominis</em></strong></span> <span class='ocrx_word' id='word_1_323' title='bbox 1245 2540 1584 2604; x_wconf 80' lang='lat' dir='ltr'><strong><em>peccatoris:</em></strong></span> <span class='ocrx_word' id='word_1_324' title='bbox 1617 2541 1709 2609; x_wconf 90' lang='lat' dir='ltr'><strong><em>qui</em></strong></span> <span class='ocrx_word' id='word_1_325' title='bbox 1735 2545 1860 2594; x_wconf 91' lang='lat' dir='ltr'><strong><em>dum</em></strong></span> <span class='ocrx_word' id='word_1_326' title='bbox 1919 2543 1970 2596; x_wconf 91' lang='lat' dir='ltr'><strong><em>in</em></strong></span> 
     </span>
    </p>
   </div>
   <div class='ocr_carea' id='block_1_42' title="bbox 402 2617 1974 2693">
    <p class='ocr_par' dir='ltr' id='par_1_42' title="bbox 402 2617 1974 2693">
     <span class='ocr_line' id='line_1_42' title="bbox 402 2617 1974 2693; baseline 0.013 -27"><span class='ocrx_word' id='word_1_327' title='bbox 402 2617 832 2685; x_wconf 85' lang='lat' dir='ltr'><strong><em>stercorejacet,</em></strong></span> <span class='ocrx_word' id='word_1_328' title='bbox 860 2635 982 2673; x_wconf 87' lang='lat' dir='ltr'><strong><em>cum</em></strong></span> <span class='ocrx_word' id='word_1_329' title='bbox 1013 2623 1348 2693; x_wconf 80' lang='lat' dir='ltr'><strong><em>principibus</em></strong></span> <span class='ocrx_word' id='word_1_330' title='bbox 1376 2625 1666 2681; x_wconf 85' lang='lat' dir='ltr'><strong><em>invenitur.</em></strong></span> <span class='ocrx_word' id='word_1_331' title='bbox 1699 2629 1974 2685; x_wconf 58' lang='lat' dir='ltr'><strong><em>Paeniten-</em></strong></span> 
     </span>
    </p>
   </div>
   <div class='ocr_carea' id='block_1_43' title="bbox 403 2711 1976 2792">
    <p class='ocr_par' dir='ltr' id='par_1_43' title="bbox 403 2711 1976 2792">
     <span class='ocr_line' id='line_1_43' title="bbox 403 2711 1976 2792; baseline 0.011 -32"><span class='ocrx_word' id='word_1_332' title='bbox 403 2713 514 2760; x_wconf 83' lang='lat' dir='ltr'><strong><em>tem</em></strong></span> <span class='ocrx_word' id='word_1_333' title='bbox 564 2711 836 2764; x_wconf 87' lang='lat' dir='ltr'><strong><em>hominem</em></strong></span> <span class='ocrx_word' id='word_1_334' title='bbox 871 2715 1015 2779; x_wconf 81' lang='lat' dir='ltr'><strong><em>dico,</em></strong></span> <span class='ocrx_word' id='word_1_335' title='bbox 1045 2717 1134 2782; x_wconf 91' lang='lat' dir='ltr'><strong><em>qui</em></strong></span> <span class='ocrx_word' id='word_1_336' title='bbox 1170 2718 1360 2772; x_wconf 91' lang='lat' dir='ltr'><strong><em>diebus</em></strong></span> <span class='ocrx_word' id='word_1_337' title='bbox 1407 2733 1471 2774; x_wconf 91' lang='lat' dir='ltr'><strong><em>ac</em></strong></span> <span class='ocrx_word' id='word_1_338' title='bbox 1523 2723 1772 2776; x_wconf 88' lang='lat' dir='ltr'><strong><em>noctibus</em></strong></span> <span class='ocrx_word' id='word_1_339' title='bbox 1824 2725 1976 2792; x_wconf 79' lang='lat' dir='ltr'><strong><em>inge-</em></strong></span> 
     </span>
    </p>
   </div>
   <div class='ocr_carea' id='block_1_44' title="bbox 404 2798 1973 2880">
    <p class='ocr_par' dir='ltr' id='par_1_44' title="bbox 404 2798 1973 2880">
     <span class='ocr_line' id='line_1_44' title="bbox 404 2798 1973 2880; baseline 0.012 -30"><span class='ocrx_word' id='word_1_340' title='bbox 404 2798 661 2852; x_wconf 88' lang='lat' dir='ltr'><strong><em>miscitet</em></strong></span> <span class='ocrx_word' id='word_1_341' title='bbox 694 2813 913 2870; x_wconf 86' lang='lat' dir='ltr'><strong><em>peccata</em></strong></span> <span class='ocrx_word' id='word_1_342' title='bbox 959 2820 1054 2858; x_wconf 86' lang='lat' dir='ltr'><strong><em>sua</em></strong></span> <span class='ocrx_word' id='word_1_343' title='bbox 1107 2808 1467 2880; x_wconf 82' lang='lat' dir='ltr'><strong><em>eleemosyuis</em></strong></span> <span class='ocrx_word' id='word_1_344' title='bbox 1521 2813 1760 2867; x_wconf 87' lang='lat' dir='ltr'><strong><em>redimit.</em></strong></span> <span class='ocrx_word' id='word_1_345' title='bbox 1791 2813 1973 2869; x_wconf 66' lang='lat' dir='ltr'><strong><em>Ptrni-</em></strong></span> 
     </span>
    </p>
   </div>
   <div class='ocr_carea' id='block_1_45' title="bbox 405 2887 1969 2972">
    <p class='ocr_par' dir='ltr' id='par_1_45' title="bbox 405 2887 1969 2972">
     <span class='ocr_line' id='line_1_45' title="bbox 405 2887 1969 2972; baseline 0.012 -31"><span class='ocrx_word' id='word_1_346' title='bbox 405 2899 606 2944; x_wconf 86' lang='lat' dir='ltr'><strong><em>tentem</em></strong></span> <span class='ocrx_word' id='word_1_347' title='bbox 635 2895 906 2948; x_wconf 90' lang='lat' dir='ltr'><strong><em>hominem</em></strong></span> <span class='ocrx_word' id='word_1_348' title='bbox 931 2887 1075 2964; x_wconf 88' lang='lat' dir='ltr'><strong><em>dico,</em></strong></span> <span class='ocrx_word' id='word_1_349' title='bbox 1101 2901 1190 2968; x_wconf 85' lang='lat' dir='ltr'><strong><em>qui</em></strong></span> <span class='ocrx_word' id='word_1_350' title='bbox 1219 2902 1423 2971; x_wconf 77' lang='lat' dir='ltr'><strong><em>plangit</em></strong></span> <span class='ocrx_word' id='word_1_351' title='bbox 1442 2905 1564 2972; x_wconf 85' lang='lat' dir='ltr'><strong><em>quia</em></strong></span> <span class='ocrx_word' id='word_1_352' title='bbox 1589 2903 1719 2958; x_wconf 80' lang='lat' dir='ltr'><strong><em>fecit</em></strong></span> <span class='ocrx_word' id='word_1_353' title='bbox 1739 2907 1969 2960; x_wconf 89' lang='lat' dir='ltr'><strong><em>malum:</em></strong></span> 
     </span>
    </p>
   </div>
   <div class='ocr_carea' id='block_1_46' title="bbox 403 2983 2028 3065">
    <p class='ocr_par' dir='ltr' id='par_1_46' title="bbox 403 2983 2028 3065">
     <span class='ocr_line' id='line_1_46' title="bbox 403 2983 2028 3065; baseline 0.014 -34"><span class='ocrx_word' id='word_1_354' title='bbox 403 2988 460 3031; x_wconf 85' lang='lat' dir='ltr'><strong><em>et</em></strong></span> <span class='ocrx_word' id='word_1_355' title='bbox 491 2990 644 3051; x_wconf 82' lang='lat' dir='ltr'><strong><em>rogat</em></strong></span> <span class='ocrx_word' id='word_1_356' title='bbox 676 2983 961 3039; x_wconf 88' lang='lat' dir='ltr'><strong><em>Dominum</em></strong></span> <span class='ocrx_word' id='word_1_357' title='bbox 996 2997 1052 3040; x_wconf 85' lang='lat' dir='ltr'><strong><em>ut</em></strong></span> <span class='ocrx_word' id='word_1_358' title='bbox 1085 2991 1244 3044; x_wconf 86' lang='lat' dir='ltr'><strong><em>etiam</em></strong></span> <span class='ocrx_word' id='word_1_359' title='bbox 1280 3007 1387 3046; x_wconf 89' lang='lat' dir='ltr'><strong><em>non</em></strong></span> <span class='ocrx_word' id='word_1_360' title='bbox 1415 2993 1580 3048; x_wconf 79' lang='lat' dir='ltr'><strong><em>faciat</em></strong></span> <span class='ocrx_word' id='word_1_361' title='bbox 1611 2998 1755 3065; x_wconf 92' lang='lat' dir='ltr'><strong><em>quod</em></strong></span> <span class='ocrx_word' id='word_1_362' title='bbox 1802 3000 1974 3052; x_wconf 85' lang='lat' dir='ltr'><strong><em>admi-</em></strong></span> <span class='ocrx_word' id='word_1_363' title='bbox 2023 3019 2028 3024; x_wconf 54' lang='grc' dir='ltr'><strong><em>ε</em></strong></span> 
     </span>
    </p>
   </div>
   <div class='ocr_carea' id='block_1_47' title="bbox 402 3076 1972 3156">
    <p class='ocr_par' dir='ltr' id='par_1_47' title="bbox 402 3076 1972 3156">
     <span class='ocr_line' id='line_1_47' title="bbox 402 3076 1972 3156; baseline 0.012 -30"><span class='ocrx_word' id='word_1_364' title='bbox 402 3081 570 3127; x_wconf 86' lang='lat' dir='ltr'><strong><em>serat.</em></strong></span> <span class='ocrx_word' id='word_1_365' title='bbox 599 3076 959 3134; x_wconf 69' lang='lat' dir='ltr'><strong><em>Pmnitentem</em></strong></span> <span class='ocrx_word' id='word_1_366' title='bbox 996 3083 1266 3136; x_wconf 88' lang='lat' dir='ltr'><strong><em>hominem</em></strong></span> <span class='ocrx_word' id='word_1_367' title='bbox 1309 3086 1452 3154; x_wconf 88' lang='lat' dir='ltr'><strong><em>dico,</em></strong></span> <span class='ocrx_word' id='word_1_368' title='bbox 1487 3092 1575 3156; x_wconf 92' lang='lat' dir='ltr'><strong><em>qui</em></strong></span> <span class='ocrx_word' id='word_1_369' title='bbox 1610 3100 1731 3156; x_wconf 89' lang='lat' dir='ltr'><strong><em>post</em></strong></span> <span class='ocrx_word' id='word_1_370' title='bbox 1772 3107 1972 3146; x_wconf 86' lang='lat' dir='ltr'><strong><em>concu-</em></strong></span> 
     </span>
    </p>
   </div>
   <div class='ocr_carea' id='block_1_48' title="bbox 403 3158 2044 3238">
    <p class='ocr_par' dir='ltr' id='par_1_48' title="bbox 403 3158 2044 3238">
     <span class='ocr_line' id='line_1_48' title="bbox 403 3158 2044 3238; baseline 0.014 -22"><span class='ocrx_word' id='word_1_371' title='bbox 403 3167 698 3234; x_wconf 87' lang='lat' dir='ltr'><strong><em>piscentias</em></strong></span> <span class='ocrx_word' id='word_1_372' title='bbox 732 3185 860 3224; x_wconf 86' lang='lat' dir='ltr'><strong><em>suas</em></strong></span> <span class='ocrx_word' id='word_1_373' title='bbox 893 3187 1000 3225; x_wconf 90' lang='lat' dir='ltr'><strong><em>non</em></strong></span> <span class='ocrx_word' id='word_1_374' title='bbox 1060 3175 1225 3238; x_wconf 88' lang='lat' dir='ltr'><strong><em>vadit,</em></strong></span> <span class='ocrx_word' id='word_1_375' title='bbox 1249 3185 1301 3229; x_wconf 90' lang='lat' dir='ltr'><strong><em>et</em></strong></span> <span class='ocrx_word' id='word_1_376' title='bbox 1351 3192 1380 3230; x_wconf 91' lang='lat' dir='ltr'><strong><em>a</em></strong></span> <span class='ocrx_word' id='word_1_377' title='bbox 1433 3180 1713 3234; x_wconf 76' lang='lat' dir='ltr'><strong><em>Voluntate</em></strong></span> <span class='ocrx_word' id='word_1_378' title='bbox 1764 3197 1860 3236; x_wconf 86' lang='lat' dir='ltr'><strong><em>sua</em></strong></span> <span class='ocrx_word' id='word_1_379' title='bbox 1914 3158 2044 3238; x_wconf 81' lang='lat' dir='ltr'><strong><em>seC</em></strong></span> 
     </span>
    </p>
   </div>
   <div class='ocr_carea' id='block_1_49' title="bbox 401 3258 1974 3344">
    <p class='ocr_par' dir='ltr' id='par_1_49' title="bbox 401 3258 1974 3344">
     <span class='ocr_line' id='line_1_49' title="bbox 401 3258 1974 3344; baseline 0.013 -36"><span class='ocrx_word' id='word_1_380' title='bbox 401 3258 674 3327; x_wconf 88' lang='lat' dir='ltr'><strong><em>prohibet.</em></strong></span> <span class='ocrx_word' id='word_1_381' title='bbox 735 3260 1088 3344; x_wconf 60' lang='lat' dir='ltr'><strong><em>l’aznitentem</em></strong></span> <span class='ocrx_word' id='word_1_382' title='bbox 1146 3268 1418 3322; x_wconf 89' lang='lat' dir='ltr'><strong><em>hominem</em></strong></span> <span class='ocrx_word' id='word_1_383' title='bbox 1475 3271 1614 3338; x_wconf 90' lang='lat' dir='ltr'><strong><em>dico,</em></strong></span> <span class='ocrx_word' id='word_1_384' title='bbox 1654 3273 1744 3341; x_wconf 91' lang='lat' dir='ltr'><strong><em>qui</em></strong></span> <span class='ocrx_word' id='word_1_385' title='bbox 1803 3276 1974 3344; x_wconf 80' lang='lat' dir='ltr'><strong><em>diligit</em></strong></span> 
     </span>
    </p>
   </div>
   <div class='ocr_carea' id='block_1_50' title="bbox 404 3341 1971 3428">
    <p class='ocr_par' dir='ltr' id='par_1_50' title="bbox 404 3341 1971 3428">
     <span class='ocr_line' id='line_1_50' title="bbox 404 3341 1971 3428; baseline 0.015 -31"><span class='ocrx_word' id='word_1_386' title='bbox 404 3350 550 3415; x_wconf 79' lang='lat' dir='ltr'><strong><em>quod</em></strong></span> <span class='ocrx_word' id='word_1_387' title='bbox 581 3361 708 3406; x_wconf 85' lang='lat' dir='ltr'><strong><em>ante</em></strong></span> <span class='ocrx_word' id='word_1_388' title='bbox 731 3417 734 3419; x_wconf 19' lang='grc' dir='ltr'>λ</span> <span class='ocrx_word' id='word_1_389' title='bbox 761 3341 1078 3423; x_wconf 76' lang='lat' dir='ltr'><strong><em>neglexerit,</em></strong></span> <span class='ocrx_word' id='word_1_390' title='bbox 1131 3368 1185 3411; x_wconf 88' lang='lat' dir='ltr'><strong><em>et</em></strong></span> <span class='ocrx_word' id='word_1_391' title='bbox 1213 3361 1355 3428; x_wconf 90' lang='lat' dir='ltr'><strong><em>quod</em></strong></span> <span class='ocrx_word' id='word_1_392' title='bbox 1387 3361 1590 3416; x_wconf 80' lang='lat' dir='ltr'><strong><em>fecerat</em></strong></span> <span class='ocrx_word' id='word_1_393' title='bbox 1623 3341 1971 3421; x_wconf 76' lang='lat' dir='ltr'><strong><em>obliviscitur.</em></strong></span> 
     </span>
    </p>
   </div>
   <div class='ocr_carea' id='block_1_51' title="bbox 407 3439 1976 3524">
    <p class='ocr_par' dir='ltr' id='par_1_51' title="bbox 407 3439 1976 3524">
     <span class='ocr_line' id='line_1_51' title="bbox 407 3439 1976 3524; baseline 0.012 -30"><span class='ocrx_word' id='word_1_394' title='bbox 407 3439 732 3496; x_wconf 67' lang='lat' dir='ltr'><strong><em>Adhaereant</em></strong></span> <span class='ocrx_word' id='word_1_395' title='bbox 763 3446 812 3498; x_wconf 92' lang='lat' dir='ltr'><strong><em>in</em></strong></span> <span class='ocrx_word' id='word_1_396' title='bbox 849 3455 899 3501; x_wconf 90' lang='lat' dir='ltr'><strong><em>te</em></strong></span> <span class='ocrx_word' id='word_1_397' title='bbox 930 3463 1048 3516; x_wconf 84' lang='lat' dir='ltr'><strong><em>quae</em></strong></span> <span class='ocrx_word' id='word_1_398' title='bbox 1083 3451 1217 3505; x_wconf 90' lang='lat' dir='ltr'><strong><em>bona</em></strong></span> <span class='ocrx_word' id='word_1_399' title='bbox 1240 3462 1366 3507; x_wconf 87' lang='lat' dir='ltr'><strong><em>sunt</em></strong></span> <span class='ocrx_word' id='word_1_400' title='bbox 1393 3469 1410 3508; x_wconf 88' lang='lat'><strong>:</strong></span> <span class='ocrx_word' id='word_1_401' title='bbox 1449 3465 1502 3510; x_wconf 84' lang='lat' dir='ltr'><strong><em>et</em></strong></span> <span class='ocrx_word' id='word_1_402' title='bbox 1527 3471 1643 3524; x_wconf 74' lang='lat' dir='ltr'><strong><em>qua:</em></strong></span> <span class='ocrx_word' id='word_1_403' title='bbox 1683 3457 1822 3511; x_wconf 88' lang='lat' dir='ltr'><strong><em>mala</em></strong></span> <span class='ocrx_word' id='word_1_404' title='bbox 1849 3469 1976 3513; x_wconf 89' lang='lat' dir='ltr'><strong><em>sunt</em></strong></span> 
     </span>
    </p>
   </div>
   <div class='ocr_carea' id='block_1_52' title="bbox 405 3530 1973 3616">
    <p class='ocr_par' dir='ltr' id='par_1_52' title="bbox 405 3530 1973 3616">
     <span class='ocr_line' id='line_1_52' title="bbox 405 3530 1973 3616; baseline 0.014 -33"><span class='ocrx_word' id='word_1_405' title='bbox 405 3530 710 3588; x_wconf 88' lang='lat' dir='ltr'><strong><em>deleantur.</em></strong></span> <span class='ocrx_word' id='word_1_406' title='bbox 751 3534 805 3588; x_wconf 88' lang='lat' dir='ltr'><strong><em>Si</em></strong></span> <span class='ocrx_word' id='word_1_407' title='bbox 866 3542 1242 3606; x_wconf 76' lang='lat' dir='ltr'><strong><em>ptenitentiam</em></strong></span> <span class='ocrx_word' id='word_1_408' title='bbox 1299 3559 1406 3599; x_wconf 88' lang='lat' dir='ltr'><strong><em>non</em></strong></span> <span class='ocrx_word' id='word_1_409' title='bbox 1436 3549 1632 3616; x_wconf 82' lang='lat' dir='ltr'><strong><em>egeris,</em></strong></span> <span class='ocrx_word' id='word_1_410' title='bbox 1667 3549 1874 3604; x_wconf 91' lang='lat' dir='ltr'><strong><em>incides</em></strong></span> <span class='ocrx_word' id='word_1_411' title='bbox 1921 3553 1973 3605; x_wconf 90' lang='lat' dir='ltr'><strong><em>in</em></strong></span> 
     </span>
    </p>
   </div>
   <div class='ocr_carea' id='block_1_53' title="bbox 404 3626 1977 3710">
    <p class='ocr_par' dir='ltr' id='par_1_53' title="bbox 404 3626 1977 3710">
     <span class='ocr_line' id='line_1_53' title="bbox 404 3626 1977 3710; baseline 0.011 -33"><span class='ocrx_word' id='word_1_412' title='bbox 404 3638 600 3677; x_wconf 84' lang='lat' dir='ltr'><strong><em>manus</em></strong></span> <span class='ocrx_word' id='word_1_413' title='bbox 638 3626 850 3679; x_wconf 90' lang='lat' dir='ltr'><strong><em>Domini</em></strong></span> <span class='ocrx_word' id='word_1_414' title='bbox 902 3631 1194 3685; x_wconf 82' lang='lat' dir='ltr'><strong><em>secundum</em></strong></span> <span class='ocrx_word' id='word_1_415' title='bbox 1251 3637 1674 3703; x_wconf 86' lang='lat' dir='ltr'><strong><em>magnitudinem</em></strong></span> <span class='ocrx_word' id='word_1_416' title='bbox 1712 3640 1850 3710; x_wconf 84' lang='lat' dir='ltr'><strong><em>ejus.</em></strong></span> <span class='ocrx_word' id='word_1_417' title='bbox 1883 3641 1977 3695; x_wconf 88' lang='lat' dir='ltr'><strong><em>Di-</em></strong></span> 
     </span>
    </p>
   </div>
   <div class='ocr_carea' id='block_1_54' title="bbox 402 3719 1974 3804">
    <p class='ocr_par' dir='ltr' id='par_1_54' title="bbox 402 3719 1974 3804">
     <span class='ocr_line' id='line_1_54' title="bbox 402 3719 1974 3804; baseline 0.013 -36"><span class='ocrx_word' id='word_1_418' title='bbox 402 3725 545 3768; x_wconf 85' lang='lat' dir='ltr'><strong><em>verte</em></strong></span> <span class='ocrx_word' id='word_1_419' title='bbox 574 3733 606 3769; x_wconf 92' lang='lat' dir='ltr'><strong><em>a</em></strong></span> <span class='ocrx_word' id='word_1_420' title='bbox 640 3719 800 3782; x_wconf 84' lang='lat' dir='ltr'><strong><em>malo,</em></strong></span> <span class='ocrx_word' id='word_1_421' title='bbox 833 3731 892 3773; x_wconf 81' lang='lat' dir='ltr'><strong><em>et</em></strong></span> <span class='ocrx_word' id='word_1_422' title='bbox 916 3720 1005 3789; x_wconf 89' lang='lat' dir='ltr'><strong><em>fac</em></strong></span> <span class='ocrx_word' id='word_1_423' title='bbox 1039 3725 1228 3778; x_wconf 90' lang='lat' dir='ltr'><strong><em>bonum</em></strong></span> <span class='ocrx_word' id='word_1_424' title='bbox 1253 3741 1270 3782; x_wconf 84' lang='lat'><strong>:</strong></span> <span class='ocrx_word' id='word_1_425' title='bbox 1298 3727 1503 3797; x_wconf 87' lang='lat' dir='ltr'><strong><em>inquire</em></strong></span> <span class='ocrx_word' id='word_1_426' title='bbox 1531 3747 1736 3800; x_wconf 86' lang='lat' dir='ltr'><strong><em>pacem,</em></strong></span> <span class='ocrx_word' id='word_1_427' title='bbox 1761 3741 1809 3787; x_wconf 87' lang='lat' dir='ltr'><strong><em>et</em></strong></span> <span class='ocrx_word' id='word_1_428' title='bbox 1853 3751 1974 3804; x_wconf 86' lang='lat' dir='ltr'><strong><em>per-</em></strong></span> 
     </span>
    </p>
   </div>
   <div class='ocr_carea' id='block_1_55' title="bbox 404 3811 1973 3890">
    <p class='ocr_par' dir='ltr' id='par_1_55' title="bbox 404 3811 1973 3890">
     <span class='ocr_line' id='line_1_55' title="bbox 404 3811 1973 3890; baseline 0.012 -32"><span class='ocrx_word' id='word_1_429' title='bbox 404 3821 616 3874; x_wconf 89' lang='lat' dir='ltr'><strong><em>sequere</em></strong></span> <span class='ocrx_word' id='word_1_430' title='bbox 640 3825 757 3861; x_wconf 89' lang='lat' dir='ltr'><strong><em>eam</em></strong></span> <span class='ocrx_word' id='word_1_431' title='bbox 791 3811 966 3880; x_wconf 82' lang='lat' dir='ltr'><strong><em>(l’sal.</em></strong></span> <span class='ocrx_word' id='word_1_432' title='bbox 1000 3829 1197 3878; x_wconf 85' lang='grc' dir='ltr'><em>χχχιιι,</em></span> <span class='ocrx_word' id='word_1_433' title='bbox 1231 3814 1361 3884; x_wconf 83' lang='grc'><strong><em>15);</em></strong></span> <span class='ocrx_word' id='word_1_434' title='bbox 1399 3818 1541 3872; x_wconf 87' lang='lat' dir='ltr'><strong><em>sicut</em></strong></span> <span class='ocrx_word' id='word_1_435' title='bbox 1563 3820 1828 3890; x_wconf 85' lang='lat' dir='ltr'><strong><em>scriptum</em></strong></span> <span class='ocrx_word' id='word_1_436' title='bbox 1859 3833 1973 3878; x_wconf 81' lang='lat' dir='ltr'><strong><em>est;</em></strong></span> 
     </span>
    </p>
   </div>
   <div class='ocr_carea' id='block_1_56' title="bbox 408 3897 1973 3983">
    <p class='ocr_par' dir='ltr' id='par_1_56' title="bbox 408 3897 1973 3983">
     <span class='ocr_line' id='line_1_56' title="bbox 408 3897 1973 3983; baseline 0.011 -31"><span class='ocrx_word' id='word_1_437' title='bbox 408 3897 579 3952; x_wconf 86' lang='lat' dir='ltr'><strong><em>Omisi</em></strong></span> <span class='ocrx_word' id='word_1_438' title='bbox 602 3901 765 3966; x_wconf 88' lang='lat' dir='ltr'><strong><em>mala,</em></strong></span> <span class='ocrx_word' id='word_1_439' title='bbox 795 3913 843 3955; x_wconf 87' lang='lat' dir='ltr'><strong><em>et</em></strong></span> <span class='ocrx_word' id='word_1_440' title='bbox 870 3906 1086 3971; x_wconf 67' lang='lat' dir='ltr'><strong><em>quasivi</em></strong></span> <span class='ocrx_word' id='word_1_441' title='bbox 1117 3907 1275 3962; x_wconf 89' lang='lat' dir='ltr'><strong><em>bona.</em></strong></span> <span class='ocrx_word' id='word_1_442' title='bbox 1309 3909 1414 3963; x_wconf 86' lang='lat' dir='ltr'><strong><em>Fac</em></strong></span> <span class='ocrx_word' id='word_1_443' title='bbox 1443 3926 1574 3979; x_wconf 84' lang='lat' dir='ltr'><strong><em>ergo</em></strong></span> <span class='ocrx_word' id='word_1_444' title='bbox 1625 3913 1818 3983; x_wconf 86' lang='lat' dir='ltr'><strong><em>dignos</em></strong></span> <span class='ocrx_word' id='word_1_445' title='bbox 1858 3914 1973 3968; x_wconf 79' lang='lat' dir='ltr'><strong><em>fru-</em></strong></span> 
     </span>
    </p>
   </div>
   <div class='ocr_carea' id='block_1_57' title="bbox 403 3993 1974 4075">
    <p class='ocr_par' dir='ltr' id='par_1_57' title="bbox 403 3993 1974 4075">
     <span class='ocr_line' id='line_1_57' title="bbox 403 3993 1974 4075; baseline 0.012 -36"><span class='ocrx_word' id='word_1_446' title='bbox 403 3997 522 4041; x_wconf 90' lang='lat' dir='ltr'><strong><em>ctus</em></strong></span> <span class='ocrx_word' id='word_1_447' title='bbox 552 3993 886 4057; x_wconf 66' lang='lat' dir='ltr'><strong><em>poenitentiae</em></strong></span> <span class='ocrx_word' id='word_1_448' title='bbox 917 4011 932 4046; x_wconf 88' lang='lat'>:</span> <span class='ocrx_word' id='word_1_449' title='bbox 970 4005 1154 4049; x_wconf 88' lang='lat' dir='ltr'><strong><em>etnon</em></strong></span> <span class='ocrx_word' id='word_1_450' title='bbox 1193 3999 1398 4053; x_wconf 78' lang='lat' dir='ltr'><strong><em>dixeris</em></strong></span> <span class='ocrx_word' id='word_1_451' title='bbox 1430 4017 1445 4052; x_wconf 92' lang='lat'><strong>:</strong></span> <span class='ocrx_word' id='word_1_452' title='bbox 1481 4000 1704 4056; x_wconf 87' lang='lat' dir='ltr'><strong><em>Peccavi</em></strong></span> <span class='ocrx_word' id='word_1_453' title='bbox 1735 4019 1750 4062; x_wconf 87' lang='lat'><strong>;</strong></span> <span class='ocrx_word' id='word_1_454' title='bbox 1782 4005 1974 4075; x_wconf 87' lang='lat' dir='ltr'><strong><em>etquid</em></strong></span> 
     </span>
    </p>
   </div>
   <div class='ocr_carea' id='block_1_58' title="bbox 399 4082 1366 4159">
    <p class='ocr_par' dir='ltr' id='par_1_58' title="bbox 399 4082 1366 4159">
     <span class='ocr_line' id='line_1_58' title="bbox 399 4082 1366 4159; baseline 0.013 -27"><span class='ocrx_word' id='word_1_455' title='bbox 399 4082 594 4133; x_wconf 89' lang='lat' dir='ltr'><strong><em>accidit</em></strong></span> <span class='ocrx_word' id='word_1_456' title='bbox 622 4083 751 4136; x_wconf 83' lang='lat' dir='ltr'><strong><em>mihi</em></strong></span> <span class='ocrx_word' id='word_1_457' title='bbox 778 4088 924 4137; x_wconf 85' lang='lat' dir='ltr'><strong><em>triste</em></strong></span> <span class='ocrx_word' id='word_1_458' title='bbox 949 4085 1137 4158; x_wconf 86' lang='lat' dir='ltr'><strong><em>(Eccli.</em></strong></span> <span class='ocrx_word' id='word_1_459' title='bbox 1169 4106 1224 4155; x_wconf 85' lang='grc' dir='ltr'><em>ν,</em></span> <span class='ocrx_word' id='word_1_460' title='bbox 1257 4089 1312 4159; x_wconf 70' lang='grc'><strong><em>4)</em></strong></span> <span class='ocrx_word' id='word_1_461' title='bbox 1343 4092 1366 4145; x_wconf 84' lang='lat'><strong>?</strong></span> 
     </span>
    </p>
   </div>
   <div class='ocr_carea' id='block_1_59' title="bbox 477 4171 1982 4256">
    <p class='ocr_par' dir='ltr' id='par_1_59' title="bbox 477 4171 1982 4256">
     <span class='ocr_line' id='line_1_59' title="bbox 477 4171 1982 4256; baseline 0.013 -31"><span class='ocrx_word' id='word_1_462' title='bbox 477 4171 564 4227; x_wconf 84' lang='lat' dir='ltr'><strong><em>IV.</em></strong></span> <span class='ocrx_word' id='word_1_463' title='bbox 600 4172 715 4226; x_wconf 82' lang='lat' dir='ltr'><strong><em>Non</em></strong></span> <span class='ocrx_word' id='word_1_464' title='bbox 767 4177 991 4244; x_wconf 82' lang='lat' dir='ltr'><strong><em>adjicias</em></strong></span> <span class='ocrx_word' id='word_1_465' title='bbox 1047 4190 1331 4247; x_wconf 86' lang='lat' dir='ltr'><strong><em>peccatum</em></strong></span> <span class='ocrx_word' id='word_1_466' title='bbox 1377 4197 1544 4254; x_wconf 84' lang='lat' dir='ltr'><strong><em>super</em></strong></span> <span class='ocrx_word' id='word_1_467' title='bbox 1592 4199 1982 4256; x_wconf 81' lang='lat' dir='ltr'><strong><em>peccatum,et</em></strong></span> 
     </span>
    </p>
   </div>
   <div class='ocr_carea' id='block_1_60' title="bbox 403 4263 1974 4346">
    <p class='ocr_par' dir='ltr' id='par_1_60' title="bbox 403 4263 1974 4346">
     <span class='ocr_line' id='line_1_60' title="bbox 403 4263 1974 4346; baseline 0.016 -29"><span class='ocrx_word' id='word_1_468' title='bbox 403 4263 578 4331; x_wconf 87' lang='lat' dir='ltr'><strong><em>dicas,</em></strong></span> <span class='ocrx_word' id='word_1_469' title='bbox 615 4268 890 4323; x_wconf 89' lang='lat' dir='ltr'><strong><em>miseratio</em></strong></span> <span class='ocrx_word' id='word_1_470' title='bbox 939 4271 1151 4327; x_wconf 91' lang='lat' dir='ltr'><strong><em>Domini</em></strong></span> <span class='ocrx_word' id='word_1_471' title='bbox 1217 4289 1408 4346; x_wconf 86' lang='lat' dir='ltr'><strong><em>magna</em></strong></span> <span class='ocrx_word' id='word_1_472' title='bbox 1466 4291 1569 4334; x_wconf 88' lang='lat' dir='ltr'><strong><em>est.</em></strong></span> <span class='ocrx_word' id='word_1_473' title='bbox 1603 4280 1751 4338; x_wconf 88' lang='lat' dir='ltr'><strong><em>Scito</em></strong></span> <span class='ocrx_word' id='word_1_474' title='bbox 1794 4297 1974 4342; x_wconf 90' lang='lat' dir='ltr'><strong><em>autem</em></strong></span> 
     </span>
    </p>
   </div>
   <div class='ocr_carea' id='block_1_61' title="bbox 409 4354 1974 4432">
    <p class='ocr_par' dir='ltr' id='par_1_61' title="bbox 409 4354 1974 4432">
     <span class='ocr_line' id='line_1_61' title="bbox 409 4354 1974 4432; baseline 0.02 -31"><span class='ocrx_word' id='word_1_475' title='bbox 409 4354 550 4420; x_wconf 83' lang='lat' dir='ltr'><strong><em>quod</em></strong></span> <span class='ocrx_word' id='word_1_476' title='bbox 586 4356 956 4412; x_wconf 83' lang='lat' dir='ltr'><strong><em>misericordia</em></strong></span> <span class='ocrx_word' id='word_1_477' title='bbox 989 4371 1042 4414; x_wconf 90' lang='lat' dir='ltr'><strong><em>et</em></strong></span> <span class='ocrx_word' id='word_1_478' title='bbox 1068 4363 1147 4416; x_wconf 91' lang='lat' dir='ltr'><strong><em>ira</em></strong></span> <span class='ocrx_word' id='word_1_479' title='bbox 1198 4365 1267 4418; x_wconf 88' lang='lat' dir='ltr'><strong><em>ab</em></strong></span> <span class='ocrx_word' id='word_1_480' title='bbox 1303 4366 1394 4421; x_wconf 89' lang='lat' dir='ltr'><strong><em>illo</em></strong></span> <span class='ocrx_word' id='word_1_481' title='bbox 1420 4377 1520 4423; x_wconf 90' lang='lat' dir='ltr'><strong><em>est.</em></strong></span> <span class='ocrx_word' id='word_1_482' title='bbox 1551 4369 1846 4428; x_wconf 72' lang='lat' dir='ltr'><strong><em>Revertere</em></strong></span> <span class='ocrx_word' id='word_1_483' title='bbox 1908 4379 1974 4432; x_wconf 90' lang='lat' dir='ltr'><strong><em>ad</em></strong></span> 
     </span>
    </p>
   </div>
   <div class='ocr_carea' id='block_1_62' title="bbox 2073 1895 3652 1966">
    <p class='ocr_par' dir='ltr' id='par_1_62' title="bbox 2073 1895 3652 1966">
     <span class='ocr_line' id='line_1_62' title="bbox 2073 1895 3652 1966; baseline 0.002 -15"><span class='ocrx_word' id='word_1_484' title='bbox 2073 1896 2220 1964; x_wconf 67' lang='lat' dir='ltr'><strong><em>scit?</em></strong></span> <span class='ocrx_word' id='word_1_485' title='bbox 2246 1895 2380 1963; x_wconf 86' lang='lat' dir='ltr'><strong><em>Quis</em></strong></span> <span class='ocrx_word' id='word_1_486' title='bbox 2410 1911 2517 1952; x_wconf 91' lang='lat' dir='ltr'><strong><em>non</em></strong></span> <span class='ocrx_word' id='word_1_487' title='bbox 2547 1899 2733 1952; x_wconf 88' lang='lat' dir='ltr'><strong><em>audiat</em></strong></span> <span class='ocrx_word' id='word_1_488' title='bbox 2755 1898 2927 1962; x_wconf 89' lang='lat' dir='ltr'><strong><em>illum,</em></strong></span> <span class='ocrx_word' id='word_1_489' title='bbox 2954 1907 3010 1952; x_wconf 91' lang='lat' dir='ltr'><strong><em>et</em></strong></span> <span class='ocrx_word' id='word_1_490' title='bbox 3035 1900 3356 1954; x_wconf 83' lang='lat' dir='ltr'><strong><em>moveatur?</em></strong></span> <span class='ocrx_word' id='word_1_491' title='bbox 3383 1901 3652 1966; x_wconf 80' lang='lat' dir='ltr'><strong><em>Quoniam</em></strong></span> 
     </span>
    </p>
   </div>
   <div class='ocr_carea' id='block_1_63' title="bbox 2071 1987 3654 2059">
    <p class='ocr_par' dir='ltr' id='par_1_63' title="bbox 2071 1987 3654 2059">
     <span class='ocr_line' id='line_1_63' title="bbox 2071 1987 3654 2059; baseline 0.004 -21"><span class='ocrx_word' id='word_1_492' title='bbox 2071 1987 2161 2056; x_wconf 90' lang='lat' dir='ltr'><strong><em>qui</em></strong></span> <span class='ocrx_word' id='word_1_493' title='bbox 2185 2003 2240 2040; x_wconf 89' lang='lat' dir='ltr'><strong><em>se</em></strong></span> <span class='ocrx_word' id='word_1_494' title='bbox 2268 1987 2512 2041; x_wconf 86' lang='lat' dir='ltr'><strong><em>Itumiliat</em></strong></span> <span class='ocrx_word' id='word_1_495' title='bbox 2538 1989 2885 2056; x_wconf 70' lang='lat' dir='ltr'><strong><em>exaltubitur,</em></strong></span> <span class='ocrx_word' id='word_1_496' title='bbox 2927 1998 2977 2044; x_wconf 86' lang='lat' dir='ltr'><strong><em>et</em></strong></span> <span class='ocrx_word' id='word_1_497' title='bbox 3026 1994 3116 2059; x_wconf 85' lang='lat' dir='ltr'><strong><em>qui</em></strong></span> <span class='ocrx_word' id='word_1_498' title='bbox 3145 2008 3200 2054; x_wconf 83' lang='lat' dir='ltr'><strong><em>se</em></strong></span> <span class='ocrx_word' id='word_1_499' title='bbox 3241 1994 3443 2045; x_wconf 75' lang='lat' dir='ltr'><strong><em>exultat</em></strong></span> <span class='ocrx_word' id='word_1_500' title='bbox 3476 1993 3654 2044; x_wconf 81' lang='lat' dir='ltr'><strong><em>Immi-</em></strong></span> 
     </span>
    </p>
   </div>
   <div class='ocr_carea' id='block_1_64' title="bbox 2073 2077 3654 2152">
    <p class='ocr_par' dir='ltr' id='par_1_64' title="bbox 2073 2077 3654 2152">
     <span class='ocr_line' id='line_1_64' title="bbox 2073 2077 3654 2152; baseline 0.004 -22"><span class='ocrx_word' id='word_1_501' title='bbox 2073 2077 2294 2130; x_wconf 85' lang='lat' dir='ltr'><strong><em>liabitur</em></strong></span> <span class='ocrx_word' id='word_1_502' title='bbox 2322 2077 2472 2149; x_wconf 86' lang='lat' dir='ltr'><strong><em>(Luc.</em></strong></span> <span class='ocrx_word' id='word_1_503' title='bbox 2502 2095 2615 2145; x_wconf 84' lang='grc' dir='ltr'><em>χιν,</em></span> <span class='ocrx_word' id='word_1_504' title='bbox 2642 2081 2752 2149; x_wconf 81' lang='lat' dir='ltr'><strong><em>ll).</em></strong></span> <span class='ocrx_word' id='word_1_505' title='bbox 2783 2081 2925 2146; x_wconf 84' lang='lat' dir='ltr'><strong><em>Quid</em></strong></span> <span class='ocrx_word' id='word_1_506' title='bbox 2957 2081 3204 2151; x_wconf 86' lang='lat' dir='ltr'><strong><em>gloriaris</em></strong></span> <span class='ocrx_word' id='word_1_507' title='bbox 3225 2084 3280 2135; x_wconf 90' lang='lat' dir='ltr'><strong><em>in</em></strong></span> <span class='ocrx_word' id='word_1_508' title='bbox 3302 2085 3530 2148; x_wconf 89' lang='lat' dir='ltr'><strong><em>malitia,</em></strong></span> <span class='ocrx_word' id='word_1_509' title='bbox 3562 2087 3654 2152; x_wconf 85' lang='lat' dir='ltr'><strong><em>qui</em></strong></span> 
     </span>
    </p>
   </div>
   <div class='ocr_carea' id='block_1_65' title="bbox 2071 2172 3654 2241">
    <p class='ocr_par' dir='ltr' id='par_1_65' title="bbox 2071 2172 3654 2241">
     <span class='ocr_line' id='line_1_65' title="bbox 2071 2172 3654 2241; baseline 0.004 -19"><span class='ocrx_word' id='word_1_510' title='bbox 2071 2178 2254 2238; x_wconf 89' lang='lat' dir='ltr'><strong><em>potens</em></strong></span> <span class='ocrx_word' id='word_1_511' title='bbox 2293 2187 2346 2223; x_wconf 89' lang='lat' dir='ltr'><strong><em>es</em></strong></span> <span class='ocrx_word' id='word_1_512' title='bbox 2379 2173 2433 2223; x_wconf 91' lang='lat' dir='ltr'><strong><em>in</em></strong></span> <span class='ocrx_word' id='word_1_513' title='bbox 2479 2173 2755 2241; x_wconf 83' lang='lat' dir='ltr'><strong><em>iniquitate</em></strong></span> <span class='ocrx_word' id='word_1_514' title='bbox 2799 2172 2968 2241; x_wconf 79' lang='lat' dir='ltr'><strong><em>(Psal.</em></strong></span> <span class='ocrx_word' id='word_1_515' title='bbox 3003 2189 3078 2237; x_wconf 82' lang='lat' dir='ltr'><strong><em>LI,</em></strong></span> <span class='ocrx_word' id='word_1_516' title='bbox 3111 2174 3164 2240; x_wconf 84' lang='grc'><strong><em>’5)</em></strong></span> <span class='ocrx_word' id='word_1_517' title='bbox 3193 2174 3217 2226; x_wconf 84' lang='lat'><strong>?</strong></span> <span class='ocrx_word' id='word_1_518' title='bbox 3262 2173 3452 2228; x_wconf 77' lang='lat' dir='ltr'><strong><em>.lielius</em></strong></span> <span class='ocrx_word' id='word_1_519' title='bbox 3501 2186 3576 2229; x_wconf 91' lang='lat' dir='ltr'><strong><em>est</em></strong></span> <span class='ocrx_word' id='word_1_520' title='bbox 3605 2187 3654 2230; x_wconf 90' lang='lat' dir='ltr'><strong><em>te</em></strong></span> 
     </span>
    </p>
   </div>
   <div class='ocr_carea' id='block_1_66' title="bbox 2074 2265 3654 2333">
    <p class='ocr_par' dir='ltr' id='par_1_66' title="bbox 2074 2265 3654 2333">
     <span class='ocr_line' id='line_1_66' title="bbox 2074 2265 3654 2333; baseline 0.004 -19"><span class='ocrx_word' id='word_1_521' title='bbox 2074 2277 2179 2314; x_wconf 89' lang='lat' dir='ltr'><strong><em>non</em></strong></span> <span class='ocrx_word' id='word_1_522' title='bbox 2204 2265 2421 2330; x_wconf 54' lang='lat' dir='ltr'><strong><em>movere,</em></strong></span> <span class='ocrx_word' id='word_1_523' title='bbox 2446 2273 2494 2316; x_wconf 91' lang='lat' dir='ltr'><strong><em>et</em></strong></span> <span class='ocrx_word' id='word_1_524' title='bbox 2529 2265 2767 2327; x_wconf 83' lang='lat' dir='ltr'><strong><em>reddere,</em></strong></span> <span class='ocrx_word' id='word_1_525' title='bbox 2789 2280 2944 2333; x_wconf 88' lang='lat' dir='ltr'><strong><em>quam</em></strong></span> <span class='ocrx_word' id='word_1_526' title='bbox 2978 2281 3178 2330; x_wconf 75' lang='lat' dir='ltr'><strong><em>vovere,</em></strong></span> <span class='ocrx_word' id='word_1_527' title='bbox 3215 2277 3386 2319; x_wconf 90' lang='lat' dir='ltr'><strong><em>etnon</em></strong></span> <span class='ocrx_word' id='word_1_528' title='bbox 3439 2267 3654 2320; x_wconf 88' lang='lat' dir='ltr'><strong><em>reddere</em></strong></span> 
     </span>
    </p>
   </div>
   <div class='ocr_carea' id='block_1_67' title="bbox 2075 2351 3651 2422">
    <p class='ocr_par' dir='ltr' id='par_1_67' title="bbox 2075 2351 3651 2422">
     <span class='ocr_line' id='line_1_67' title="bbox 2075 2351 3651 2422; baseline 0.004 -18"><span class='ocrx_word' id='word_1_529' title='bbox 2075 2351 2275 2422; x_wconf 82' lang='lat' dir='ltr'><strong><em>(Eccle.</em></strong></span> <span class='ocrx_word' id='word_1_530' title='bbox 2311 2368 2360 2417; x_wconf 92' lang='lat' dir='ltr'><strong><em>v,</em></strong></span> <span class='ocrx_word' id='word_1_531' title='bbox 2396 2355 2476 2422; x_wconf 68' lang='grc'><strong><em>4).</em></strong></span> <span class='ocrx_word' id='word_1_532' title='bbox 2526 2353 2884 2412; x_wconf 84' lang='lat' dir='ltr'><strong><em>Poenitentem</em></strong></span> <span class='ocrx_word' id='word_1_533' title='bbox 2919 2366 2970 2410; x_wconf 90' lang='lat' dir='ltr'><strong><em>te</em></strong></span> <span class='ocrx_word' id='word_1_534' title='bbox 2995 2356 3152 2417; x_wconf 88' lang='lat' dir='ltr'><strong><em>dicis,</em></strong></span> <span class='ocrx_word' id='word_1_535' title='bbox 3191 2365 3246 2410; x_wconf 90' lang='lat' dir='ltr'><strong><em>et</em></strong></span> <span class='ocrx_word' id='word_1_536' title='bbox 3291 2359 3473 2412; x_wconf 86' lang='lat' dir='ltr'><strong><em>carnis</em></strong></span> <span class='ocrx_word' id='word_1_537' title='bbox 3525 2359 3651 2410; x_wconf 88' lang='lat' dir='ltr'><strong><em>libi-</em></strong></span> 
     </span>
    </p>
   </div>
   <div class='ocr_carea' id='block_1_68' title="bbox 2073 2444 3646 2514">
    <p class='ocr_par' dir='ltr' id='par_1_68' title="bbox 2073 2444 3646 2514">
     <span class='ocr_line' id='line_1_68' title="bbox 2073 2444 3646 2514; baseline 0.004 -18"><span class='ocrx_word' id='word_1_538' title='bbox 2073 2445 2198 2499; x_wconf 89' lang='lat' dir='ltr'><strong><em>dine</em></strong></span> <span class='ocrx_word' id='word_1_539' title='bbox 2226 2444 2536 2499; x_wconf 87' lang='lat' dir='ltr'><strong><em>delectaris.</em></strong></span> <span class='ocrx_word' id='word_1_540' title='bbox 2573 2445 2796 2500; x_wconf 77' lang='lat' dir='ltr'><strong><em>l’eccata</em></strong></span> <span class='ocrx_word' id='word_1_541' title='bbox 2823 2455 2912 2500; x_wconf 87' lang='lat' dir='ltr'><strong><em>tua</em></strong></span> <span class='ocrx_word' id='word_1_542' title='bbox 2936 2461 3042 2500; x_wconf 91' lang='lat' dir='ltr'><strong><em>non</em></strong></span> <span class='ocrx_word' id='word_1_543' title='bbox 3064 2449 3320 2502; x_wconf 84' lang='lat' dir='ltr'><strong><em>desinunt</em></strong></span> <span class='ocrx_word' id='word_1_544' title='bbox 3341 2449 3646 2514; x_wconf 81' lang='lat' dir='ltr'><strong><em>ambulare,</em></strong></span> 
     </span>
    </p>
   </div>
   <div class='ocr_carea' id='block_1_69' title="bbox 2075 2540 3650 2612">
    <p class='ocr_par' dir='ltr' id='par_1_69' title="bbox 2075 2540 3650 2612">
     <span class='ocr_line' id='line_1_69' title="bbox 2075 2540 3650 2612; baseline 0.001 -18"><span class='ocrx_word' id='word_1_545' title='bbox 2075 2549 2130 2594; x_wconf 84' lang='lat' dir='ltr'><strong><em>et</em></strong></span> <span class='ocrx_word' id='word_1_546' title='bbox 2160 2548 2214 2612; x_wconf 87' lang='lat' dir='ltr'><strong><em>tu</em></strong></span> <span class='ocrx_word' id='word_1_547' title='bbox 2252 2540 2388 2594; x_wconf 91' lang='lat' dir='ltr'><strong><em>dicis</em></strong></span> <span class='ocrx_word' id='word_1_548' title='bbox 2445 2541 2590 2609; x_wconf 84' lang='lat' dir='ltr'><strong><em>quod</em></strong></span> <span class='ocrx_word' id='word_1_549' title='bbox 2639 2542 2887 2596; x_wconf 86' lang='lat' dir='ltr'><strong><em>sedeant.</em></strong></span> <span class='ocrx_word' id='word_1_550' title='bbox 2953 2540 3229 2595; x_wconf 75' lang='lat' dir='ltr'><strong><em>l’eccatori</em></strong></span> <span class='ocrx_word' id='word_1_551' title='bbox 3291 2552 3465 2596; x_wconf 86' lang='lat' dir='ltr'><strong><em>autem</em></strong></span> <span class='ocrx_word' id='word_1_552' title='bbox 3513 2546 3650 2596; x_wconf 73' lang='lat' dir='ltr'><strong><em>dixit</em></strong></span> 
     </span>
    </p>
   </div>
   <div class='ocr_carea' id='block_1_70' title="bbox 2073 2629 3650 2699">
    <p class='ocr_par' dir='ltr' id='par_1_70' title="bbox 2073 2629 3650 2699">
     <span class='ocr_line' id='line_1_70' title="bbox 2073 2629 3650 2699; baseline 0.001 -16"><span class='ocrx_word' id='word_1_553' title='bbox 2073 2630 2238 2697; x_wconf 89' lang='lat' dir='ltr'><strong><em>Deus,</em></strong></span> <span class='ocrx_word' id='word_1_554' title='bbox 2288 2629 2466 2694; x_wconf 82' lang='lat' dir='ltr'><strong><em>Quare</em></strong></span> <span class='ocrx_word' id='word_1_555' title='bbox 2498 2639 2554 2682; x_wconf 90' lang='lat' dir='ltr'><strong><em>tu</em></strong></span> <span class='ocrx_word' id='word_1_556' title='bbox 2609 2632 3080 2699; x_wconf 87' lang='lat' dir='ltr'><strong><em>enarrasjustitias</em></strong></span> <span class='ocrx_word' id='word_1_557' title='bbox 3126 2648 3289 2694; x_wconf 88' lang='lat' dir='ltr'><strong><em>meas,</em></strong></span> <span class='ocrx_word' id='word_1_558' title='bbox 3343 2642 3390 2684; x_wconf 90' lang='lat' dir='ltr'><strong><em>et</em></strong></span> <span class='ocrx_word' id='word_1_559' title='bbox 3426 2635 3650 2685; x_wconf 81' lang='lat' dir='ltr'><strong><em>assumis</em></strong></span> 
     </span>
    </p>
   </div>
   <div class='ocr_carea' id='block_1_71' title="bbox 2075 2721 3651 2790">
    <p class='ocr_par' dir='ltr' id='par_1_71' title="bbox 2075 2721 3651 2790">
     <span class='ocr_line' id='line_1_71' title="bbox 2075 2721 3651 2790; baseline 0.001 -14"><span class='ocrx_word' id='word_1_560' title='bbox 2075 2721 2459 2776; x_wconf 82' lang='lat' dir='ltr'><strong><em>Testamentum</em></strong></span> <span class='ocrx_word' id='word_1_561' title='bbox 2488 2737 2654 2774; x_wconf 90' lang='lat' dir='ltr'><strong><em>meum</em></strong></span> <span class='ocrx_word' id='word_1_562' title='bbox 2703 2737 2860 2790; x_wconf 85' lang='lat' dir='ltr'><strong><em>super</em></strong></span> <span class='ocrx_word' id='word_1_563' title='bbox 2891 2739 2949 2775; x_wconf 92' lang='lat' dir='ltr'><strong><em>os</em></strong></span> <span class='ocrx_word' id='word_1_564' title='bbox 3000 2733 3142 2775; x_wconf 88' lang='lat' dir='ltr'><strong><em>tuum</em></strong></span> <span class='ocrx_word' id='word_1_565' title='bbox 3167 2724 3192 2776; x_wconf 82' lang='lat'><strong><em>?</em></strong></span> <span class='ocrx_word' id='word_1_566' title='bbox 3219 2727 3292 2776; x_wconf 89' lang='lat' dir='ltr'><strong><em>Tu</em></strong></span> <span class='ocrx_word' id='word_1_567' title='bbox 3322 2739 3438 2776; x_wconf 89' lang='lat' dir='ltr'><strong><em>vero</em></strong></span> <span class='ocrx_word' id='word_1_568' title='bbox 3488 2725 3651 2777; x_wconf 89' lang='lat' dir='ltr'><strong><em>odisti</em></strong></span> 
     </span>
    </p>
   </div>
   <div class='ocr_carea' id='block_1_72' title="bbox 2073 2816 3644 2886">
    <p class='ocr_par' dir='ltr' id='par_1_72' title="bbox 2073 2816 3644 2886">
     <span class='ocr_line' id='line_1_72' title="bbox 2073 2816 3644 2886; baseline 0.001 -17"><span class='ocrx_word' id='word_1_569' title='bbox 2073 2816 2430 2886; x_wconf 85' lang='lat' dir='ltr'><strong><em>disciplinam,</em></strong></span> <span class='ocrx_word' id='word_1_570' title='bbox 2455 2825 2505 2868; x_wconf 92' lang='lat' dir='ltr'><strong><em>et</em></strong></span> <span class='ocrx_word' id='word_1_571' title='bbox 2536 2817 2804 2885; x_wconf 84' lang='lat' dir='ltr'><strong><em>projecisti</em></strong></span> <span class='ocrx_word' id='word_1_572' title='bbox 2838 2832 3097 2870; x_wconf 88' lang='lat' dir='ltr'><strong><em>sermones</em></strong></span> <span class='ocrx_word' id='word_1_573' title='bbox 3143 2835 3280 2872; x_wconf 89' lang='lat' dir='ltr'><strong><em>meos</em></strong></span> <span class='ocrx_word' id='word_1_574' title='bbox 3336 2829 3644 2876; x_wconf 86' lang='lat' dir='ltr'><strong><em>retrorsum.</em></strong></span> 
     </span>
    </p>
   </div>
   <div class='ocr_carea' id='block_1_73' title="bbox 2076 2905 3650 2974">
    <p class='ocr_par' dir='ltr' id='par_1_73' title="bbox 2076 2905 3650 2974">
     <span class='ocr_line' id='line_1_73' title="bbox 2076 2905 3650 2974; baseline 0.001 -14"><span class='ocrx_word' id='word_1_575' title='bbox 2076 2909 2139 2961; x_wconf 84' lang='lat' dir='ltr'><strong><em>Si</em></strong></span> <span class='ocrx_word' id='word_1_576' title='bbox 2164 2906 2375 2960; x_wconf 85' lang='lat' dir='ltr'><strong><em>videbas</em></strong></span> <span class='ocrx_word' id='word_1_577' title='bbox 2411 2905 2604 2974; x_wconf 84' lang='lat' dir='ltr'><strong><em>furem,</em></strong></span> <span class='ocrx_word' id='word_1_578' title='bbox 2644 2906 2886 2958; x_wconf 88' lang='lat' dir='ltr'><strong><em>currebas</em></strong></span> <span class='ocrx_word' id='word_1_579' title='bbox 2909 2923 3026 2959; x_wconf 88' lang='lat' dir='ltr'><strong><em>cum</em></strong></span> <span class='ocrx_word' id='word_1_580' title='bbox 3049 2924 3107 2960; x_wconf 90' lang='lat' dir='ltr'><strong><em>eo</em></strong></span> <span class='ocrx_word' id='word_1_581' title='bbox 3141 2923 3160 2962; x_wconf 90' lang='lat'><strong><em>:</em></strong></span> <span class='ocrx_word' id='word_1_582' title='bbox 3190 2918 3238 2962; x_wconf 93' lang='lat' dir='ltr'><strong><em>et</em></strong></span> <span class='ocrx_word' id='word_1_583' title='bbox 3289 2924 3407 2961; x_wconf 86' lang='lat' dir='ltr'><strong><em>cum</em></strong></span> <span class='ocrx_word' id='word_1_584' title='bbox 3440 2909 3650 2962; x_wconf 87' lang='lat' dir='ltr'><strong><em>adulte-</em></strong></span> 
     </span>
    </p>
   </div>
   <div class='ocr_carea' id='block_1_74' title="bbox 2076 2985 3649 3068">
    <p class='ocr_par' dir='ltr' id='par_1_74' title="bbox 2076 2985 3649 3068">
     <span class='ocr_line' id='line_1_74' title="bbox 2076 2985 3649 3068; baseline -0.001 -15"><span class='ocrx_word' id='word_1_585' title='bbox 2076 3003 2150 3055; x_wconf 88' lang='lat' dir='ltr'><strong><em>ris</em></strong></span> <span class='ocrx_word' id='word_1_586' title='bbox 2181 2985 2472 3066; x_wconf 77' lang='lat' dir='ltr'><strong><em>portionem</em></strong></span> <span class='ocrx_word' id='word_1_587' title='bbox 2503 3010 2645 3054; x_wconf 89' lang='lat' dir='ltr'><strong><em>tuam</em></strong></span> <span class='ocrx_word' id='word_1_588' title='bbox 2675 3000 2923 3068; x_wconf 79' lang='lat' dir='ltr'><strong><em>ponebas.</em></strong></span> <span class='ocrx_word' id='word_1_589' title='bbox 2953 3001 3025 3053; x_wconf 90' lang='lat' dir='ltr'><strong><em>0s</em></strong></span> <span class='ocrx_word' id='word_1_590' title='bbox 3056 3009 3202 3052; x_wconf 87' lang='lat' dir='ltr'><strong><em>tuum</em></strong></span> <span class='ocrx_word' id='word_1_591' title='bbox 3245 3001 3526 3053; x_wconf 85' lang='lat' dir='ltr'><strong><em>abundavit</em></strong></span> <span class='ocrx_word' id='word_1_592' title='bbox 3559 3017 3649 3053; x_wconf 88' lang='lat' dir='ltr'><strong><em>ne-</em></strong></span> 
     </span>
    </p>
   </div>
   <div class='ocr_carea' id='block_1_75' title="bbox 2077 3091 3648 3160">
    <p class='ocr_par' dir='ltr' id='par_1_75' title="bbox 2077 3091 3648 3160">
     <span class='ocr_line' id='line_1_75' title="bbox 2077 3091 3648 3160; baseline 0.001 -17"><span class='ocrx_word' id='word_1_593' title='bbox 2077 3093 2266 3160; x_wconf 80' lang='lat' dir='ltr'><strong><em>quitia,</em></strong></span> <span class='ocrx_word' id='word_1_594' title='bbox 2290 3100 2338 3144; x_wconf 92' lang='lat' dir='ltr'><strong><em>et</em></strong></span> <span class='ocrx_word' id='word_1_595' title='bbox 2366 3091 2546 3160; x_wconf 81' lang='lat' dir='ltr'><strong><em>lingua</em></strong></span> <span class='ocrx_word' id='word_1_596' title='bbox 2574 3100 2664 3144; x_wconf 87' lang='lat' dir='ltr'><strong><em>tua</em></strong></span> <span class='ocrx_word' id='word_1_597' title='bbox 2715 3091 3058 3143; x_wconf 89' lang='lat' dir='ltr'><strong><em>concinnabat</em></strong></span> <span class='ocrx_word' id='word_1_598' title='bbox 3101 3091 3266 3144; x_wconf 83' lang='lat' dir='ltr'><strong><em>dolos.</em></strong></span> <span class='ocrx_word' id='word_1_599' title='bbox 3303 3091 3498 3145; x_wconf 84' lang='lat' dir='ltr'><strong><em>Sedens</em></strong></span> <span class='ocrx_word' id='word_1_600' title='bbox 3551 3092 3648 3144; x_wconf 83' lang='lat' dir='ltr'><strong><em>ad-</em></strong></span> 
     </span>
    </p>
   </div>
   <div class='ocr_carea' id='block_1_76' title="bbox 2076 3182 3646 3251">
    <p class='ocr_par' dir='ltr' id='par_1_76' title="bbox 2076 3182 3646 3251">
     <span class='ocr_line' id='line_1_76' title="bbox 2076 3182 3646 3251; baseline -0.001 -13"><span class='ocrx_word' id='word_1_601' title='bbox 2076 3199 2252 3238; x_wconf 86' lang='lat' dir='ltr'><strong><em>versus</em></strong></span> <span class='ocrx_word' id='word_1_602' title='bbox 2283 3184 2502 3251; x_wconf 81' lang='lat' dir='ltr'><strong><em>fratrem</em></strong></span> <span class='ocrx_word' id='word_1_603' title='bbox 2533 3195 2681 3236; x_wconf 88' lang='lat' dir='ltr'><strong><em>tuum</em></strong></span> <span class='ocrx_word' id='word_1_604' title='bbox 2722 3182 3032 3236; x_wconf 82' lang='lat' dir='ltr'><strong><em>detrahebas</em></strong></span> <span class='ocrx_word' id='word_1_605' title='bbox 3067 3199 3087 3236; x_wconf 91' lang='lat'><strong><em>:</em></strong></span> <span class='ocrx_word' id='word_1_606' title='bbox 3124 3195 3171 3236; x_wconf 89' lang='lat' dir='ltr'><strong><em>et</em></strong></span> <span class='ocrx_word' id='word_1_607' title='bbox 3200 3187 3448 3237; x_wconf 80' lang='lat' dir='ltr'><strong><em>adversus</em></strong></span> <span class='ocrx_word' id='word_1_608' title='bbox 3469 3183 3646 3251; x_wconf 71' lang='lat' dir='ltr'><strong><em>filium</em></strong></span> 
     </span>
    </p>
   </div>
   <div class='ocr_carea' id='block_1_77' title="bbox 2075 3274 3652 3344">
    <p class='ocr_par' dir='ltr' id='par_1_77' title="bbox 2075 3274 3652 3344">
     <span class='ocr_line' id='line_1_77' title="bbox 2075 3274 3652 3344; baseline 0.003 -18"><span class='ocrx_word' id='word_1_609' title='bbox 2075 3276 2263 3327; x_wconf 84' lang='lat' dir='ltr'><strong><em>matris</em></strong></span> <span class='ocrx_word' id='word_1_610' title='bbox 2293 3287 2398 3328; x_wconf 77' lang='lat' dir='ltr'><strong><em>tute</em></strong></span> <span class='ocrx_word' id='word_1_611' title='bbox 2428 3277 2652 3341; x_wconf 81' lang='lat' dir='ltr'><strong><em>ponebas</em></strong></span> <span class='ocrx_word' id='word_1_612' title='bbox 2700 3276 3032 3329; x_wconf 84' lang='lat' dir='ltr'><strong><em>scandalum.</em></strong></span> <span class='ocrx_word' id='word_1_613' title='bbox 3075 3274 3200 3328; x_wconf 77' lang='lat' dir='ltr'><strong><em>Iltec</em></strong></span> <span class='ocrx_word' id='word_1_614' title='bbox 3235 3276 3426 3344; x_wconf 82' lang='lat' dir='ltr'><strong><em>fecisti,</em></strong></span> <span class='ocrx_word' id='word_1_615' title='bbox 3459 3286 3508 3330; x_wconf 89' lang='lat' dir='ltr'><strong><em>et</em></strong></span> <span class='ocrx_word' id='word_1_616' title='bbox 3563 3288 3652 3331; x_wconf 86' lang='lat' dir='ltr'><strong><em>ta-</em></strong></span> 
     </span>
    </p>
   </div>
   <div class='ocr_carea' id='block_1_78' title="bbox 2076 3365 3646 3438">
    <p class='ocr_par' dir='ltr' id='par_1_78' title="bbox 2076 3365 3646 3438">
     <span class='ocr_line' id='line_1_78' title="bbox 2076 3365 3646 3438; baseline 0.003 -21"><span class='ocrx_word' id='word_1_617' title='bbox 2076 3381 2179 3418; x_wconf 82' lang='lat' dir='ltr'><strong><em>cut.</em></strong></span> <span class='ocrx_word' id='word_1_618' title='bbox 2213 3365 2556 3420; x_wconf 71' lang='lat' dir='ltr'><strong><em>Existimasti</em></strong></span> <span class='ocrx_word' id='word_1_619' title='bbox 2588 3368 2764 3436; x_wconf 89' lang='lat' dir='ltr'><strong><em>inique</em></strong></span> <span class='ocrx_word' id='word_1_620' title='bbox 2797 3368 2932 3433; x_wconf 88' lang='lat' dir='ltr'><strong><em>quod</em></strong></span> <span class='ocrx_word' id='word_1_621' title='bbox 2955 3383 3042 3420; x_wconf 88' lang='lat' dir='ltr'><strong><em>ero</em></strong></span> <span class='ocrx_word' id='word_1_622' title='bbox 3067 3371 3144 3420; x_wconf 86' lang='lat' dir='ltr'><strong><em>tui</em></strong></span> <span class='ocrx_word' id='word_1_623' title='bbox 3167 3369 3356 3422; x_wconf 86' lang='lat' dir='ltr'><strong><em>similis</em></strong></span> <span class='ocrx_word' id='word_1_624' title='bbox 3378 3385 3398 3423; x_wconf 88' lang='lat'><strong><em>:</em></strong></span> <span class='ocrx_word' id='word_1_625' title='bbox 3426 3386 3646 3438; x_wconf 85' lang='lat' dir='ltr'><strong><em>arguam</em></strong></span> 
     </span>
    </p>
   </div>
   <div class='ocr_carea' id='block_1_79' title="bbox 2077 3457 3647 3531">
    <p class='ocr_par' dir='ltr' id='par_1_79' title="bbox 2077 3457 3647 3531">
     <span class='ocr_line' id='line_1_79' title="bbox 2077 3457 3647 3531; baseline 0.004 -24"><span class='ocrx_word' id='word_1_626' title='bbox 2077 3464 2123 3509; x_wconf 87' lang='lat' dir='ltr'><strong><em>te</em></strong></span> <span class='ocrx_word' id='word_1_627' title='bbox 2146 3466 2194 3510; x_wconf 91' lang='lat' dir='ltr'><strong><em>et</em></strong></span> <span class='ocrx_word' id='word_1_628' title='bbox 2221 3467 2452 3509; x_wconf 88' lang='lat' dir='ltr'><strong><em>statuam</em></strong></span> <span class='ocrx_word' id='word_1_629' title='bbox 2481 3467 2663 3510; x_wconf 90' lang='lat' dir='ltr'><strong><em>contra</em></strong></span> <span class='ocrx_word' id='word_1_630' title='bbox 2689 3458 2879 3526; x_wconf 85' lang='lat' dir='ltr'><strong><em>faciem</em></strong></span> <span class='ocrx_word' id='word_1_631' title='bbox 2901 3469 3064 3512; x_wconf 88' lang='lat' dir='ltr'><strong><em>tuam.</em></strong></span> <span class='ocrx_word' id='word_1_632' title='bbox 3089 3457 3370 3526; x_wconf 83' lang='lat' dir='ltr'><strong><em>Intelligite</em></strong></span> <span class='ocrx_word' id='word_1_633' title='bbox 3391 3462 3522 3527; x_wconf 78' lang='lat' dir='ltr'><strong><em>litec,</em></strong></span> <span class='ocrx_word' id='word_1_634' title='bbox 3552 3461 3647 3531; x_wconf 82' lang='lat' dir='ltr'><strong><em>qui</em></strong></span> 
     </span>
    </p>
   </div>
   <div class='ocr_carea' id='block_1_80' title="bbox 2077 3548 3649 3620">
    <p class='ocr_par' dir='ltr' id='par_1_80' title="bbox 2077 3548 3649 3620">
     <span class='ocr_line' id='line_1_80' title="bbox 2077 3548 3649 3620; baseline 0.003 -21"><span class='ocrx_word' id='word_1_635' title='bbox 2077 3548 2450 3602; x_wconf 87' lang='lat' dir='ltr'><strong><em>obliviscimini</em></strong></span> <span class='ocrx_word' id='word_1_636' title='bbox 2475 3549 2756 3602; x_wconf 85' lang='lat' dir='ltr'><strong><em>Dominum</em></strong></span> <span class='ocrx_word' id='word_1_637' title='bbox 2792 3565 2805 3603; x_wconf 86' lang='lat'><strong>:</strong></span> <span class='ocrx_word' id='word_1_638' title='bbox 2831 3553 3108 3617; x_wconf 89' lang='lat' dir='ltr'><strong><em>nequando</em></strong></span> <span class='ocrx_word' id='word_1_639' title='bbox 3141 3555 3340 3620; x_wconf 82' lang='lat' dir='ltr'><strong><em>rapiat,</em></strong></span> <span class='ocrx_word' id='word_1_640' title='bbox 3367 3565 3414 3604; x_wconf 93' lang='lat' dir='ltr'><strong><em>et</em></strong></span> <span class='ocrx_word' id='word_1_641' title='bbox 3443 3571 3546 3606; x_wconf 91' lang='lat' dir='ltr'><strong><em>non</em></strong></span> <span class='ocrx_word' id='word_1_642' title='bbox 3579 3555 3649 3607; x_wconf 85' lang='lat' dir='ltr'><strong><em>sit</em></strong></span> 
     </span>
    </p>
   </div>
   <div class='ocr_carea' id='block_1_81' title="bbox 2075 3641 3651 3712">
    <p class='ocr_par' dir='ltr' id='par_1_81' title="bbox 2075 3641 3651 3712">
     <span class='ocr_line' id='line_1_81' title="bbox 2075 3641 3651 3712; baseline 0.004 -19"><span class='ocrx_word' id='word_1_643' title='bbox 2075 3643 2167 3709; x_wconf 91' lang='lat' dir='ltr'><strong><em>qui</em></strong></span> <span class='ocrx_word' id='word_1_644' title='bbox 2188 3644 2400 3711; x_wconf 84' lang='lat' dir='ltr'><strong><em>eripiat.</em></strong></span> <span class='ocrx_word' id='word_1_645' title='bbox 2451 3641 2786 3710; x_wconf 84' lang='lat' dir='ltr'><strong><em>Sacrificium</em></strong></span> <span class='ocrx_word' id='word_1_646' title='bbox 2823 3643 2998 3695; x_wconf 85' lang='lat' dir='ltr'><strong><em>laudis</em></strong></span> <span class='ocrx_word' id='word_1_647' title='bbox 3038 3644 3401 3712; x_wconf 77' lang='lat' dir='ltr'><strong><em>honoriﬁcabit</em></strong></span> <span class='ocrx_word' id='word_1_648' title='bbox 3462 3663 3564 3711; x_wconf 88' lang='lat' dir='ltr'><strong><em>me,</em></strong></span> <span class='ocrx_word' id='word_1_649' title='bbox 3598 3655 3651 3700; x_wconf 80' lang='lat' dir='ltr'><strong><em>et</em></strong></span> 
     </span>
    </p>
   </div>
   <div class='ocr_carea' id='block_1_82' title="bbox 2076 3722 3649 3810">
    <p class='ocr_par' dir='ltr' id='par_1_82' title="bbox 2076 3722 3649 3810">
     <span class='ocr_line' id='line_1_82' title="bbox 2076 3722 3649 3810; baseline 0.003 -21"><span class='ocrx_word' id='word_1_650' title='bbox 2076 3735 2188 3789; x_wconf 88' lang='lat' dir='ltr'><strong><em>illic</em></strong></span> <span class='ocrx_word' id='word_1_651' title='bbox 2215 3748 2288 3789; x_wconf 89' lang='lat' dir='ltr'><strong><em>est</em></strong></span> <span class='ocrx_word' id='word_1_652' title='bbox 2317 3737 2417 3789; x_wconf 89' lang='lat' dir='ltr'><strong><em>iter</em></strong></span> <span class='ocrx_word' id='word_1_653' title='bbox 2441 3753 2542 3807; x_wconf 87' lang='lat' dir='ltr'><strong><em>quo</em></strong></span> <span class='ocrx_word' id='word_1_654' title='bbox 2578 3737 2848 3790; x_wconf 89' lang='lat' dir='ltr'><strong><em>ostendam</em></strong></span> <span class='ocrx_word' id='word_1_655' title='bbox 2897 3739 2945 3791; x_wconf 92' lang='lat' dir='ltr'><strong><em>ei</em></strong></span> <span class='ocrx_word' id='word_1_656' title='bbox 2983 3737 3219 3792; x_wconf 84' lang='lat' dir='ltr'><strong><em>salutare</em></strong></span> <span class='ocrx_word' id='word_1_657' title='bbox 3265 3722 3436 3793; x_wconf 62' lang='lat' dir='ltr'><strong><em>meum</em></strong></span> <span class='ocrx_word' id='word_1_658' title='bbox 3471 3739 3649 3810; x_wconf 87' lang='lat' dir='ltr'><strong><em>(Psal.</em></strong></span> 
     </span>
    </p>
   </div>
   <div class='ocr_carea' id='block_1_83' title="bbox 2077 3827 2520 3897">
    <p class='ocr_par' dir='ltr' id='par_1_83' title="bbox 2077 3827 2520 3897">
     <span class='ocr_line' id='line_1_83' title="bbox 2077 3827 2520 3897; baseline 0.002 -17"><span class='ocrx_word' id='word_1_659' title='bbox 2077 3842 2224 3891; x_wconf 78' lang='grc' dir='ltr'><em>χιιχ,</em></span> <span class='ocrx_word' id='word_1_660' title='bbox 2257 3827 2322 3883; x_wconf 77' lang='grc'><strong><em>16</em></strong></span> <span class='ocrx_word' id='word_1_661' title='bbox 2355 3833 2520 3897; x_wconf 87' lang='lat' dir='ltr'><strong><em>seq.).</em></strong></span> 
     </span>
    </p>
   </div>
   <div class='ocr_carea' id='block_1_84' title="bbox 2150 3916 3652 3987">
    <p class='ocr_par' dir='ltr' id='par_1_84' title="bbox 2150 3916 3652 3987">
     <span class='ocr_line' id='line_1_84' title="bbox 2150 3916 3652 3987; baseline 0.003 -18"><span class='ocrx_word' id='word_1_662' title='bbox 2150 3916 2239 3971; x_wconf 80' lang='lat' dir='ltr'><strong><em>Vl.</em></strong></span> <span class='ocrx_word' id='word_1_663' title='bbox 2271 3919 2414 3972; x_wconf 87' lang='lat' dir='ltr'><strong><em>Ecce</em></strong></span> <span class='ocrx_word' id='word_1_664' title='bbox 2444 3919 2623 3987; x_wconf 84' lang='lat' dir='ltr'><strong><em>qualis</em></strong></span> <span class='ocrx_word' id='word_1_665' title='bbox 2651 3918 3004 3974; x_wconf 87' lang='lat' dir='ltr'><strong><em>comminatio</em></strong></span> <span class='ocrx_word' id='word_1_666' title='bbox 3032 3918 3246 3975; x_wconf 89' lang='lat' dir='ltr'><strong><em>Domini</em></strong></span> <span class='ocrx_word' id='word_1_667' title='bbox 3279 3919 3331 3973; x_wconf 91' lang='lat' dir='ltr'><strong><em>in</em></strong></span> <span class='ocrx_word' id='word_1_668' title='bbox 3376 3921 3652 3975; x_wconf 87' lang='lat' dir='ltr'><strong><em>hominem</em></strong></span> 
     </span>
    </p>
   </div>
   <div class='ocr_carea' id='block_1_85' title="bbox 2078 4009 3652 4092">
    <p class='ocr_par' dir='ltr' id='par_1_85' title="bbox 2078 4009 3652 4092">
     <span class='ocr_line' id='line_1_85' title="bbox 2078 4009 3652 4092; baseline 0.002 -26"><span class='ocrx_word' id='word_1_669' title='bbox 2078 4021 2440 4079; x_wconf 85' lang='lat' dir='ltr'><strong><em>peccatorem.</em></strong></span> <span class='ocrx_word' id='word_1_670' title='bbox 2469 4009 2548 4064; x_wconf 89' lang='lat' dir='ltr'><strong><em>Tu</em></strong></span> <span class='ocrx_word' id='word_1_671' title='bbox 2581 4012 2671 4079; x_wconf 86' lang='lat' dir='ltr'><strong><em>qui</em></strong></span> <span class='ocrx_word' id='word_1_672' title='bbox 2707 4012 2866 4077; x_wconf 85' lang='lat' dir='ltr'><strong><em>dicis,</em></strong></span> <span class='ocrx_word' id='word_1_673' title='bbox 2909 4013 3000 4080; x_wconf 89' lang='lat' dir='ltr'><strong><em>qui</em></strong></span> <span class='ocrx_word' id='word_1_674' title='bbox 3033 4016 3233 4092; x_wconf 63' lang='lat' dir='ltr'><strong><em>asseris</em></strong></span> <span class='ocrx_word' id='word_1_675' title='bbox 3266 4025 3315 4066; x_wconf 89' lang='lat' dir='ltr'><strong><em>te</em></strong></span> <span class='ocrx_word' id='word_1_676' title='bbox 3338 4015 3604 4081; x_wconf 71' lang='lat' dir='ltr'><strong><em>paenitere</em></strong></span> <span class='ocrx_word' id='word_1_677' title='bbox 3629 4029 3652 4071; x_wconf 72' lang='grc' dir='ltr'>ς</span> 
     </span>
    </p>
   </div>
   <div class='ocr_carea' id='block_1_86' title="bbox 2077 4101 3652 4172">
    <p class='ocr_par' dir='ltr' id='par_1_86' title="bbox 2077 4101 3652 4172">
     <span class='ocr_line' id='line_1_86' title="bbox 2077 4101 3652 4172; baseline 0.001 -18"><span class='ocrx_word' id='word_1_678' title='bbox 2077 4102 2166 4156; x_wconf 86' lang='lat' dir='ltr'><strong><em>ubi</em></strong></span> <span class='ocrx_word' id='word_1_679' title='bbox 2194 4109 2280 4155; x_wconf 87' lang='lat' dir='ltr'><strong><em>est</em></strong></span> <span class='ocrx_word' id='word_1_680' title='bbox 2311 4102 2623 4168; x_wconf 76' lang='lat' dir='ltr'><strong><em>paenitentia</em></strong></span> <span class='ocrx_word' id='word_1_681' title='bbox 2654 4107 2746 4153; x_wconf 89' lang='lat' dir='ltr'><strong><em>tua</em></strong></span> <span class='ocrx_word' id='word_1_682' title='bbox 2777 4101 2801 4152; x_wconf 87' lang='lat'><strong>?</strong></span> <span class='ocrx_word' id='word_1_683' title='bbox 2828 4101 3057 4155; x_wconf 81' lang='lat' dir='ltr'><strong><em>Exclusa</em></strong></span> <span class='ocrx_word' id='word_1_684' title='bbox 3087 4109 3170 4154; x_wconf 84' lang='lat' dir='ltr'><strong><em>est</em></strong></span> <span class='ocrx_word' id='word_1_685' title='bbox 3214 4117 3312 4170; x_wconf 89' lang='lat' dir='ltr'><strong><em>per</em></strong></span> <span class='ocrx_word' id='word_1_686' title='bbox 3338 4104 3652 4172; x_wconf 77' lang='lat' dir='ltr'><strong><em>superbiam</em></strong></span> 
     </span>
    </p>
   </div>
   <div class='ocr_carea' id='block_1_87' title="bbox 2076 4191 3652 4262">
    <p class='ocr_par' dir='ltr' id='par_1_87' title="bbox 2076 4191 3652 4262">
     <span class='ocr_line' id='line_1_87' title="bbox 2076 4191 3652 4262; baseline 0.001 -16"><span class='ocrx_word' id='word_1_687' title='bbox 2076 4201 2132 4246; x_wconf 87' lang='lat' dir='ltr'><strong><em>et</em></strong></span> <span class='ocrx_word' id='word_1_688' title='bbox 2159 4201 2522 4262; x_wconf 88' lang='lat' dir='ltr'><strong><em>contemptmn</em></strong></span> <span class='ocrx_word' id='word_1_689' title='bbox 2556 4193 2741 4262; x_wconf 86' lang='lat' dir='ltr'><strong><em>:sequi</em></strong></span> <span class='ocrx_word' id='word_1_690' title='bbox 2796 4191 3424 4261; x_wconf 68' lang='lat' dir='ltr'><strong><em>Deum&#39;praetermisisti.</em></strong></span> <span class='ocrx_word' id='word_1_691' title='bbox 3483 4195 3652 4261; x_wconf 79' lang='lat' dir='ltr'><strong><em>Audi,</em></strong></span> 
     </span>
    </p>
   </div>
   <div class='ocr_carea' id='block_1_88' title="bbox 2079 4286 3657 4354">
    <p class='ocr_par' dir='ltr' id='par_1_88' title="bbox 2079 4286 3657 4354">
     <span class='ocr_line' id='line_1_88' title="bbox 2079 4286 3657 4354; baseline 0.001 -14"><span class='ocrx_word' id='word_1_692' title='bbox 2079 4287 2181 4354; x_wconf 81' lang='lat' dir='ltr'><strong><em>illi,</em></strong></span> <span class='ocrx_word' id='word_1_693' title='bbox 2219 4297 2272 4341; x_wconf 91' lang='lat' dir='ltr'><strong><em>et</em></strong></span> <span class='ocrx_word' id='word_1_694' title='bbox 2301 4286 2514 4340; x_wconf 87' lang='lat' dir='ltr'><strong><em>retrahe</em></strong></span> <span class='ocrx_word' id='word_1_695' title='bbox 2533 4287 2722 4354; x_wconf 87' lang='lat' dir='ltr'><strong><em>pedem</em></strong></span> <span class='ocrx_word' id='word_1_696' title='bbox 2748 4295 2895 4340; x_wconf 88' lang='lat' dir='ltr'><strong><em>tuum</em></strong></span> <span class='ocrx_word' id='word_1_697' title='bbox 2917 4290 2980 4340; x_wconf 88' lang='lat' dir='ltr'><strong><em>de</em></strong></span> <span class='ocrx_word' id='word_1_698' title='bbox 3003 4288 3220 4352; x_wconf 76' lang='lat' dir='ltr'><strong><em>szeculo,</em></strong></span> <span class='ocrx_word' id='word_1_699' title='bbox 3255 4287 3338 4341; x_wconf 87' lang='lat' dir='ltr'><strong><em>cui</em></strong></span> <span class='ocrx_word' id='word_1_700' title='bbox 3375 4291 3657 4342; x_wconf 88' lang='lat' dir='ltr'><strong><em>renuntia-</em></strong></span> 
     </span>
    </p>
   </div>
   <div class='ocr_carea' id='block_1_89' title="bbox 2079 4376 3658 4448">
    <p class='ocr_par' dir='ltr' id='par_1_89' title="bbox 2079 4376 3658 4448">
     <span class='ocr_line' id='line_1_89' title="bbox 2079 4376 3658 4448; baseline -0.001 -16"><span class='ocrx_word' id='word_1_701' title='bbox 2079 4377 2172 4432; x_wconf 86' lang='lat' dir='ltr'><strong><em>sti.</em></strong></span> <span class='ocrx_word' id='word_1_702' title='bbox 2207 4376 2480 4430; x_wconf 73' lang='lat' dir='ltr'><strong><em>Ptenitere</em></strong></span> <span class='ocrx_word' id='word_1_703' title='bbox 2503 4392 2634 4444; x_wconf 72' lang='lat' dir='ltr'><strong><em>ergo</em></strong></span> <span class='ocrx_word' id='word_1_704' title='bbox 2661 4377 2728 4431; x_wconf 88' lang='lat' dir='ltr'><strong><em>de</em></strong></span> <span class='ocrx_word' id='word_1_705' title='bbox 2763 4378 2908 4430; x_wconf 89' lang='lat' dir='ltr'><strong><em>omni</em></strong></span> <span class='ocrx_word' id='word_1_706' title='bbox 2942 4391 3135 4446; x_wconf 85' lang='lat' dir='ltr'><strong><em>pompa</em></strong></span> <span class='ocrx_word' id='word_1_707' title='bbox 3187 4379 3515 4448; x_wconf 79' lang='lat' dir='ltr'><strong><em>iniquitatis.</em></strong></span> <span class='ocrx_word' id='word_1_708' title='bbox 3539 4382 3658 4448; x_wconf 80' lang='lat' dir='ltr'><strong><em>Ap—</em></strong></span> 
     </span>
    </p>
   </div>
   <div class='ocr_carea' id='block_1_90' title="bbox 405 4443 3663 4543">
    <p class='ocr_par' dir='ltr' id='par_1_90' title="bbox 405 4443 3663 4543">
     <span class='ocr_line' id='line_1_90' title="bbox 405 4443 3663 4543; baseline 0.003 -29"><span class='ocrx_word' id='word_1_709' title='bbox 405 4443 714 4511; x_wconf 66' lang='grc' dir='ltr'><strong><em>υθηιίηυιην</em></strong></span> <span class='ocrx_word' id='word_1_710' title='bbox 739 4457 793 4502; x_wconf 72' lang='grc' dir='ltr'><em>ει</em></span> <span class='ocrx_word' id='word_1_711' title='bbox 825 4450 1016 4520; x_wconf 73' lang='grc' dir='ltr'><strong><em>Ρ¹²¹¹¹εθ</em></strong></span> <span class='ocrx_word' id='word_1_712' title='bbox 1051 4454 1278 4516; x_wconf 69' lang='grc' dir='ltr'><strong><em>(Ποθῐιάο</em></strong></span> <span class='ocrx_word' id='word_1_713' title='bbox 1308 4475 1324 4514; x_wconf 91' lang='lat'><strong>:</strong></span> <span class='ocrx_word' id='word_1_714' title='bbox 1365 4459 1483 4513; x_wconf 88' lang='lat' dir='ltr'><strong><em>Tibi</em></strong></span> <span class='ocrx_word' id='word_1_715' title='bbox 1518 4463 1621 4517; x_wconf 90' lang='lat' dir='ltr'><strong><em>soli</em></strong></span> <span class='ocrx_word' id='word_1_716' title='bbox 1663 4471 1891 4537; x_wconf 79' lang='lat' dir='ltr'><strong><em>peccavi,</em></strong></span> <span class='ocrx_word' id='word_1_717' title='bbox 1927 4482 1978 4525; x_wconf 86' lang='lat' dir='ltr'><strong><em>et</em></strong></span> <span class='ocrx_word' id='word_1_718' title='bbox 2007 4483 2058 4543; x_wconf 74' lang='grc' dir='ltr'><em>ι)</em></span> <span class='ocrx_word' id='word_1_719' title='bbox 2085 4468 2355 4538; x_wconf 87' lang='lat' dir='ltr'><strong><em>prehende</em></strong></span> <span class='ocrx_word' id='word_1_720' title='bbox 2378 4470 2535 4522; x_wconf 80' lang='lat' dir='ltr'><strong><em>ﬁdem</em></strong></span> <span class='ocrx_word' id='word_1_721' title='bbox 2570 4443 2729 4537; x_wconf 86' lang='lat' dir='ltr'><strong><em>quam</em></strong></span> <span class='ocrx_word' id='word_1_722' title='bbox 2762 4481 2888 4521; x_wconf 88' lang='lat' dir='ltr'><strong><em>ante</em></strong></span> <span class='ocrx_word' id='word_1_723' title='bbox 2928 4443 3265 4537; x_wconf 75' lang='lat' dir='ltr'><strong><em>perdideras,</em></strong></span> <span class='ocrx_word' id='word_1_724' title='bbox 3290 4443 3349 4522; x_wconf 75' lang='lat' dir='ltr'><strong><em>ut</em></strong></span> <span class='ocrx_word' id='word_1_725' title='bbox 3380 4443 3663 4524; x_wconf 76' lang='lat' dir='ltr'><strong><em>consenii-</em></strong></span> 
     </span>
    </p>
   </div>
   <div class='ocr_carea' id='block_1_91' title="bbox 405 4541 1972 4626">
    <p class='ocr_par' dir='ltr' id='par_1_91' title="bbox 405 4541 1972 4626">
     <span class='ocr_line' id='line_1_91' title="bbox 405 4541 1972 4626; baseline 0.02 -42"><span class='ocrx_word' id='word_1_726' title='bbox 405 4541 601 4586; x_wconf 86' lang='lat' dir='ltr'><strong><em>malum</em></strong></span> <span class='ocrx_word' id='word_1_727' title='bbox 628 4553 805 4592; x_wconf 90' lang='lat' dir='ltr'><strong><em>coram</em></strong></span> <span class='ocrx_word' id='word_1_728' title='bbox 845 4551 892 4594; x_wconf 91' lang='lat' dir='ltr'><strong><em>te</em></strong></span> <span class='ocrx_word' id='word_1_729' title='bbox 934 4542 1036 4610; x_wconf 87' lang='lat' dir='ltr'><strong><em>feci</em></strong></span> <span class='ocrx_word' id='word_1_730' title='bbox 1083 4545 1307 4616; x_wconf 87' lang='lat' dir='ltr'><strong><em>(Psalm.</em></strong></span> <span class='ocrx_word' id='word_1_731' title='bbox 1344 4565 1394 4612; x_wconf 81' lang='grc' dir='ltr'><strong><em>ι..</em></strong></span> <span class='ocrx_word' id='word_1_732' title='bbox 1423 4551 1500 4622; x_wconf 87' lang='grc'><strong><em>6).</em></strong></span> <span class='ocrx_word' id='word_1_733' title='bbox 1551 4555 1757 4611; x_wconf 88' lang='lat' dir='ltr'><strong><em>Delicta</em></strong></span> <span class='ocrx_word' id='word_1_734' title='bbox 1781 4559 1972 4626; x_wconf 84' lang='lat' dir='ltr'><strong><em>juven-</em></strong></span> 
     </span>
    </p>
   </div>
   <div class='ocr_carea' id='block_1_92' title="bbox 409 4628 1977 4713">
    <p class='ocr_par' dir='ltr' id='par_1_92' title="bbox 409 4628 1977 4713">
     <span class='ocr_line' id='line_1_92' title="bbox 409 4628 1977 4713; baseline 0.018 -35"><span class='ocrx_word' id='word_1_735' title='bbox 409 4628 536 4679; x_wconf 86' lang='lat' dir='ltr'><strong><em>tutis</em></strong></span> <span class='ocrx_word' id='word_1_736' title='bbox 571 4644 696 4681; x_wconf 82' lang='lat' dir='ltr'><strong><em>mete</em></strong></span> <span class='ocrx_word' id='word_1_737' title='bbox 724 4640 772 4682; x_wconf 90' lang='lat' dir='ltr'><strong><em>et</em></strong></span> <span class='ocrx_word' id='word_1_738' title='bbox 815 4633 1126 4701; x_wconf 65' lang='lat' dir='ltr'><strong><em>ignorantia</em></strong></span> <span class='ocrx_word' id='word_1_739' title='bbox 1143 4653 1269 4690; x_wconf 76' lang='lat' dir='ltr'><strong><em>mea:</em></strong></span> <span class='ocrx_word' id='word_1_740' title='bbox 1305 4657 1367 4693; x_wconf 87' lang='lat' dir='ltr'><strong><em>ne</em></strong></span> <span class='ocrx_word' id='word_1_741' title='bbox 1391 4646 1726 4713; x_wconf 89' lang='lat' dir='ltr'><strong><em>.memineris,</em></strong></span> <span class='ocrx_word' id='word_1_742' title='bbox 1753 4649 1977 4706; x_wconf 86' lang='lat' dir='ltr'><strong><em>Domine</em></strong></span> 
     </span>
    </p>
   </div>
   <div class='ocr_carea' id='block_1_93' title="bbox 409 4717 1975 4807">
    <p class='ocr_par' dir='ltr' id='par_1_93' title="bbox 409 4717 1975 4807">
     <span class='ocr_line' id='line_1_93' title="bbox 409 4717 1975 4807; baseline 0.019 -40"><span class='ocrx_word' id='word_1_743' title='bbox 409 4717 634 4787; x_wconf 78' lang='lat' dir='ltr'><strong><em>(l’salrn.</em></strong></span> <span class='ocrx_word' id='word_1_744' title='bbox 668 4736 816 4787; x_wconf 74' lang='grc' dir='ltr'><em>χχιν,</em></span> <span class='ocrx_word' id='word_1_745' title='bbox 851 4725 922 4790; x_wconf 87' lang='lat'><strong><em>7).</em></strong></span> <span class='ocrx_word' id='word_1_746' title='bbox 959 4725 1041 4779; x_wconf 89' lang='lat' dir='ltr'><strong><em>Ne</em></strong></span> <span class='ocrx_word' id='word_1_747' title='bbox 1065 4743 1268 4784; x_wconf 82' lang='lat' dir='ltr'><strong><em>avertas</em></strong></span> <span class='ocrx_word' id='word_1_748' title='bbox 1301 4733 1486 4798; x_wconf 80' lang='lat' dir='ltr'><strong><em>faciem</em></strong></span> <span class='ocrx_word' id='word_1_749' title='bbox 1545 4745 1687 4789; x_wconf 86' lang='lat' dir='ltr'><strong><em>tuam</em></strong></span> <span class='ocrx_word' id='word_1_750' title='bbox 1719 4758 1751 4792; x_wconf 92' lang='lat' dir='ltr'><strong><em>a</em></strong></span> <span class='ocrx_word' id='word_1_751' title='bbox 1797 4758 1898 4807; x_wconf 88' lang='lat' dir='ltr'><strong><em>me,</em></strong></span> <span class='ocrx_word' id='word_1_752' title='bbox 1927 4754 1975 4796; x_wconf 91' lang='lat' dir='ltr'><strong><em>et</em></strong></span> 
     </span>
    </p>
   </div>
   <div class='ocr_carea' id='block_1_94' title="bbox 407 4812 1978 4895">
    <p class='ocr_par' dir='ltr' id='par_1_94' title="bbox 407 4812 1978 4895">
     <span class='ocr_line' id='line_1_94' title="bbox 407 4812 1978 4895; baseline 0.016 -33"><span class='ocrx_word' id='word_1_753' title='bbox 407 4827 468 4862; x_wconf 86' lang='lat' dir='ltr'><strong><em>ne</em></strong></span> <span class='ocrx_word' id='word_1_754' title='bbox 490 4812 716 4866; x_wconf 83' lang='lat' dir='ltr'><strong><em>declines</em></strong></span> <span class='ocrx_word' id='word_1_755' title='bbox 739 4817 791 4868; x_wconf 89' lang='lat' dir='ltr'><strong><em>in</em></strong></span> <span class='ocrx_word' id='word_1_756' title='bbox 815 4817 896 4870; x_wconf 91' lang='lat' dir='ltr'><strong><em>ira</em></strong></span> <span class='ocrx_word' id='word_1_757' title='bbox 921 4835 954 4870; x_wconf 85' lang='lat' dir='ltr'><strong><em>tt</em></strong></span> <span class='ocrx_word' id='word_1_758' title='bbox 984 4836 1126 4873; x_wconf 84' lang='lat' dir='ltr'><strong><em>servo</em></strong></span> <span class='ocrx_word' id='word_1_759' title='bbox 1155 4836 1260 4874; x_wconf 89' lang='lat' dir='ltr'><strong><em>tuo.</em></strong></span> <span class='ocrx_word' id='word_1_760' title='bbox 1287 4826 1518 4894; x_wconf 76' lang='lat' dir='ltr'><strong><em>Adjutor</em></strong></span> <span class='ocrx_word' id='word_1_761' title='bbox 1541 4845 1682 4882; x_wconf 85' lang='lat' dir='ltr'><strong><em>meus</em></strong></span> <span class='ocrx_word' id='word_1_762' title='bbox 1715 4847 1767 4884; x_wconf 92' lang='lat' dir='ltr'><strong><em>es</em></strong></span> <span class='ocrx_word' id='word_1_763' title='bbox 1801 4842 1878 4895; x_wconf 88' lang='lat' dir='ltr'><strong><em>tu,</em></strong></span> <span class='ocrx_word' id='word_1_764' title='bbox 1915 4851 1978 4888; x_wconf 91' lang='lat' dir='ltr'><strong><em>ne</em></strong></span> 
     </span>
    </p>
   </div>
   <div class='ocr_carea' id='block_1_95' title="bbox 409 4903 1973 4986">
    <p class='ocr_par' dir='ltr' id='par_1_95' title="bbox 409 4903 1973 4986">
     <span class='ocr_line' id='line_1_95' title="bbox 409 4903 1973 4986; baseline 0.017 -33"><span class='ocrx_word' id='word_1_765' title='bbox 409 4903 740 4971; x_wconf 83' lang='lat' dir='ltr'><strong><em>derelinquas</em></strong></span> <span class='ocrx_word' id='word_1_766' title='bbox 767 4923 866 4974; x_wconf 90' lang='lat' dir='ltr'><strong><em>me,</em></strong></span> <span class='ocrx_word' id='word_1_767' title='bbox 909 4908 1156 4976; x_wconf 89' lang='lat' dir='ltr'><strong><em>Domine,</em></strong></span> <span class='ocrx_word' id='word_1_768' title='bbox 1178 4931 1337 4984; x_wconf 83' lang='lat' dir='ltr'><strong><em>neque</em></strong></span> <span class='ocrx_word' id='word_1_769' title='bbox 1381 4921 1639 4981; x_wconf 80' lang='lat' dir='ltr'><strong><em>despicias</em></strong></span> <span class='ocrx_word' id='word_1_770' title='bbox 1693 4939 1793 4986; x_wconf 87' lang='lat' dir='ltr'><strong><em>me,</em></strong></span> <span class='ocrx_word' id='word_1_771' title='bbox 1837 4925 1973 4980; x_wconf 83' lang='lat' dir='ltr'><strong><em>Deus</em></strong></span> 
     </span>
    </p>
   </div>
   <div class='ocr_carea' id='block_1_96' title="bbox 406 4996 1974 5081">
    <p class='ocr_par' dir='ltr' id='par_1_96' title="bbox 406 4996 1974 5081">
     <span class='ocr_line' id='line_1_96' title="bbox 406 4996 1974 5081; baseline 0.017 -35"><span class='ocrx_word' id='word_1_772' title='bbox 406 4996 660 5050; x_wconf 86' lang='lat' dir='ltr'><strong><em>salutaris</em></strong></span> <span class='ocrx_word' id='word_1_773' title='bbox 701 5015 845 5054; x_wconf 88' lang='lat' dir='ltr'><strong><em>meus</em></strong></span> <span class='ocrx_word' id='word_1_774' title='bbox 893 4999 1066 5068; x_wconf 82' lang='lat' dir='ltr'><strong><em>(I’sal.</em></strong></span> <span class='ocrx_word' id='word_1_775' title='bbox 1106 5021 1250 5070; x_wconf 75' lang='lat' dir='ltr'><strong><em>xxvi,</em></strong></span> <span class='ocrx_word' id='word_1_776' title='bbox 1299 5009 1376 5076; x_wconf 89' lang='lat'><strong><em>9).</em></strong></span> <span class='ocrx_word' id='word_1_777' title='bbox 1410 5009 1491 5064; x_wconf 78' lang='lat' dir='ltr'><strong><em>Ne</em></strong></span> <span class='ocrx_word' id='word_1_778' title='bbox 1539 5014 1789 5081; x_wconf 72' lang='lat' dir='ltr'><strong><em>projicias</em></strong></span> <span class='ocrx_word' id='word_1_779' title='bbox 1831 5035 1909 5071; x_wconf 86' lang='lat' dir='ltr'><strong><em>me</em></strong></span> <span class='ocrx_word' id='word_1_780' title='bbox 1942 5037 1974 5072; x_wconf 91' lang='lat' dir='ltr'><strong><em>a</em></strong></span> 
     </span>
    </p>
   </div>
   <div class='ocr_carea' id='block_1_97' title="bbox 406 5075 1974 5176">
    <p class='ocr_par' dir='ltr' id='par_1_97' title="bbox 406 5075 1974 5176">
     <span class='ocr_line' id='line_1_97' title="bbox 406 5075 1974 5176; baseline 0.017 -39"><span class='ocrx_word' id='word_1_781' title='bbox 406 5088 541 5156; x_wconf 80' lang='lat' dir='ltr'><strong><em>facie</em></strong></span> <span class='ocrx_word' id='word_1_782' title='bbox 577 5101 762 5152; x_wconf 86' lang='lat' dir='ltr'><strong><em>tua,et</em></strong></span> <span class='ocrx_word' id='word_1_783' title='bbox 814 5095 1054 5160; x_wconf 87' lang='lat' dir='ltr'><strong><em>spiritum</em></strong></span> <span class='ocrx_word' id='word_1_784' title='bbox 1097 5110 1337 5152; x_wconf 87' lang='lat' dir='ltr'><strong><em>sanctum</em></strong></span> <span class='ocrx_word' id='word_1_785' title='bbox 1379 5114 1522 5155; x_wconf 86' lang='lat' dir='ltr'><strong><em>tuum</em></strong></span> <span class='ocrx_word' id='word_1_786' title='bbox 1555 5075 1625 5157; x_wconf 55' lang='lat' dir='ltr'><strong><em>ire</em></strong></span> <span class='ocrx_word' id='word_1_787' title='bbox 1674 5111 1886 5176; x_wconf 86' lang='lat' dir='ltr'><strong><em>auferas</em></strong></span> <span class='ocrx_word' id='word_1_788' title='bbox 1939 5128 1974 5162; x_wconf 88' lang='lat' dir='ltr'><strong><em>a</em></strong></span> 
     </span>
    </p>
   </div>
   <div class='ocr_carea' id='block_1_98' title="bbox 405 5181 1976 5272">
    <p class='ocr_par' dir='ltr' id='par_1_98' title="bbox 405 5181 1976 5272">
     <span class='ocr_line' id='line_1_98' title="bbox 405 5181 1976 5272; baseline 0.016 -41"><span class='ocrx_word' id='word_1_789' title='bbox 405 5197 486 5232; x_wconf 90' lang='lat' dir='ltr'><strong><em>me</em></strong></span> <span class='ocrx_word' id='word_1_790' title='bbox 523 5181 747 5250; x_wconf 84' lang='lat' dir='ltr'><strong><em>(Psalm.</em></strong></span> <span class='ocrx_word' id='word_1_791' title='bbox 779 5201 828 5247; x_wconf 63' lang='grc' dir='ltr'><strong><em>ιι,</em></strong></span> <span class='ocrx_word' id='word_1_792' title='bbox 866 5187 976 5256; x_wconf 78' lang='lat' dir='ltr'><strong><em>l3).</em></strong></span> <span class='ocrx_word' id='word_1_793' title='bbox 1011 5186 1156 5242; x_wconf 84' lang='lat' dir='ltr'><strong><em>Sana</em></strong></span> <span class='ocrx_word' id='word_1_794' title='bbox 1186 5195 1419 5247; x_wconf 89' lang='lat' dir='ltr'><strong><em>animam</em></strong></span> <span class='ocrx_word' id='word_1_795' title='bbox 1469 5213 1660 5264; x_wconf 89' lang='lat' dir='ltr'><strong><em>meam,</em></strong></span> <span class='ocrx_word' id='word_1_796' title='bbox 1701 5205 1826 5265; x_wconf 87' lang='lat' dir='ltr'><strong><em>quia</em></strong></span> <span class='ocrx_word' id='word_1_797' title='bbox 1857 5220 1976 5272; x_wconf 82' lang='lat' dir='ltr'><strong><em>pec-</em></strong></span> 
     </span>
    </p>
   </div>
   <div class='ocr_carea' id='block_1_99' title="bbox 403 5276 1972 5363">
    <p class='ocr_par' dir='ltr' id='par_1_99' title="bbox 403 5276 1972 5363">
     <span class='ocr_line' id='line_1_99' title="bbox 403 5276 1972 5363; baseline 0.018 -41"><span class='ocrx_word' id='word_1_798' title='bbox 403 5276 513 5324; x_wconf 85' lang='lat' dir='ltr'><strong><em>cavi</em></strong></span> <span class='ocrx_word' id='word_1_799' title='bbox 535 5277 629 5325; x_wconf 86' lang='lat' dir='ltr'><strong><em>tibi</em></strong></span> <span class='ocrx_word' id='word_1_800' title='bbox 652 5277 824 5343; x_wconf 84' lang='lat' dir='ltr'><strong><em>(Psal.</em></strong></span> <span class='ocrx_word' id='word_1_801' title='bbox 854 5278 942 5342; x_wconf 72' lang='grc'><strong><em>40,</em></strong></span> <span class='ocrx_word' id='word_1_802' title='bbox 975 5277 1051 5348; x_wconf 81' lang='lat'><strong><em>5).</em></strong></span> <span class='ocrx_word' id='word_1_803' title='bbox 1083 5281 1272 5336; x_wconf 78' lang='lat' dir='ltr'><strong><em>Libera</em></strong></span> <span class='ocrx_word' id='word_1_804' title='bbox 1299 5302 1377 5337; x_wconf 87' lang='lat' dir='ltr'><strong><em>me</em></strong></span> <span class='ocrx_word' id='word_1_805' title='bbox 1395 5286 1460 5346; x_wconf 83' lang='lat' dir='ltr'><strong><em>de</em></strong></span> <span class='ocrx_word' id='word_1_806' title='bbox 1489 5304 1577 5342; x_wconf 91' lang='lat' dir='ltr'><strong><em>ore</em></strong></span> <span class='ocrx_word' id='word_1_807' title='bbox 1601 5292 1764 5346; x_wconf 89' lang='lat' dir='ltr'><strong><em>leonis</em></strong></span> <span class='ocrx_word' id='word_1_808' title='bbox 1795 5294 1972 5363; x_wconf 84' lang='lat' dir='ltr'><strong><em>(Psal.</em></strong></span> 
     </span>
    </p>
   </div>
   <div class='ocr_carea' id='block_1_100' title="bbox 401 5369 1970 5445">
    <p class='ocr_par' dir='ltr' id='par_1_100' title="bbox 401 5369 1970 5445">
     <span class='ocr_line' id='line_1_100' title="bbox 401 5369 1970 5445; baseline 0.018 -29"><span class='ocrx_word' id='word_1_809' title='bbox 401 5380 515 5431; x_wconf 82' lang='grc' dir='ltr'><em>χχι,</em></span> <span class='ocrx_word' id='word_1_810' title='bbox 554 5369 668 5438; x_wconf 70' lang='lat'><strong><em>22),</em></strong></span> <span class='ocrx_word' id='word_1_811' title='bbox 701 5379 748 5421; x_wconf 91' lang='lat' dir='ltr'><strong><em>et</em></strong></span> <span class='ocrx_word' id='word_1_812' title='bbox 776 5383 947 5425; x_wconf 88' lang='lat' dir='ltr'><strong><em>averte</em></strong></span> <span class='ocrx_word' id='word_1_813' title='bbox 963 5375 1138 5428; x_wconf 72' lang='lat' dir='ltr'><strong><em>oculos</em></strong></span> <span class='ocrx_word' id='word_1_814' title='bbox 1169 5393 1309 5431; x_wconf 89' lang='lat' dir='ltr'><strong><em>meos</em></strong></span> <span class='ocrx_word' id='word_1_815' title='bbox 1348 5396 1412 5432; x_wconf 90' lang='lat' dir='ltr'><strong><em>ne</em></strong></span> <span class='ocrx_word' id='word_1_816' title='bbox 1435 5382 1646 5436; x_wconf 86' lang='lat' dir='ltr'><strong><em>videant</em></strong></span> <span class='ocrx_word' id='word_1_817' title='bbox 1673 5388 1970 5445; x_wconf 83' lang='lat' dir='ltr'><strong><em>vanitatem.</em></strong></span> 
     </span>
    </p>
   </div>
   <div class='ocr_carea' id='block_1_101' title="bbox 402 5455 1970 5543">
    <p class='ocr_par' dir='ltr' id='par_1_101' title="bbox 402 5455 1970 5543">
     <span class='ocr_line' id='line_1_101' title="bbox 402 5455 1970 5543; baseline 0.015 -35"><span class='ocrx_word' id='word_1_818' title='bbox 402 5455 657 5510; x_wconf 79' lang='lat' dir='ltr'><strong><em>litamina</em></strong></span> <span class='ocrx_word' id='word_1_819' title='bbox 689 5462 878 5529; x_wconf 82' lang='lat' dir='ltr'><strong><em>facient</em></strong></span> <span class='ocrx_word' id='word_1_820' title='bbox 927 5473 1070 5516; x_wconf 86' lang='lat' dir='ltr'><strong><em>tuam</em></strong></span> <span class='ocrx_word' id='word_1_821' title='bbox 1120 5483 1277 5535; x_wconf 83' lang='lat' dir='ltr'><strong><em>super</em></strong></span> <span class='ocrx_word' id='word_1_822' title='bbox 1330 5485 1537 5523; x_wconf 83' lang='lat' dir='ltr'><strong><em>servum</em></strong></span> <span class='ocrx_word' id='word_1_823' title='bbox 1597 5482 1744 5527; x_wconf 87' lang='lat' dir='ltr'><strong><em>tuum</em></strong></span> <span class='ocrx_word' id='word_1_824' title='bbox 1794 5476 1970 5543; x_wconf 85' lang='lat' dir='ltr'><strong><em>(Psal.</em></strong></span> 
     </span>
    </p>
   </div>
   <div class='ocr_carea' id='block_1_102' title="bbox 398 5553 1972 5630">
    <p class='ocr_par' dir='ltr' id='par_1_102' title="bbox 398 5553 1972 5630">
     <span class='ocr_line' id='line_1_102' title="bbox 398 5553 1972 5630; baseline 0.012 -26"><span class='ocrx_word' id='word_1_825' title='bbox 398 5567 586 5612; x_wconf 72' lang='lat' dir='ltr'><strong><em>cmtt,</em></strong></span> <span class='ocrx_word' id='word_1_826' title='bbox 615 5553 790 5608; x_wconf 69' lang='lat'><strong><em>35-57</em></strong></span> <span class='ocrx_word' id='word_1_827' title='bbox 819 5572 837 5609; x_wconf 93' lang='lat'><strong><em>:</em></strong></span> <span class='ocrx_word' id='word_1_828' title='bbox 913 5567 962 5610; x_wconf 83' lang='lat' dir='ltr'><strong><em>et</em></strong></span> <span class='ocrx_word' id='word_1_829' title='bbox 997 5559 1201 5612; x_wconf 88' lang='lat' dir='ltr'><strong><em>salvum</em></strong></span> <span class='ocrx_word' id='word_1_830' title='bbox 1250 5578 1330 5615; x_wconf 89' lang='lat' dir='ltr'><strong><em>me</em></strong></span> <span class='ocrx_word' id='word_1_831' title='bbox 1365 5563 1448 5630; x_wconf 89' lang='lat' dir='ltr'><strong><em>fac</em></strong></span> <span class='ocrx_word' id='word_1_832' title='bbox 1479 5566 1531 5615; x_wconf 86' lang='lat' dir='ltr'><strong><em>in</em></strong></span> <span class='ocrx_word' id='word_1_833' title='bbox 1557 5574 1647 5618; x_wconf 85' lang='lat' dir='ltr'><strong><em>tua</em></strong></span> <span class='ocrx_word' id='word_1_834' title='bbox 1677 5569 1972 5622; x_wconf 83' lang='lat' dir='ltr'><strong><em>misericor-</em></strong></span> 
     </span>
    </p>
   </div>
   <div class='ocr_carea' id='block_1_103' title="bbox 399 5643 1970 5724">
    <p class='ocr_par' dir='ltr' id='par_1_103' title="bbox 399 5643 1970 5724">
     <span class='ocr_line' id='line_1_103' title="bbox 399 5643 1970 5724; baseline 0.015 -32"><span class='ocrx_word' id='word_1_835' title='bbox 399 5643 490 5692; x_wconf 82' lang='lat' dir='ltr'><strong><em>dia</em></strong></span> <span class='ocrx_word' id='word_1_836' title='bbox 509 5643 683 5711; x_wconf 70' lang='lat' dir='ltr'><strong><em>(Paul.</em></strong></span> <span class='ocrx_word' id='word_1_837' title='bbox 713 5648 973 5718; x_wconf 75' lang='grc' dir='ltr'><em>χχχ,17).</em></span> <span class='ocrx_word' id='word_1_838' title='bbox 999 5652 1216 5704; x_wconf 73' lang='lat' dir='ltr'><strong><em>Adluest&#39;</em></strong></span> <span class='ocrx_word' id='word_1_839' title='bbox 1237 5655 1546 5708; x_wconf 86' lang='lat' dir='ltr'><strong><em>testimoniis</em></strong></span> <span class='ocrx_word' id='word_1_840' title='bbox 1568 5658 1690 5724; x_wconf 88' lang='lat' dir='ltr'><strong><em>tuis,</em></strong></span> <span class='ocrx_word' id='word_1_841' title='bbox 1717 5659 1970 5714; x_wconf 83' lang='lat' dir='ltr'><strong><em>Domine:</em></strong></span> 
     </span>
    </p>
   </div>
   <div class='ocr_carea' id='block_1_104' title="bbox 418 5734 1968 5816">
    <p class='ocr_par' dir='ltr' id='par_1_104' title="bbox 418 5734 1968 5816">
     <span class='ocr_line' id='line_1_104' title="bbox 418 5734 1968 5816; baseline 0.014 -32"><span class='ocrx_word' id='word_1_842' title='bbox 418 5734 525 5784; x_wconf 89' lang='lat' dir='ltr'><strong><em>noli</em></strong></span> <span class='ocrx_word' id='word_1_843' title='bbox 562 5750 642 5785; x_wconf 89' lang='lat' dir='ltr'><strong><em>me</em></strong></span> <span class='ocrx_word' id='word_1_844' title='bbox 682 5736 999 5804; x_wconf 88' lang='lat' dir='ltr'><strong><em>confundere</em></strong></span> <span class='ocrx_word' id='word_1_845' title='bbox 1050 5741 1431 5812; x_wconf 78' lang='lat' dir='ltr'><strong><em>(l’sal.cxvm,</em></strong></span> <span class='ocrx_word' id='word_1_846' title='bbox 1460 5745 1568 5816; x_wconf 81' lang='grc'><strong>51).</strong></span> <span class='ocrx_word' id='word_1_847' title='bbox 1607 5747 1687 5803; x_wconf 84' lang='lat' dir='ltr'><strong><em>Ne</em></strong></span> <span class='ocrx_word' id='word_1_848' title='bbox 1733 5751 1968 5804; x_wconf 62' lang='lat' dir='ltr'><strong><em>tradide-</em></strong></span> 
     </span>
    </p>
   </div>
   <div class='ocr_carea' id='block_1_105' title="bbox 2081 4565 3658 4633">
    <p class='ocr_par' dir='ltr' id='par_1_105' title="bbox 2081 4565 3658 4633">
     <span class='ocr_line' id='line_1_105' title="bbox 2081 4565 3658 4633; baseline 0.001 -15"><span class='ocrx_word' id='word_1_849' title='bbox 2081 4579 2171 4618; x_wconf 90' lang='lat' dir='ltr'><strong><em>res</em></strong></span> <span class='ocrx_word' id='word_1_850' title='bbox 2205 4565 2416 4618; x_wconf 88' lang='lat' dir='ltr'><strong><em>diabolo</em></strong></span> <span class='ocrx_word' id='word_1_851' title='bbox 2467 4575 2522 4618; x_wconf 86' lang='lat' dir='ltr'><strong><em>et</em></strong></span> <span class='ocrx_word' id='word_1_852' title='bbox 2553 4565 2810 4630; x_wconf 77' lang='lat' dir='ltr'><strong><em>tenebris,</em></strong></span> <span class='ocrx_word' id='word_1_853' title='bbox 2842 4573 2895 4618; x_wconf 88' lang='lat' dir='ltr'><strong><em>et</em></strong></span> <span class='ocrx_word' id='word_1_854' title='bbox 2940 4565 3246 4628; x_wconf 90' lang='lat' dir='ltr'><strong><em>Dominum,</em></strong></span> <span class='ocrx_word' id='word_1_855' title='bbox 3280 4567 3367 4633; x_wconf 90' lang='lat' dir='ltr'><strong><em>qui</em></strong></span> <span class='ocrx_word' id='word_1_856' title='bbox 3401 4566 3488 4619; x_wconf 79' lang='lat' dir='ltr'><strong><em>lux</em></strong></span> <span class='ocrx_word' id='word_1_857' title='bbox 3545 4577 3658 4632; x_wconf 81' lang='lat' dir='ltr'><strong><em>est,</em></strong></span> 
     </span>
    </p>
   </div>
   <div class='ocr_carea' id='block_1_106' title="bbox 2079 4653 3660 4726">
    <p class='ocr_par' dir='ltr' id='par_1_106' title="bbox 2079 4653 3660 4726">
     <span class='ocr_line' id='line_1_106' title="bbox 2079 4653 3660 4726; baseline 0.001 -18"><span class='ocrx_word' id='word_1_858' title='bbox 2079 4666 2201 4724; x_wconf 90' lang='lat' dir='ltr'><strong><em>post</em></strong></span> <span class='ocrx_word' id='word_1_859' title='bbox 2249 4653 2470 4708; x_wconf 88' lang='lat' dir='ltr'><strong><em>dorsum</em></strong></span> <span class='ocrx_word' id='word_1_860' title='bbox 2534 4656 2849 4723; x_wconf 86' lang='lat' dir='ltr'><strong><em>reliqueras.</em></strong></span> <span class='ocrx_word' id='word_1_861' title='bbox 2883 4653 3202 4721; x_wconf 80' lang='lat' dir='ltr'><strong><em>Memorare,</em></strong></span> <span class='ocrx_word' id='word_1_862' title='bbox 3235 4657 3329 4717; x_wconf 88' lang='lat' dir='ltr'><strong><em>(ili,</em></strong></span> <span class='ocrx_word' id='word_1_863' title='bbox 3363 4659 3489 4726; x_wconf 86' lang='lat' dir='ltr'><strong><em>quid</em></strong></span> <span class='ocrx_word' id='word_1_864' title='bbox 3542 4670 3660 4726; x_wconf 75' lang='grc' dir='ltr'><em>εει,</em></span> 
     </span>
    </p>
   </div>
   <div class='ocr_carea' id='block_1_107' title="bbox 2079 4745 3662 4818">
    <p class='ocr_par' dir='ltr' id='par_1_107' title="bbox 2079 4745 3662 4818">
     <span class='ocr_line' id='line_1_107' title="bbox 2079 4745 3662 4818; baseline 0.004 -19"><span class='ocrx_word' id='word_1_865' title='bbox 2079 4745 2505 4800; x_wconf 84' lang='lat' dir='ltr'><strong><em>Misericordiam</em></strong></span> <span class='ocrx_word' id='word_1_866' title='bbox 2532 4746 2671 4808; x_wconf 82' lang='lat' dir='ltr'><strong><em>volo,</em></strong></span> <span class='ocrx_word' id='word_1_867' title='bbox 2695 4757 2741 4798; x_wconf 91' lang='lat' dir='ltr'><strong><em>et</em></strong></span> <span class='ocrx_word' id='word_1_868' title='bbox 2773 4761 2876 4799; x_wconf 86' lang='lat' dir='ltr'><strong><em>non</em></strong></span> <span class='ocrx_word' id='word_1_869' title='bbox 2893 4747 3212 4815; x_wconf 78' lang='lat' dir='ltr'><strong><em>sacrificium</em></strong></span> <span class='ocrx_word' id='word_1_870' title='bbox 3264 4748 3438 4817; x_wconf 87' lang='lat' dir='ltr'><strong><em>(Osee.</em></strong></span> <span class='ocrx_word' id='word_1_871' title='bbox 3469 4765 3544 4814; x_wconf 77' lang='grc' dir='ltr'><em>νι,</em></span> <span class='ocrx_word' id='word_1_872' title='bbox 3571 4751 3662 4818; x_wconf 81' lang='grc'><strong>6).</strong></span> 
     </span>
    </p>
   </div>
   <div class='ocr_carea' id='block_1_108' title="bbox 2081 4838 3670 4912">
    <p class='ocr_par' dir='ltr' id='par_1_108' title="bbox 2081 4838 3670 4912">
     <span class='ocr_line' id='line_1_108' title="bbox 2081 4838 3670 4912; baseline 0.003 -21"><span class='ocrx_word' id='word_1_873' title='bbox 2081 4838 2422 4892; x_wconf 84' lang='lat' dir='ltr'><strong><em>Miserebitur</em></strong></span> <span class='ocrx_word' id='word_1_874' title='bbox 2459 4840 2551 4892; x_wconf 87' lang='lat' dir='ltr'><strong><em>tibi</em></strong></span> <span class='ocrx_word' id='word_1_875' title='bbox 2605 4839 2908 4894; x_wconf 88' lang='lat' dir='ltr'><strong><em>Dominus:</em></strong></span> <span class='ocrx_word' id='word_1_876' title='bbox 2942 4841 2985 4893; x_wconf 89' lang='lat' dir='ltr'><strong><em>si</em></strong></span> <span class='ocrx_word' id='word_1_877' title='bbox 3017 4841 3128 4894; x_wconf 65' lang='lat' dir='ltr'><strong><em>haec</em></strong></span> <span class='ocrx_word' id='word_1_878' title='bbox 3157 4857 3279 4894; x_wconf 89' lang='lat' dir='ltr'><strong><em>cum</em></strong></span> <span class='ocrx_word' id='word_1_879' title='bbox 3316 4844 3530 4912; x_wconf 83' lang='lat' dir='ltr'><strong><em>legeris,</em></strong></span> <span class='ocrx_word' id='word_1_880' title='bbox 3576 4843 3670 4896; x_wconf 79' lang='lat' dir='ltr'><strong><em>fa-</em></strong></span> 
     </span>
    </p>
   </div>
   <div class='ocr_carea' id='block_1_109' title="bbox 2077 4929 3660 5001">
    <p class='ocr_par' dir='ltr' id='par_1_109' title="bbox 2077 4929 3660 5001">
     <span class='ocr_line' id='line_1_109' title="bbox 2077 4929 3660 5001; baseline 0.004 -19"><span class='ocrx_word' id='word_1_881' title='bbox 2077 4930 2212 4992; x_wconf 83' lang='lat' dir='ltr'><strong><em>cias,</em></strong></span> <span class='ocrx_word' id='word_1_882' title='bbox 2264 4938 2318 4982; x_wconf 90' lang='lat' dir='ltr'><strong><em>et</em></strong></span> <span class='ocrx_word' id='word_1_883' title='bbox 2376 4945 2471 4998; x_wconf 87' lang='lat' dir='ltr'><strong><em>per</em></strong></span> <span class='ocrx_word' id='word_1_884' title='bbox 2521 4929 2882 4982; x_wconf 85' lang='lat' dir='ltr'><strong><em>obedientiam</em></strong></span> <span class='ocrx_word' id='word_1_885' title='bbox 2946 4932 3319 4996; x_wconf 65' lang='lat' dir='ltr'><strong><em>penitentiam</em></strong></span> <span class='ocrx_word' id='word_1_886' title='bbox 3381 4937 3660 5001; x_wconf 80' lang='lat' dir='ltr'><strong><em>sequaris.</em></strong></span> 
     </span>
    </p>
   </div>
   <div class='ocr_carea' id='block_1_110' title="bbox 2078 5018 3662 5091">
    <p class='ocr_par' dir='ltr' id='par_1_110' title="bbox 2078 5018 3662 5091">
     <span class='ocr_line' id='line_1_110' title="bbox 2078 5018 3662 5091; baseline 0.004 -19"><span class='ocrx_word' id='word_1_887' title='bbox 2078 5018 2276 5074; x_wconf 85' lang='lat' dir='ltr'><strong><em>Verum</em></strong></span> <span class='ocrx_word' id='word_1_888' title='bbox 2311 5021 2356 5074; x_wconf 80' lang='lat' dir='ltr'><strong><em>si</em></strong></span> <span class='ocrx_word' id='word_1_889' title='bbox 2389 5022 2454 5074; x_wconf 86' lang='lat' dir='ltr'><strong><em>de</em></strong></span> <span class='ocrx_word' id='word_1_890' title='bbox 2487 5032 2598 5074; x_wconf 79' lang='lat' dir='ltr'><strong><em>tom</em></strong></span> <span class='ocrx_word' id='word_1_891' title='bbox 2623 5023 2782 5074; x_wconf 87' lang='lat' dir='ltr'><strong><em>corde</em></strong></span> <span class='ocrx_word' id='word_1_892' title='bbox 2821 5022 3193 5091; x_wconf 66' lang='lat' dir='ltr'><strong><em>paenitentiam</em></strong></span> <span class='ocrx_word' id='word_1_893' title='bbox 3221 5024 3418 5090; x_wconf 78' lang='lat' dir='ltr'><strong><em>egeris,</em></strong></span> <span class='ocrx_word' id='word_1_894' title='bbox 3461 5026 3504 5076; x_wconf 88' lang='lat' dir='ltr'><strong><em>si</em></strong></span> <span class='ocrx_word' id='word_1_895' title='bbox 3540 5023 3662 5078; x_wconf 88' lang='lat' dir='ltr'><strong><em>Do-</em></strong></span> 
     </span>
    </p>
   </div>
   <div class='ocr_carea' id='block_1_111' title="bbox 2078 5113 3663 5183">
    <p class='ocr_par' dir='ltr' id='par_1_111' title="bbox 2078 5113 3663 5183">
     <span class='ocr_line' id='line_1_111' title="bbox 2078 5113 3663 5183; baseline 0.004 -19"><span class='ocrx_word' id='word_1_896' title='bbox 2078 5115 2281 5166; x_wconf 88' lang='lat' dir='ltr'><strong><em>minum</em></strong></span> <span class='ocrx_word' id='word_1_897' title='bbox 2333 5129 2440 5182; x_wconf 69' lang='lat' dir='ltr'><strong><em>pra:</em></strong></span> <span class='ocrx_word' id='word_1_898' title='bbox 2470 5114 2643 5167; x_wconf 83' lang='lat' dir='ltr'><strong><em>oculis</em></strong></span> <span class='ocrx_word' id='word_1_899' title='bbox 2705 5113 2982 5177; x_wconf 87' lang='lat' dir='ltr'><strong><em>habueris,</em></strong></span> <span class='ocrx_word' id='word_1_900' title='bbox 3036 5115 3082 5167; x_wconf 86' lang='lat' dir='ltr'><strong><em>si</em></strong></span> <span class='ocrx_word' id='word_1_901' title='bbox 3133 5116 3330 5168; x_wconf 79' lang='lat' dir='ltr'><strong><em>amissa</em></strong></span> <span class='ocrx_word' id='word_1_902' title='bbox 3391 5118 3663 5183; x_wconf 77' lang='lat' dir='ltr'><strong><em>voragine</em></strong></span> 
     </span>
    </p>
   </div>
   <div class='ocr_carea' id='block_1_112' title="bbox 2078 5206 3662 5275">
    <p class='ocr_par' dir='ltr' id='par_1_112' title="bbox 2078 5206 3662 5275">
     <span class='ocr_line' id='line_1_112' title="bbox 2078 5206 3662 5275; baseline 0.003 -17"><span class='ocrx_word' id='word_1_903' title='bbox 2078 5206 2253 5272; x_wconf 88' lang='lat' dir='ltr'><strong><em>poculi</em></strong></span> <span class='ocrx_word' id='word_1_904' title='bbox 2287 5207 2569 5268; x_wconf 83' lang='lat' dir='ltr'><strong><em>venenosi,</em></strong></span> <span class='ocrx_word' id='word_1_905' title='bbox 2599 5206 2824 5258; x_wconf 84' lang='lat' dir='ltr'><strong><em>calicem</em></strong></span> <span class='ocrx_word' id='word_1_906' title='bbox 2860 5207 3122 5260; x_wconf 84' lang='lat' dir='ltr'><strong><em>salutaris</em></strong></span> <span class='ocrx_word' id='word_1_907' title='bbox 3153 5209 3461 5275; x_wconf 76' lang='lat' dir='ltr'><strong><em>acceperis;</em></strong></span> <span class='ocrx_word' id='word_1_908' title='bbox 3485 5209 3529 5259; x_wconf 85' lang='lat' dir='ltr'><strong><em>si</em></strong></span> <span class='ocrx_word' id='word_1_909' title='bbox 3559 5209 3662 5263; x_wconf 85' lang='lat' dir='ltr'><strong><em>die</em></strong></span> 
     </span>
    </p>
   </div>
   <div class='ocr_carea' id='block_1_113' title="bbox 2075 5297 3677 5365">
    <p class='ocr_par' dir='ltr' id='par_1_113' title="bbox 2075 5297 3677 5365">
     <span class='ocr_line' id='line_1_113' title="bbox 2075 5297 3677 5365; baseline 0.001 -15"><span class='ocrx_word' id='word_1_910' title='bbox 2075 5313 2139 5350; x_wconf 86' lang='lat' dir='ltr'><strong><em>ac</em></strong></span> <span class='ocrx_word' id='word_1_911' title='bbox 2171 5304 2329 5358; x_wconf 90' lang='lat' dir='ltr'><strong><em>nocte</em></strong></span> <span class='ocrx_word' id='word_1_912' title='bbox 2359 5297 2410 5349; x_wconf 87' lang='lat' dir='ltr'><strong><em>in</em></strong></span> <span class='ocrx_word' id='word_1_913' title='bbox 2438 5298 2552 5365; x_wconf 79' lang='lat' dir='ltr'><strong><em>lege</em></strong></span> <span class='ocrx_word' id='word_1_914' title='bbox 2570 5297 2777 5350; x_wconf 90' lang='lat' dir='ltr'><strong><em>Domini</em></strong></span> <span class='ocrx_word' id='word_1_915' title='bbox 2810 5297 3179 5362; x_wconf 72' lang='lat' dir='ltr'><strong><em>ineditaveris;</em></strong></span> <span class='ocrx_word' id='word_1_916' title='bbox 3201 5299 3483 5353; x_wconf 88' lang='lat' dir='ltr'><strong><em>siomnem</em></strong></span> <span class='ocrx_word' id='word_1_917' title='bbox 3503 5301 3677 5352; x_wconf 85' lang='lat' dir='ltr'><strong><em>solli-</em></strong></span> 
     </span>
    </p>
   </div>
   <div class='ocr_carea' id='block_1_114' title="bbox 2076 5390 3670 5459">
    <p class='ocr_par' dir='ltr' id='par_1_114' title="bbox 2076 5390 3670 5459">
     <span class='ocr_line' id='line_1_114' title="bbox 2076 5390 3670 5459; baseline 0.001 -13"><span class='ocrx_word' id='word_1_918' title='bbox 2076 5392 2365 5446; x_wconf 88' lang='lat' dir='ltr'><strong><em>citudinem</em></strong></span> <span class='ocrx_word' id='word_1_919' title='bbox 2402 5401 2548 5445; x_wconf 88' lang='lat' dir='ltr'><strong><em>tuam</em></strong></span> <span class='ocrx_word' id='word_1_920' title='bbox 2581 5406 2742 5459; x_wconf 89' lang='lat' dir='ltr'><strong><em>super</em></strong></span> <span class='ocrx_word' id='word_1_921' title='bbox 2776 5390 2920 5443; x_wconf 90' lang='lat' dir='ltr'><strong><em>illum</em></strong></span> <span class='ocrx_word' id='word_1_922' title='bbox 2951 5393 3162 5445; x_wconf 86' lang='lat' dir='ltr'><strong><em>miseris</em></strong></span> <span class='ocrx_word' id='word_1_923' title='bbox 3193 5410 3206 5444; x_wconf 90' lang='lat'><strong>:</strong></span> <span class='ocrx_word' id='word_1_924' title='bbox 3233 5400 3359 5445; x_wconf 87' lang='lat' dir='ltr'><strong><em>tunc</em></strong></span> <span class='ocrx_word' id='word_1_925' title='bbox 3387 5391 3670 5459; x_wconf 80' lang='lat' dir='ltr'><strong><em>gaudebis</em></strong></span> 
     </span>
    </p>
   </div>
   <div class='ocr_carea' id='block_1_115' title="bbox 2077 5481 3676 5552">
    <p class='ocr_par' dir='ltr' id='par_1_115' title="bbox 2077 5481 3676 5552">
     <span class='ocr_line' id='line_1_115' title="bbox 2077 5481 3676 5552; baseline 0.003 -16"><span class='ocrx_word' id='word_1_926' title='bbox 2077 5494 2136 5536; x_wconf 87' lang='lat' dir='ltr'><strong><em>et</em></strong></span> <span class='ocrx_word' id='word_1_927' title='bbox 2162 5482 2462 5536; x_wconf 80' lang='lat' dir='ltr'><strong><em>exsultabis</em></strong></span> <span class='ocrx_word' id='word_1_928' title='bbox 2491 5483 2541 5535; x_wconf 94' lang='lat' dir='ltr'><strong><em>in</em></strong></span> <span class='ocrx_word' id='word_1_929' title='bbox 2561 5481 2809 5547; x_wconf 82' lang='lat' dir='ltr'><strong><em>Domino,</em></strong></span> <span class='ocrx_word' id='word_1_930' title='bbox 2841 5483 2931 5551; x_wconf 88' lang='lat' dir='ltr'><strong><em>qui</em></strong></span> <span class='ocrx_word' id='word_1_931' title='bbox 2957 5483 3130 5536; x_wconf 85' lang='lat' dir='ltr'><strong><em>vicisti</em></strong></span> <span class='ocrx_word' id='word_1_932' title='bbox 3158 5483 3474 5552; x_wconf 84' lang='lat' dir='ltr'><strong><em>malignum.</em></strong></span> <span class='ocrx_word' id='word_1_933' title='bbox 3498 5481 3676 5540; x_wconf 82' lang='lat' dir='ltr'><strong><em>Tunc</em></strong></span> 
     </span>
    </p>
   </div>
   <div class='ocr_carea' id='block_1_116' title="bbox 2076 5573 3674 5642">
    <p class='ocr_par' dir='ltr' id='par_1_116' title="bbox 2076 5573 3674 5642">
     <span class='ocr_line' id='line_1_116' title="bbox 2076 5573 3674 5642; baseline -0.001 -13"><span class='ocrx_word' id='word_1_934' title='bbox 2076 5578 2179 5629; x_wconf 88' lang='lat' dir='ltr'><strong><em>erit</em></strong></span> <span class='ocrx_word' id='word_1_935' title='bbox 2212 5590 2419 5628; x_wconf 83' lang='lat' dir='ltr'><strong><em>merces</em></strong></span> <span class='ocrx_word' id='word_1_936' title='bbox 2473 5585 2559 5627; x_wconf 89' lang='lat' dir='ltr'><strong><em>tua</em></strong></span> <span class='ocrx_word' id='word_1_937' title='bbox 2591 5575 2805 5642; x_wconf 85' lang='lat' dir='ltr'><strong><em>copiosa</em></strong></span> <span class='ocrx_word' id='word_1_938' title='bbox 2845 5575 2896 5628; x_wconf 91' lang='lat' dir='ltr'><strong><em>in</em></strong></span> <span class='ocrx_word' id='word_1_939' title='bbox 2949 5577 3121 5640; x_wconf 66' lang='lat' dir='ltr'><strong><em>caelis,</em></strong></span> <span class='ocrx_word' id='word_1_940' title='bbox 3167 5576 3289 5642; x_wconf 83' lang='lat' dir='ltr'><strong><em>quia</em></strong></span> <span class='ocrx_word' id='word_1_941' title='bbox 3349 5573 3536 5628; x_wconf 87' lang='lat' dir='ltr'><strong><em>taliter</em></strong></span> <span class='ocrx_word' id='word_1_942' title='bbox 3596 5575 3674 5633; x_wconf 85' lang='lat' dir='ltr'><strong><em>i-n</em></strong></span> 
     </span>
    </p>
   </div>
   <div class='ocr_carea' id='block_1_117' title="bbox 2076 5661 3678 5733">
    <p class='ocr_par' dir='ltr' id='par_1_117' title="bbox 2076 5661 3678 5733">
     <span class='ocr_line' id='line_1_117' title="bbox 2076 5661 3678 5733; baseline 0.003 -20"><span class='ocrx_word' id='word_1_943' title='bbox 2076 5674 2239 5729; x_wconf 84' lang='lat' dir='ltr'><strong><em>opera</em></strong></span> <span class='ocrx_word' id='word_1_944' title='bbox 2287 5661 2492 5713; x_wconf 83' lang='lat' dir='ltr'><strong><em>Domini</em></strong></span> <span class='ocrx_word' id='word_1_945' title='bbox 2552 5662 2851 5715; x_wconf 79' lang='lat' dir='ltr'><strong><em>lahnrasti:</em></strong></span> <span class='ocrx_word' id='word_1_946' title='bbox 2897 5672 3024 5715; x_wconf 88' lang='lat' dir='ltr'><strong><em>tunc</em></strong></span> <span class='ocrx_word' id='word_1_947' title='bbox 3053 5663 3158 5716; x_wconf 87' lang='lat' dir='ltr'><strong><em>erit</em></strong></span> <span class='ocrx_word' id='word_1_948' title='bbox 3205 5663 3464 5716; x_wconf 84' lang='lat' dir='ltr'><strong><em>Dominus</em></strong></span> <span class='ocrx_word' id='word_1_949' title='bbox 3487 5663 3678 5733; x_wconf 81' lang='lat' dir='ltr'><strong><em>adju—</em></strong></span> 
     </span>
    </p>
   </div>
   <div class='ocr_carea' id='block_1_118' title="bbox 2083 5753 3740 5838">
    <p class='ocr_par' dir='ltr' id='par_1_118' title="bbox 2083 5753 3740 5838">
     <span class='ocr_line' id='line_1_118' title="bbox 2083 5753 3740 5838; baseline 0.004 -33"><span class='ocrx_word' id='word_1_950' title='bbox 2083 5763 2166 5806; x_wconf 92' lang='lat' dir='ltr'><strong><em>tor</em></strong></span> <span class='ocrx_word' id='word_1_951' title='bbox 2201 5760 2320 5806; x_wconf 80' lang='lat' dir='ltr'><strong><em>tuus</em></strong></span> <span class='ocrx_word' id='word_1_952' title='bbox 2353 5755 2405 5806; x_wconf 89' lang='lat' dir='ltr'><strong><em>iu</em></strong></span> <span class='ocrx_word' id='word_1_953' title='bbox 2455 5753 2540 5807; x_wconf 84' lang='lat' dir='ltr'><strong><em>die</em></strong></span> <span class='ocrx_word' id='word_1_954' title='bbox 2593 5754 2780 5824; x_wconf 72' lang='lat' dir='ltr'><strong><em>judicii</em></strong></span> <span class='ocrx_word' id='word_1_955' title='bbox 2821 5772 2833 5808; x_wconf 92' lang='lat'>:</span> <span class='ocrx_word' id='word_1_956' title='bbox 2869 5765 2997 5811; x_wconf 84' lang='lat' dir='ltr'><strong><em>tunc</em></strong></span> <span class='ocrx_word' id='word_1_957' title='bbox 3053 5756 3220 5810; x_wconf 83' lang='lat' dir='ltr'><strong><em>stabis</em></strong></span> <span class='ocrx_word' id='word_1_958' title='bbox 3263 5771 3398 5837; x_wconf 82' lang='lat' dir='ltr'><strong><em>cum</em></strong></span> <span class='ocrx_word' id='word_1_959' title='bbox 3459 5771 3682 5826; x_wconf 70' lang='lat' dir='ltr'><strong><em>magna</em></strong></span> <span class='ocrx_word' id='word_1_960' title='bbox 3719 5824 3740 5838; x_wconf 49' lang='grc' dir='ltr'><strong>ο</strong></span> 
     </span>
    </p>
   </div>
  </div>
