4004 6192
269 337 372 399 253

1318 340 1694 400 EPiSTOLA
1741 343 2006 406 XXXIV.
2055 349 2150 407 DE
2195 351 2502 416 LEPRAS.

3429 359 3533 426 251

271 445 465 501 fiducia
497 461 527 499 a
559 445 768 502 dextris
799 447 1016 503 Domini
1054 463 1178 504 cum
1217 453 1421 506 sanctis
1463 456 1600 514 suis,
1627 463 1680 506 et
1713 454 1841 507 dice

1963 463 2286 528 sentiantur,
2355 467 2622 523 rationem
2683 470 3056 532 intelligentia!
3115 473 3379 542 simplicis
3425 491 3532 528 non

270 535 456 590 vobis:
493 535 691 600 Venite,
712 539 969 592 benedicti
1000 538 1183 594 Patris
1216 543 1336 604 mei,
1365 542 1616 610 percipite
1642 557 1854 611 regnum

268 633 658 692 prwparatum,
689 631 829 696 quod
854 632 1176 698 pra'paraeit
1209 630 1351 684 vobis
1386 630 1548 683 Pater
1579 647 1723 683 meus
1767 630 1854 698 qui

271 725 340 765 est
377 717 431 767 in
463 718 606 768 metu
657 719 866 783 (Matth.
901 735 1030 785 xxv,
1063 720 1176 788 54).
1221 718 1439 788 injus'is
1495 734 1674 774 autem
1713 723 1854 775 dice'

271 817 354 859 tur
397 825 409 860 :
439 808 519 861 Ite
550 811 607 860 in
627 810 798 879 ignem
837 821 1113 875 aeternum,
1146 829 1295 882 quem
1341 817 1660 882 praeparavit
1691 813 1854 865 Pater

271 916 412 953 neua
442 902 652 954 diabolo
681 912 729 954 et
760 904 958 972 angelis
990 904 1103 973 ejus
1146 905 1315 973 (Ibid.
1338 907 1560 976 4i).Ubi
1594 907 1728 973 ignis
1751 921 1851 957 non

268 995 653 1060 extinguetur.
683 1006 729 1047 et
761 999 946 1048 vermis
973 1013 1156 1050 eorum
1202 1015 1302 1050 non
1358 1000 1610 1051 morietur
1661 999 1848 1068 (Marc.

271 1099 342 1146 tx,
385 1085 497 1150 45).
542 1085 683 1138 Tunc
736 1087 1044 1156 ibuntjusti
1096 1092 1150 1142 in
1195 1092 1352 1143 vitam
1393 1103 1668 1150 a'ternam.
1697 1093 1850 1160 impii

269 1188 446 1230 autem
482 1189 529 1231 et
565 1194 859 1247 peccatores
896 1185 950 1234 in
982 1185 1153 1252 ignem
1182 1196 1433 1236 internum
1471 1183 1691 1254 (Matth.
1721 1198 1846 1239 xxv.

269 1265 384 1336 μς).

391 1402 708 1458 MONITUM
750 1405 812 1458 IN
851 1406 1251 1462 EPISTULAM
1285 1407 1723 1476 SEQUENTEM.

341 1531 666 1598 Prodigiosa;
693 1537 1068 1592 balbutientia:
1127 1539 1400 1593 hominem
1452 1539 1712 1594 Erasmus
1746 1555 1844 1593 vo-

268 1614 352 1654 cat
395 1605 573 1677 hujus
611 1618 886 1660 auctorem
942 1608 1184 1673 epistola:
1221 1628 1234 1664 :
1284 1626 1404 1677 quae
1443 1620 1620 1664 tamen
1687 1612 1844 1664 nobis

271 1688 372 1795 no:
395 1675 535 1726 infra
559 1677 897 1744 superiorum
917 1680 1123 1747 aliquot
1144 1675 1364 1734 censum
1387 1691 1548 1748 atque
1567 1681 1840 1748 ingenium

271 1755 320 1794 \‘l
362 1754 500 1795 ρων.

271 1754 500 1796 ῒΙιΙυιυΙό

742 1863 1078 1920 EPISTOLA
1120 1865 1345 1921 XXXIV

577 1976 654 2028 De
684 1980 908 2032 diversis
937 1981 1212 2048 generibus
1243 1983 1536 2049 leprarum.

337 2089 379 2145 1.
414 2092 749 2145 Admirabiie
782 2092 976 2146 divinae
1005 2093 1378 2163 dispositionis
1409 2112 1638 2152 examen
1684 2115 1698 2151 :
1727 2113 1847 2167 quae

270 2183 510 2236 exhiberi
547 2185 649 2238 sibi
679 2184 823 2239 Deus
849 2198 912 2239 ac
939 2185 1137 2240 deferri
1173 2188 1360 2251 voluit,
1398 2204 1590 2259 magno
1617 2191 1847 2244 conSilio

268 2285 322 2328 et
372 2276 556 2330 solerti
609 2278 836 2332 scientia
889 2295 953 2333 ac
1015 2281 1228 2334 ratione
1277 2282 1574 2336 mandavit.
1624 2282 1845 2336 Diversa

273 2366 412 2419 enim
457 2367 736 2422 hominum
765 2371 1006 2423 moribus
1025 2387 1222 2440 genera
1247 2382 1592 2438 naturarum,
1615 2373 1846 2428 diversis

269 2461 865 2529 statuitprzeceptorum
896 2443 1508 2526 sententiisqubernari.
1537 2465 1673 2518 Aliis
1702 2466 1843 2518 enim

273 2550 653 2620 imaginarium
703 2554 837 2623 legis
865 2569 1021 2622 opus,
1047 2556 1200 2624 quasi
1234 2558 1336 2608 sub
1382 2555 1628 2611 veritatis
1663 2559 1848 2611 colore

268 2640 528 2710 depinxit.
561 2643 698 2697 Aliis
757 2659 955 2713 corpus
1004 2644 1177 2713 ipsius
1224 2647 1469 2701 veritatis
1523 2646 1842 2704 declaravit.

268 2732 414 2799 Quos
467 2737 613 2789 enim
676 2737 960 2790 obvolutus
1019 2738 1194 2791 adhuc
1239 2739 1421 2792 mundi
1472 2740 1742 2808 caligine,
1779 2740 1845 2792 ad

269 2830 778 2900 comprehendenda
832 2845 894 2882 ea
944 2847 1066 2900 qum
1093 2847 1350 2900 germana
1383 2840 1540 2886 erant
1563 2847 1626 2884 ac
1653 2833 1844 2897 solida,

267 2928 552 2995 perpendit
587 2943 601 2979 :
635 2926 716 2979 eis
749 2925 1112 2979 observantia:
1163 2925 1356 2978 ordine
1393 2939 1682 2993 suspenso,
1712 2924 1844 2978 sub-

269 3018 346 3072 tili
383 3017 784 3088 quodammodo
809 3016 1081 3086 iexamine
1105 3018 1448 3081 ,susurravit,
1479 3032 1615 3087 quos
1660 3025 1842 3070 autem

1961 556 2274 610 admittunt.
2332 558 2468 612 Nam
2527 562 2707 615 divina
2747 564 3042 630 sapientia.
3079 567 3215 634 legis
3265 582 3377 619 sum
3410 582 3534 636 pro-

1962 646 2182 700 fundum
2216 649 2268 702 in
2299 651 2461 719 hujus
2492 666 2727 708 extrema
2753 656 2934 710 saeculi
2961 657 3195 723 regione,
3221 658 3371 723 quasi
3394 665 3530 709 tein-

1959 738 2100 804 plum
2137 755 2238 792 suo
2267 742 2487 796 nomine
2531 756 2929 808 consecratum,
2958 748 3095 799 intra
3122 749 3355 800 civitatis
3394 749 3529 801 alte-

1957 831 2067 881 rius
2091 832 2290 885 inmitia
2318 834 2628 891 collocavit.
2651 837 2816 906 Cujus
2852 839 3185 892 constructio
3212 849 3370 908 atque
3394 854 3530 906 opus

1955 924 2201 989 quamvis
2229 926 2573 995 magniﬁcum
2603 929 2871 992 videatur,
2905 929 3131 982 interior
3158 941 3332 982 tamen
3353 930 3531 983 aditus

1954 1029 2060 1066 non
2099 1017 2352 1068 omnibus
2391 1029 2692 1072 reseratur.
2725 1021 2872 1074 Multi
2905 1022 3050 1075 enim
3081 1023 3348 1075 mirantur
3368 1037 3531 1074 orna-

1954 1115 2133 1159 menta
2177 1107 2433 1161 vitiorum
2475 1126 2489 1162 :
2521 1113 2614 1162 sed
2649 1111 2928 1166 interioris
2961 1111 3204 1166 scientiae
3226 1111 3404 1164 aditus
3436 1125 3526 1165 re-

1951 1213 2140 1251 serare
2172 1214 2274 1251 non
2301 1211 2551 1267 possunt.

2023 1287 2113 1341 111.
2143 1287 2326 1353 Quare
2371 1290 2576 1342 oranda
2611 1299 2692 1344 est
2721 1291 2900 1343 divina
2935 1291 3198 1360 dignatio,
3225 1299 3283 1344 ut
3311 1291 3528 1358 pulsan-

1901 1367 1910 1378 ”
1951 1380 2099 1436 tibus
2127 1383 2306 1448 nobis,
2341 1382 2713 1450 intelligentize
2749 1393 2990 1451 patescat
3034 1383 3328 1450 ingressus.
3359 1381 3526 1436 Juhe-

1951 1481 2039 1525 tur
2075 1473 2239 1539 igitur
2272 1475 2483 1527 diversa
2513 1474 2784 1545 leprarum
2819 1490 3016 1543 genera
3052 1476 3312 1530 sacerdos
3341 1475 3524 1540 templi

1949 1564 2237 1634 diligenter
2261 1566 2551 1634 inspicere,
2587 1575 2746 1634 atque
2775 1581 2967 1620 earum
3003 1566 3244 1628 habitus,
3276 1564 3356 1619 vel
3379 1564 3530 1618 colo-

1946 1669 2057 1717 res,
2096 1656 2320 1723 pleniori
2352 1658 2792 1713 consideratione
2829 1656 3261 1725 deprehendere.
3303 1655 3347 1706 A
3381 1653 3530 1708 colo.

1948 1747 2097 1799 ribus
2125 1747 2267 1800 enim
2300 1750 2445 1815 lepra
2477 1748 2714 1802 refertur
2739 1762 2897 1816 posse
2919 1746 3160 1815 agnosci,
3183 1759 3321 1814 quos
3344 1753 3524 1798 tamen

1949 1840 2015 1892 ad
2064 1851 2343 1907 peccatum
2384 1841 2554 1908 magis
2601 1841 2814 1905 animae,
2844 1855 3004 1908 quam
3035 1839 3098 1893 ad
3131 1839 3377 1891 morbum
3409 1850 3531 1891 cor-

1949 1934 2096 1999 poris
2153 1934 2501 1987 manifestnm
2536 1945 2616 1987 est
2648 1935 2940 2002 pertinere.
2979 1932 3184 1986 Diversi
3212 1931 3408 1984 etenim
3438 1943 3530 1983 co-

1950 2022 2114 2087 lores,
2139 2026 2376 2078 diversas
2404 2025 2566 2078 animi
2603 2027 2850 2079 indicant
2891 2024 3155 2076 maculas.
3191 2021 3327 2075 Cum
3364 2020 3529 2090 igitur

1950 2115 2146 2184 pallida
2202 2116 2344 2184 lepra
2388 2118 2742 2186 conspicitur.
2803 2117 3066 2185 languens
3104 2122 3157 2168 ct
3214 2127 3356 2180 aegra
3393 2111 3527 2164 fides

1950 2206 2144 2259 anima:
2168 2206 2476 2261 denotatur.
2501 2204 2636 2260 Cum
2661 2218 2841 2260 autem
2891 2204 3194 2259 rubicunda
3218 2202 3523 2272 deprehen-

1950 2297 2118 2361 ditur,
2166 2312 2318 2351 meus
2367 2297 2552 2352 furore
2591 2307 2751 2366 atque
2785 2297 3064 2350 iracundia
3098 2294 3430 2348 inﬂammata
3473 2303 3528 2346 et

1951 2386 2230 2440 homicidii
2285 2403 2479 2441 cruore
2529 2402 2779 2456 respersa
2829 2387 3200 2456 cognoscitur.
3229 2385 3362 2440 Cum
3397 2397 3527 2438 vero

1951 2479 2094 2540 alba,
2121 2487 2249 2532 tunc
2275 2479 2652 2533 haereticorum
2681 2481 2857 2533 fucata
2907 2489 2961 2534 et
2999 2479 3138 2533 male
3169 2477 3368 2532 munda
3393 2490 3524 2530 con-

1950 2570 2177 2624 scientia
2212 2571 2636 2624 condemnatur.

2026 2661 2117 2716 lV.
2155 2662 2258 2718 Sed
2292 2664 2396 2716 alia
2428 2664 2571 2731 lepra
2602 2663 2655 2714 in
2689 2663 2885 2731 capite,
2909 2662 3014 2716 alia
3043 2659 3176 2715 oriri
3207 2658 3530 2730 perhibetur

1951 2754 2006 2808 in
2038 2755 2225 2809 barba.
2246 2755 2385 2808 Sunt
2416 2757 2560 2807 enim
2591 2754 2835 2808 haeretici
2862 2754 2953 2824 qui
2985 2753 3154 2807 Deum
3201 2752 3416 2806 Patrem
3441 2752 3525 2805 vi-

1951 2847 2150 2901 dentur
2207 2848 2581 2901 tantummodo
2612 2847 3016 2915 blaspliemarc,
3066 2855 3125 2899 ut
3174 2844 3526 2907 Manichacus,

1948 2941 2041 3010 qui
2081 2955 2186 2993 non
2221 2941 2397 2993 solum
2423 2954 2546 2991 eum
2607 2940 2862 2992 factorem
2925 2940 3154 3006 denegat
3186 2937 3392 3000 mundi,
3429 2949 3527 2988 ve-

1950 3046 2068 3084 rum
2103 3033 2264 3085 etiam
2326 3031 2588 3084 malorum
2638 3029 2921 3096 profitetur
2953 3045 3074 3084 esse
3125 3038 3423 3082 auctorem.
3460 3023 3527 3080 ili

267 3113 674 3182 deprehendere
728 3127 886 3181 P0553
927 3111 1235 3166 absomwm
1285 3110 1687 3180 βτίὲἀίοειίοίιίδ
1727 3125 1846 3163 ea"
1871 3117 1914 3176 C
1950 3130 2080 3175 sunt
2110 3123 2200 3190 qui
2251 3122 2452 3188 Iepram
2489 3122 2541 3172 in
2584 3119 2761 3187 Capite
2790 3133 3004 3186 portare
3044 3119 3312 3172 videntur.
3351 3114 3527 3186 Caput

266 3218 388 3256 men
416 3205 662 3270 agnovit,
682 3205 762 3256 eis
785 3201 927 3258 Deus
958 3203 1253 3271 perfectam
1282 3203 1621 3257 harmoniam
1655 3203 1840 3257 solida:

267 3295 413 3348 vocis
437 3295 696 3349 intoiiuit.
732 3293 860 3349 inde
881 3305 963 3349 est
989 3296 1132 3364 quod
1171 3296 1358 3366 figuris
1381 3305 1437 3350 et
1465 3295 1840 3365 muigmatibus

265 3387 348 3441 lex
402 3389 577 3454 prisca
636 3389 968 3456 depingitur,
1008 3391 1267 3460 quoniam
1328 3391 1452 3443 dum
1512 3391 1721 3444 iullrma
1745 3391 1839 3446 Ju-

265 3481 500 3534 daeorum
535 3481 683 3536 acies
719 3483 1028 3546 hebetatur,
1055 3491 1110 3536 et
1137 3483 1427 3535 candidum
1457 3483 1697 3536 scientiae
1729 3484 1840 3536 cla-

267 3573 442 3626 ritatis
483 3573 724 3643 vigorem
773 3572 1093 3643 inspiciendi
1128 3573 1309 3628 lumen
1341 3589 1451 3627 non
1484 3573 1706 3640 habent,
1744 3591 1836 3628 ne-

262 3679 414 3717 cesse
454 3674 536 3718 est
566 3674 624 3718 ut
655 3664 708 3718 in
743 3664 909 3718 variis
959 3665 1147 3731 figuris
1193 3663 1485 3733 ﬁgurarum
1517 3667 1667 3720 color
1685 3665 1837 3720 adhi-

263 3757 476 3812 beatur.
499 3758 634 3809 Nam
665 3757 774 3812 illis
790 3765 846 3812 et
867 3757 1126 3810 virtutum
1153 3756 1392 3824 praemia,
1416 3758 1695 3826 supposita
1719 3773 1833 3825 spe,

263 3848 683 3914 promittuntur;
735 3857 791 3901 et
832 3857 1182 3916 peccatorum
1241 3858 1381 3900 notae
1443 3847 1730 3902 inuruntur
1779 3849 1834 3901 in

260 3951 512 4006 corpore.
569 3935 665 3990 llis
707 3937 852 3990 enim
907 3937 1302 3990 confirmantur
1341 3936 1451 4003 alii,
1493 3938 1693 4006 quibus
1744 3938 1832 3993 alii

260 4030 686 4083 transferuntur.
710 4029 962 4084 Praesens
994 4031 1156 4085 lectio
1175 4030 1343 4100 exigit
1365 4030 1674 4097 huiusmodi
1695 4030 1837 4087 ferre

261 4136 566 4174 sermonem
605 4137 774 4186 :quaa
823 4122 1042 4176 diversa
1093 4122 1368 4191 leprarum
1413 4137 1612 4191 genera
1644 4122 1838 4192 depre-

261 4215 540 4268 hendenda
573 4215 623 4267 in
647 4214 880 4268 diversis
913 4215 1161 4268 materiis
1187 4214 1519 4283 designavit.
1542 4214 1660 4267 Alia
1690 4215 1834 4269 enim

259 4305 410 4373 lepra
446 4305 496 4358 in
526 4305 830 4374 parietibus
863 4305 1291 4368 demonstratur,
1321 4304 1423 4357 alia
1473 4305 1708 4360 humano
1735 4320 1838 4360 no-

259 4406 410 4450 tatur
437 4397 490 4450 in
524 4412 776 4464 corpore,
809 4397 913 4450 alia
946 4397 995 4450 in
1025 4397 1282 4462 vasculis,
1307 4397 1414 4450 alia
1446 4397 1499 4451 in
1531 4406 1698 4461 veste,
1732 4400 1833 4451 alia

258 4490 576 4556 designatur
611 4491 664 4542 in
699 4491 957 4544 stamine.
1007 4489 1214 4544 Deinde
1252 4506 1375 4557 qua:
1430 4491 1482 4542 in
1529 4491 1836 4558 huiusmodi

255 4583 498 4636 Vulneris
527 4583 667 4644 loco,
696 4584 886 4636 crebra
915 4598 976 4637 ac
1012 4584 1159 4635 varia
1199 4583 1444 4650 pellicula
1480 4582 1837 4652 deputantur.

257 4677 399 4741 Quid
453 4679 595 4729 enim
647 4676 869 4730 dicam?
914 4675 1020 4729 Tot
1053 4685 1181 4729 Slltll
1216 4689 1410 4744 genera
1444 4684 1577 4744 quot
1601 4676 1834 4742 colores,

257 4769 362 4818 alia
420 4768 637 4836 pallida,
692 4768 796 4820 alia
848 4775 1012 4829 tetra,
1050 4768 1157 4819 alia
1210 4767 1531 4820 rubicunda.
1567 4768 1767 4821 Deinde
1791 4772 1836 4820 si

257 4859 501 4913 homines
532 4860 705 4927 lepra,
738 4861 1001 4925 quod.est
1041 4859 1268 4911 insitum
1306 4870 1517 4911 natura:
1559 4859 1704 4922 vitio,
1726 4861 1841 4927 pol-

255 4953 493 5014 luautur,
540 4953 669 5018 quid
721 4952 770 5003 lii
810 4951 1039 5011 iaciunt,
1088 4951 1181 5017 qui
1238 4950 1582 5019 gravioribus
1637 4949 1839 5003 morbis

253 5055 536 5108 corporum
578 5039 1030 5109 prmgravantur?
1103 5052 1124 5069 ο

325 5130 393 5186 11.
419 5134 518 5187 Sed
543 5134 767 5201 agejani
797 5133 1077 5184 videamus
1103 5143 1299 5198 genera
1327 5131 1620 5198 leprarum,
1640 5139 1696 5180 ut
1729 5144 1840 5183 me-

253 5225 492 5278 delarum
521 5239 721 5277 causas
756 5238 1050 5290 agnoscere
1075 5232 1237 5290 atque
1262 5223 1496 5287 probare
1529 5223 1834 5290 possimus.

255 5316 312 5369 Si
373 5315 552 5380 luerit,
597 5314 797 5382 inquit,
835 5315 984 5381 lepra
1024 5315 1148 5366 allia
1210 5313 1294 5366 vel
1343 5313 1669 5370 rubicunda.
1723 5313 1838 5366 sive

253 5419 412 5473 tetra,
441 5409 524 5464 vel
572 5407 793 5478 pallida,
832 5407 918 5460 vel
970 5408 1014 5460 si
1065 5406 1289 5468 ﬂorens,
1317 5406 1410 5467 ait,
1441 5408 1542 5458 hoc
1589 5415 1671 5458 est
1725 5415 1839 5459 toto

250 5515 482 5568 corpore
521 5502 849 5556 decurrens.
880 5498 1012 5553 Nam
1046 5511 1130 5553 cst
1153 5501 1493 5553 detestabilis
1523 5501 1690 5568 lepra,
1720 5514 1840 5567 quae

248 5596 474 5645 omnino
511 5593 708 5645 mttuda
723 5594 764 5646 ri
800 5608 906 5646 non
937 5597 1126 5663 possit.
1157 5592 1249 5646 Est
1281 5602 1328 5645 el
1349 5609 1468 5661 qua:
1498 5593 1707 5645 facilem
1743 5593 1840 5645 ha-

249 5685 380 5738 beat
428 5689 865 5740 inundationem.
905 5688 1024 5739 Alia
1081 5702 1299 5754 quoque
1345 5685 1639 5739 advcnlilia
1679 5704 1690 5739 :
1731 5686 1835 5738 alia

252 5775 446 5832 innata
474 5777 933 5842 deprehenditur:
958 5794 1077 5845 qum
1116 5781 1298 5832 omnia
1332 5778 1433 5831 nisi
1471 5777 1835 5845 spiritualiter

1947 3211 2107 3272 enim,
2143 3209 2316 3276 inquit
2353 3209 2664 3277 Apostolus,
2697 3209 2794 3280 viri
2822 3207 3060 3261 Christus
3089 3219 3166 3261 est
3207 3205 3259 3276 (1
3293 3205 3419 3260 Cor.
3448 3222 3528 3269 xt,

1945 3303 2024 3372 5.)
2082 3301 2213 3367 Quae
2246 3315 2374 3354 vero
2410 3300 2556 3368 lepra
2587 3300 2638 3351 iu
2675 3299 2841 3352 barba
2873 3309 3144 3368 portatur,
3181 3299 3233 3352 hi
3279 3308 3402 3351 sunt
3435 3298 3528 3365 qui

1941 3399 2327 3464 blasphemare
2358 3394 2609 3447 videntur
2638 3391 2690 3446 in
2732 3391 2951 3446 Filium.
2980 3392 3257 3445 Christum
3293 3390 3439 3445 enim
3469 3391 3523 3442 in

1941 3489 2176 3540 adventu
2203 3483 2457 3552 pristino,
2487 3481 2713 3549 perfecti
2743 3481 2842 3535 viri
2868 3497 3041 3536 aivuin
3067 3491 3341 3550 agentem,
3368 3478 3526 3548 quasi

1941 3577 2249 3634 tricenario:
2266 3578 2442 3631 aetatis
2462 3576 2692 3631 virilitas
2716 3577 3016 3630 decoravit.
3047 3575 3152 3628 Sed
3179 3583 3253 3634 et.
3283 3574 3328 3625 si
3361 3581 3524 3631 tetra,

1941 3671 2141 3739 inquit,
2167 3679 2216 3721 et
2249 3668 2415 3722 livida
2452 3668 2612 3737 fuerit
2637 3684 2654 3721 :
2679 3667 2808 3737 quid
2841 3667 2984 3720 aliud
3017 3683 3178 3736 quam
3215 3665 3429 3718 lividam
3471 3674 3527 3717 et

1939 3763 2129 3816 livoris
2163 3761 2392 3815 maculis
2438 3760 2832 3815 exsecrandam
2897 3759 3178 3829 designat?
3223 3756 3281 3810 Si
3327 3767 3522 3818 autem,

1939 3853 2035 3918 ait,
2065 3868 2218 3920 nigra
2259 3851 2418 3920 fuerit
2475 3851 2644 3920 lepra,
2683 3850 2834 3918 fumo
2862 3851 3047 3917 utique
3084 3847 3425 3910 idololatriae,
3470 3859 3527 3902 et

1939 3943 2336 3997 sacriﬁciorum
2367 3941 2658 3995 nidoribus
2677 3951 2760 3994 est
2780 3948 2987 3994 notata.
3015 3938 3075 3992 Si
3103 3947 3300 4006 autem,
3324 3937 3522 4006 inquit,

1939 4037 2133 4104 florens
2159 4035 2304 4101 lepra
2333 4033 2517 4104 fuerit,
2537 4035 2934 4101 etcooperuerit
2961 4048 3166 4086 onmem
3197 4031 3380 4100 ﬂorem
3406 4046 3526 4083 ma-

1941 4127 2225 4181 culationis
2283 4144 2314 4180 a
2368 4128 2544 4194 capite
2575 4142 2739 4197 usque
2776 4124 2845 4178 ad
2870 4126 3044 4192 pedes,
3097 4123 3213 4175 visu
3237 4122 3526 4175 sacerdotis

1941 4219 2348 4289 dijudicabitur.
2379 4215 2600 4271 .Videbit
2645 4217 2787 4270 enim
2837 4214 3086 4269 sacerdos
3109 4230 3129 4269 :
3153 4223 3202 4267 et
3232 4229 3347 4267 ecce
3376 4213 3524 4278 lepra

1942 4311 2209 4379 cooperuit
2241 4325 2450 4362 omnem
2473 4308 2661 4377 pellem
2691 4307 2950 4374 corporis,
2993 4314 3042 4358 et
3073 4305 3344 4357 mundabit
3374 4303 3526 4357 illum

1944 4391 2190 4457 sacerdos
2220 4419 2253 4455 a
2289 4401 2666 4462 maculatione,
2695 4400 2944 4468 quoniam
2986 4398 3042 4450 in
3089 4399 3264 4450 album
3292 4395 3525 4449 mutabi-

1950 4505 2054 4546 tur.
2091 4491 2278 4563 (Levit.
2309 4507 2424 4555 xm,
2455 4491 2488 4544 5
2532 4489 2733 4560 seqq.).

2024 4583 2085 4640 V.
2117 4585 2168 4637 in
2204 4585 2305 4637 hac
2341 4586 2514 4653 lepra,
2555 4600 2715 4652 quam
2746 4583 2898 4652 quasi
2942 4583 3119 4638 albam
3149 4591 3203 4636 et
3245 4581 3524 4635 florentem

1943 4677 2215 4746 designat,
2247 4677 2460 4728 diversa
2518 4676 2753 4728 crimina
2803 4677 2956 4729 varie
2979 4675 3372 4744 deprehendit:
3399 4673 3525 4740 quia

1943 4785 2069 4824 cum
2117 4768 2414 4822 mundialis
2444 4769 2567 4821 vita:
2598 4769 2869 4837 voluptas,
2909 4770 3064 4837 quasi
3098 4769 3322 4822 candida
3351 4777 3403 4820 et
3427 4769 3525 4818 llo.

1943 4874 2068 4914 rens
2123 4859 2487 4923 existimatur,
2522 4871 2631 4912 tum
2681 4875 2847 4928 grave
2899 4861 3159 4913 vitiorum
3208 4862 3523 4927 contagium

1943 4956 2222 5014 grassatur
2253 4950 2304 5000 in
2343 4963 2594 5016 corpore.
2624 4947 2756 5001 Nam
2790 4961 2886 5002 aut
2929 4951 3194 5012 avaritiae,
3220 4960 3313 5001 aut
3347 4948 3523 5001 libidi-

1944 5037 2026 5088 nis
2089 5039 2314 5089 tuarulae
2367 5048 2776 5107 perpatescunt.
2808 5039 2911 5093 Sed
2973 5041 3114 5093 hanc
3167 5040 3368 5107 lepram
3415 5039 3525 5091 cito

1943 5129 2075 5182 dicit
2119 5145 2276 5198 posse
2339 5131 2610 5184 iunndari.
2664 5131 2923 5186 Avaritiae
2950 5134 3093 5186 enim
3129 5133 3332 5185 crimen
3365 5130 3525 5184 facile

1942 5235 2136 5274 curare
2164 5230 2360 5289 potest,
2405 5221 2524 5290 qui,
2568 5236 2866 5276 conversus
2917 5223 2982 5273 ad
3035 5222 3336 5282 Dominum,
3363 5229 3417 5274 cl.
3457 5235 3522 5273 ea

1943 5326 2065 5380 quae
2087 5311 2392 5380 possederit
2418 5314 2773 5382 indigentium
2802 5313 3072 5366 alimonia:
3097 5312 3524 5371 ministraverit:

1945 5404 2016 5458 ita
2053 5415 2110 5456 ut
2146 5403 2406 5457 Dominus
2438 5405 2488 5457 in
2520 5405 2812 5474 Evangelia
2842 5406 2917 5456 ait
2948 5421 2960 5456 :
3006 5402 3194 5456 Verum
3239 5405 3360 5455 date
3387 5404 3524 5457 elee—

1944 5513 2242 5567 mosyuam.
2275 5507 2322 5549 et
2349 5513 2464 5549 ecce
2495 5499 2670 5550 omnia
2705 5498 2844 5550 vobis
2875 5500 3067 5548 munda
3115 5505 3236 5549 sunt
3264 5495 3413 5567 (Luc.
3447 5510 3524 5561 xl,

1942 5591 2054 5657 41).
2091 5588 2398 5643 Libidinem
2453 5605 2672 5658 quoque
2713 5590 2962 5643 celeriter
3002 5588 3264 5644 mundare
3300 5590 3523 5658 poterit,

1943 5673 1986 5738 si
2019 5684 2238 5753 jejuniis
2287 5683 2742 5751 frequentissimis
2774 5695 2828 5738 et
2853 5683 3186 5738 abstinentia
3213 5697 3412 5752 corpus
3440 5697 3526 5737 re-

1946 5776 2192 5832 tinuetit.
2226 5776 2331 5832 Sed
2362 5777 2447 5831 his
2487 5775 2743 5832 omnibus
2766 5777 3028 5832 medelam
3059 5792 3155 5847 per
3186 5775 3525 5832 sacerdotem
