4012 6188
397 283 536 388 955‘

1344 324 1400 382 S.
1445 321 1886 382 IIIERONYMI
1928 324 2246 384 OPERUM
2285 324 2689 384 MANTISSA.

3535 319 3644 382 256

398 434 656 506 pracepit
675 434 932 490 Dominus
965 433 1236 488 adhiberi.
1269 434 1406 488 Dicit
1433 420 1576 489 enim
1603 451 1722 490 esse
1759 437 1963 504 lepram
1997 455 2042 509 Α
2070 438 2329 505 jubentur
2367 439 2586 492 otl'erri?
2617 437 2670 489 ln
2707 436 2917 490 duobus
2970 449 3098 500 ergo
3139 432 3314 501 agnis.
3350 433 3459 486 duo
3489 433 3645 488 Curi-

398 544 519 596 que
581 527 972 584 sacriﬁciorum
1004 527 1371 582 oblationibus
1415 529 1756 583 emundetur.
1789 529 1962 582 Aliam

411 633 530 673 vero
563 635 725 688 quam
772 633 923 687 aqua:
973 617 1186 672 facilius
1233 619 1496 672 ablnant:
1539 629 1967 692 necnouetqme

406 721 558 764 extra
596 720 776 764 castra
808 711 981 778 posita
1013 712 1323 764 mundetur.
1360 713 1492 770 Esse
1515 727 1733 780 quoque
1761 711 1966 780 lepram

414 803 597 855 .sserit
631 818 646 857 :
687 817 804 869 quae
835 804 1078 855 mundari
1113 803 1336 856 omnino
1370 818 1475 856 non
1507 803 1696 870 pOSsil.

477 890 564 946 Vl.
618 891 817 946 Horum
863 895 1028 963 igitur
1061 895 1357 948 secundum
1391 892 1616 960 ﬁguram
1663 893 1970 962 graviorum

397 989 754 1053 peccatorum
797 987 1025 1039 crimina
1062 999 1484 1055 congregantur.
1528 986 1646 1038 Alia
1697 996 1821 1038 sunt
1858 1001 1976 1052 (iure

406 1086 531 1129 ante
588 1077 912 1145 baptismum
971 1079 1219 1132 videntur
1269 1093 1391 1132 esse
1437 1077 1724 1130 commissa
1784 1094 1797 1129 :
1857 1092 1977 1146 quas

407 1179 589 1223 tamen
643 1185 736 1236 per
788 1171 1014 1239 gratiam
1081 1172 1332 1238 baptismi
1369 1171 1669 1224 diluuntur.
1701 1169 1816 1223 Alia
1851 1183 1978 1222 vero

407 1278 530 1330 qua:
579 1274 704 1330 post
749 1265 1072 1320 lavationem
1147 1267 1486 1332 baptismatis
1555 1273 1976 1332 perpetrantur:

407 1368 530 1419 quae
561 1355 675 1407 sive
705 1356 979 1422 graviora,
1018 1355 1128 1409 sive
1164 1356 1368 1406 minora
1415 1363 1632 1420 peccata
1669 1354 1800 1416 sint,
1838 1352 1983 1404 visus

383 1455 590 1526 \tamen
628 1447 929 1498 sacerdotis
960 1447 1238 1498 emundat.
1291 1445 1670 1512 Quodcunque
1696 1442 1841 1495 enim
1876 1443 1987 1492 nfo-

411 1538 596 1590 dicum
648 1537 902 1589 delictum
960 1537 1138 1597 luerit.
1173 1545 1347 1604 potest
1379 1551 1408 1588 a
1450 1535 1731 1588 sacerdote
1763 1533 1986 1586 omnino

413 1629 670 1680 relaxari.
705 1629 834 1692 Qua:
875 1637 1051 1682 autem
1099 1629 1345 1696 graviora
1379 1638 1527 1690 sunt,
1563 1625 1846 1691 disciplina
1889 1626 1984 1676 de-

413 1719 542 1772 bent
590 1721 977 1775 ecclesiasticae
1001 1722 1196 1789 regula
1231 1730 1283 1773 et
1324 1720 1567 1772 oratione
1593 1718 1833 1787 purgari.
1857 1717 1986 1780 Quae

2070 533 2137 582 sti
2176 531 2554 597 signiﬁcantur
2583 531 2868 592 adventus,
2899 529 2952 580 in
2982 529 3179 594 quibus
3227 526 3450 579 credere
3481 541 3648 593 opor-

2071 632 2167 683 tet,
2204 632 2260 674 ut
2288 622 2569 674 cmundari
2604 637 2632 673 a
2669 621 2813 689 lepra
2859 630 3205 688 peccatorum
3240 621 3391 688 prius
3443 635 3650 673 merca-

2072 729 2213 775 mur,
2251 729 2418 766 unum
2457 729 2577 767 eum
2612 715 2754 765 venit
2781 723 2833 767 et
2869 729 3061 779 passus
3098 724 3199 772 est,
3237 713 3404 766 alium
3437 728 3546 781 quo
3570 723 3651 765 est

2070 813 2336 858 venturus
2389 805 2442 858 in
2499 805 2692 872 gloria.
2749 805 2854 858 Sed
2911 806 3154 869 vitulum,
3189 805 3387 872 inquit,
3419 806 3651 870 o/ferat:

2076 898 2176 949 hoc
2216 897 2530 949 animalium
2590 912 2810 964 genere,
2842 907 3032 966 gentes
3068 896 3244 948 crucis
3281 893 3482 947 Christi
3522 894 3652 961 jugo

2076 988 2446 1057 subjugandas
2475 1004 2598 1042 esse
2625 989 2987 1042 demonstrat.
3018 988 3146 1040 Dua:
3177 987 3387 1056 gallina:
3415 987 3654 1037 animam

2077 1081 2320 1133 indicare
2378 1081 2632 1133 videntur
2688 1089 2741 1132 et
2784 1094 3030 1134 carnem.
3084 1062 3186 1132 Sed
3241 1095 3422 1140 unam,
3456 1077 3652 1141 inquit.

2077 1171 2336 1239 gallinam
2367 1172 2590 1233 occides,
2629 1170 2851 1223 alteram
2884 1187 3022 1239 aqua
3059 1169 3260 1232 abluas,
3296 1178 3343 1221 et
3392 1169 3650 1220 dimittu.

2080 1263 2218 1315 Caro
2251 1263 2436 1331 utique
2466 1263 2518 1315 in
2549 1263 2802 1330 passione
2825 1262 3046 1328 jubctur
3075 1261 3248 1314 occidi
3277 1261 3486 1314 :‘anima
3521 1275 3654 1314 vero

2081 1367 2201 1420 quae
2220 1369 2314 1421 per
2333 1368 2582 1407 naturam
2601 1363 2817 1406 aeternae
2836 1353 2996 1406 morti
3019 1351 3232 1405 videtur
3247 1367 3364 1404 esse
3385 1351 3650 1422 subjecta,

2083 1445 2268 1496 abluta
2318 1459 2455 1512 aqua
2513 1443 2856 1512 baptismatis
2926 1458 2954 1495 a
3002 1442 3325 1495 criminibus
3395 1443 3649 1496 relaxari.

2156 1535 2250 1589 IX.
2281 1536 2383 1589 Sed
2412 1545 2459 1589 et
2491 1537 2714 1606 lignum,
2741 1535 2938 1603 inquit,
2975 1534 3270 1586 cedrinum.
3319 1532 3654 1603 lmpntribilc

2086 1629 2187 1683 hoc
2246 1629 2372 1696 ligni
2432 1643 2602 1696 genus
2649 1643 2796 1692 esse,
2821 1642 2983 1680 nemo
3023 1626 3226 1691 estqui
3265 1628 3490 1679 nesciat.
3515 1625 3658 1694 Ergo

2087 1736 2182 1788 per
2223 1722 2482 1782 cedrum,
2543 1719 2914 1786 incorruptam
2995 1728 3232 1769 mentem
3303 1725 3355 1768 et
3401 1715 3654 1768 stabilem

412 1825 546 1863 vero
598 1812 918 1865 insanabilia
973 1821 1118 1875 sunt,
1154 1811 1264 1864 Deo
1309 1812 1478 1880 judici
1529 1817 1895 1864 reservantur.
1924 1806 1986 1859 Et
2020 1817 2057 1867 Β
2091 1816 2245 1867 tidem
2275 1813 2442 1864 voluit
2471 1815 2680 1866 ostendi
2715 1828 2728 1864 :
2769 1813 3060 1881 byssOpum
3089 1820 3268 1861 autem
3316 1825 3504 1878 preces
3533 1823 3658 1862 ora-

417 1902 542 1955 inde
574 1913 653 1956 est
690 1904 830 1972 quod
877 1905 927 1956 in
977 1905 1078 1956 hoc
1122 1903 1236 1956 loco
1273 1905 1346 1954 ait
1381 1919 1397 1958 :
1436 1901 1862 1969 Unumquemque
1898 1913 1983 1950 se-

419 1995 645 2045 cundum
698 1994 834 2059 quod
894 1995 1050 2046 habet
1092 1997 1360 2061 propriam
1390 1995 1740 2054 curationem,
1778 1990 1985 2058 sacriﬁ-

419 2085 557 2138 cium
613 2087 800 2153 οπεηέ
853 2088 1034 2139 debere
1066 2086 1254 2153 (Levit.
1292 2102 1400 2145 xw,
1425 2086 1548 2153 5‘2):
1589 2086 1640 2138 id
1682 2092 1793 2148 est,
1821 2097 1986 2136 unus.

421 2177 650 2245 quisque
708 2179 1001 2232 secundum
1058 2179 1200 2246 quod
1243 2193 1302 2232 se
1344 2179 1638 2246 deliquisse
1687 2174 1983 2245 cognoscit,

421 2267 536 2320 sive
571 2282 664 2335 per
693 2270 965 2321 carnalem
1003 2269 1522 2336 concupiscentiam,
1552 2282 1645 2321 seu
1691 2282 1784 2335 per
1816 2265 1987 2318 idolo-

421 2359 656 2420 latriam,
684 2376 778 2414 seu
833 2361 1095 2428 periurio,
1128 2376 1224 2414 seu
1283 2359 1586 2423 mendacio,
1635 2358 1788 2426 quasi
1828 2359 1990 2426 lepra:

425 2467 484 2503 se
511 2452 658 2504 vitiis
695 2452 946 2521 intelligit
977 2452 1304 2505 maculatum
1341 2469 1354 2504 :
1387 2460 1544 2518 prout
1575 2451 1828 2518 potuerit,
1883 2448 1989 2501 Deo

423 2543 732 2596 sacriﬁcare
776 2558 878 2594 non
917 2544 1147 2597 desinat.
1188 2543 1291 2596 Sed
1357 2543 1486 2595 dicit
1535 2558 1704 2609 genus
1753 2557 1874 2594 esse
1917 2541 1989 2591 le-

424 2648 555 2701 prac,
587 2636 726 2700 quod
762 2635 983 2687 omnino
1034 2634 1281 2686 muttdari
1339 2649 1441 2686 non
1490 2633 1661 2701 possit
1715 2649 1727 2684 :
1768 2643 1821 2684 et
1869 2631 1991 2684 ideo

427 2726 731 2793 huiusmodi
785 2726 945 2778 homo
986 2737 1136 2780 extra
1179 2734 1356 2780 castra
1382 2726 1607 2795 jubetnr
1636 2725 1853 2794 expelli.
1881 2722 1992 2787 lloc

426 2828 509 2872 est
545 2833 676 2870 sane
702 2820 931 2884 crimen,
961 2821 1100 2887 quod
1147 2820 1455 2872 admittitur
1487 2821 1538 2871 in
1573 2817 1833 2887 Spiritum
1867 2833 1992 2870 san-

427 2921 598 2971 etum,
631 2910 974 2979 blasphemia)
1019 2911 1250 2975 scilicet,
1288 2913 1423 2962 sicut
1478 2911 1593 2977 ipse
1635 2909 1894 2963 Dominus
1940 2910 1992 2962 in

429 2995 722 3065 Evangelii)
767 3001 842 3052 ait
881 3016 905 3071 τ’
930 3001 1033 3064 Qui
1062 3003 1349 3068 peccaverit
1373 3003 1424 3054 in
1450 2999 1709 3065 Spiritum
1730 3009 1993 3064 sanctum,

431 3105 533 3143 non
582 3094 872 3146 remittetur
895 3094 941 3145 ei
972 3109 1131 3161 neque
1154 3093 1259 3155 hic,
1293 3109 1452 3160 neque
1477 3095 1530 3146 in
1567 3093 1746 3162 futuro
1778 3092 1992 3162 (Matth.

432 3195 530 3240 ιιι.
557 3184 668 3247 3'2).

510 3274 615 3327 \‘ll.
646 3275 855 3341 Adjecit
891 3285 1068 3329 autem
1095 3276 1374 3341 Scriptura
1406 3276 1609 3340 divina,
1649 3276 1853 3343 lepram
1884 3292 2002 3331 esse

438 3367 490 3418 in
547 3368 797 3434 vasculis,
830 3369 1030 3436 lepram
1076 3369 1128 3422 in
1171 3369 1490 3438 parietibus,
1523 3369 1725 3436 lcpram
1753 3370 1804 3420 in
1837 3370 2002 3422 vesti-

437 3463 557 3524 bus,
590 3463 789 3528 lcpram
834 3463 884 3515 in
917 3465 1166 3524 stamine,
1200 3462 1294 3516 sed
1322 3463 1591 3531 quomodo
1638 3464 1690 3515 in
1729 3461 1814 3516 his
1841 3464 2004 3516 rebus

438 3552 590 3620 lepra
624 3569 742 3606 esse
793 3543 982 3620 possit,
1019 3555 1233 3623 penitus
1282 3555 1468 3623 ignoro
1501 3569 1666 3626 :Iqute
1719 3555 1845 3623 quia
1897 3555 2004 3608 vita

439 3655 652 3709 carent,
705 3647 866 3698 etiam
921 3659 1082 3699 sensu
1132 3660 1322 3699 carere
1377 3660 1598 3699 necesse
1629 3654 1732 3699 est.
1769 3644 1873 3698 Sed
1907 3659 2007 3712 ego

443 3740 674 3793 arbitror
727 3755 846 3791 cum
881 3739 932 3791 in
963 3739 1262 3806 parietibus
1299 3739 1490 3792 dctnus
1527 3739 1677 3808 lepra
1709 3754 1831 3795 esse
1869 3741 2009 3794 refe-

443 3841 614 3897 ratur,
663 3831 1038 3892 lnereticorum
1091 3833 1369 3900 perﬁdiam
1426 3833 1626 3885 notari.
1664 3832 1804 3897 Quid
1860 3835 2006 3886 enim

444 3939 550 3978 non
585 3923 864 3991 polluitur,
906 3925 993 3977 ubi
1029 3925 1346 3978 adulterina)
1389 3925 1649 3978 doctrinae
1675 3926 2009 3994 blasphemia

444 4016 814 4084 praedicatur?
859 4015 986 4069 Ideo
1019 4015 1159 4069 banc
1192 4016 1396 4083 lepram
1438 4016 1695 4070 sacerdos
1721 4017 1941 4083 jubetur
1978 4033 2008 4069 a

447 4108 744 4176 parietibus
791 4109 1119 4167 emundare,
1191 4115 1248 4160 ut
1300 4108 1579 4161 catholica:
1633 4109 1875 4162 veritatis
1917 4110 2012 4162 do-

447 4200 648 4261 ctrina,
677 4199 944 4251 tnacnlosa
978 4198 1356 4252 hereticorum
1399 4199 1558 4252 verba
1583 4199 1833 4268 depellat.
1876 4199 2010 4254 Cum

448 4300 626 4343 antem
687 4291 828 4358 lepra
883 4291 936 4342 in
985 4292 1224 4345 vasculis
1253 4290 1452 4344 dicitur
1485 4305 1626 4352 esse,
1660 4291 1862 4360 proprii
1892 4307 2014 4346 cor-

450 4385 595 4453 poris
647 4384 839 4437 delicta
876 4393 1266 4437 monstrantur.
1313 4382 1446 4437 Vasa
1511 4393 1688 4435 autem
1731 4385 2009 4437 hominum

2091 1918 2371 1972 tionesque
2397 1905 2749 1957 demonstrat.
2773 1904 2879 1955 Sed
2912 1913 2966 1954 ct
2996 1916 3244 1963 cornum,
3273 1901 3482 1956 scilicet
3517 1915 3660 1953 mar-

2091 1996 2208 2064 tyrii
2269 1997 2493 2062 gloriam
2553 1995 2882 2048 manifestat.
2946 1996 3049 2059 Qui
3099 1995 3375 2048 mediocris
3415 1993 3516 2054 εεί,
3559 1993 3659 2054 ait,

2088 2086 2226 2155 quod
2270 2086 2404 2140 valet
2449 2087 2636 2155 o/ferat
2668 2103 2688 2142 .'
2724 2086 2774 2139 id
2808 2097 2910 2151 est,
2945 2087 2990 2141 si
3021 2088 3142 2156 quis
3175 2101 3278 2139 nou
3313 2101 3500 2140 omnes
3525 2084 3661 2137 divi-

2093 2162 2209 2231 tias.
2254 2180 2556 2233 caelestium
2613 2189 2697 2232 est
2756 2179 3145 2232 charismatum
3197 2187 3542 2239 consecutus,
3574 2173 3658 2228 vel

2090 2278 2270 2339 potest
2299 2269 2402 2324 etsi
2437 2270 2716 2323 minimum
2761 2268 2872 2323 Deo
2913 2270 3212 2324 devotionis
3237 2284 3346 2321 sum
3374 2267 3662 2334 deportare

2090 2363 2431 2425 obsequium.
2464 2361 2533 2417 Ut
2581 2361 2625 2415 si
2670 2359 3030 2430 virginitatem
3074 2360 3197 2430 quis
3231 2361 3521 2412 observare
3551 2372 3659 2410 non

2095 2455 2289 2523 potuit,
2321 2454 2481 2508 unius
2525 2454 2772 2521 conjugis
2820 2454 3008 2507 saltem
3039 2463 3244 2508 castum
3273 2451 3448 2506 cubile
3477 2462 3664 2504 custo-

2093 2545 2204 2596 diat
2238 2562 2251 2596 :
2290 2544 2374 2596 vel
2414 2543 2504 2612 qui
2550 2543 2794 2611 martyrii
2840 2552 3100 2611 tropzcum
3137 2557 3242 2594 non
3285 2543 3450 2594 valuit
3480 2555 3662 2607 repor-

2097 2645 2235 2700 tarc,
2270 2637 2411 2705 fuga:
2469 2651 2527 2690 se
2580 2637 2846 2704 praesidiis
2895 2638 3002 2690 Deo
3053 2647 3232 2690 servet
3282 2634 3561 2689 invictum.
3592 2631 3662 2685 Et

2095 2727 2218 2793 olei,
2262 2727 2459 2796 inquit,
2498 2728 2750 2781 tortulam
2795 2729 3228 2798 o/ferat,u1ique
3278 2726 3666 2782 misericordis

2095 2823 2319 2891 gratiam
2358 2839 2372 2876 :
2401 2821 2561 2876 etiam
2594 2821 2637 2873 si
2675 2820 3038 2874 clarissimant
3089 2818 3461 2874 sanctimonia:
3494 2818 3663 2870 facem

2099 2914 2352 2982 praeferre
2411 2929 2516 2966 non
2574 2913 2766 2979 valuit,
2818 2913 3097 2966 lucernam
3144 2911 3334 2966 saltem
3375 2910 3498 2965 ﬁdei
3559 2925 3665 2963 non

2099 3008 2429 3076 exstinguat.
2461 3006 2665 3061 Videtis
2687 3020 2838 3076 ergo,
2867 3005 3204 3060 dilectissimi
3225 3004 3438 3064 fratres,
3465 3002 3664 3056 nullam

2102 3107 2358 3154 essetam
2415 3100 2662 3168 exiguam
2714 3101 3008 3168 spiritualis
3063 3099 3249 3167 gratiae
3277 3104 3666 3167 paupertatem.

2105 3208 2223 3259 quze
2254 3191 2318 3245 ad
2357 3191 2694 3246 oﬁ'erendum
2725 3191 3054 3246 sacrilicium
3094 3190 3202 3241 Deo
3232 3205 3336 3242 non
3377 3202 3670 3257 quamcon-

2104 3300 2208 3354 que
2246 3285 2417 3352 possit
2444 3285 2816 3339 sanctimoniae
2853 3283 3182 3337 oblationem
3219 3279 3436 3334 oﬁ‘erre.

2210 3420 2526 3475 MONlTUM
2569 3420 2637 3474 IN
2683 3418 3070 3477 EPISTOLAM
3132 3413 3562 3483 SEQUENTEM.

2178 3534 2389 3590 Dicitur
2449 3550 2477 3587 a
2535 3535 2813 3587 nonnullis
2867 3548 2989 3587 esse
3048 3527 3442 3598 Chrysostomi,
3503 3543 3674 3594 quan-

2108 3622 2278 3676 quam
2304 3621 2402 3658 nec
2430 3605 2549 3673 ejus
2583 3605 2673 3676 sit.
2699 3605 2858 3659 Certe
2885 3614 2942 3656 ιιι
2968 3603 3355 3676 Hieronymum
3397 3607 3668 3676 auctorem
3695 3639 3704 3647 .

2111 3668 2213 3730 non
2268 3668 2474 3727 habere
2518 3675 2744 3736 sentias,
2798 3687 3124 3741 quanquam
3169 3684 3252 3722 res
3306 3668 3501 3741 clamat
3534 3668 3670 3733 ipsa,

2109 3747 2242 3800 satis
2283 3746 2496 3797 abumte
2529 3743 2691 3796 fuerit
2727 3738 2866 3796 banc
2910 3738 3029 3793 cum
3069 3738 3483 3805 llierouymiana
3511 3751 3676 3802 espo—

2109 3818 2308 3868 sitione
2349 3815 2401 3867 in
2457 3814 2684 3882 epistola
2729 3812 2817 3877 2|,
2851 3811 2917 3864 ad
2972 3811 3262 3882 Damasum
3300 3807 3710 3882 contendisse.,

2110 3885 2211 3939 Hic
2240 3877 2504 3950 praeterea
2533 3897 2682 3936 num.
2710 3883 2746 3934 ‘2.
2775 3884 2908 3935 duas
2933 3882 3068 3934 alias
3106 3877 3412 3948 parabolas,
3447 3877 3512 3950 de
3543 3888 3662 3950 ‘ove

2111 3964 2165 4009 et
2200 3945 2264 4007 de
2303 3953 2550 4015 muliere,
2587 3961 2829 4006 contexto
2864 3953 3048 4002 ordine
3075 3945 3236 4016 supra
3269 3964 3296 3998 a
3330 3961 3388 3999 se
3415 3945 3504 4016 ait_
3541 3946 3676 3996 reci-

2113 4035 2277 4086 tatas,
2331 4037 2466 4090 quas
2497 4013 2770 4090 nunquam
2806 4031 2888 4074 est
2939 4013 3157 4088 proprio
3189 4031 3352 4086 opere
3383 4017 3443 4070 S.
3479 4013 3675 4066 Doctor

2113 4095 2529 4161 interpretatus.

2609 4158 2946 4217 EPISTOLA
2974 4156 3169 4212 XXXV

2611 4197 2677 4217 ul
2699 4197 2798 4216 ιυι
2814 4197 2946 4214 νυη
2976 4197 3123 4212 an...
3142 4197 3154 4210 ς
3175 4197 3191 4221 ,

2114 4271 2208 4311 εει]
2256 4270 2476 4311 ΗΟΙΙΙΔᾹ
2505 4270 2573 4311 DE
2602 4270 2807 4310 DUOBUS
2833 4270 3016 4320 FiLlIS,
3050 4266 3207 4306 FBUGI
3241 4267 3305 4305 ΕΤ
3354 4262 3674 4303 ιιιιυιιιοεο.

2147 4370 2227 4425 οι.
2262 4369 2516 4422 Omnium
2562 4369 2782 4438 quidem
2840 4368 2908 4421 de
2973 4365 3274 4435 Scriptnris
3323 4364 3675 4432 quaestionum

451 4451 779 4538 corporibus
809 4483 1086 4539 comparat
1123 4473 1419 4540 Apostolus
1455 4488 1469 4529 :
1502 4472 1788 4538 Habentes,
1817 4473 2012 4542 inquit,
2046 4485 2090 4539 ι)
2118 4462 2386 4515 θὺεοιιιιίο
2411 4462 2484 4514 ἱΗί
2513 4462 2621 4514 soli
2651 4461 2722 4512 ita
2749 4470 2805 4513 ut
2828 4469 2932 4523 est,
2955 4470 3036 4513 ρει
3066 4468 3214 4518 nota,
3243 4458 3334 4526 qui
3369 4455 3540 4507 dixit:
3571 4451 3681 4519 Ego

449 4564 748 4616 thesaurum
787 4566 923 4616 hunc
949 4568 1002 4618 in
1025 4567 1163 4619 vasis
1195 4566 1446 4632 ﬁctilibus
1469 4565 1552 4635 (II
1588 4567 1708 4620 Cor.
1746 4583 1818 4629 tv,
1861 4569 1932 4636 7).
1963 4568 2018 4621 lo

451 4658 681 4709 stamine
705 4668 881 4708 autem
901 4657 1175 4723 quomodo
1205 4657 1346 4726 lepra
1371 4674 1490 4711 esse
1525 4669 1717 4725 potest,
1759 4659 1862 4712 nisi
1893 4659 2017 4722 quia

452 4749 681 4803 stamine
732 4749 910 4802 anima
971 4749 1204 4802 hominis
1255 4749 1427 4803 ﬁdelis
1494 4749 1840 4819 designatur?
1894 4750 2021 4814 Qua:

451 4857 576 4896 cum
612 4843 1016 4904 tentationibus,
1050 4851 1107 4895 ut
1143 4841 1318 4894 fusum
1368 4842 1582 4895 ﬁlorum
1622 4843 1878 4895 tenuitate
1915 4853 2024 4895 tor-

451 4946 667 5004 quetur,
724 4935 974 4988 lirmioris
1021 4937 1234 4988 virtutis
1274 4934 1549 4989 soliditate
1598 4935 2022 5002 constringitur.

527 5025 657 5082 Vlll.
703 5028 819 5080 Stat
856 5044 986 5095 ergo
1031 5029 1232 5088 anima.
1268 5038 1326 5082 ut
1379 5028 1760 5082 densissimum
1807 5037 2022 5080 stamen

453 5128 633 5172 crccta
689 5134 704 5173 :
756 5122 1016 5187 corporis
1048 5133 1178 5174 vero
1224 5135 1437 5182 scnStts,
1469 5130 1526 5172 ut
1579 5129 1748 5172 trama
1805 5117 2020 5171 stantini

455 5212 773 5278 subiacebit.
801 5210 865 5264 Et
892 5212 1009 5264 ideo
1036 5213 1199 5263 etiam
1237 5211 1290 5263 in
1337 5219 1510 5262 trama
1544 5210 1745 5276 lcpram
1774 5221 1890 5260 esse
1927 5206 2020 5256 de-

456 5305 631 5369 signat
665 5321 680 5356 :
714 5303 840 5371 quia
889 5303 989 5355 alia
1038 5304 1305 5372 corporis,
1340 5302 1439 5354 alia
1477 5302 1668 5352 animm
1700 5307 1916 5364 peccata
1944 5297 2023 5350 si-

363 5395 368 5400 ’
457 5397 693 5458 gniﬁcat.
729 5396 831 5447 Sed
890 5395 1018 5460 quid
1070 5413 1165 5463 pro
1217 5395 1563 5447 inundatione
1610 5393 1902 5461 leprarnm,
1933 5399 2025 5442 aut

458 5485 560 5538 duo
584 5486 705 5554 agni
740 5489 1001 5547 anniculi,
1029 5497 1118 5539 aut
1138 5486 1329 5539 tortula
1363 5485 1492 5548 olei,
1513 5494 1603 5536 aut
1628 5485 1746 5535 dunt
1772 5483 1986 5551 gallina:
2009 5481 2024 5510 ¹

527 5622 542 5652 ³
575 5615 686 5676 ιη”ι
709 5634 813 5676 ~xtu
842 5639 1016 5678 autem
1048 5623 1299 5678 dicuntur
1323 5631 1523 5687 D3153,
1577 5618 1720 5687 quod
1750 5628 1856 5679 est,
1884 5634 2024 5679 ares,

461 5693 712 5752 articulus,
747 5711 1007 5759 passeres,
1047 5693 1233 5748 Graece
1285 5692 1516 5759 ὀρνίθια.
1555 5692 1619 5745 Et
1661 5705 1788 5742 sane
1814 5704 1908 5740 cur
1947 5688 2026 5739 di-

463 5764 631 5815 aissd
669 5763 872 5831 Moyses
931 5764 1158 5832 gallinas
1221 5764 1497 5815 mundus?
1543 5777 1663 5812 rum
1714 5759 1778 5812 sit
1845 5761 2022 5828 utique

2123 4570 2239 4608 sum
2271 4554 2463 4607 veritas
2498 4551 2680 4623 (Joan.
2713 4567 2820 4616 xw,
2849 4552 2925 4618 6).
2986 4551 3092 4604 Nos
3117 4561 3296 4603 autem
3323 4558 3540 4616 oportet
3598 4546 3682 4614 pia

2122 4645 2401 4697 voluntate
2449 4645 2732 4704 accedere,
2787 4654 2840 4696 ct
2872 4641 3090 4708 speciali
3139 4655 3298 4694 sensu
3339 4640 3404 4691 ad
3457 4636 3687 4711 inqpisi-

2127 4737 2325 4788 tionem
2355 4735 2658 4788 divinarum
2689 4733 3090 4802 Scripturarum
3133 4747 3147 4785 :
3198 4731 3432 4784 scientes
3463 4731 3604 4796 quod
3639 4728 3683 4780 si

2125 4825 2346 4892 aliquod
2379 4837 2504 4878 vere
2535 4824 2902 4878 invenerimus
2947 4823 3149 4878 bonum
3186 4821 3510 4875 desiderium
3542 4834 3688 4870 inen-

2127 4919 2196 4972 tis
2233 4926 2453 4971 attenta:
2479 4917 2613 4981 Deo,
2667 4917 2808 4970 inter
2867 4918 3001 4970 lines
3035 4912 3387 4968 beatitudinis
3424 4911 3536 4976 eius
3579 4912 3687 4962 eri-

2127 5023 2295 5061 mus:
2334 5007 2401 5061 de
2459 5023 2566 5077 qua
2621 5005 2868 5062 dicitur:
2927 5007 3124 5059 Beatus
3183 5005 3263 5058 vir
3314 5003 3402 5072 qui
3458 5000 3688 5068 implevit

2126 5100 2446 5153 desiderium
2485 5117 2638 5154 suum
2701 5098 2873 5169 (Psal.
2925 5114 3106 5162 cxxvr,
3137 5098 3213 5166 5).
3255 5095 3441 5160 Qualis
3505 5103 3697 5144 autem

2128 5197 2198 5247 sit
2234 5193 2394 5261 bujus
2427 5193 2886 5264 concupiscentia:
2918 5192 3152 5261 species,
3183 5188 3416 5257 adjectio
3457 5188 3689 5239 beatitu-

2127 5287 2266 5339 dinis
2308 5285 2463 5339 facile
2500 5285 2738 5339 declarat
2772 5285 2964 5337 audire
3001 5282 3322 5342 volentibus,
3356 5280 3404 5331 id
3436 5285 3543 5331 est.
3567 5291 3690 5343 pru-

2129 5382 2320 5432 denter
2379 5378 2750 5431 audientibus.
2791 5377 2942 5442 Quod
2995 5376 3038 5428 si
3077 5390 3181 5428 non
3230 5377 3565 5442 potuerimus
3621 5367 3686 5420 ad

2133 5472 2342 5541 plenam
2409 5469 2651 5522 veritatis
2697 5470 2868 5538 ipsius
2930 5465 3340 5536 intelligentiam
3384 5460 3688 5524 pervenire,

2130 5611 2328 5679 gallina
2358 5625 2424 5663 ex
2468 5606 2790 5661 mundorum
2824 5619 3039 5674 genere.
3063 5674 3072 5679 _
3095 5601 3292 5654 Verum
3325 5599 3394 5679 ita
3427 5605 3510 5649 est
3562 5594 3687 5679 olim

2129 5665 2389 5750 brigenes
2421 5665 2853 5750 interpretatus}
2885 5689 2982 5750 nec
3025 5674 3136 5724 visa
3171 5679 3253 5722 est
3299 5671 3419 5723 altis
3469 5682 3536 5720 cx
3589 5665 3687 5717 Ρη.

2133 5746 2270 5808 trum
2301 5752 2466 5804 choro
2503 5747 2883 5816 cxpositioiila
2924 5746 3233 5811 incongrua.
3297 5781 3308 5784 -
