4004 6192
261 311 368 373 257

1196 307 1567 368 EPISTOLA
1610 309 1840 370 XXXV.
1886 310 1982 370 DE
2026 312 2230 374 FILIO
2273 315 2631 381 PBODIGO.

3420 329 3527 394 258

262 439 365 478 nec
418 431 598 478 tamen
632 423 713 477 sic
773 421 931 492 longe
997 422 1205 479 erimus
1250 424 1319 480 ab
1352 423 1444 477 illa
1502 425 1841 480 beatitudine
1870 431 1920 486 Δ
1946 432 2080 486 stris
2119 431 2523 500 diiudicandum
2559 436 2798 491 arbitriis
2832 435 2964 509 [ΑΙ.
2997 440 3531 515 arbitrariis]confc-

260 528 420 582 quam
456 513 677 582 capiunt
712 514 804 582 qui
837 513 1066 581 implent
1092 512 1429 571 desiderium
1450 530 1632 571 suum.
1654 515 1839 587 Neque

263 607 406 660 enim
443 607 488 659 si
520 620 629 659 non
659 604 966 674 ceperimus
994 604 1049 659 id
1075 621 1296 672 munus,
1330 607 1489 677 cujus
1542 612 1838 678 prestandi

264 708 502 766 potestas
544 695 598 749 in
644 695 872 750 alterius
902 710 1066 751 manu
1118 696 1293 763 posita
1316 705 1420 758 est,
1455 701 1837 767 reprehensio-

264 802 383 842 nem
405 785 800 841 sustinebimus
832 799 850 841 :
885 785 982 840 sed
999 784 1048 840 si
1074 784 1127 839 in
1150 786 1235 840 his
1264 802 1386 856 quae
1412 803 1571 860 agere
1591 791 1836 860 praecipi-

266 895 387 933 mur
408 891 720 947 pareamus,
763 877 1044 946 praemium
1083 878 1426 946 laudisjuste
1462 882 1834 951 adipiscimur.

335 971 401 1024 ll:
440 969 707 1036 Quoniam
733 984 866 1039 ergo
895 969 1214 1025 omnimode
1265 972 1698 1029 demonstratum
1727 985 1834 1042 est,

268 1079 374 1116 non
411 1063 587 1117 solum
619 1061 824 1115 nullius
853 1061 1108 1128 periculi,
1138 1063 1232 1117 sed
1265 1072 1320 1118 et
1349 1065 1599 1133 plurimae
1626 1068 1837 1123 utilita«

266 1158 332 1211 tis
357 1170 501 1218 esse,
530 1155 765 1209 scrutari
791 1154 1003 1208 divinas
1040 1152 1372 1225 ~Scripturas
1412 1176 1426 1211 :
1457 1159 1834 1228 disquiramns

264 1250 407 1304 illam
462 1247 738 1316 Evangelii
797 1248 1136 1318 parabolam,
1188 1263 1312 1318 qum
1357 1260 1440 1305 est
1478 1254 1547 1307 de
1596 1262 1750 1319 patre
1780 1265 1837 1310 et

260 1341 472 1394 duobus
498 1342 620 1394 liliis
655 1340 809 1409 (Luc.
844 1340 961 1408 xv).
997 1338 1134 1393 Nam
1188 1344 1351 1396 unius
1382 1345 1458 1398 rei
1488 1359 1654 1400 causa
1689 1356 1745 1401 et
1768 1348 1837 1403 de

262 1449 357 1488 ove
386 1445 446 1488 et
478 1438 543 1488 de
595 1435 828 1488 muliere
888 1434 1329 1502 comparationes
1379 1438 1538 1492 nobis
1570 1450 1829 1496 contexto

261 1524 448 1578 ordine
475 1538 637 1592 supra
664 1525 902 1580 recitatae
942 1532 1092 1579 sunt.
1126 1520 1402 1588 Quaeritur
1432 1540 1566 1599 ergo
1596 1530 1719 1596 quis
1742 1528 1835 1584 ille

263 1618 442 1671 senior
471 1618 541 1669 sit
575 1617 763 1680 frater,
795 1617 885 1685 qui
913 1632 985 1672 es
1038 1616 1269 1673 dimidio
1296 1618 1482 1673 datam
1513 1621 1616 1676 sibi
1651 1633 1834 1691 pater-

264 1722 342 1761 nae
368 1707 686 1762 substantiae
710 1708 1014 1777 portionem
1044 1709 1361 1774 eustodivit.
1406 1721 1463 1767 et
1495 1711 1838 1781 inseparabi-

1946 527 2156 577 ramus.
2183 521 2303 578 Jam
2339 526 2486 579 enim
2517 543 2742 583 causam
2769 530 3113 598 exponimus,
3148 550 3311 602 quam
3341 548 3394 591 et
3421 538 3529 593 Do-

1947 614 2080 667 mini
2137 631 2321 671 sermo
2374 619 2662 689 subjungit
2694 637 2710 675 :
2746 622 2813 675 de
2838 624 3118 689 superiore
3161 641 3324 681 causa
3381 628 3526 684 banc

1946 707 2262 775 parabolam
2297 708 2646 766 iutroducens
2677 713 2822 767 sicut
2860 713 3071 782 prmfati
3110 731 3303 772 sumus
3335 720 3525 791 singu-

1946 798 2121 852 larum
2164 799 2219 852 in
2255 800 2338 854 his
2372 802 2648 870 parabolis
2692 819 3051 872 personarum
3090 810 3406 863 memoriam
3443 812 3527 866 fa-

1944 891 2173 945 cientes.
2202 891 2611 949 Muruturabant
2636 895 2834 961 Judmi,
2860 907 2916 951 et
2958 900 3257 955 urebantur
3292 901 3521 968 invidia,

1942 984 2087 1052 quod
2138 981 2167 1038 a
2230 983 2457 1039 Domino
2512 996 2701 1042 nostro
2750 986 2879 1043 Jesu
2928 989 3153 1044 Christo
3202 1005 3524 1060 peccatores

1943 1075 2171 1143 suscipi,
2207 1076 2370 1131 simul
2391 1078 2558 1132 etiam
2580 1080 2880 1147 convivari,
2917 1094 2969 1137 et
3000 1084 3320 1151 publicanos
3347 1088 3524 1143 liben-

1946 1174 2030 1220 ter
2059 1168 2324 1223 doctrinae
2403 1170 2706 1226 Salvatoris
2756 1175 3039 1228 intendere
3093 1178 3360 1232 viderant.
3435 1182 3518 1234 Ad

1946 1257 2086 1312 hanc
2119 1272 2250 1328 ergo
2281 1259 2630 1314 insolentiam
2677 1261 2997 1317 Iudaeorum
3030 1266 3301 1334 aspiciens
3339 1267 3524 1324 Domi-
3582 1258 3595 1273 ’

1942 1365 2069 1414 nus,
2102 1352 2231 1417 quia
2282 1354 2782 1419 reprehendebatur
2807 1356 2873 1409 ab
2904 1359 3005 1422 eis,
3053 1358 3249 1430 incipit
3289 1362 3519 1429 primam

1944 1445 2009 1497 de
2040 1455 2261 1513 pastore
2294 1446 2439 1500 illaut
2472 1448 2806 1514 parabolam,
2841 1450 2956 1515 ubi,
2989 1454 3282 1519 nonaginta
3319 1465 3374 1508 et
3420 1471 3522 1510 no-

1946 1550 2065 1589 vem
2092 1537 2284 1591 ovibus
2318 1538 2618 1605 derelictis,
2651 1541 2715 1594 ad
2764 1556 2925 1594 unam
2968 1558 3088 1612 quae
3143 1546 3518 1614 aberraverat,

1944 1629 2334 1696 requirendam
2371 1630 2522 1684 abiit.
2558 1632 2626 1686 Et
2676 1634 2954 1688 subnectit
2983 1635 3108 1689 huic
3156 1635 3318 1689 aliam
3358 1653 3522 1706 para-

1945 1720 2127 1776 bolam
2158 1724 2225 1777 de
2272 1724 2532 1779 drachma
2574 1726 2809 1790 decima,
2855 1743 3017 1796 quatn
3073 1730 3342 1796 perditam
3374 1730 3523 1786 intra

264 1799 363 1853 lem
390 1814 515 1854 cum
551 1809 705 1867 patre
752 1813 851 1853 suo
896 1799 1039 1853 viam
1070 1815 1233 1868 agere
1291 1803 1499 1858 dilexit.
1524 1803 1662 1870 Quis
1705 1821 1834 1861 vero

1944 1815 2162 1869 domum
2214 1834 2368 1872 suam
2437 1834 2666 1873 accensa
2724 1819 2945 1873 lucerna
3003 1822 3212 1898 mulier
3290 1823 3522 1879 invenit.

261 1890 463 1960 junior,
501 1892 597 1960 qui
626 1899 853 1961 accepta
880 1891 1140 1947 similiter
1173 1909 1240 1948 es
1288 1906 1449 1964 patre
1498 1898 1832 1969 substantia,

266 1984 534 2051 profectus
584 1992 668 2038 est
720 1984 773 2038 in
827 1985 1179 2054 longinquam
1232 1988 1531 2058 regionem,
1592 2003 1662 2061 et;
1710 2007 1839 2061 pro-

264 2076 459 2145 ﬂigatis
486 2076 597 2131 illic
647 2077 904 2132 omnibus
959 2080 1133 2147 partis
1187 2094 1299 2135 sua
1353 2081 1734 2149 facultatibus,
1766 2086 1836 2141 ad

268 2168 495 2238 inopiam
531 2167 804 2233 redactus,
835 2183 1032 2237 porcos
1079 2170 1293 2227 alienos
1324 2188 1551 2241 pascere
1611 2188 1835 2233 coactus

264 2268 363 2315 est.
392 2259 497 2315 Sed
550 2267 607 2315 et
637 2258 952 2328 qualitatem
997 2262 1333 2330 poenitentiae
1363 2265 1483 2334 ejus
1534 2283 1640 2321 non
1671 2268 1837 2323 omit-

264 2360 463 2420 tamus,
489 2362 547 2408 et
601 2353 860 2408 laetiﬁcati
896 2354 1071 2423 patris
1117 2366 1439 2425 promptam-
1459 2361 1835 2415 remissionem

266 2443 669 2515 medestamque
705 2446 986 2516 pietatem,
1020 2448 1113 2515 qui
1149 2451 1446 2505 revertenti
1492 2451 1605 2506 lilio
1633 2453 1839 2509 disces-

266 2537 429 2593 sionis
454 2538 746 2607 praeteritae
774 2536 886 2610 [Αι.
919 2539 1207 2611 praeterit]
1246 2541 1546 2605 levitatem,
1580 2556 1634 2599 et
1670 2546 1835 2601 dissi-

266 2637 398 2700 patae
425 2630 746 2684 substantia:
771 2628 973 2699 ﬂagitia
1001 2646 1111 2684 non
1137 2632 1455 2701 exprobrat:
1485 2635 1580 2690 sed
1609 2637 1833 2690 venien-

265 2732 370 2778 tem
409 2724 711 2777 clementer
762 2722 1015 2790 suscipit.
1065 2730 1121 2778 et
1172 2737 1475 2779 occurrens
1522 2725 1746 2790 salutat,
1780 2736 1836 2781 et

264 2814 540 2884 gratulans
570 2813 877 2879 osculatur,
931 2813 1254 2869 incumbens
1313 2813 1609 2883 requiescit
1647 2816 1701 2870 in
1740 2830 1829 2882 eo,

262 2915 319 2961 et
348 2906 573 2961 vitulqu
606 2906 752 2959 illum
780 2906 1089 2977 Saginatum
1120 2919 1218 2973 pro
1261 2907 1444 2961 laetitia
1477 2910 1677 2977 recepti
1736 2909 1831 2964 lilii

264 3000 586 3069 epulandum
637 2998 903 3053 immolat.
960 2998 1017 3053 ln
1084 3013 1196 3067 quo
1242 3011 1605 3068 compunctus
1649 3002 1834 3058 senior

1947 1908 2151 1962 Deinde
2181 1908 2300 1964 haec
2333 1911 2397 1964 de
2420 1910 2544 1965 ﬁliis
2574 1912 2783 1966 duobus
2830 1912 3087 1979 parabola
3143 1913 3518 1983 subsequitur,

1942 1997 2242 2052 secundum
2300 1999 2783 2068 dispensationem,
2818 2009 2873 2054 et
2914 1999 3267 2067 providentiae
3321 2000 3519 2055 divinae

1941 2089 2213 2154 ordinem,
2262 2090 2456 2145 harum
2516 2090 2987 2159 comparatiouum
3050 2099 3254 2146 textum
3290 2092 3515 2146 faciens.

1940 2177 2076 2235 Nam
2111 2180 2239 2249 quia
2286 2182 2405 2249 ipse
2454 2182 2709 2250 princeps
2761 2193 2814 2236 et
2861 2192 3056 2237 auctor
3082 2182 3278 2237 salutis
3312 2191 3519 2238 nostra:

1939 2279 2045 2333 est,
2080 2269 2365 2322 seductum
2419 2269 2718 2333 hominem,
2750 2280 2804 2325 et
2830 2272 2954 2325 dolo
2982 2273 3182 2326 diaboli
3224 2275 3516 2340 perditum,

1940 2359 2154 2413 salvare
2198 2360 2488 2429 incipiens,
2544 2372 2598 2415 et
2651 2361 2974 2430 perfectioui
3004 2363 3294 2417 restituere
3342 2382 3358 2419 :
3410 2365 3518 2419 hoc

1938 2460 2025 2505 est
2054 2466 2285 2506 numero
2311 2455 2614 2509 centesimo
2644 2453 2891 2518 reddere,
2943 2456 2995 2509 in
3030 2472 3136 2525 quo
3166 2454 3518 2525 perfectionis

1940 2542 2223 2610 plenitudo
2254 2553 2577 2599 numeratur
2609 2561 2625 2600 :
2658 2546 2787 2602 hinc
2844 2548 3054 2601 initium
3094 2547 3520 2618 comparationis

1939 2637 2089 2694 facit.
2124 2636 2415 2708 Subjungit
2446 2649 2628 2693 autem
2667 2649 2723 2694 et
2778 2640 3025 2695 mulieris
3073 2636 3387 2709 personam,
3431 2656 3520 2694 ar-

1936 2738 2111 2792 guens
2137 2723 2374 2789 Judaos,
2409 2728 2615 2782 docens
2667 2736 2849 2782 autem
2890 2728 3208 2795 Ecclesium,
3240 2728 3293 2783 ἔοι
3340 2731 3517 2787 homi-

1940 2831 2065 2871 nem
2101 2818 2255 2885 quasi
2292 2820 2587 2872 erraticam
2609 2833 2768 2874 ovem
2787 2815 3028 2888 diligens
3042 2832 3226 2890 pastor
3246 2821 3472 2888 inquirit
3496 2838 3513 2874 :

1936 2922 2095 2977 quem
2110 2907 2382 2961 hominem
2409 2909 2723 2963 drachmam
2745 2910 3014 2973 nominat,
3040 2919 3261 2979 propter
3283 2920 3517 2965 monetae

1937 2996 2138 3067 regalis
2164 2998 2580 3052 similitudinem
2632 3014 2648 3055 :
2683 3000 2980 3067 llguraliter
3006 3002 3360 3064 indrachma,
3395 3018 3518 3069 qttte

266 3090 430 3146 frater
472 3090 606 3146 dicit
637 3089 802 3159 patri,
856 3097 966 3144 etc.
1012 3087 1141 3145 Haec
1192 3105 1313 3159 quae
1380 3106 1476 3158 per
1520 3104 1702 3162 partes
1761 3099 1847 3153 di.
1868 3114 1915 3176 ο
1944 3087 2192 3157 pecuniae
2212 3102 2381 3156 genus
2400 3094 2506 3151 est,
2528 3087 2672 3156 quod
2703 3089 3057 3156 illitanquam
3075 3104 3319 3152 nummo,
3340 3090 3518 3160 imago

260 3195 411 3265 gesta
468 3192 621 3249 sunt,
679 3180 949 3251 expositio
995 3180 1193 3234 vestris
1220 3182 1474 3238 sensibus
1544 3185 1838 3247 intimabit.

267 3272 641 3328 Necessariqu
665 3272 811 3328 enim
849 3278 933 3326 est
961 3280 1087 3325 ante
1126 3270 1306 3324 omnia
1336 3277 1677 3338 percunctari
1709 3292 1843 3331 cau-

268 3382 377 3421 sam
419 3381 515 3436 pro
540 3381 671 3436 qua,
702 3375 758 3420 et
789 3364 921 3432 quid
952 3363 1138 3419 volens
1167 3366 1235 3417 de
1267 3367 1561 3434 propositis
1588 3365 1841 3426 Salvator

210 3519 227 3527 _
266 3460 568 3524 ostendere,
595 3458 906 3527 bujusmodi
967 3457 1257 3527 parabolas
1304 3455 1508 3515 Iudaeis
1542 3466 1834 3530 aptaverit.

267 3551 322 3606 Si
373 3552 517 3608 enim
573 3552 726 3605 vobis
770 3564 936 3605 causa
974 3546 1159 3605 talium
1212 3550 1682 3619 comparatiouum
1741 3567 1836 3623 pa-

266 3647 455 3709 tuerit,
509 3656 638 3699 tuuc
668 3660 731 3697 ea
764 3657 885 3712 quae
910 3641 978 3697 de
1011 3642 1144 3711 ipsis
1183 3643 1478 3708 sentimus,
1507 3659 1573 3697 an
1593 3646 1838 3701 rationa-

268 3735 444 3788 biliter
478 3740 778 3803 congruant
823 3732 1059 3798 veritati,
1094 3732 1254 3788 facile
1298 3734 1656 3804 dignoscitur.

336 3828 425 3881 lll.
460 3825 593 3881 Sunt
618 3827 803 3896 itaque
839 3825 931 3894 qui
965 3825 1156 3880 dicunt
1184 3827 1251 3880 de
1282 3827 1498 3882 duobus
1530 3827 1658 3882 llliis
1692 3828 1832 3897 istis,

267 3920 535 3973 seniorem
563 3918 785 3987 angelos
821 3931 948 3973 esse
993 3926 1049 3973 et
1080 3917 1466 3988 archangelos,
1498 3920 1584 3974 vel
1616 3935 1833 3974 omnem

268 4009 388 4062 caeli
453 4007 720 4061 militiam.
769 4005 1034 4061 Minorem
1090 4020 1220 4062 vero
1274 4019 1484 4076 ponunt
1533 4010 1835 4077 hominem,

267 4099 357 4167 qni
392 4100 447 4153 in
479 4099 767 4169 longinqua
810 4097 1247 4169 peregrinatione
1270 4099 1485 4165 abierit,
1524 4102 1743 4170 quando
1767 4104 1837 4158 ad

270 4200 469 4245 terram
526 4192 593 4245 dc
650 4190 808 4244 ctelis
860 4198 916 4243 et
966 4189 1221 4258 paradiso
1265 4191 1513 4247 cecidit:
1550 4201 1605 4247 et
1648 4202 1836 4263 aptant

267 4282 420 4351 quasi
457 4281 681 4335 scientia
739 4280 1086 4349 respicientis
1147 4282 1216 4337 ad
1265 4295 1452 4336 casum
1508 4283 1591 4338 vel
1627 4294 1831 4339 statum

264 4372 419 4424 Adae.
480 4370 585 4425 Sed
616 4371 710 4424 hic
762 4386 957 4425 sensus
1012 4370 1135 4439 pius
1188 4370 1409 4439 quidem
1468 4374 1700 4428 videtur.
1731 4374 1833 4428 Ne-

1944 3187 1999 3233 et
2023 3179 2301 3247 inscriptio
2330 3180 2472 3245 regis
2489 3179 2731 3234 cmlestis
2760 3181 3028 3249 insculpta
3047 3182 3136 3235 sit.
3166 3180 3368 3247 Quaerit
3386 3197 3517 3251 ergo

1940 3270 2393 3325 eamdraclnuam
2424 3271 2641 3335 mulier,
2664 3286 2889 3325 accensa
2922 3271 3146 3325 lucerna
3183 3282 3240 3327 et
3260 3274 3517 3328 mundata

1941 3360 2103 3415 domo
2134 3361 2380 3418 invenit:
2438 3364 2539 3416 hoc
2595 3370 2703 3425 est,
2763 3363 2928 3417 homo
2986 3364 3321 3420 illmninatus
3349 3367 3519 3421 verbo

1940 3460 1996 3505 et
2026 3450 2404 3506 misericordia
2456 3451 2572 3518 Dei,
2608 3453 2839 3520 gloriam
2892 3463 3098 3509 naturae
3152 3471 3283 3517 sum.
3322 3457 3519 3526 inqua

1940 3545 2006 3599 ad
2038 3543 2329 3614 imaginem
2393 3546 2663 3601 creatoris
2700 3547 2785 3601 sui
2842 3545 3020 3601 factus
3053 3556 3157 3613 est,
3190 3564 3353 3619 quam
3392 3552 3522 3605 obs-

1939 3645 2128 3691 curata
2196 3638 2431 3705 peccatis
2491 3638 2652 3692 domo
2691 3639 2892 3705 cordis,
2957 3640 3009 3694 in
3062 3642 3303 3697 tenebris
3337 3644 3519 3698 cordis

1939 3728 2197 3781 amiserat
2229 3743 2246 3783 :
2291 3728 2598 3784 emendatis
2656 3731 2914 3786 sensibus
2949 3735 3155 3800 reperit
3189 3752 3202 3790 :
3240 3743 3293 3788 et
3323 3735 3518 3803 gaudio

1939 3818 2140 3889 gaudet
2169 3822 2313 3888 quod
2341 3834 2559 3874 omnem
2598 3820 3004 3876 immunditiam
3039 3824 3324 3878 interioris
3357 3825 3513 3889 aulze,

1938 3913 2135 3967 studiis
2161 3913 2459 3981 disciplinae
2485 3912 2741 3983 specialis
2760 3914 3077 3968 absterserit
3101 3930 3117 3969 :
3140 3924 3193 3969 et
3210 3926 3519 3972 contractas

1937 4006 2133 4060 animas
2164 4006 2231 4060 de
2255 4006 2417 4060 rebus
2452 4013 2506 4061 et
2529 4005 2677 4060 curis
2708 4005 3062 4060 saecularibus
3118 4008 3327 4071 sordes,
3382 4022 3516 4061 ora-

1940 4097 2181 4153 tionibus
2230 4105 2285 4151 et
2334 4096 2795 4168 increpationibus
2836 4107 3160 4165 expurgatus
3188 4099 3513 4155 excusserit.

2013 4188 2077 4244 Υ.
2111 4188 2421 4244 Secundum
2468 4189 2783 4257 praedictum
2826 4199 3227 4258 consequenter
3272 4192 3515 4246 annectit

1935 4280 2248 4351 parabolam
2297 4280 2368 4335 de
2407 4280 2619 4335 duobus
2667 4279 2796 4333 {iliis
2852 4280 3222 4345 collationem,
3291 4291 3351 4335 ut
3382 4284 3514 4339 mihi

1936 4373 2129 4428 videor
2153 4370 2337 4428 facere
2369 4389 2385 4427 :
2419 4388 2525 4425 non
2558 4373 2626 4428 de
2655 4371 2855 4427 Judaeis
2888 4374 3382 4441 traugressoribus,
3414 4390 3518 4430 nec

268 4466 386 4517 scio
435 4475 606 4518 tamen
650 4465 695 4517 si
760 4478 921 4517 verus
966 4463 1058 4517 sit.
1116 4463 1258 4518 Dicit
1303 4464 1500 4533 aliquis
1558 4481 1574 4519 :
1626 4467 1834 4535 quare?
1870 4445 1915 4500 Β
1942 4459 2009 4514 de
2037 4459 2288 4529 gentibus
2340 4460 2587 4528 perditis.
2620 4460 2715 4515 sed
2766 4460 2945 4531 populi
2976 4462 3119 4530 ejus,
3150 4462 3241 4530 qui
3298 4479 3393 4529 per
3418 4480 3517 4534 pa.

268 4558 403 4621 Quia
458 4558 633 4610 minor
676 4555 820 4609 filius
864 4563 920 4609 et
960 4553 1147 4622 junior
1174 4553 1243 4608 ad
1279 4557 1656 4625 ptrnitentiam
1686 4560 1835 4614 venit

266 4664 363 4700 sua
398 4657 601 4716 sponte,
634 4647 953 4701 recordatus
1005 4648 1296 4715 praeteritae
1352 4648 1708 4704 abundantiae
1738 4665 1836 4720 pa~

266 4742 369 4790 tris
405 4738 507 4800 sui,
543 4739 685 4792 sicut
711 4736 872 4791 habet
911 4738 1081 4792 series
1114 4739 1382 4793 lectionis.
1427 4741 1688 4796 Dominus
1729 4758 1827 4797 au-

267 4839 375 4881 tem
407 4829 649 4890 veniens,
709 4827 778 4883 ad
833 4827 1211 4895 paenitentiam
1259 4831 1475 4884 vocavit
1530 4829 1832 4888 humanum

258 4936 453 4987 genus,
485 4937 606 4976 cum
634 4937 735 4975 sua
756 4930 952 4990 sponte
976 4921 1187 4990 regredi
1218 4923 1365 4977 unde
1396 4923 1690 4990 ceciderat,
1723 4942 1833 4981 non

260 5016 541 5082 cegitaret.
579 5013 782 5068 Deinde
804 5013 990 5069 senior
1009 5014 1178 5080 filius,
1218 5015 1264 5069 si
1293 5014 1495 5070 chorus
1524 5030 1607 5071 est
1663 5020 1834 5074 ecete-

261 5106 429 5161 stium
466 5106 804 5176 angelorum,
836 5115 898 5160 ut
936 5106 1252 5174 praedictum
1294 5118 1418 5161 est:
1455 5113 1727 5175 quomodo
1778 5110 1831 5165 iu

262 5198 437 5251 redito
490 5208 545 5254 et
598 5200 778 5253 salute
807 5182 996 5253 fratris
1020 5198 1132 5264 sui,
1158 5208 1214 5254 et
1270 5199 1322 5253 in
1377 5200 1532 5254 vituli
1590 5202 1831 5255 immola-

263 5290 413 5343 tione
464 5290 758 5346 tristatur?
802 5288 940 5345 Cum
989 5291 1041 5345 in
1102 5291 1292 5345 eodem
1344 5290 1639 5361 Evangelia
1688 5294 1835 5348 dicat

260 5378 517 5437 Dominus
549 5397 568 5435 :
604 5380 875 5437 Lmtitiam
912 5400 1029 5437 esse
1056 5384 1111 5437 in
1136 5384 1266 5437 caelo
1312 5385 1456 5451 apud
1488 5384 1702 5454 angelos
1742 5402 1834 5439 su-

256 5488 351 5539 per
382 5490 477 5528 uno
502 5488 777 5545 peccatore
799 5475 1158 5542 paenitentiam
1191 5485 1375 5544 agente
1423 5472 1579 5543 (Luc.
1622 5490 1713 5540 xv,
1754 5475 1829 5544 7).

331 5564 423 5620 ιν.
471 5568 832 5624 Discutiemus
859 5583 990 5637 ergo
1025 5568 1188 5637 hujus
1239 5567 1511 5637 parabolae
1557 5568 1831 5622 rationem

258 5670 371 5710 non
402 5668 455 5711 ut
513 5659 664 5714 illum
694 5659 861 5714 alium
914 5658 1252 5713 intellectum
1288 5659 1682 5728 vituperemus,
1737 5659 1832 5714 sed

260 5748 434 5820 magis
457 5761 511 5805 ut
533 5769 655 5807 cum
681 5768 844 5807 sensu
872 5752 964 5807 illo
1019 5753 1070 5808 id
1104 5753 1247 5824 quod
1279 5766 1377 5808 nos
1409 5752 1696 5820 sentimus,
1734 5768 1830 5809 ve~

1939 4549 2178 4603 tientiam
2208 4549 2459 4604 redditur
2491 4551 2674 4617 saluti,
2709 4564 2872 4619 quem
2903 4550 3177 4621 juniorem
3211 4552 3382 4607 lilium
3416 4571 3519 4610 no-

1937 4641 2128 4694 minot.
2162 4641 2317 4702 Setlt,
2340 4640 2493 4694 Eoos
2516 4650 2570 4694 et
2604 4641 2970 4713 Itisjuuiores,
2992 4643 3082 4711 qui
3108 4644 3176 4697 ab
3203 4643 3313 4698 Eva
3343 4660 3517 4714 usque

1935 4734 2002 4787 ad
2024 4734 2326 4789 Salvatoris
2355 4733 2654 4788 luunanum
2692 4737 3004 4799 adventum,
3027 4740 3329 4791 secundum
3350 4737 3517 4807 justl-

1937 4824 2067 4880 tiaut
2118 4826 2256 4897 legis
2282 4825 2531 4879 viventes
2558 4827 2689 4895 justi
2716 4827 3061 4881 videbantur.
3088 4825 3230 4898 Ergo
3262 4833 3408 4899 quod
3443 4830 3521 4884 ait

1930 4916 2200 4988 juniorem
2230 4916 2597 4985 etseniorem,
2630 4931 2740 4971 non
2774 4917 2829 4971 in
2856 4918 3051 4974 ordine
3098 4923 3382 4990 temporis,
3420 4923 3515 4977 sed

1937 5011 1992 5063 in
2025 5010 2367 5078 voluptatum
2414 5010 2703 5080 qualitate,
2735 5025 3055 5081 praeponens
3092 5027 3153 5068 se
3182 5013 3255 5080 ei,
3290 5016 3382 5084 qui
3408 5030 3515 5070 non

1936 5104 2267 5171 voluntarie,
2302 5108 2397 5159 sed
2426 5104 2603 5159 alieno
2625 5104 2753 5158 dolo
2786 5104 3195 5162 circumventus
3224 5108 3516 5164 aberrave-

1935 5206 2041 5260 rat,
2068 5198 2209 5251 sicut
2235 5199 2375 5263 ovis,
2403 5197 2508 5252 hoc
2536 5208 2640 5259 εει.
2665 5200 3023 5256 irrationabili
3054 5200 3278 5255 animali
3310 5201 3515 5268 itnpru~

1935 5290 2151 5346 dentem
2169 5291 2439 5346 hominem
2459 5307 2809 5361 comparans.
2835 5293 3257 5349 sollicitudinem
3276 5296 3516 5364 pastoris

1936 5380 2246 5445 adhibens;
2302 5391 2361 5435 ut
2393 5394 2605 5449 qua-rat
2642 5396 2799 5437 ovem
2854 5383 3140 5453 perditam,
3188 5393 3245 5438 et
3275 5398 3519 5456 reportet

1936 5473 2235 5528 inventam.
2269 5474 2333 5529 Ei
2374 5490 2506 5530 vero
2536 5476 2628 5543 qui
2656 5477 2868 5531 arbitrii
2903 5477 2987 5530 sui
3022 5476 3276 5533 libertate
3324 5483 3515 5543 utitur,

1935 5573 1990 5619 et
2024 5568 2371 5631 recognoscit
2396 5570 2540 5622 unde
2559 5569 2844 5633 ceciderit,
2881 5569 3215 5637 pmuitentize
3241 5580 3300 5627 et
3331 5586 3520 5626 rever-

1937 5657 2110 5712 sionis
2146 5648 2438 5715 utilitatem
2469 5661 2870 5716 accommodat.
2910 5659 3064 5716 Unde
3094 5665 3210 5719 haec
3242 5665 3388 5718 inter
3418 5680 3519 5731 pa-

1937 5752 2152 5809 rabolas
2197 5755 2540 5825 supradictas
2579 5756 2719 5810 ratio
2760 5754 3130 5814 distinctionis
3190 5768 3294 5825 est,
3320 5772 3520 5815 secun-
