4012 6188
445 285 550 346 259

444 401 574 453 dum
617 413 878 467 personas
925 401 1008 454 vel
1045 414 1171 454 men
1199 414 1259 455 es
1290 398 1631 469 peccantium
1680 416 1694 454 :

448 494 578 547 lium
611 509 714 554 non
748 493 989 563 requirat
1025 495 1492 563 peregrinantem,
1532 493 1628 546 sed
1658 490 1882 559 recipiat
1906 502 2018 558 pte-

449 587 731 639 nitentem.
784 585 976 639 Pastor
1005 601 1132 639 vero
1164 601 1319 640 ovem
1357 592 1656 647 errantem,
1689 594 1744 638 et
1773 597 1878 635 non
1930 597 2018 635 sa-

450 681 686 749 pientem
719 678 940 741 reverti,
974 677 1243 746 requirat,
1292 687 1344 731 et
1375 677 1618 731 humeris
1647 675 1762 730 suis
1793 675 2014 728 referat.

521 769 606 823 Vl.
639 768 928 822 Videamus
960 784 1100 821 nunc
1135 771 1178 821 si
1207 779 1530 832 consonent,
1565 783 1684 835 qua:
1714 766 2016 835 signiﬁcata

448 871 574 915 sunt
638 861 706 913 ad
768 859 909 913 hanc
1009 860 1432 929 expositionem.
1522 859 1670 914 Dicit
1733 857 2018 926 Scriptura

447 953 688 1008 dividere
720 962 926 1020 patrem
970 965 1034 1004 ex
1076 965 1232 1018 aequo
1263 951 1385 1004 ﬁliis
1411 950 1625 1004 duobus
1654 949 2016 1002 substantiam

447 1034 627 1098 suam.
659 1044 725 1097 Et
756 1058 921 1111 quam
955 1042 1316 1096 substantiam
1361 1043 1448 1095 hic
1477 1041 1822 1107 evangelieus
1866 1049 2020 1108 pater

447 1137 640 1190 dividit
683 1136 794 1189 lilio
848 1133 1138 1202 Spirituali,
1175 1134 1278 1187 nisi
1317 1133 1602 1201 sapientiae
1659 1133 2013 1197 intellectum,

447 1225 732 1281 scientiam
765 1224 892 1279 boni
926 1231 982 1276 et
1012 1224 1162 1287 mali,
1194 1238 1312 1290 quae
1339 1236 1480 1275 verae
1511 1231 1565 1275 et
1593 1231 1864 1289 perpetuae
1893 1229 2020 1274 sunt

449 1331 580 1386 opes
631 1316 822 1369 anime
881 1314 1019 1368 bene
1073 1313 1315 1366 viventi?
1352 1312 1452 1366 Dat
1500 1322 1679 1386 autem
1722 1311 1814 1366 hic
1866 1319 2020 1380 pater

450 1409 672 1464 divitias
727 1421 854 1462 suas
899 1421 966 1460 ex
1004 1420 1182 1474 aequo.
1233 1404 1348 1458 Non
1406 1405 1552 1459 enim
1587 1387 1877 1475 quisquam
1923 1415 2019 1458 aut

445 1505 631 1573 justus
680 1510 775 1556 aut
808 1508 1056 1569 peccator
1087 1500 1325 1553 nascitur
1358 1515 1370 1550 :
1408 1497 1506 1551 sed
1532 1512 1650 1559 quae
1672 1512 1738 1552 ex
1768 1496 1877 1551 Deo
1911 1506 2014 1558 est,

451 1597 504 1649 itt
543 1595 716 1664 prima
747 1591 1030 1646 nativitate
1072 1589 1311 1644 hominis
1347 1589 1528 1660 portio
1581 1589 1898 1644 substantia:
1931 1603 2019 1641 ra-

454 1689 693 1753 tionalis,
731 1686 1016 1755 aequaliter
1056 1683 1264 1739 cunctis
1307 1683 1656 1738 nascentibus
1710 1684 1892 1737 datur.
1943 1681 2018 1734 De

1393 289 1460 349 'S.
1506 280 1952 346 HIERONYMI
1997 279 2319 340 OPERUM
2359 275 2770 337 MANTISSA.

3580 275 3693 337 2εο

1744 407 1897 466 pater
1954 398 2014 448 fi-
2039 409 2217 472 Asua
2271 392 2630 462 cogitationes
2681 391 2910 453 nutrire,
2974 401 3033 442 ut
3089 390 3274 445 ederet
3298 403 3453 445 escas
3480 388 3695 444 irratio-

2121 484 2329 538 nabilcs
2376 497 2558 551 pravae
2650 479 3087 535 conversationis
3144 496 3160 532 :
3214 480 3400 535 dulces
3473 481 3690 549 quidem

2119 573 2299 643 egenti
2333 574 2624 636 bonorum,
2659 573 2784 640 quia
2817 586 2984 626 suave
3032 571 3301 637 perversis
3331 571 3545 625 videtur
3571 586 3692 625 om-

2118 680 2189 719 ne
2211 678 2349 734 opus
2376 678 2590 718 carnea:
2615 663 2910 728 voluptatis
2945 659 3126 729 :quod
3157 661 3404 714 seductio
3434 662 3690 715 desiderii

2120 765 2174 810 et
2202 754 2482 821 corruptio
2506 753 2634 806 vitae
2666 764 2772 816 est,
2803 767 2926 820 quae
2957 753 3209 806 virtutem
3237 763 3288 805 et
3315 751 3688 804 fortitudinem

2120 846 2333 909 anitnze,
2371 859 2476 897 non
2511 844 2673 898 modo
2706 843 2904 896 nullam
2931 852 3172 912 praestat,
3205 845 3296 896 sed
3329 854 3502 896 tctutn
3540 845 3691 912 peni-

2122 948 2207 990 tus
2255 932 2481 992 enervat
2527 943 2583 990 et
2649 936 2888 1003 perimit.
2951 935 3270 1003 Hujusmodi
3315 938 3489 1001 cibos,
3517 936 3690 1004 {quasi

2123 1030 2377 1098 porcinos
2399 1039 2452 1084 et
2473 1029 2612 1082 male
2645 1029 2855 1094 dulces;
2878 1041 3038 1096 prout
3057 1039 3182 1082 sunt
3201 1029 3420 1083 dilectio
3446 1033 3689 1083 carnium

2121 1118 2412 1183 illecebrae,
2451 1120 2768 1188 siliquarun:
2803 1120 3024 1175 nomine
3052 1119 3330 1187 Scriptura
3366 1121 3636 1188 designat.

2194 1210 2332 1266 Vill.
2373 1212 2561 1280 Itaque
2602 1211 2689 1265 ille
2719 1211 2998 1280 digressus
3029 1227 3057 1264 a
3086 1222 3262 1280 patre,
3289 1221 3341 1266 et
3373 1212 3428 1266 in
3483 1211 3692 1280 longin-

2122 1318 2281 1372 quam
2339 1301 2831 1372 peregrinationem
2873 1303 3172 1372 profectus,
3228 1304 3281 1356 in
3330 1314 3473 1357 terra
3519 1305 3690 1356 aliena

2124 1393 2461 1460 consumptis
2503 1392 2856 1447 facultatibus
2889 1408 3011 1461 qua:
3040 1393 3367 1461 supradicta:
3400 1402 3546 1452 sunt,
3578 1408 3694 1444 0n;-

2125 1486 2212 1538 nia
2267 1486 2428 1555 digna
2473 1500 2787 1556 perpessus,
2826 1495 2880 1540 et
2923 1495 3114 1554 postea
3161 1485 3430 1538 malorum
3471 1499 3691 1537 suorum

2124 1577 2449 1630 necessitate
2488 1577 2828 1632 constrictus
2863 1591 2879 1631 :
2913 1575 3017 1630 hoc
3064 1584 3166 1640 est,
3200 1585 3255 1630 et
3282 1575 3427 1629 fame
3481 1586 3536 1628 et
3568 1589 3694 1642 ege-

2124 1675 2285 1732 state,
2324 1668 2562 1736 paenitet
2596 1667 2800 1724 erroris
2845 1669 2952 1735 sui,
2984 1677 3040 1723 et
3077 1669 3244 1723 sentit
3276 1669 3405 1737 quid
3451 1669 3565 1735 ipse
3592 1665 3695 1722 sibi

451 1780 815 1846 subsequente
847 1787 1027 1832 autem
1056 1777 1474 1831 conversatione
1500 1776 1870 1845 unusquisque
1898 1774 2018 1843 plus

2131 1760 2396 1828 nocuerit,
2435 1760 2529 1829 qui
2584 1775 2692 1814 non
2738 1759 2804 1814 de
2857 1759 3062 1827 judicio
3091 1759 3390 1814 voluntatis
3432 1775 3567 1824 sum,
3600 1758 3696 1812 sed

451 1880 547 1924 aut
617 1871 802 1923 minus
873 1868 1032 1938 hujus
1083 1867 1403 1921 substantia
1458 1867 1736 1935 possidere
1808 1866 2019 1920 inveni-

453 1973 561 2028 tur,
593 1962 718 2015 dum
752 1960 806 2014 in
834 1959 1142 2028 semetipsis
1168 1973 1264 2030 per
1298 1959 1799 2012 dissimilitudinem
1829 1958 2019 2011 volun-

453 2062 624 2106 tatum
658 2051 994 2120 negligentes
1022 2052 1277 2104 deserunt
1315 2069 1328 2101 :
1366 2051 1654 2120 diligentes
1685 2059 1862 2103 autem
1898 2063 2020 2102 cus-

455 2143 690 2208 todiunt,
717 2152 776 2197 ut
814 2142 1086 2196 naturalia
1140 2143 1304 2196 bona.
1357 2142 1508 2196 Alius
1542 2151 1722 2196 autem
1753 2150 2021 2196 memorat

453 2236 759 2304 intelligens
807 2235 1022 2289 Domini
1073 2234 1353 2289 Creatoris
1379 2251 1442 2288 ea
1467 2250 1587 2304 qua:
1634 2249 1662 2287 a
1715 2234 1824 2288 Deo
1858 2233 2020 2288 Patre

357 2347 363 2354 ’
450 2329 772 2400 sumpserit,
807 2327 881 2381 ita
915 2337 974 2382 ut
998 2329 1080 2382 sui
1114 2343 1174 2381 ea
1211 2327 1381 2396 patris
1420 2341 1541 2380 esse
1572 2325 1826 2387 credens,
1863 2326 2020 2393 quasi

454 2431 680 2488 paterna
711 2419 999 2473 custodiat.
1037 2419 1190 2470 Alius
1214 2429 1396 2470 autem
1430 2432 1528 2469 sua
1572 2431 1638 2468 ex
1675 2432 1734 2469 se
1766 2414 1870 2468 sibi
1899 2431 2022 2470 esse

453 2510 751 2573 aestimans,
788 2511 929 2563 sicut
960 2508 1191 2578 propriae
1217 2505 1580 2577 possessionis
1607 2507 1824 2560 licentia
1859 2504 2020 2560 dissi-

455 2601 647 2672 pandis
681 2603 946 2665 abutitur,
983 2612 1038 2656 et
1070 2601 1182 2654 cito
1234 2598 1517 2670 proﬂigata
1556 2596 1810 2652 facultate
1838 2597 2021 2666 priva-

455 2692 622 2744 bitur.
665 2690 1004 2744 Describitur
1064 2699 1245 2742 autem
1273 2690 1326 2741 in
1362 2688 1484 2742 istis
1517 2697 1571 2740 et
1621 2686 1902 2740 evidenter
1935 2699 2023 2738 os-

456 2784 697 2837 tenditur
732 2783 957 2836 libertas
1007 2763 1250 2846 arbitrii,
1301 2796 1465 2849 quam
1523 2778 1722 2833 animae
1765 2776 2020 2832 rationali

454 2876 760 2945 specialiter
784 2875 993 2929 addidit
1032 2884 1250 2928 creator
1282 2873 1446 2928 Deus.

530 2966 640 3028 \'_ll.
665 2965 792 3020 Vide
813 2980 960 3036 ergo,
985 2977 1136 3034 pater
1153 2967 1251 3020 iste
1265 2966 1533 3034 quomodo
1551 2977 1649 3018 nec
1672 2965 1820 3018 illum
1844 2963 2028 3018 volen-

458 3071 566 3114 tcm
629 3057 907 3115 discedere
961 3059 1212 3122 retineat,
1266 3070 1365 3111 nec
1388 3056 1540 3111 liberi
1573 3058 1786 3112 arbitrii
1818 3059 2028 3110 auferat

457 3161 780 3220 potestatem
815 3163 831 3202 :
885 3164 1062 3216 neque
1115 3151 1279 3204 alium
1326 3164 1548 3202 manere
1587 3151 1895 3216 cupientem
1933 3161 2026 3202 co-

457 3252 548 3309 gat
603 3243 919 3304 abscedere,
981 3256 1049 3294 ne
1102 3238 1245 3294 forte
1303 3242 1666 3307 frequentium
1734 3241 2024 3303 malorum,

456 3345 578 3400 quae
627 3341 813 3400 postea
847 3329 931 3383 bis
977 3344 1075 3383 suo
1103 3330 1234 3382 vitio
1299 3331 1630 3395 acciderent,
1687 3332 1799 3396 ipse
1848 3331 2028 3398 pctius

458 3431 649 3476 auctor
695 3437 816 3477 esse
882 3423 1148 3486 videatur,
1203 3421 1250 3475 si
1280 3421 1390 3475 illis
1459 3423 1762 3476 libertatem
1797 3422 2028 3490 propriae

457 3513 752 3568 voluntatis
785 3512 1096 3566 absciderit.
1129 3512 1314 3580 Itaque
1337 3523 1389 3567 et
1420 3513 1623 3582 petenti
1657 3514 1772 3579 dat,
1801 3513 1924 3582 quia
1961 3528 2028 3566 ex

460 3604 638 3670 nobis,
693 3619 799 3658 non
836 3619 865 3655 a
925 3603 1053 3669 Deo,
1119 3605 1312 3672 inepiae
1367 3615 1422 3658 et
1455 3604 1774 3659 oll'ensionis
1829 3615 2031 3659 nostra:

459 3711 624 3752 causa
674 3697 1062 3768 proficiscitur.
1093 3696 1383 3766 Accipiens
1419 3707 1599 3752 autem
1635 3709 1840 3766 partem
1875 3711 2030 3750 suam

453 3788 659 3859 iunior,
705 3801 938 3856 peregre,
973 3784 1168 3852 inquit,
1189 3785 1318 3838 abiit
1346 3786 1522 3856 longe.
1553 3786 1706 3852 Quod
1739 3785 1832 3849 ait,
1855 3786 2030 3852 longe,

459 3897 570 3936 non
617 3879 858 3934 locorum
911 3879 1400 3948 intercapedinem,
1452 3880 1550 3934 sed
1603 3878 2026 3933 declinationem

458 3973 658 4026 tuentis
679 3971 964 4040 expressit.
1000 3969 1103 4036 Qui
1143 3971 1291 4026 enim
1323 3971 1650 4025 oblivionem
1683 3968 1775 4024 Dei
1804 3967 2030 4036 ceperit,

462 4063 550 4118 hic
577 4079 704 4118 vere
734 4064 1072 4133 peregrinari
1100 4078 1131 4114 a
1164 4061 1276 4116 Deo
1317 4062 1518 4116 dicitur
1547 4078 1560 4114 :
1604 4061 1746 4115 sicut
1777 4075 1808 4114 e
1841 4069 2030 4113 contra

461 4155 804 4208 conversatio
835 4154 1112 4208 saecularis
1147 4168 1252 4205 non
1297 4153 1474 4207 solum
1529 4153 1898 4222 peregrinum,
1933 4153 2031 4205 sed

461 4246 698 4301 alienum
735 4247 963 4299 Domino
981 4244 1132 4298 facit.
1149 4244 1233 4308 Et,
1258 4244 1776 4309 utbreviterdicam,
1796 4244 2034 4313 peregri-

463 4347 654 4392 nantes
669 4352 698 4389 a
714 4336 933 4405 sasculo,
957 4345 1348 4404 praesentamur
1361 4338 1423 4388 ad
1443 4335 1728 4389 Dominum
1748 4352 1762 4389 :
1782 4336 1859 4389 sic
1871 4338 2033 4389 etiam

2124 1855 2190 1907 de
2227 1863 2378 1921 patre
2409 1855 2475 1907 ad
2510 1854 2741 1920 alienos,
2779 1855 2849 1909 de
2881 1855 3042 1909 domo
3072 1855 3139 1909 ad
3173 1855 3448 1920 exsilium,
3489 1858 3554 1908 de
3585 1854 3698 1922 Opi-

2122 1946 2225 2000 bus
2254 1945 2320 1998 ad
2380 1946 2808 2015 eleemosynam,
2857 1947 2927 2001 de
2985 1947 3318 2001 abundantia
3370 1946 3439 2000 ad
3499 1948 3695 2000 famem

2126 2039 2405 2093 transierit
2435 2056 2448 2094 :
2497 2040 2550 2092 in
2596 2041 2697 2093 hoc
2731 2040 2851 2094 loco
2885 2041 3164 2094 servitutis
3191 2049 3244 2094 et
3274 2041 3511 2094 miseria:
3541 2042 3698 2093 remi-

2125 2132 2361 2198 niscens,
2406 2133 2595 2202 incipit
2623 2134 2876 2203 cogitare
2917 2134 2986 2188 de
3043 2135 3237 2200 reditu,
3270 2145 3325 2188 et
3371 2150 3553 2188 secum
3587 2135 3699 2201 ipse

2125 2235 2381 2294 reputans
2411 2224 2543 2278 dicit
2584 2240 2599 2280 :
2651 2224 2835 2278 Dicam
2874 2226 3017 2292 patri
3048 2241 3159 2278 meo
3194 2241 3208 2280 :
3245 2225 3463 2278 Peccavi
3514 2227 3570 2278 in
3598 2240 3695 2278 εω-

2124 2319 2231 2371 lum
2255 2326 2303 2369 et
2334 2317 2387 2368 in
2425 2328 2704 2383 conspectu
2738 2326 2847 2379 tuo,
2881 2319 3088 2384 suscipe
3130 2333 3230 2381 nte,
3273 2319 3410 2370 sicut
3436 2326 3593 2369 unum
3631 2316 3695 2370 de

2124 2411 2460 2462 mercenariis
2492 2414 2618 2463 tuis.
2666 2407 2919 2463 Ostendit
2971 2409 3251 2477 Scriptura
3299 2411 3434 2474 haec,
3489 2420 3694 2479 patrem

2126 2515 2234 2554 non
2261 2501 2532 2554 hominem
2567 2501 2795 2571 intelligi
2825 2502 3044 2567 debere,
3079 2505 3172 2557 sed
3211 2501 3400 2556 Deum.
3449 2502 3698 2568 Quando‘

2126 2591 2342 2661 quidem
2377 2608 2481 2645 non
2515 2594 2689 2646 solum
2717 2595 2916 2648 cmlum
2969 2597 3210 2648 nominat
3255 2595 3309 2648 in
3353 2594 3694 2650 confessione

2128 2697 2474 2754 peccatorum
2533 2689 2804 2754 puznitens
2857 2689 3105 2757 supplex,
3165 2692 3266 2744 sed
3305 2692 3436 2744 dicit
3480 2692 3531 2742 in
3574 2707 3700 2744 cort-
3781 2759 3784 2762 ἢ

2128 2786 2314 2844 spectu
2353 2788 2463 2830 tuo.
2497 2775 2640 2831 Dens
2671 2779 2815 2831 enim
2851 2791 2935 2833 est
2966 2779 3016 2831 in
3036 2792 3326 2849 conspectu
3355 2794 3697 2852 peccatorum

2128 2868 2369 2922 omnium
2405 2869 2571 2924 solus.
2603 2870 2648 2921 Α
2706 2884 2812 2938 quo
2843 2887 2942 2924 nec
2979 2871 3031 2924 in
3078 2873 3243 2926 corde
3292 2875 3546 2927 meditata
3577 2890 3701 2942 pec-

2131 2972 2247 3017 cata
2283 2963 2539 3016 abscondi
2590 2973 2839 3030 possunt,
2893 2963 3176 3026 Scrutaris,
3235 2967 3429 3035 inquit,
3459 2969 3620 3019 corda
3651 2976 3702 3020 et

2132 3071 2275 3109 renes
2323 3055 2461 3108 Deus
2511 3055 2684 3124 (Psal.
2741 3071 2838 3119 vn,
2873 3056 2983 3123 lO).
3035 3056 3232 3110 Verum
3299 3057 3452 3111 nobis
3484 3057 3587 3112 hoc
3631 3073 3696 3112 ex

2129 3149 2270 3212 loco,
2341 3151 2542 3203 cmlum
2599 3147 2921 3217 intelligitur
2971 3149 3231 3204 Dominus
3288 3163 3470 3204 tiOster
3542 3149 3700 3206 Jesus

2128 3240 2381 3296 Christus
2410 3258 2426 3296 :
2459 3243 2523 3295 ad
2569 3257 2728 3310 quem
2762 3243 2814 3295 hi
2853 3243 3083 3310 gentiles
3135 3245 3224 3311 qui
3263 3244 3316 3296 in
3348 3244 3590 3297 tenebris
3621 3243 3701 3298 in-

2130 3334 2407 3388 lidelitatis
2440 3337 2683 3388 viventes
2730 3334 3260 3402 blasphemavernnt,
3294 3335 3403 3405 jam
3447 3336 3698 3389 conversi

2131 3427 2197 3478 ad
2230 3424 2759 3480 [idern-conﬁtentes
2790 3425 3073 3480 veritatem
3125 3426 3240 3489 Dei,
3296 3429 3347 3480 in
3383 3426 3702 3494 prenitentia

2133 3517 2335 3572 erroris
2365 3517 2447 3572 sui
2483 3518 2669 3570 dicunt
2703 3531 2718 3571 :
2769 3515 2990 3571 Peccavi
3017 3520 3070 3571 in
3097 3518 3283 3571 caelum
3322 3529 3371 3572 et
3402 3520 3458 3571 in
3489 3529 3558 3572 te.
3598 3517 3700 3584 Qui

2133 3609 2276 3664 enim
2329 3609 2384 3663 in
2437 3610 2630 3663 caelum
2677 3617 2886 3678 peccat,
2923 3609 3063 3677 quod
3118 3611 3220 3665 etsi
3277 3625 3569 3680 supernum
3612 3611 3700 3678 sit,

2135 3709 2316 3754 tamen
2351 3700 2564 3754 visiliile
2611 3711 2666 3754 et
2717 3703 3014 3756 lunaticum
3049 3711 3154 3761 est,
3189 3704 3305 3770 ipse
3337 3715 3418 3756 est
3451 3705 3541 3772 qui
3574 3718 3705 3772 pec~

2135 3802 2224 3845 cat
2265 3791 2317 3845 itt
2374 3792 2669 3854 hominem,
2727 3809 2886 3862 quem
2935 3793 3172 3860 suscepit
3211 3791 3380 3847 Filius
3457 3793 3548 3846 Dei
3606 3809 3706 3863 pro

2134 3883 2312 3938 salute
2359 3893 2571 3938 nostra.
2617 3884 2849 3938 Proinde
2898 3885 2950 3938 in
3007 3883 3224 3939 Patrem
3285 3885 3452 3939 Deum
3520 3887 3702 3940 omnia

2134 3974 2500 4044 speculantem
2533 3985 2740 4044 peccat.

2206 4065 2300 4119 Ix.
2339 4064 2432 4119 llis
2484 4069 2646 4134 igitur
2714 4067 2984 4135 cogitatis,
3040 4068 3445 4136 resipiscentcm
3498 4077 3551 4121 ct
3610 4085 3705 4137 per

2138 4157 2510 4212 confessionis
2568 4157 2928 4212 humilitatem
2996 4174 3062 4213 ex
3141 4161 3361 4227 regione
3415 4160 3703 4228 longinqua

2137 4260 2466 4302 remeantem
2501 4248 2666 4301 tilium
2706 4251 2773 4302 ad
2799 4265 2858 4304 se
2892 4251 3082 4304 videns
3128 4260 3303 4319 pater,
3354 4252 3565 4304 latalus
3610 4265 3700 4304 oc~

2136 4340 2326 4401 currit,
2357 4338 2701 4405 amplectitur
2754 4349 2808 4393 et
2838 4339 3141 4393 osculatur.
3199 4339 3401 4407 Aperte
3449 4340 3536 4392 hic
3567 4339 3702 4395 cha-

464 4436 841 4495 permancntes
873 4428 926 4480 in
961 4426 1119 4480 rebus
1150 4427 1405 4490 terrenis,
1428 4444 1455 4478 a
1477 4427 1789 4482 cmleStibns
1820 4430 2034 4480 exsula-
2071 4458 2110 4510 ο
2141 4431 2271 4483 ritas
2321 4429 2374 4482 in
2425 4428 2670 4484 homines
2717 4430 2898 4484 divina
2956 4430 3308 4484 describitur.
3369 4431 3509 4498 Quid
3557 4431 3699 4484 enim

466 4536 608 4575 mus.
629 4520 872 4588 Denique
891 4519 1022 4572 Cain
1046 4519 1173 4572 exiit
1204 4537 1232 4571 a
1257 4518 1395 4572 facie
1427 4519 1880 4588 Dominietlonge
1922 4517 2039 4572 eiii:

467 4614 606 4667 citur
641 4611 795 4676 (Gen.
834 4612 906 4674 tv,
938 4609 1048 4676 16).
1080 4624 1187 4661 non
1221 4612 1346 4677 quia
1377 4609 1528 4664 locus
1561 4610 1757 4678 aliquis
1793 4609 1924 4663 loris
1949 4624 2034 4662 es-

371 4685 376 4696 :
467 4715 550 4758 set
601 4717 633 4757 a
667 4712 964 4770 conspectu
1005 4702 1116 4765 Dei,
1154 4703 1248 4754 sed
1279 4701 1420 4769 quod
1474 4717 1571 4754 sua
1620 4709 1801 4756 mente
1834 4701 2036 4756 divisus

468 4806 616 4850 esset
647 4809 677 4847 a
703 4791 915 4846 Domini
951 4802 1221 4860 respectu,
1272 4801 1490 4861 propter
1549 4792 1899 4847 homicidium
1949 4809 2037 4846 se-

473 4900 749 4959 paratusa
802 4886 932 4941 Deo.
973 4884 1083 4940 llac
1134 4899 1264 4953 ergo
1307 4885 1750 4955 peregrinatione
1795 4900 1892 4953 per
1920 4900 2036 4937 ma.

471 4996 632 5050 gnam
682 4979 1039 5048 ignorantiam
1077 4978 1448 5046 peregrinatus
1499 4976 1666 5031 fuisse
1718 4992 1816 5030 nos
1852 4977 2036 5030 sciens

472 5074 822 5129 beatissimus
879 5073 1100 5135 Paulus,
1183 5073 1314 5124 dicit
1366 5087 1381 5126 :
1453 5069 1547 5123 Vos
1616 5071 1706 5139 qui
1753 5071 2037 5137 aliquando

471 5167 620 5235 longe
649 5165 849 5233 fuistis,
875 5180 1010 5217 nunc
1033 5176 1207 5216 autem
1231 5163 1518 5230 [αειὶεεδιὶε
1545 5179 1704 5230 prope
1732 5162 1948 5230 (Epirus.
1979 5177 2038 5226 ll,

475 5259 587 5328 17)).
638 5257 958 5324 llujusntodi
1015 5273 1144 5323 ergo
1187 5256 1484 5322 profectus,
1540 5256 2039 5324 peregrinationem

473 5350 650 5417 iunior
687 5349 774 5403 ille
807 5351 945 5402 Illius
980 5347 1228 5410 assamit,
1272 5357 1326 5400 et
1359 5349 1576 5401 devorat
1613 5350 1885 5415 [it'aetlictae
1921 5361 2044 5414 por-

478 5427 640 5496 tionis
668 5459 778 5498 sua:
828 5445 892 5496 de
933 5453 1156 5509 paterna
1219 5442 1537 5496 haereditate
1600 5442 1957 5494 substantiam
2026 5454 2040 5489 :

471 5531 662 5600 utique
689 5533 1066 5601 spiritualibus
1114 5534 1401 5586 destitutus
1443 5533 1656 5600 opibus,
1690 5532 1740 5584 id
1796 5541 1880 5585 est
1918 5547 2044 5599 pro-

471 5622 711 5676 videntia
769 5623 862 5677 Dei
911 5634 966 5678 et
1017 5624 1318 5689 intellectu,
1378 5642 1501 5680 cunt
1559 5640 1754 5694 porcos
1818 5639 2047 5692 pascere

476 5718 711 5790 cogitur,
759 5720 880 5788 hoc_
911 5731 1014 5786 est,
1054 5721 1300 5774 sordidas
1329 5729 1380 5774 et
1435 5721 1741 5774 immundas
1776 5720 1826 5771 in
1867 5718 2046 5769 anima

2139 4519 2283 4573 aliud
2331 4529 2435 4584 est,
2491 4521 2635 4588 quod
2691 4521 2950 4583 occurrit,
3012 4522 3114 4573 nisi
3149 4521 3274 4588 quia
3328 4536 3427 4573 nos
3471 4523 3703 4588 peccatis

2140 4610 2576 4686 impedientibus.
2635 4620 2823 4663 nostra
2853 4611 3055 4663 virtute
3091 4611 3158 4663 ad
3213 4611 3378 4663 Deum
3413 4612 3700 4679 pervenire

2141 4718 2245 4755 non
2310 4713 2638 4766 poteramus.
2689 4701 2811 4770 ipse
2855 4709 3035 4755 autent
3078 4712 3269 4770 potens
3319 4705 3384 4755 ad
3436 4703 3704 4756 invalidos

2140 4795 2445 4862 pervenire,
2486 4793 2767 4847 descendit
2806 4809 2822 4848 :
2878 4793 3017 4846 sicut
3063 4794 3132 4847 de
3178 4791 3408 4847 Zacbzeo
3450 4795 3706 4862 Operibus

2143 4887 2274 4952 ipsis
2305 4885 2737 4954 signiﬁcantibus
2765 4887 3090 4955 exprimitur
3123 4902 3138 4941 :
3174 4889 3316 4955 quod
3343 4903 3464 4942 cum
3491 4887 3708 4942 deside-

2143 4989 2319 5032 rasset
2363 4979 2550 5032 videre
2605 4977 2917 5045 Dominum,
2974 4989 3027 5034 et
3070 4981 3140 5034 ob
3198 4982 3300 5034 hoc
3357 4981 3411 5033 in
3457 4982 3708 5033 arborem

2143 5070 2569 5133 conscendisset,
2591 5071 2959 5138 praeveniente
2993 5071 3242 5137 Domino,
3269 5069 3630 5139 conspicitur,
3657 5080 3713 5123 et

2147 5170 2366 5212 vocatur
2395 5177 2408 5212 :
2450 5172 2504 5215 et
2533 5162 2680 5216 illico
2713 5162 2975 5215 Dominus
3002 5163 3054 5215 in
3079 5165 3293 5216 domum
3333 5163 3451 5230 ejus
3481 5166 3557 5214 ‘ad
3585 5177 3715 5214 con-

2148 5255 2432 5304 vivandunt
2462 5255 2576 5322 ipse
2595 5253 2996 5307 declinaturum
3025 5269 3086 5308 se
3103 5269 3226 5308 esse
3253 5255 3539 5323 promittit.
3580 5252 3714 5305 Vide

2147 5348 2418 5413 quomodo
2438 5347 2696 5400 cicdiluri
2723 5350 2878 5400 lideut
2911 5349 3210 5416 praevidens
3233 5349 3511 5410 Christus,
3540 5348 3716 5399 laten-

2150 5449 2255 5490 tem
2297 5441 2347 5491 in
2417 5441 2630 5502 arbore,
2702 5441 2859 5508 quasi
2932 5445 2985 5495 in
3052 5454 3394 5510 peccatorum
3479 5438 3715 5492 tenebris

2148 5532 2549 5595 obumbratuin,
2607 5533 2838 5587 sollicite
2886 5547 2943 5587 ut
2981 5550 3136 5588 ovem
3189 5533 3452 5602 perditam
3487 5531 3719 5599 requirit

2150 5630 2371 5687 aspectu
2408 5638 2424 5675 :
2451 5632 2506 5675 et
2539 5625 2729 5678 venire
2755 5636 3096 5679 cunctantem
3130 5636 3304 5691 vocat,
3335 5634 3388 5678 et
3413 5624 3717 5677 venientem

2154 5720 2407 5779 tanquam
2459 5714 2701 5769 humeris
2750 5717 2864 5771 suis
2909 5718 3183 5785 suscipit:
3232 5727 3286 5769 et
3331 5732 3434 5769 non
3469 5716 3721 5771 audentis
