4004 6192
256 296 336 358 26
349 291 382 358 ι·

729 297 1101 358 EPISTOLA
1140 297 1407 359 XXXVI.
1475 297 1864 358 VALERIUS
1907 295 2222 368 RUFINO,
2261 295 2364 354 NE
2412 292 2658 352 DUCAT
2701 289 3052 349 UXOREM.

3407 288 3512 348 262

259 420 496 470 imitare
528 417 839 480 Dominum,
889 417 1255 471 desiderantis
1285 427 1464 470 tamen
1503 417 1837 470 salutiferam
1871 421 1912 474 Α
1946 414 2086 466 lerre
2121 414 2326 467 videtur
2361 421 2538 463 utrum
2573 407 2913 472 duodecima,
2944 421 3011 458 an
3045 403 3331 458 novissima
3379 405 3512 458 hora

261 508 728 570 benedictionem,
766 507 1071 572 peccatoris
1101 507 1319 558 dommn
1351 507 1681 574 ingreditur,
1710 520 1841 556 eon-

265 599 588 665 viviumque
617 597 906 666 participat
936 612 950 648 :
983 595 1274 651 ostendens
1304 595 1497 648 visibili
1517 597 1686 663 gratia
1708 595 1844 647 invi-

264 687 476 738 sibilem
517 686 1027 748 sanctitlcauonem,
1053 684 1180 752 quia
1216 684 1356 737 Deus
1384 685 1650 750 sapientia
1686 684 1844 736 l'ami-

267 777 483 829 liariter
535 791 631 829 cor
695 776 972 830 credentis
1043 775 1366 846 ingreditur,
1429 775 1844 842 credentemque

270 869 560 934 participat
605 877 972 921 sacramento.

349 1001 413 1053 Χ.
450 1000 590 1066 Ergo
627 1015 924 1052 occurrens
963 1009 1118 1068 pater
1155 999 1261 1053 (ilio
1310 1001 1603 1054 revertenti
1639 1015 1846 1067 super-

274 1092 518 1145 funditur
563 1093 701 1143 collo
754 1091 893 1159 ejus,
935 1102 988 1144 et
1015 1093 1066 1143 in
1095 1106 1160 1144 eo
1183 1091 1490 1160 lacrymans
1527 1091 1841 1159 requiescit.

277 1182 572 1237 Oseulatur
640 1193 821 1235 autem
889 1197 948 1234 os
1008 1180 1146 1247 ejus,
1194 1196 1289 1248 per
1329 1184 1472 1246 quod
1519 1182 1720 1234 emissa
1783 1185 1846 1235 de

276 1274 438 1326 corde
486 1273 759 1326 coiil'essio
809 1271 1123 1340 pmnitentis
1188 1273 1418 1336 exierat,
1469 1287 1627 1340 quem
1693 1281 1846 1339 pater

278 1368 438 1418 laetus
468 1365 708 1432 cltcepit.
743 1364 947 1418 Deinde
985 1380 1108 1418 mox
1134 1365 1283 1430 jubet
1305 1373 1360 1417 et
1395 1365 1587 1417 stolam
1617 1365 1844 1430 primam

277 1457 531 1527 proferri,
562 1457 614 1509 id
646 1466 729 1509 est
754 1456 1033 1523 pristinam
1072 1456 1320 1524 gloriam,
1353 1471 1512 1522 quam
1568 1470 1632 1507 ex
1687 1456 1849 1508 sedu-

280 1551 461 1600 ctione
524 1546 724 1600 diaboli
761 1549 992 1600 nudatus
1020 1546 1295 1610 amiserat,
1353 1547 1498 1600 reddi
1537 1561 1551 1602 :
1601 1546 1761 1600 simul
1794 1557 1848 1599 et

281 1638 537 1691 annulum
569 1640 703 1702 dari,
737 1639 851 1692 sive
897 1638 1237 1706 signaculum
1271 1637 1528 1691 salutaris
1589 1637 1841 1698 symboli,

283 1743 374 1780 seu
407 1729 580 1794 magis
606 1727 1040 1796 desponsationis
1069 1728 1278 1797 insigne
1305 1736 1359 1780 et
1398 1728 1711 1794 nuptiarum
1761 1727 1842 1795 pi-

281 1836 412 1885 gnus
457 1819 694 1883 illarum,
770 1820 967 1888 quibus
1016 1819 1272 1874 Christus
1338 1818 1636 1872 Ecclesiam
1688 1835 1844 1872 suam

283 1921 541 1978 sponsat:
580 1925 706 1964 cum
747 1912 925 1964 omnis
957 1911 1139 1964 anima
1185 1912 1514 1980 resipiscens
1545 1926 1639 1979 per
1671 1926 1847 1963 annu-

285 2000 386 2052 lum
417 1999 536 2051 tidei
565 1998 810 2068 jungitur
838 1998 1082 2052 Christo.
1129 1996 1353 2052 Mandat
1383 2007 1442 2052 et
1476 1999 1846 2052 Calceamenta

287 2092 507 2159 pedibus
539 2091 734 2158 apponi
780 2105 795 2143 :
827 2099 923 2143 aut
974 2099 1193 2160 propter
1218 2089 1633 2144 communiendo
1663 2089 1851 2141 «vestio

287 2184 366 2251 gia
406 2182 472 2235 ad
511 2184 830 2234 currendam
890 2180 1056 2243 viam,
1101 2190 1157 2233 ut
1215 2196 1310 2249 per
1362 2180 1628 2232 lubricum
1660 2179 1848 2232 tnundi

286 2272 436 2325 istius
465 2273 567 2325 iter
597 2271 736 2323 ﬁxus
763 2271 979 2325 incedat
1012 2288 1026 2324 :
1074 2281 1168 2325 aut
1207 2281 1285 2338 ut,
1320 2271 1541 2325 excluso
1592 2272 1644 2325 in
1685 2285 1852 2325 evan-

285 2365 466 2432 gelicis
495 2364 874 2416 calceamentis
907 2377 1121 2418 carnea:
1149 2364 1495 2432 contagionis
1522 2364 1654 2430 luto,
1691 2379 1852 2417 mun-

288 2458 381 2510 dos
407 2458 569 2525 pedes
614 2456 954 2509 immaculata
1009 2457 1422 2510 conversatione
1475 2464 1761 2510 conservet
1797 2465 1852 2510 et

290 2548 480 2618 dirigat
511 2560 526 2603 :
575 2558 668 2600 aut
708 2558 927 2617 propter
962 2549 1435 2602 mortilicationem
1463 2549 1849 2602 membrorum.

291 2636 423 2692 Vita:
447 2639 592 2693 enim
631 2649 831 2692 nostra:
863 2653 1057 2694 cursus
1109 2639 1162 2692 in
1194 2638 1493 2705 Scripturis
1535 2654 1636 2706 pes
1666 2638 1854 2705 appel-

293 2732 449 2787 latur.
512 2730 576 2784 Et
643 2729 1078 2785 rnortilicationis
1155 2731 1366 2800 species
1429 2730 1854 2784 calceauieutum

293 2826 599 2893 apponitur,
657 2824 781 2893 quia
814 2823 880 2878 de
944 2823 1262 2877 animalium
1321 2817 1657 2878 mortuorum
1695 2823 1854 2893 pelli-

291 2918 386 2972 bus
414 2919 722 2972 conﬁcitur.

363 3055 451 3109 XI.
488 3056 703 3111 Addidit
737 3068 791 3110 et
823 3056 1050 3110 vitulum
1087 3057 1384 3126 saginatum
1417 3053 1766 3122 jugulandum
1799 3052 1851 3105 in
1881 3089 1926 3148 α

289 3149 518 3202 convivii
548 3149 884 3202 exhibitione
911 3167 923 3202 :
955 3150 1071 3202 sine
1095 3149 1256 3201 dubio
1289 3148 1572 3200 Dominum
1610 3157 1853 3199 nostrum

293 3241 470 3294 .lesum
519 3241 817 3302 Cbristmn,
863 3256 1024 3309 quem
1073 3240 1218 3293 dedit
1266 3238 1426 3291 I’ater
1477 3238 1529 3290 in
1580 3237 1854 3290 victimam

291 3346 390 3398 pro
419 3331 593 3385 salute
635 3343 816 3384 nostra
849 3349 861 3384 :
895 3346 1056 3399 quem
1089 3330 1312 3384 vitulum
1356 3329 1599 3382 nominat
1638 3339 1858 3396 pr0pter

297 3423 517 3476 hostiam
576 3424 822 3492 corporis
884 3422 1234 3476 immaculati.
1295 3420 1612 3490 Saginatum
1677 3428 1855 3472 autem

297 3531 416 3568 vere
443 3514 580 3568 dixit
610 3529 624 3568 :
656 3514 779 3582 quia
809 3514 1018 3582 pinguis
1043 3524 1097 3568 et
1125 3513 1336 3582 opimus
1368 3514 1634 3566 intantum
1667 3524 1769 3575 est,
1800 3521 1861 3565 ut

293 3621 392 3671 pro
418 3607 579 3660 totius
614 3605 799 3660 mundi
826 3605 997 3660 salute
1020 3605 1292 3659 suﬂiciens
1324 3605 1395 3657 sit
1423 3609 1641 3657 odorem
1675 3603 1862 3656 suavi-

289 3700 418 3753 tatis
447 3709 502 3754 et
532 3699 779 3752 nidorem
823 3697 1209 3751 immolationis
1241 3700 1306 3750 ad
1343 3699 1508 3751 Deum
1542 3697 1779 3758 mittere,
1808 3705 1862 3750 et

295 3806 391 3858 pro
431 3790 684 3843 omnibus
721 3801 970 3842 exorare.
1000 3788 1226 3854 Propter
1259 3789 1401 3856 quod
1433 3787 1598 3840 etiam
1635 3787 1860 3855 mystica

295 3883 502 3935 ratione
533 3881 736 3935 dictum
769 3892 872 3946 est,
905 3879 1122 3932 Patrem
1159 3879 1289 3932 dare
1323 3878 1443 3932 aliis
1473 3878 1858 3930 immolandum

295 3974 438 4024 hunc
469 3973 714 4036 titulum,
746 3973 1033 4040 ipsumque
1059 3968 1315 4039 gaudere,
1382 3979 1434 4023 et
1459 3968 1664 4038 epulari
1695 3967 1747 4018 in
1780 3966 1861 4018 vi-

293 4063 610 4115 ctimavituli
635 4064 742 4115 sui.
765 4060 856 4114 Sic
877 4063 1012 4114 enim
1044 4061 1225 4114 dilexit
1252 4059 1410 4112 Pater
1443 4059 1579 4111 hunc
1611 4057 1863 4108 mundum

296 4165 348 4203 ut
381 4153 544 4220 ﬁlium
571 4154 687 4222 ejus
716 4155 932 4222 unicum
977 4168 1072 4221 pro
1111 4154 1284 4206 salute
1335 4166 1431 4203 sua
1459 4154 1608 4202 daret
1656 4148 1859 4220 (10am,

296 4257 383 4305 Ill,
419 4245 522 4312 I6).
557 4243 671 4296 Non
708 4259 838 4312 ergo
870 4245 983 4310 ipse
1015 4243 1336 4306 immolavit,
1369 4242 1460 4295 sed
1508 4241 1629 4294 aliis
1672 4240 1865 4294 imum-

298 4335 510 4386 landnm
541 4336 761 4388 tradidit
789 4352 800 4384 :
832 4336 1111 4386 emittente
1137 4341 1281 4386 enim
1311 4331 1490 4396 Patre,
1517 4334 1863 4386 consentiens

297 4423 464 4477 Filius
493 4428 559 4479 ab
589 4428 900 4480 hominibus
927 4441 1119 4493 passus
1150 4436 1249 4479 est.
1279 4425 1395 4492 Ipse
1427 4437 1605 4479 autem
1636 4426 1726 4495 qui
1758 4424 1862 4478 (ide
1890 4426 1941 4484 D

298 4529 477 4570 nostra
510 4520 769 4585 pascitur,
801 4528 855 4572 et
894 4517 1011 4570 Filii
1049 4519 1128 4568 sui
1161 4532 1257 4584 pro
1289 4520 1442 4570 nobis
1492 4518 1862 4570 immolatione

297 4611 504 4658 iactatur
531 4617 583 4660 et
630 4609 866 4675 gaudet,
915 4617 966 4660 et
1011 4608 1062 4660 in
1118 4607 1290 4658 reditu
1327 4604 1444 4657 Filii
1491 4607 1576 4658 sui
1625 4610 1862 4674 gaudens

295 4710 525 4761 creator,
562 4701 920 4766 aeqtiisitioiie
967 4699 1147 4768 pepuli
1181 4699 1452 4751 credentis
1485 4700 1751 4766 epulatur.

377 4788 488 4845 XII.
541 4780 768 4844 'Videns
814 4792 938 4843 hinc
988 4793 1224 4843 laetitiam
1279 4791 1447 4858 patris
1494 4792 1675 4844 senior
1724 4793 1864 4846 ﬁlius

295 4886 667 4936 contristatur.
706 4882 878 4948 Hujus
910 4899 1134 4947 persona
1165 4885 1270 4936 illis
1300 4885 1660 4950 comparanda
1696 4890 1859 4938 ascri-

296 4975 444 5024 bitur
476 4973 764 5041 Operariis,
797 4975 886 5041 qui
923 4975 1172 5026 similiter
1201 4976 1254 5026 in
1284 4975 1568 5042 Evangelio
1595 4991 1712 5042 post
1735 4993 1860 5044 0pc-

295 5065 555 5117 rationem
581 5065 753 5118 vineae
795 5065 860 5116 ad
885 5064 1162 5117 dominum
1198 5077 1556 5129 murmurant,
1584 5069 1723 5142 quod
1759 5069 1864 5122 illis

298 5166 410 5206 tota
443 5159 524 5209 die
571 5157 623 5209 in
673 5159 852 5224 operis
888 5157 1072 5210 labore
1123 5157 1384 5210 conlectis
1411 5195 1426 5219 ,
1469 5158 1620 5223 illos,
1654 5160 1744 5226 qui
1795 5159 1860 5212 ad

293 5251 664 5302 duodecimam
738 5253 925 5304 horam
999 5259 1289 5314 venerant,
1353 5253 1526 5318 pretio
1599 5256 1862 5306 mercedis

290 5353 550 5407 tequasset
579 5342 684 5395 :ad
713 5358 849 5409 quos
877 5343 1009 5396 dicit
1043 5343 1156 5410 ipse
1181 5343 1443 5398 Conditor
1472 5347 1713 5400 omnium
1751 5364 1765 5398 :
1806 5347 1860 5398 Si

289 5449 425 5498 ergo
452 5450 547 5502 ego
586 5437 764 5487 bonus
794 5450 937 5498 sum,
980 5435 1108 5503 quid
1142 5445 1195 5487 tu
1230 5436 1442 5489 malus?
1476 5435 1626 5500 Quod
1681 5452 1858 5492 autem

292 5524 350 5575 hi.
380 5534 500 5576 sunt
542 5527 630 5592 qui
669 5529 733 5577 ad
765 5525 1137 5578 duodecimam
1173 5529 1471 5593 venientes,
1507 5530 1594 5596 qui
1627 5545 1689 5581 ex
1728 5547 1860 5596 gen-

291 5617 440 5668 tibus
471 5617 845 5679 saIVabuntnr,
884 5616 1123 5672 Joannes
1156 5630 1341 5686 aperte
1374 5623 1570 5673 clamat
1599 5637 1612 5673 :
1651 5619 1857 5684 Filioli,

287 5707 573 5760 novissima
610 5709 734 5761 hora
768 5719 839 5761 est
871 5708 919 5776 (l
951 5709 1110 5762 Joan.
1145 5725 1203 5772 ιι,
1239 5713 1344 5778 18).
1379 5710 1518 5764 Nihil
1545 5724 1719 5767 autem
1755 5715 1854 5767 dil-

1947 505 2177 556 dicatur.

2017 594 2156 649 Xlll.
2202 594 2305 658 Qui
2351 603 2475 647 sunt
2522 603 2698 645 autem
2752 592 2806 643 hi
2851 589 2940 658 qui
2996 595 3370 646 murmurant,
3423 585 3513 652 qui

1946 686 2184 740 laborem
2218 695 2271 738 et
2313 697 2501 738 aestum
2557 692 2666 736 toto
2713 681 2800 734 die
2845 687 3216 749 portaverunt,
3271 677 3372 729 nisi
3425 677 3514 742 qui

1942 779 2182 848 justitias
2217 779 2345 845 legis
2377 785 2608 843 egerunt
2634 783 2690 826 et
2717 771 2995 825 servitutis
3027 771 3259 834 antiqtne
3289 781 3513 834 pensum

1951 868 2340 922 reddiderunt?
2374 868 2504 919 Vide
2553 877 2732 919 autem
2781 877 2941 929 quam
2990 869 3172 928 aperta
3212 859 3321 911 sint
3352 858 3516 907 verba

1947 975 2066 1029 qua:
2098 975 2124 1012 a
2161 970 2313 1026 patre
2346 957 2600 1010 dicuntur
2631 974 2646 1012 ς
2679 965 2734 1008 ιιι
2769 954 2833 1006 ab
2874 953 2957 1005 his
2985 951 3076 1018 qui
3112 950 3164 1001 in
3201 948 3316 1012 lege
3357 947 3510 997 vixe-

1948 1062 2093 1115 runt,
2126 1053 2264 1104 dicta
2299 1050 2604 1102 videantur.
2634 1046 2773 1110 Quid
2804 1046 2947 1097 enim
2977 1052 3078 1106 est,
3115 1042 3260 1109 quod
3294 1039 3358 1091 de
3385 1054 3514 1103 agro

1951 1143 2171 1194 veniens
2223 1141 2351 1192 dicit
2397 1155 2411 1190 :
2457 1140 2556 1191 nisi
2609 1137 2918 1205 signiﬁCans
2956 1136 3020 1187 de
3077 1133 3210 1200 legis
3263 1130 3516 1195 operibus

1952 1231 2286 1292 venientem,
2348 1239 2401 1282 et
2456 1229 2508 1280 in
2559 1229 2642 1280 his
2697 1227 3046 1294 gloriantem,
3094 1235 3147 1276 et
3193 1224 3344 1288 quasi
3392 1222 3513 1273 diu.

1953 1331 2139 1375 turnos
2188 1321 2401 1375 labores
2450 1320 2827 1388 imputantem.
2875 1316 3027 1369 Unde
3060 1317 3133 1368 ait
3163 1333 3176 1369 :
3205 1315 3517 1367 Mandatum

1950 1423 2093 1463 tuum
2139 1427 2404 1479 nunquam
2463 1409 2720 1476 prwterivi
2757 1424 2774 1460 :
2813 1418 2861 1460 ει
2918 1423 3018 1459 non
3063 1407 3252 1458 dedisti
3305 1406 3516 1458 liazdum

1950 1519 2044 1571 pro
2092 1519 2192 1564 me;
2230 1513 2284 1554 ut
2318 1501 2560 1568 epularer
2587 1516 2606 1553 :
2637 1501 2749 1553 hoc
2781 1509 2861 1552 est
2907 1512 3004 1552 nec
3039 1508 3373 1565 peceatorem
3418 1511 3518 1562 pro

1951 1603 2135 1648 nostra
2168 1595 2352 1662 requie
2385 1594 2604 1647 dedisti.
2637 1591 2741 1657 Qui
2770 1591 2927 1655 enim,
2962 1589 3154 1656 inquit,
3190 1589 3366 1657 fecerit
3402 1604 3518 1655 qua:

1951 1685 2078 1754 legis
2132 1693 2274 1744 sinit,
2321 1684 2451 1736 vivet
2488 1684 2542 1734 in
2591 1683 2666 1734 ei:
2696 1697 2716 1732 :
2745 1682 2833 1750 qui
2879 1695 2978 1732 non
3027 1680 3238 1747 fecerit,
3273 1678 3519 1744 punietur

1879 1763 1921 1818 Β
1949 1791 2014 1828 ea:
2048 1775 2174 1840 ipsis
2223 1772 2425 1844 (Galat.
2463 1789 2544 1836 ιιι,
2581 1773 2692 1841 12).
2731 1772 2840 1840 Pro
2883 1772 2988 1824 isto
3021 1781 3199 1823 autem
3229 1770 3319 1835 qui
3353 1769 3519 1820 forni-

1949 1877 2105 1921 catus
2151 1877 2251 1928 est,
2295 1867 2456 1920 etiam
2506 1865 2834 1933 saginatum,
2882 1862 3078 1930 inquit,
3113 1861 3258 1914 illum
3291 1859 3518 1913 vitulum

1950 1958 2145 2013 dedisti
2182 1975 2196 2012 :
2227 1958 2278 2012 id
2310 1968 2413 2021 est,
2448 1956 2643 2010 Filium
2681 1966 2830 2009 tuum
2862 1955 3114 2008 dilectum
3145 1969 3158 2009 :
3187 1955 3326 2005 sicut
3356 1966 3519 2019 supra

1953 2049 2210 2103 diximus.
2246 2048 2350 2102 Sed
2398 2049 2525 2117 quid
2577 2049 2623 2101 ei
2663 2048 2946 2114 respondet
2979 2045 3173 2114 pater?
3211 2043 3286 2096 Tu
3321 2058 3520 2107 seniper

1949 2155 2151 2191 mecum
2200 2138 2558 2207 es;oportuit
2606 2147 2782 2191 autem
2826 2151 2920 2204 pro
2967 2136 3064 2186 ista
3102 2133 3383 2202 gratulari,
3431 2131 3523 2200 qni

1951 2232 2198 2298 perierat,
2229 2238 2278 2284 et
2311 2231 2550 2283 inventus
2580 2238 2678 2292 est,
2711 2235 2948 2280 mortuus
2979 2225 3175 2292 fuerat,
3216 2235 3262 2277 et
3289 2226 3518 2282 trevixii.

1952 2323 2258 2379 Ostendens
2311 2322 2364 2376 in
2411 2321 2511 2375 hoc
2557 2319 2724 2374 verbo
2765 2317 3050 2372 manifeste
3099 2318 3392 2376 hominem,
3425 2317 3516 2383 qui

1953 2414 2228 2483 peccando
2276 2411 2383 2465 vita
2433 2409 2721 2472 exciderit,
2755 2418 2809 2462 et
2856 2409 3120 2461 obnoxius
3166 2406 3523 2459 niortiliir‘aius

1955 2505 2142 2566 fuerit,
2173 2518 2239 2556 ex
2283 2502 2594 2557 reversione
2627 2510 2806 2554 autem
2843 2499 3065 2552 salutari
3113 2514 3207 2566 per
3255 2499 3523 2566 pmnilen-

1957 2599 2086 2650 tiam
2121 2597 2172 2649 in
2206 2595 2547 2665 adeptionem
2581 2593 2676 2647 lilii
2711 2593 2958 2648 redierit.
2984 2591 3186 2645 Bonum
3215 2604 3396 2644 autem
3426 2593 3525 2643 ho.

1957 2689 2182 2751 minem,
2216 2686 2306 2754 qui
2357 2667 2619 2738 manserit
2657 2684 2708 2737 in
2743 2683 2906 2748 bono,
2943 2683 3306 2737 [nereditatem
3341 2694 3524 2751 pater-

1959 2792 2080 2831 nam
2104 2777 2306 2847 jugiter
2338 2776 2635 2846 possidere.
2661 2774 2848 2843 Itaque
2869 2775 2911 2828 si
2937 2774 3261 2843 peccaveris,
3286 2789 3319 2828 ο
3343 2775 3521 2836 homo,

1958 2868 2156 2923 festina
2191 2869 2471 2923 liberanda
2507 2876 2559 2922 te
2600 2868 2940 2922 reconciliari
2988 2867 3142 2922 Deo:
3177 2878 3232 2920 ut
3279 2882 3344 2919 ex
3379 2881 3523 2919 nier-

1959 2961 2088 3016 cede
2138 2960 2353 3014 sudoris
2407 2969 2462 3014 et
2509 2960 2671 3029 digna
2712 2960 3052 3029 pmnitentia,
3103 2960 3333 3026 recipias
3382 2958 3526 3025 quod

1959 3067 2024 3105 ex
2064 3051 2234 3121 gratia
2279 3052 2534 3120 donatum
2583 3051 2676 3105 tibi
2729 3051 3030 3120 perdidisti.
3077 3050 3306 3105 Praestet
3342 3061 3522 3105 antem

1962 3141 2106 3196 Deus
2155 3141 2324 3210 magis
2358 3148 2738 3209 permanentes
2783 3156 2876 3195 vos
2927 3142 2979 3194 in
3039 3141 3166 3205 (ide,
3219 3141 3527 3195 coliaaredes

1961 3247 2080 3288 esse
2106 3232 2316 3285 Domini
2345 3232 2512 3286 nostri
2539 3229 2668 3287 Jesu
2693 3232 2896 3286 Christi
2929 3233 3087 3301 :quia
3115 3233 3228 3299 ipsa
3254 3241 3334 3286 est
3358 3232 3527 3299 gloria

1961 3334 2016 3378 et
2045 3323 2239 3385 virtus,
2270 3339 2391 3376 cum
2423 3321 2606 3389 Patre,
2635 3332 2686 3377 et
2704 3321 2864 3386 Filio,
2895 3334 2947 3376 et
2969 3322 3172 3392 Spiritu
3204 3335 3411 3388 sancto,
3434 3337 3528 3391 per

1963 3418 2143 3470 omnia
2173 3416 2370 3470 swcula
2401 3417 2742 3471 saeculorum.
2775 3418 2967 3472 Amen.

2036 3551 2391 3651 .IIONITUM
2434 3593 2498 3647 IN
2538 3594 2924 3650 EPISTOLAM
2980 3592 3421 3662 SEQUENTEM.

2036 3711 2310 3764 Valerium
2360 3710 2647 3764 Maximum
2700 3711 2842 3766 hunc
2877 3713 3081 3779 putavit
3112 3726 3232 3765 esse
3268 3710 3530 3764 Labbmns

1966 3778 2314 3853 Bibliotheca:
2349 3779 2446 3832 Ms.
2482 3796 2602 3853 pag,
2637 3781 2727 3853 45,
2760 3778 2918 3848 quem
2953 3793 3130 3833 tamen
3159 3781 3528 3853 Christianum

1966 3849 2241 3902 auctorem
2273 3865 2415 3912 esse,
2453 3865 2516 3902 ex
2566 3849 2992 3916 Scripturarnm,
3057 3866 3173 3916 qua:
3211 3851 3408 3910 laudat,
3452 3857 3531 3899 te-

1967 3920 2260 3982 Siimoniis,
2295 3930 2455 3984 atque
2481 3935 2544 3971 ex
2575 3934 2640 3971 eo
2670 3919 2854 3986 liquet,
2898 3923 3039 3987 quod
3070 3919 3438 3972 Christianum
3470 3935 3530 3970 se

1965 3989 2516 4058 alloquiproﬁtetnr.
2567 3987 2626 4041 In
2676 3990 2907 4058 quodam
2961 4005 3062 4042 ins.
3117 3987 3426 4058 monasterii
3463 3991 3530 4039 de

1966 4055 2104 4124 Lyra
2149 4055 2455 4127 Viiilerianus
2489 4055 2715 4121 dicitur,
2755 4063 2973 4127 ipsaque
3025 4059 3294 4127 epistola,_
3322 4056 3532 4109 Diuer-

1970 4129 2117 4180 tntio.
2171 4126 2266 4179 Sin
2320 4143 2501 4180 verum
2551 4129 2679 4181 illud
2732 4128 2848 4194 ejus
2887 4124 2972 4180 cst
3005 4144 3220 4186 nomen,
3254 4124 3528 4178 Vale-rium

1967 4195 2254 4264 appellarit
2291 4211 2348 4250 se
2396 4209 2608 4261 auctor,
2638 4204 2780 4262 quod
2817 4197 2884 4250 ad
2923 4197 3112 4249 Valerii
3150 4196 3528 4258 imitationem,

1969 4269 2256 4336 quamdam
2316 4270 2583 4321 dictorum
2656 4267 3029 4332 factorumque
3099 4265 3530 4319 memorabilinm

1970 4335 2292 4406 farraginem
2328 4339 2685 4392 contexuerit.

2439 4472 2776 4528 EPISTULA
2814 4472 2908 4526 XX
2921 4472 2958 4524 Χ
2972 4471 3054 4526 γι.

2199 4607 2452 4646 VALERIUS
2489 4606 2701 4658 RUFINO,
2743 4605 2809 4643 NE
2846 4605 3012 4643 DUCAT
3049 4605 3283 4643 υκοιιωι.

2038 4706 2078 4760 I.
2111 4705 2280 4773 Loqui
2312 4701 2602 4774 prohibeor
2626 4719 2640 4755 :
2664 4712 2714 4756 et
2745 4714 2924 4756 tacere
2956 4717 3059 4754 non
3093 4718 3330 4770 possum.
3359 4701 3535 4759 Grues

1968 4799 2088 4850 coeli
2127 4807 2474 4864 tempestates
2507 4796 2867 4864 praenuntiant
2901 4794 3078 4846 varias
3129 4809 3142 4848 :
3176 4794 3330 4845 nlula:
3363 4796 3534 4846 bubo.

1969 4904 2194 4957 nesque,
2224 4890 2484 4941 ominosa:
2509 4901 2658 4950 aves,
2685 4885 2878 4939 hiemis
2899 4888 3216 4953 gravitatem
3247 4886 3533 4938 instantem

1970 4983 2213 5034 luctuose
2267 4961 2609 5048 praeululant.
2645 4977 2710 5030 Et
2744 4987 2800 5029 tn
2845 4979 3179 5042 subsannas,
3233 4977 3276 5031 si
3330 4977 3534 5030 venturi

1971 5070 2236 5137 dispendii
2260 5069 2512 5122 vaticinia
2539 5083 2661 5122 vera
2693 5083 3044 5136 praes-ensem.
3073 5067 3192 5121 Ideo
3223 5069 3368 5136 loqui
3407 5084 3503 5134 pro
3524 5096 3538 5107 -

1969 5161 2182 5222 ιιιυρσιτ,
2215 5161 2458 5213 veritatis
2493 5177 2679 5229 augur,
2726 5176 2831 5213 non
2872 5163 3179 5226 voluptatis.
3230 5159 3535 5214 Luseiniam

1967 5270 2091 5306 amo
2118 5265 2172 5306 et
2198 5255 2480 5318 merulam,
2511 5269 2628 5321 quae
2658 5255 2898 5307 laetitiam
2928 5269 3070 5305 aurae
3103 5255 3239 5307 lenis
3271 5269 3538 5309 concentu

1966 5347 2177 5412 placido
2227 5346 2634 5415 praeloquuntur
2686 5364 2701 5397 :
2739 5357 2793 5399 et
2828 5345 3096 5414 prareipue
3145 5348 3537 5418 philomelam:

1967 5452 2086 5504 qua:
2137 5447 2332 5504 optatre
2387 5449 2598 5506 tempus
2644 5438 3006 5506 jucunditatls
3061 5450 3170 5490 tota
3223 5439 3539 5492 deliciarum

1972 5530 2303 5598 plenitudine
2333 5532 2592 5585 cmnulat.

2037 5622 2100 5674 Ni
2129 5620 2304 5684 fallor,
2327 5623 2628 5690 gnathones
2652 5623 2830 5692 diligis
2847 5632 2901 5676 et
2922 5625 3220 5684 coniogdos.
3247 5625 3333 5691 qui
3356 5625 3543 5677 dulces

1967 5727 2362 5784 pra‘susurrant
2398 5716 2677 5770 illecebras
2730 5727 2800 5771 :et
2855 5715 3119 5784 praecipue
3169 5717 3382 5780 Circen,
3429 5733 3546 5783 qua:
