4012 6188
485 284 595 345 263

1424 279 1486 340 S.
1532 271 1976 337 HIERONYMI
2014 267 2339 329 OPERUM
2378 256 2813 325 MANTISSA.3

3617 255 3723 319 26i

487 401 585 455 tibi
614 398 891 468 suspirata!
916 396 1199 452 suavitatis
1232 401 1474 449 aromate
1496 391 1696 462 gaudia
1732 390 1887 459 plena
1924 402 2048 456 per-
2086 391 2130 448 Α
2159 381 2452 437 innocenti.
2498 380 2770 449 Numquid
2818 379 3081 433 innocens
3125 375 3251 438 erit,
3291 389 3415 445 qua:
3451 375 3719 430 contendit

487 493 698 554 fundat,
732 500 788 545 ut
818 489 1042 555 fallaris,
1078 496 1137 543 ut
1178 502 1272 543 sus
1321 488 1440 550 lias,
1471 494 1564 538 aut
1606 482 1835 537 asinus:
1871 490 2054 534 tacere

488 602 596 639 non
646 598 881 652 possum.
916 580 1210 648 Propinant
1252 579 1347 633 tibi
1381 577 1641 632 mellitum
1676 572 1912 627 toxicum
1947 568 2053 623 mi-

444 696 453 709 ι
492 677 645 730 nistri
680 674 842 727 Babei
873 689 889 726 :
922 671 1119 727 blande
1164 670 1464 740 ingreditur
1490 674 1545 720 et
1579 663 1833 727 delectat,
1870 673 1926 714 et
1954 660 2055 714 im-

490 776 670 834 petum
705 763 928 833 Spiritus
978 763 1052 817 tui
1094 762 1475 818 conducitzet
1520 758 1640 812 ideo
1674 754 1817 824 loqui
1867 752 2057 822 prohi-

492 858 643 912 beor.
678 857 804 909 Scio
832 854 975 923 quod
1012 853 1303 908 novissime
1333 851 1477 908 sicut
1508 848 1734 903 coluber
1765 844 2054 905 mordebit,

490 962 545 1006 et
578 951 725 1003 virus
755 949 1029 1017 imprimet
1061 948 1236 1014 impar
1268 947 1415 998 omni
1465 942 1721 997 theriacae
1752 958 1768 996 :
1803 940 1924 994 ideo
1973 950 2057 992 ta-

492 1057 618 1098 cere
673 1056 782 1096 non
841 1055 1087 1109 possum.
1144 1036 1338 1091 Multos
1394 1036 1561 1090 habes
1613 1032 1908 1101 voluptatis
1955 1040 2059 1085 tute

492 1148 875 1205 persuasores,
932 1132 985 1185 in
1037 1138 1197 1200 caput
1251 1124 1916 1187 tuum.facundissimos,
1972 1136 2060 1175 me

491 1227 667 1281 solum
690 1225 959 1294 elinguem
987 1236 1285 1290 praeconem
1311 1217 1576 1281 veritatis,
1597 1229 1756 1286 quem
1781 1224 2057 1269 nauseae:

492 1317 615 1372 ideo
647 1317 790 1385 loqui
818 1313 1132 1384 prohibeor.

562 1405 629 1461 ll.
665 1405 965 1477 Reprobata
992 1411 1074 1458 est
1108 1402 1242 1456 fatui
1272 1415 1373 1455 vox
1405 1398 1641 1454 anseris.
1679 1394 1826 1451 Inter
1853 1406 2059 1465 cygnos

493 1508 700 1553 tantum
737 1498 926 1551 doctos
970 1495 1284 1549 delectare:
1312 1507 1375 1544 ea
1428 1501 1607 1543 tamen
1654 1495 1936 1541 senatores
1965 1484 2061 1537 doc

491 1590 605 1644 cuit
637 1600 859 1641 servare
902 1583 1091 1641 urbem
1140 1584 1207 1636 ab
1253 1581 1527 1642 incendio,
1572 1579 1860 1633 thesauros
1894 1591 1922 1627 ιι
1972 1588 2060 1627 ra-

491 1682 644 1749 pina,
678 1693 738 1734 se
768 1681 917 1747 ipsos
952 1690 983 1730 a
1011 1675 1135 1730 telis
1176 1675 1430 1731 hosﬁum.
1460 1669 1708 1727 Forsitan
1736 1678 1790 1723 et
1818 1682 1940 1723 cum
1973 1681 2059 1721 se-

494 1771 780 1826 natoribus
818 1768 1123 1838 intelliges,
1173 1768 1300 1836 quia
1345 1766 1580 1834 prudens
1628 1778 1725 1825 es,
1772 1760 1914 1831 quod
1966 1760 2060 1812 tibi

491 1861 806 1930 organizent
833 1858 1011 1913 olores
1040 1856 1341 1922 interitum,
1377 1863 1434 1908 et
1468 1866 1631 1907 anser
1659 1850 1888 1906 salutem
1916 1858 2057 1903 stre-

493 1963 584 2022 pat
618 1970 632 2005 :
664 1952 782 2006 ideo
810 1959 992 2005 tacere
1036 1962 1145 2003 non
1190 1961 1434 2017 possum.
1484 1942 1762 2000 Desiderio
1793 1951 1885 1995 tno
1917 1950 2062 1993 totus

497 2042 885 2108 inﬂammatus,
934 2050 990 2096 et
1035 2039 1266 2110 speciosi
1315 2037 1601 2092 nobilitate
1656 2034 1849 2110 capitis
1899 2033 2059 2087 sedu-

493 2146 636 2199 ctus,
671 2134 983 2189 chimaeram
1012 2106 1193 2187 nescis
1226 2144 1353 2187 esse
1392 2130 1558 2184 miser
1584 2106 1903 2198 quod\petis
1930 2139 1947 2181 :
1978 2123 2062 2179 vel

492 2229 636 2283 scire
660 2228 911 2290 devoves,
943 2225 1085 2293 quod
1115 2221 1363 2279 triforme
1403 2229 1708 2276 monstrum
1740 2218 1895 2283 illud,
1929 2216 2060 2270 insi-

493 2317 612 2389 guis
672 2324 992 2372 venustetur
1042 2311 1184 2367 facie
1243 2311 1454 2376 leonis,
1512 2309 1712 2364 olentis
1760 2307 2064 2362 maculetnr

495 2420 683 2466 ventre
729 2411 876 2479 capri
900 2447 916 2472 ,
970 2407 1163 2476 anguis
1212 2404 1497 2459 insidietur
1528 2403 1700 2456 cauda
1733 2400 2012 2457 virulenta:
2045 2413 2062 2454 :

495 2503 616 2555 ideo
663 2501 810 2563 loqui
863 2497 1174 2568 prohibeor.
1220 2496 1528 2550 Delectatus
1548 2505 1639 2549 est
1670 2490 1889 2563 Uiysses
1916 2506 2064 2563 sym-

495 2593 695 2664 phonia
721 2590 995 2646 Sirenum.
1031 2588 1135 2643 Sed
1163 2589 1290 2656 quia
1318 2587 1571 2642 Sirenum
1594 2596 1756 2640 voces
1783 2594 1841 2639 et
1879 2583 2064 2638 Circes

494 2686 684 2756 pocula
715 2682 881 2748 novit,
910 2680 1126 2736 virtutis
1158 2679 1384 2735 vinculis
1427 2678 1532 2733 sibi
1568 2679 1677 2731 vim
1714 2676 1864 2741 fecit,
1897 2685 1954 2729 ut
1986 2674 2066 2728 vi-

496 2786 636 2834 taret
666 2778 994 2847 voraginem.
1272 2824 1277 2835 ,
1452 2814 1459 2819 .

565 2869 656 2925 lli.
690 2868 802 2940 Ego
847 2877 1026 2923 autem
1075 2868 1129 2922 in
1162 2865 1388 2921 Domino
1416 2876 1640 2933 sperans
1669 2861 1891 2932 adjicio,
1918 2860 2064 2931 quod

504 2960 708 3033 Ulyssis
754 2960 997 3014 imitator
1042 2956 1175 3023 eris,
1230 2971 1335 3011 nou
1380 2952 1722 3025 Empedoclis
1751 2971 1765 3006 :
1792 2942 1907 3020 qui,
1970 2966 2065 3022 per

498 3067 650 3108 suam
706 3050 1095 3122 pliiiosOphiam
1144 3049 1237 3118 (ne
1287 3048 1461 3103 dicam
1514 3044 1952 3105 melancholiam,
2010 3043 2063 3096 id

497 3154 582 3199 est
612 3154 797 3197 atram
819 3141 1003 3211 bilem)
1061 3142 1257 3203 victus,
1304 3137 1525 3193 Emam
1572 3135 1675 3191 sibi
1724 3135 2062 3189 mausoleum

498 3234 661 3304 elegit
686 3249 703 3285 :
736 3240 789 3287 et
818 3232 1130 3302 paraboiam
1158 3243 1320 3299 quam
1347 3227 1527 3289 audis,
1557 3226 1625 3279 ad
1661 3232 1876 3278 veteres
1919 3233 2066 3275 attu-

499 3327 561 3380 lit
592 3342 607 3379 :
634 3325 753 3378 ideo
785 3336 963 3378 Iacere
1009 3337 1115 3376 non
1164 3334 1409 3389 possum.
1435 3312 1674 3373 Tandem
1727 3315 1957 3369 validior
1985 3325 2069 3369 est

502 3419 595 3472 ille
643 3418 784 3486 ignis
836 3427 980 3480 mus,
1033 3414 1179 3485 quod
1232 3414 1327 3469 tibi
1384 3411 1575 3466 annuit
1623 3425 1748 3480 pars
1796 3410 2070 3466 adtersa:

505 3527 666 3580 quam
696 3525 888 3565 vereor
913 3518 1077 3564 aestus
1109 3509 1197 3563 ille
1229 3518 1374 3573 tuus,
1407 3523 1513 3578 quo
1539 3507 1593 3561 in
1624 3518 1709 3560 me
1732 3503 2069 3566 aceeuderis,

506 3619 574 3658 ne
612 3601 870 3656 minorem
897 3600 1069 3670 major
1098 3601 1162 3654 ad
1186 3614 1248 3655 se
1274 3600 1453 3654 trahat
1480 3616 1494 3654 :
1530 3609 1586 3653 et
1614 3607 1893 3667 propterea
1926 3594 2069 3663 loqui

507 3693 819 3765 prohibeor.
851 3693 917 3745 At
950 3692 1141 3760 spiritu
1176 3692 1392 3760 loquar,
1425 3704 1530 3758 quo
1562 3699 1685 3743 tuus
1714 3703 1858 3744 sum.

578 3782 666 3839 IV.
697 3782 998 3839 Pensentur
1050 3784 1203 3852 ignes
1254 3784 1406 3835 lance
1454 3780 1694 3849 qualibet
1741 3770 1934 3846 aequ‘ali
1987 3774 2070 3829 vel

507 3876 782 3947 inaequali.
810 3874 1068 3930 Versetur
1093 3873 1392 3942 periculum
1420 3872 1613 3943 capitis
1640 3872 1743 3924 mei
1772 3889 1786 3925 :
1813 3867 2074 3939 quidquid

472 3992 479 4003 ·
508 3985 658 4039 agas,
688 3969 945 4038 quidquid
984 3968 1215 4038 judices,
1245 3964 1631 4035 indulgendum
1678 3973 1761 4018 est
1792 3960 1948 4021 mihi,
1980 3958 2073 4027 qui

508 4076 621 4130 pra:
652 4061 857 4113 amoris
885 4058 1219 4127 impatientia
1252 4068 1430 4112 tacere
1458 4071 1567 4110 non
1620 4068 1863 4125 possum.
1894 4052 2075 4106 Prima

512 4150 667 4219 primi
719 4164 855 4203 utor
899 4150 1027 4202 Adae
1070 4156 1190 4215 post
1228 4147 1391 4217 primi
1431 4145 1667 4201 hominis
1703 4144 2075 4207 creationem,

486 4236 734 4311 peccato
781 4239 956 4308 primo
1006 4240 1168 4294 solvit
1192 4237 1401 4310 jejuuia
1436 4245 1705 4306 :propter
1753 4234 2079 4304 praevarica-

513 4344 624 4386 tum
664 4341 991 4402 praeceptum
1040 4330 1249 4384 Domini
1297 4329 1604 4398 parentavit
1632 4327 2073 4389 inobedientiam,

2087 1727 2136 1787 B

2155 476 2481 542 eloquentia,
2514 483 2574 528 ut
2610 470 2778 526 Dalila
2810 470 3094 526 Samsonis
3120 488 3138 537 ;
3169 481 3224 526 et
3250 470 3445 533 forma,
3480 476 3536 521 ut
3564 467 3723 521 Beth-

2158 566 2366 630 sabee;
2399 578 2521 618 cum
2557 563 2720 631 hujus
2764 562 2878 618 sola
2924 560 3272 631 pulchritudo
3315 558 3724 627 triumphaverit

2155 655 2320 730 etiam
2357 654 2560 709 nolens.
2598 652 2655 707 Si
2687 667 2794 711 non
2825 667 2886 707 es
2912 651 3148 719 amplius
3176 649 3470 705 secundum
3501 662 3595 702 cor
3625 646 3726 700 Do-

2157 745 2290 800 mini
2337 760 2500 814 quam
2549 742 2754 806 David,
2795 742 2959 797 crede
3007 742 3150 811 quod
3196 750 3251 795 et
3298 751 3354 793 tu
3398 739 3726 809 prmeipitari

2232 842 2330 885 tes.

2232 849 2330 885 tes.
3346 866 3357 885 ρ

2159 849 2341 977 p"VII.
2379 922 2471 977 Sol
2506 920 2807 983 hominum,
2858 919 3136 982 Salomon,
3180 920 3468 972 thesaurus
3506 916 3726 970 delicia-

2162 1030 2283 1069 rum
2321 1015 2436 1079 Dei,
2481 1012 2763 1081 sapicntia:
2812 1011 3086 1081 singulare
3136 1009 3492 1071 domicilium,
3537 1022 3726 1061 crasso

2160 1107 2502 1164 tenebrarum
2538 1105 2779 1159 fuscatus
2813 1111 3135 1167 atramento,
3172 1101 3343 1154 lucem
3368 1099 3561 1153 anima:
3591 1114 3725 1160 sum,

2158 1197 2381 1268 gloriam
2429 1196 2625 1249 domus
2682 1206 2829 1258 suae,
2900 1192 3120 1247 odorem
3181 1190 3340 1245 fama:
3384 1204 3496 1244 suae
3545 1190 3728 1242 amisit

2163 1304 2349 1343 amore
2374 1287 2634 1341 mulieris.
2652 1287 2717 1339 Et
2735 1292 3004 1352 postremo
3019 1292 3275 1339 curvatus
3294 1296 3476 1336 coram
3496 1279 3726 1344 Baalim,

2159 1395 2226 1434 cx
2270 1379 2588 1435 ecclesiaste
2629 1374 2847 1430 Domini
2899 1382 3142 1428 mutatus
3190 1381 3275 1427 est
3320 1372 3374 1426 in
3428 1371 3724 1424 membrum

2160 1472 2337 1528 sabuli
2376 1487 2390 1524 :
2423 1480 2482 1524 ut
2511 1469 2690 1525 adhuc
2721 1466 2955 1539 graviori
2987 1464 3265 1522 videretur
3297 1464 3509 1519 detrudi
3541 1462 3699 1532 praeci

2162 1560 2331 1631 pitio,
2366 1549 2523 1629 quam
2567 1556 2807 1612 Phtebus
2851 1555 2902 1609 in
2933 1570 3063 1610 casu
3092 1551 3483 1616 Phaethontis,
3534 1551 3623 1620 qui
3659 1554 3726 1605 de
3772 1615 3781 1621 δ

2161 1654 2405 1724 Apolline
2434 1650 2584 1706 Jovis
2625 1649 2798 1705 factus
2838 1656 2922 1703 est
2958 1655 3147 1718 pastor
3175 1644 3407 1700 Admeti.
3436 1642 3647 1707 Amice,
3677 1642 3725 1697 si

2163 1762 2270 1801 non
2299 1759 2357 1800 es
2387 1741 2682 1813 sapientior
2707 1738 3019 1804 Salomone,
3049 1737 3192 1808 quod
3220 1751 3379 1792 nemo
3403 1744 3507 1797 est.
3534 1750 3640 1789 non
3664 1748 3727 1789 es

2165 1838 2337 1905 major
2365 1851 2528 1907 quam
2558 1835 2651 1905 qui
2688 1841 2863 1905 potest
2896 1829 3153 1886 fascinari
3187 1844 3219 1885 a
3265 1828 3464 1883 femina
3494 1843 3510 1881 :
3539 1827 3727 1880 oculos

2165 1940 2284 1983 tuos
2316 1929 2463 1999 aperi
2489 1936 2544 1983 et
2573 1926 2715 1983 vide.

2235 2020 2365 2075 Vill.
2410 2018 2625 2089 Optima
2669 2017 2907 2086 femina,
2946 2035 3063 2088 qua:
3108 2018 3287 2073 rarior
3325 2025 3409 2070 est
3438 2011 3723 2085 phmnice,

2165 2110 2336 2164 amari
2374 2126 2481 2164 non
2516 2120 2692 2178 potest
2726 2112 2842 2164 sine
2876 2109 3238 2164 amaritudine
3266 2117 3460 2172 metus,
3491 2115 3545 2158 et
3570 2103 3727 2158 solli-

2164 2204 2452 2265 citudinis,
2492 2213 2547 2259 et
2601 2202 2905 2273 frequentis
2957 2198 3259 2256 infortunii.
3310 2196 3460 2252 Malm
3507 2206 3724 2260 autem,

2165 2310 2397 2366 quarum
2448 2306 2553 2359 tam
2603 2294 2822 2364 copiosa
2868 2303 2995 2347 sunt
3040 2291 3312 2356 examina,
3346 2297 3406 2342 ut
3445 2287 3622 2341 nullus
3657 2287 3730 2338 sit

2166 2402 2358 2456 expers
2393 2385 2738 2456 malignitatis
2788 2401 2974 2439 earum
3009 2397 3172 2439 :cum
3220 2391 3492 2443 amantur,
3545 2391 3729 2431 amate

2166 2478 2415 2547 puniunt,
2452 2488 2507 2533 et
2551 2476 2825 2533 amictioni
2863 2487 3059 2531 vacant
3093 2488 3261 2543 usque
3289 2472 3357 2526 ad
3405 2471 3727 2526 divisionem

2166 2569 2412 2636 corporis
2442 2576 2492 2621 et
2522 2566 2766 2637 spiritus.

2237 2659 2326 2713 ιχ.
2362 2659 2567 2722 Amice,
2601 2658 3030 2728 pliil050phicum
3077 2667 3161 2713 est
3205 2675 3219 2715 :
3265 2655 3443 2712 Videto
3488 2655 3576 2710 cui
3614 2656 3726 2709 des.

2166 2753 2355 2807 Ethice
2393 2761 2475 2805 est
2509 2768 2524 2806 :
2555 2750 2730 2805 Videte
2763 2752 2846 2804 cui
2876 2767 2923 2805 te
2948 2749 3274 2805 deLVexoilla
3301 2749 3568 2819 pudicitia:
3594 2746 3732 2802 tule-

2168 2855 2294 2898 runt
2320 2859 2441 2897 eum
2476 2841 2695 2897 Sabinis
2724 2841 2996 2907 Lucretia,
3026 2852 3079 2899 et
3109 2838 3397 2909 Penelope,
3434 2850 3487 2893 ct
3513 2838 3731 2907 paucis.

2167 2936 2306 2990 simo
2334 2933 2594 2989 comitatu
2626 2943 2823 3002 tropea
2871 2932 3189 2986 retulerunt.
3219 2932 3429 2996 Amice,
3474 2929 3616 2983 unita
3648 2936 3734 2981 est

2168 3027 2439 3090 Lucretia.
2495 3026 2638 3079 nulla
2687 3034 2774 3078 cst
2821 3023 3110 3092 Penelope,
3175 3023 3314 3077 nulla
3368 3031 3455 3077 est
3502 3020 3730 3075 Sabina.

2172 3121 2327 3174 Time
2378 3132 2591 3172 omnes.
2650 3118 2911 3186 ingressae
2962 3124 3090 3171 sunt
3151 3115 3296 3168 acies
3345 3114 3429 3191 ad-
3464 3111 3729 3174 Sabinas,

2172 3211 2367 3281 Scylla.
2403 3216 2457 3265 et
2485 3206 2723 3280 Myrrha,
2752 3217 2806 3263 et
2834 3207 3057 3262 Phaedra
3100 3225 3114 3261 :
3151 3217 3205 3261 et
3237 3216 3441 3261 secuta:
3484 3213 3612 3258 sunt
3638 3217 3732 3256 eas

2175 3305 2344 3357 turbae
2378 3301 2556 3356 multae
2582 3301 2822 3354 omnium
2855 3301 3104 3353 vitiorum
3134 3296 3373 3353 exercitu
3398 3295 3647 3363 stipatae;
3677 3302 3735 3345 et

2171 3395 2402 3464 gemitus
2449 3401 2504 3447 et
2546 3393 2801 3460 suspiria,
2834 3400 2887 3445 et
2918 3389 3135 3445 tandem
3188 3386 3461 3442 infernum
3506 3380 3734 3454 captivis

2172 3489 2284 3542 suis
2318 3486 2586 3540 fecerunt.

2246 3578 2310 3631 Χ.
2342 3578 2550 3640 Αιιιιςιε,
2587 3592 2653 3630 ne
2700 3577 2876 3644 prada
2924 3574 3022 3628 fias
3074 3573 3128 3627 in
3175 3572 3353 3627 medio
3398 3573 3731 3639 praedonum,

2176 3686 2282 3723 non
2317 3669 2558 3725 dormias
2614 3681 2801 3720 earum
2834 3668 2885 3719 in
2923 3664 3172 3718 transitu.
3204 3659 3410 3731 Jupiter
3438 3677 3532 3714 rex
3564 3675 3735 3714 terte-

2175 3777 2296 3826 nus,
2325 3761 2418 3830 qui
2446 3771 2501 3814 et
2536 3774 2629 3813 rex
2674 3759 2936 3813 caelorum
2983 3756 3157 3810 dictus
3200 3764 3306 3818 est,
3338 3771 3446 3825 prie
3475 3754 3734 3822 Singulari

2175 3857 2497 3911 strenuitate
2541 3855 2806 3923 corporis,
2837 3863 2892 3907 ut
2925 3850 3333 3919 incomparabili
3371 3850 3565 3903 mentis
3610 3852 3736 3901 ele-

2177 3947 2376 4016 gantia,
2412 3956 2533 4014 post
2568 3945 2836 4015 Europam
2871 3944 3081 4015 mugire
3127 3954 3350 3996 coaetus
3392 3952 3495 3996 est.
3526 3940 3735 4001 Amice,

2176 4053 2303 4092 ecce
2329 4051 2492 4105 quem
2544 4036 2756 4089 bonitas
2801 4049 2966 4104 super
3007 4034 3176 4089 cmlos
3204 4033 3416 4096 extulit,
3449 4034 3646 4085 femina
3686 4043 3738 4082 te

2177 4142 2371 4198 regere
2419 4128 2487 4181 ad
2537 4128 2797 4195 mugitum
2829 4141 2845 4179 ;
2873 4128 2918 4179 si
2967 4140 3074 4179 non
3103 4140 3163 4178 es
3199 4122 3373 4191 major
3401 4121 3550 4181 Jove.
3583 4124 3740 4190 cujus

2180 4218 2539 4289 magnitudini
2582 4231 2738 4273 nemo
2770 4218 2907 4271 alius
2945 4232 3044 4287 par
3086 4216 3209 4299 fuit.
3248 4215 3504 4280 Phoebus,
3535 4215 3739 4282 quisa-

2180 4313 2394 4379 pientiai
2442 4325 2554 4365 suae
2602 4308 2771 4363 radiis
2821 4309 2986 4363 totius
3020 4310 3168 4362 orbis
3204 4307 3523 4376 primitiavit
3569 4309 3742 4357 ambi-

510 4437 631 4487 qua:
663 4400 797 4475 citra
831 4420 1013 4474 mundi
1048 4419 1333 4474 terminum
1369 4434 1477 4473 non
1507 4418 1735 4473 absistet
1765 4428 2066 4487 expugnate

2180 4415 2314 4469 tum,
2349 4412 2409 4456 ut
2464 4403 2658 4457 merito
2693 4401 2835 4456 Solis
2883 4406 3122 4463 nomine,
3154 4400 3305 4454 solus
3358 4400 3741 4461 illustraretur,

512 4513 763 4577 feminas,
818 4527 938 4579 qua:
974 4526 1187 4580 semper
1238 4508 1519 4565 indefessa:
1562 4517 1725 4564 erunt
1757 4508 1973 4563 trahere
2018 4507 2074 4561 iu

451 4588 459 4595 ’
512 4603 956 4672 consequentiam
991 4603 1131 4671 quod
1164 4617 1197 4657 a
1232 4610 1405 4656 matre
1435 4617 1531 4656 sua
1567 4609 1865 4659 taxerunt.

587 4693 647 4748 V.
694 4695 903 4758 Amice,
943 4693 1267 4747 contumelia
1319 4693 1416 4746 viri
1450 4701 1534 4747 est
1578 4707 1717 4747 uxor
1743 4689 2072 4746 inobediens.

510 4787 656 4840 Cave
705 4786 801 4840 tibi
836 4803 850 4838 :
882 4785 1084 4839 veritas
1133 4801 1255 4855 quas
1304 4800 1411 4839 non
1460 4793 1633 4854 potest
1684 4782 1835 4847 falli,
1883 4781 1960 4835 ait
2009 4780 2078 4834 de

511 4880 670 4931 beato
722 4877 890 4932 David
929 4879 1161 4933 :Invem‘
1214 4878 1384 4932 uirum
1433 4877 1712 4931 secundum
1762 4891 1854 4929 cor
1907 4888 2076 4927 meum

512 4967 565 5041 (ι
599 4966 726 5038 Reg.
758 4984 895 5034 xui,
934 4968 1036 5032 li;
1068 4968 1187 5022 Act.
1221 4982 1343 5031 sui,
1392 4965 1508 5038 22).
1566 4963 1664 5021 llic
1712 4975 1892 5019 tamen
1936 4978 2079 5033 aegre

512 5060 881 5130 praecipitatus
931 5070 1016 5114 est
1063 5074 1247 5113 amore
1298 5058 1541 5113 mulieris
1588 5073 1655 5111 es
1703 5056 1975 5111 adulterio
2024 5058 2078 5109 iu

513 5152 861 5207 homicidium
901 5167 915 5216 ;
972 5168 1043 5206 ne
1089 5166 1324 5220 unquam
1372 5156 1486 5204 sola
1538 5149 1754 5203 veniant
1801 5145 2077 5202 scandala.

513 5243 670 5298 Dives
700 5246 849 5299 enim
881 5246 1055 5299 omnis
1088 5257 1173 5300 est
1214 5246 1473 5313 iniquitas
1515 5244 1769 5298 societate
1800 5242 2028 5311 plurima
2061 5256 2078 5305 ;

512 5345 564 5389 et
594 5350 972 5405 quamcunque
1001 5338 1219 5389 domum
1249 5336 1554 5399 intraverit,
1589 5335 1703 5389 suis
1746 5332 1968 5387 tradidit
1994 5333 2077 5385 in-

511 5429 840 5497 quiuandam
888 5430 1168 5483 conviciis.

587 5518 673 5573 Vl.
703 5520 906 5586 Amice,
935 5519 1235 5576 Bethsabee
1261 5521 1432 5581 siluit,
1456 5528 1511 5574 et
1540 5519 1591 5572 in
1619 5516 1763 5570 nullo
1786 5516 2077 5582 malignata

510 5621 627 5671 est;
657 5619 712 5664 et
750 5613 1102 5667 nihilominus
1134 5622 1314 5666 tamen
1350 5612 1491 5665 facta
1530 5618 1616 5664 est
1655 5608 1907 5663 stimulus
1949 5609 2079 5660 sub-

513 5702 778 5756 versionis
821 5703 934 5758 viro
980 5703 1237 5772 perfecto,
1272 5712 1326 5756 et
1376 5700 1566 5756 mortis
1612 5700 1830 5754 aculeus
1881 5699 2076 5752 marito

2180 4493 2475 4549 infatuatns
2507 4502 2590 4546 est
2624 4508 2810 4546 amore
2852 4490 3211 4553 Leucothoes,
3242 4490 3344 4544 sibi
3391 4492 3458 4543 ad
3510 4488 3741 4555 ignomi-

2180 4585 2346 4646 niam,
2382 4584 2459 4639 illi
2486 4586 2556 4639 ad
2604 4585 2878 4638 interitum
2913 4599 2928 4640 :
2958 4592 3012 4637 et
3043 4583 3290 4652 ecliptica
3334 4580 3425 4635 diu
3474 4582 3745 4634 vicissitu-

2179 4676 2304 4730 dine
2333 4676 2515 4727 varius
2559 4673 2735 4728 factus
2777 4684 2882 4735 est,
2915 4674 3229 4743 frequenter
3255 4671 3340 4727 sui
3393 4671 3610 4724 luminis
3650 4685 3745 4724 ex-

2178 4782 2327 4836 pers,
2356 4781 2464 4836 quo
2503 4776 2648 4820 totus
2683 4766 3057 4820 universaiiter
3086 4767 3279 4834 egebat
3314 4764 3568 4817 mundus.

2248 4859 2337 4913 XI.
2368 4860 2576 4927 Amice,
2606 4872 2676 4911 ne
2707 4858 2836 4911 illud
2883 4858 3061 4912 iumen
3108 4856 3255 4926 quod
3290 4856 3343 4910 in
3378 4865 3430 4909 te
3456 4863 3562 4919 est,
3594 4861 3744 4908 tene-

2180 4952 2289 5007 brae
2320 4955 2470 5019 liant,
2492 4952 2839 5007 Leucothoen
2868 4950 3059 5020 fugito.
3083 4950 3247 5016 Mars,
3271 4951 3363 5019 qui
3389 4949 3522 5003 deus
3549 4947 3745 5003 bellan-

2182 5050 2315 5103 tium
2338 5048 2441 5102 dici
2471 5047 2684 5112 meruit,
2713 5042 3114 5114 triumphorum
3140 5042 3393 5098 familiari
3419 5041 3745 5113 frequentia,

2182 5146 2235 5200 in
2268 5145 2461 5214 quibus
2507 5143 2723 5214 expedit
2754 5143 2835 5197 vis
2882 5143 3047 5197 animi
3094 5142 3329 5196 iitaxime
3369 5148 3641 5212 prompta,
3672 5139 3746 5193 nil

2180 5239 2284 5292 sibi
2330 5248 2577 5305 metuens
2626 5252 2655 5290 a
2696 5236 2937 5292 Vulcano
2983 5234 3179 5305 ligatus
3222 5247 3307 5290 est
3340 5250 3463 5290 cum
3517 5233 3745 5294 Venere.

2181 5328 2547 5383 invisibiiibus
2590 5327 2816 5401 quidem
2867 5330 3094 5393 catenis,
3146 5326 3493 5382 sensibilibus
3545 5334 3745 5378 tamen.

2180 5420 2293 5476 lioc
2328 5431 2505 5475 autem
2555 5423 2620 5474 ad
2672 5421 2917 5489 plausum
2967 5430 3308 5491 satyrorum,
3361 5430 3417 5473 et
3467 5419 3531 5471 ad
3579 5417 3747 5471 risum

2179 5512 2421 5567 cmlestis
2446 5512 2637 5567 curiae.

2252 5602 2370 5656 Xll.
2406 5604 2615 5667 Amice,
2661 5604 2923 5659 meditare
2953 5603 3143 5660 saltem
3175 5610 3416 5667 catenas,
3463 5613 3601 5670 quas
3636 5614 3746 5653 non

2183 5696 2334 5749 vides
2365 5703 2418 5748 et
2442 5695 2554 5761 jam
2605 5697 2656 5748 in
2688 5705 2859 5765 ,parte
2896 5698 3065 5750 sentis
3098 5712 3112 5751 ;
3173 5705 3229 5749 et
3259 5693 3408 5763 eripe
3437 5703 3488 5746 te
3519 5691 3644 5745 dum
3676 5685 3745 5741 ad
