4004 6192
292 336 412 400 265

792 334 1159 396 EPISTULA
1192 333 1457 394 XXXVI.
1493 331 1885 395 VALERIUS
1927 324 2239 401 RUFINO,
2286 326 2387 390 NE
2431 324 2684 387 DUCAT
2727 323 3079 389 UXOREM.

3436 324 3546 387 286

293 450 405 502 huc
438 446 722 516 ruptihiles
752 458 902 512 sunt,
935 461 1001 501 ne
1029 445 1257 502 claudus
1293 445 1380 500 ille
1410 443 1564 500 faber
1593 454 1650 501 et
1671 443 1868 512 turpis,
1900 447 1944 504 Α
1974 440 2080 508 dis,
2114 442 2205 511 qui
2240 437 2474 510 Tugillio
2498 453 2605 493 non
2640 437 2873 493 credidit
2904 455 2919 493 ε
2953 437 3150 495 exaudi
3180 447 3237 494 et
3301 440 3547 505 attende.

290 553 455 608 quem
490 539 623 593 deus
654 551 759 592 non
788 546 872 592 est
896 551 1106 603 mensa,
1139 550 1239 591 nec
1268 536 1366 589 dea
1399 544 1483 590 est
1514 535 1733 605 dignata
1775 547 1869 589 cu-

290 631 391 685 bili
424 638 480 685 te
508 628 705 684 Veneri
734 642 832 684 suo
859 641 1011 684 more
1035 635 1372 691 concatenet,
1407 637 1461 681 et
1490 634 1544 681 te
1585 624 1670 681 sui
1712 624 1869 680 simi-

289 720 400 774 lem
434 730 650 789 turpem
702 728 755 772 et
804 718 1079 780 claudum,
1113 718 1223 773 imo
1268 717 1413 787 quod
1463 716 1636 785 magis
1683 718 1869 779 timeo,

291 810 595 879 loripedem
625 809 787 864 faciat
823 827 841 866 :
871 819 928 865 et
950 823 1057 864 non
1088 811 1265 880 possis
1303 811 1446 879 quod
1470 810 1662 874 salvat,
1689 809 1869 863 lissam

294 902 504 958 habere
530 902 810 973 ungulam,
844 899 943 956 sed
980 902 1227 975 alligatus
1252 902 1451 958 Veneri
1481 901 1636 957 dolor
1669 901 1788 966 fias,
1816 909 1874 956 et

295 993 485 1049 irrisio
534 993 833 1048 videntium
887 1009 901 1046 :
948 993 1077 1048 dum
1129 993 1235 1049 sibi
1287 993 1616 1063 applaudant
1664 992 1870 1047 caeteri.

296 1087 341 1140 Δ
381 1084 520 1139 falso
560 1084 783 1139 dearum
830 1084 1017 1154 judice
1046 1085 1332 1154 reprobata
1379 1092 1464 1140 est
1491 1082 1672 1141 Pallas
1701 1100 1719 1141 ε
1753 1098 1874 1155 quas

298 1192 406 1233 non
439 1178 707 1232 delectare
741 1176 1015 1248 promisit,
1043 1178 1138 1231 sed
1170 1175 1448 1246 prodesse.

369 1268 584 1334 Amice,
635 1267 897 1336 numquid
944 1276 998 1322 et
1050 1275 1105 1322 tu
1142 1268 1222 1322 sic
1245 1266 1495 1336 judicas?
1522 1264 1696 1323 Video
1729 1265 1872 1322 enim

296 1358 409 1429 jam
441 1369 494 1413 te
521 1357 819 1413 fastidienti
868 1358 1050 1413 animo
1099 1366 1209 1412 tota
1243 1358 1521 1413 celeritate
1554 1374 1875 1428 percurrere

299 1466 423 1521 quae
453 1451 588 1520 legis
643 1459 701 1505 et
740 1450 1039 1505 sententias
1076 1464 1186 1505 non
1228 1451 1530 1517 attendere,
1559 1451 1655 1506 sed
1685 1465 1878 1519 exspe-

300 1553 454 1597 ctare
486 1543 785 1596 schemata.
815 1539 1039 1596 Frustra
1067 1551 1356 1610 exspectas
1386 1558 1402 1600 :
1431 1540 1610 1598 donec
1642 1542 1729 1597 hic
1759 1551 1877 1596 tur-

301 1633 461 1688 bidus
481 1631 660 1686 amnis
686 1630 888 1697 efﬂuat,
918 1642 976 1685 ut
999 1630 1115 1686 haec
1141 1631 1396 1687 fetulenta
1427 1633 1711 1698 secedens,
1737 1649 1875 1702 pura

306 1723 399 1777 tibi
430 1721 631 1776 ﬂuenta
677 1723 923 1790 irrigent.
948 1721 1167 1778 Similes
1195 1723 1473 1779 enimvero
1502 1732 1718 1795 oportet
1751 1740 1875 1780 esse

1978 530 2106 599 quid
2137 540 2189 585 et
2213 528 2337 585 aliis
2362 529 2676 599 contigerit,
2708 538 2769 582 ut
2794 528 2891 585 tibi
2927 529 3101 599 prosit
3125 543 3317 585 eorum
3365 530 3544 586 latsio.

1977 619 2254 674 lndemnis
2314 628 2401 673 est
2469 618 2614 673 enim
2674 617 2958 687 castigatio
3007 633 3171 688 quam
3220 620 3554 686 persuadent

1979 708 2333 779 exemplaria.
2362 708 2559 764 Nescio
2582 724 2689 779 quo
2715 710 2923 779 refugio
2962 718 3113 764 tutus
3157 724 3236 775 es,
3297 720 3393 766 aut
3443 724 3552 781 quo

1978 802 2248 874 torpescis
2288 801 2457 873 asylo.
2487 803 2670 856 Caesar
2695 801 3154 859 immisericordes
3184 802 3432 859 Persides
3462 819 3552 860 reo

1978 894 2140 964 perit,
2171 904 2223 951 et
2263 909 2371 950 non
2398 904 2484 950 est
2517 909 2803 951 reversus:
2830 904 2884 950 tu
2911 895 2958 950 si
2979 910 3216 964 unquam
3247 896 3355 952 tale
3402 912 3554 970 gym-

1978 984 2191 1038 nasium
2220 986 2461 1050 evasisti,
2487 985 2628 1054 pios,
2670 984 2863 1054 impios
2894 984 3173 1040 invenisti.

2048 1075 2192 1131 XIV.
2222 1076 2544 1133 Phoroneus
2586 1093 2703 1142 rex,
2735 1080 2826 1148 qui
2847 1078 3028 1149 legum
3056 1080 3349 1135 thesauros
3381 1095 3555 1152 popu-

1979 1166 2048 1224 lis
2075 1168 2355 1237 publicare
2378 1184 2484 1223 non
2514 1168 2731 1232 invidit,
2765 1169 2860 1225 sed
2900 1169 2948 1223 is
2981 1171 3187 1237 primus
3234 1169 3552 1226 Graecorum

1980 1261 2163 1316 studia
2194 1260 2503 1328 deauravit,
2538 1260 2626 1315 die
2653 1274 2759 1329 qua
2826 1261 2971 1315 viam
3032 1263 3409 1319 universitatis
3468 1263 3554 1318 in-

1977 1365 2202 1421 gressus
2228 1358 2333 1414 est,
2355 1350 2432 1403 ait
2453 1349 2684 1404 Leontio
2738 1348 2900 1403 fratri
2973 1358 3113 1406 suot
3141 1352 3219 1406 Ad
3281 1366 3551 1408 summam

1978 1442 2299 1499 felicitatem
2332 1440 2471 1496 nihil
2510 1440 2643 1496 mihi
2676 1441 2916 1504 deesset,
2938 1441 2983 1496 si
3020 1455 3159 1496 uxor
3226 1444 3357 1498 mihi
3410 1458 3557 1500 sem-

1978 1548 2078 1603 per
2131 1533 2417 1588 defuisset.
2468 1531 2569 1588 Cui
2621 1531 2882 1590 Leontius
2924 1532 3034 1590 :Et
3098 1536 3372 1605 quomodo
3419 1551 3558 1592 uxor

1980 1623 2201 1679 obstat?

2048 1714 2118 1767 At
2152 1711 2283 1786 [Αι.
2314 1714 2430 1785 ait]
2453 1714 2544 1770 ille
2573 1730 2590 1771 :
2618 1713 2797 1770 Mariti
2831 1729 3022 1772 omnes
3086 1715 3286 1775 sciunt.
3341 1718 3557 1786 Amice,

305 1814 389 1871 sui
415 1812 586 1870 fontis
615 1789 841 1877 rivulos,
863 1824 961 1869 aut
986 1815 1251 1882 turbidos,
1278 1824 1372 1871 aut
1397 1816 1595 1874 claros.
1627 1818 1720 1872 Sic
1742 1833 1875 1874 vero
1908 1789 1951 1846 Β
1981 1806 2184 1861 utinam
2218 1807 2478 1883 lusemel
2517 1807 2749 1863 maritus
2817 1806 3009 1873 fueris
3061 1818 3117 1865 et
3173 1825 3285 1866 non
3343 1811 3444 1878 δίε,
3496 1821 3561 1867 ιιι

307 1907 626 1976 imperitiam
659 1905 843 1961 cordis
872 1906 1002 1972 mei,
1035 1906 1222 1961 vitium
1266 1908 1530 1963 orationis
1564 1909 1822 1979 exprimit
1857 1927 1875 1966 :

305 2007 359 2054 et
385 2009 656 2053 strumosa
688 1997 988 2052 dictionum
1024 1997 1296 2067 imperitia
1328 1998 1614 2055 delicatum
1650 1999 1899 2056 oﬂeudit'

305 2094 565 2150 animum.
600 2091 776 2161 Hujus
808 2092 1195 2149 imbecillitatis
1231 2093 1359 2147 mihi
1396 2095 1670 2161 conscius,
1693 2096 1876 2151 diver-

304 2187 489 2242 tissem
526 2200 614 2241 me
646 2187 713 2241 ad
747 2186 1170 2242 dissuadendum
1204 2185 1435 2243 libenter
1467 2204 1483 2244 :
1510 2188 1602 2245 sed
1639 2190 1766 2258 quia
1797 2199 1879 2245 ta-

304 2290 425 2333 cere
456 2291 569 2331 non
598 2276 773 2346 potui,
807 2276 1020 2332 locutus
1057 2291 1175 2331 sum
1207 2285 1267 2331 ut
1295 2278 1468 2346 potui.

371 2367 527 2435 Quod
560 2368 608 2422 si
635 2367 768 2421 mihi
797 2377 946 2422 esset
981 2375 1135 2423 tanta
1198 2368 1327 2436 styli
1377 2368 1575 2433 virtus,
1640 2379 1879 2437 quantus

302 2473 447 2517 esset
466 2460 741 2517 scribendi
774 2460 1028 2516 animus:
1061 2472 1170 2516 tam
1218 2463 1491 2531 elegantia
1558 2462 1653 2518 tibi
1712 2466 1879 2522 verba

305 2553 755 2616 transmitterem,
793 2561 848 2606 et
902 2560 1011 2606 tam
1062 2550 1229 2607 nobili
1288 2555 1547 2609 maritata
1600 2556 1877 2625 coniugio,

304 2650 365 2693 ut
390 2641 599 2710 singula
637 2654 909 2705 seorsum,
947 2649 1002 2695 et
1059 2642 1240 2697 omnia
1291 2643 1452 2698 simul
1503 2659 1663 2699 suum
1729 2647 1881 2701 vide-

302 2736 494 2780 rentur
516 2734 794 2781 auctorem
828 2727 1172 2783 benedicere.
1210 2728 1316 2784 Sed
1360 2733 1489 2799 quia
1528 2733 1664 2787 mibi
1698 2734 1881 2789 omnia

310 2814 482 2870 debes
509 2830 872 2885 quaecumque
898 2816 1073 2872 adhuc
1104 2820 1278 2873 nudus
1301 2834 1457 2876 amor
1512 2830 1568 2876 et
1630 2823 1881 2879 infecun-

304 2906 431 2974 dus,
463 2922 533 2963 ne
567 2906 743 2963 dicam
776 2907 1002 2975 sterilis,
1036 2909 1232 2966 mereri
1263 2919 1442 2982 potest
1476 2926 1543 2967 ex
1583 2914 1835 2970 omnibus
1864 2930 1878 2969 :

306 2997 445 3051 mihi
476 2998 659 3064 praebe
688 2998 908 3052 interim
949 3000 1220 3069 patienter
1249 3016 1460 3069 aurem,
1491 3004 1619 3058 dum
1636 3005 1880 3059 evolvam

1980 1901 2127 1955 scias
2152 1900 2284 1968 quid
2314 1899 2637 1956 felicitatem
2663 1899 2957 1969 impediat.

2053 1989 2172 2045 XV.
2202 1991 2528 2047 Valentinus
2587 1992 2887 2060 imperator
2938 1995 3324 2064 octogenarius
3380 1997 3563 2053 adhuc

1981 2081 2156 2153 virgo,
2185 2096 2305 2137 cum
2332 2082 2548 2138 audiret
2576 2083 2668 2138 die
2699 2083 2796 2138 fati
2822 2082 2907 2138 sui
2958 2085 3357 2154 triumphorum
3417 2102 3561 2158 prae-

1980 2174 2137 2228 conia
2169 2174 2353 2239 recoli,
2391 2173 2588 2241 quibus
2612 2173 3089 2245 frequentissimus
3117 2186 3239 2232 erat
3272 2218 3289 2243 ,
3342 2178 3420 2233 ait
3451 2194 3558 2234 una

1981 2278 2039 2319 se
2072 2272 2285 2318 tantum
2317 2264 2541 2335 gloriari
2605 2265 2858 2321 victoria.
2917 2264 2983 2322 Et
3048 2268 3345 2337 requisitus
3402 2271 3558 2340 qua!

1982 2354 2266 2424 respondit
2295 2372 2310 2409 :
2346 2354 2500 2422 Quod
2530 2355 2883 2412 inimicorum
2920 2358 3323 2428 nequissimum
3377 2364 3555 2420 devici

1982 2460 2205 2501 carnem
2257 2460 2457 2501 meam.
2505 2447 2713 2508 Amice,
2779 2447 2870 2503 hic
2909 2448 3174 2519 inglorius
3205 2453 3556 2522 migrasseta

1982 2536 2204 2603 saeculo,
2243 2536 2348 2592 nisi
2375 2538 2427 2592 ei
2450 2537 2667 2593 fortiter
2698 2540 3012 2609 restitisset,
3038 2556 3160 2597 cum
3189 2559 3297 2614 qua
3354 2556 3410 2600 tu
3464 2561 3559 2602 as-

1984 2641 2206 2682 sensum
2245 2627 2639 2685 familiaritatis
2670 2630 2944 2701 pepigisti.

2051 2715 2193 2772 XVi.
2226 2718 2422 2775 Cicero
2480 2729 2603 2790 post
2662 2725 2951 2791 repudium
3004 2724 3276 2784 Terentiae
3328 2735 3553 2789 uxorari

1985 2809 2185 2875 noluit,
2224 2809 2418 2867 dicens
2447 2826 2510 2868 se
2544 2814 2752 2882 pariter
2780 2817 2938 2872 uxori
2971 2826 3027 2873 et
3054 2820 3414 2889 philosophiae
3433 2841 3559 2897 ope-

1984 2914 2101 2956 ram
2137 2902 2267 2958 dare
2290 2915 2399 2958 non
2435 2918 2616 2974 posse.
2648 2906 2858 2976 Amice,
2893 2909 3100 2966 utinam
3130 2912 3224 2968 tibi
3278 2914 3383 2971 hoc
3441 2919 3559 2972 ani-

1985 3008 2110 3049 mus
2138 3004 2262 3052 tuus
2299 3003 2645 3067 respondeat,
2678 3001 2765 3054 vel
2807 3011 2898 3057 tua
2928 3003 3108 3072 lingua
3164 3007 3295 3061 mihi
3332 3018 3429 3063 :ut
3477 3011 3559 3066 lo-

304 3092 452 3159 quod
485 3090 725 3159 implicui
755 3106 771 3146 :
801 3100 855 3146 et
879 3107 911 3145 a
938 3107 1023 3147 me
1052 3107 1160 3148 non
1220 3094 1462 3162 requiras
1510 3098 1879 3165 purpurissam
1910 3127 1957 3189 ρ
1989 3088 2202 3189 Cimini")
2234 3088 2426 3143 sane"!
2455 3089 2781 3160 θιοίιυθηιῑε
2807 3093 3108 3164 ιπῖηοίρυιιι
3136 3096 3376 3167 ἀίειιθτίε
3430 3102 3557 3157 imi-

303 3183 567 3247 oratoris,
600 3192 695 3236 aut
722 3198 1026 3249 cerussam,
1064 3199 1225 3254 quam
1252 3199 1339 3241 me
1368 3186 1585 3242 nescire
1625 3185 1800 3242 fateor
1828 3198 1883 3243 et

304 3273 569 3328 ﬂeo:sed
598 3274 895 3331 scribentis
957 3285 1165 3340 votum,
1232 3286 1291 3333 et
1337 3279 1546 3348 pagina:
1596 3280 1881 3336 veritatem

305 3378 556 3435 accepta.

382 3457 525 3515 Xlll.
550 3459 726 3515 Julius
779 3459 986 3527 Caesar,
1050 3461 1206 3532 cujus
1263 3461 1607 3532 amplitudini
1656 3465 1882 3521 strictus

1992 3180 2115 3257 tari,
2151 3188 2207 3233 et
2240 3181 2369 3236 mihi
2401 3197 2553 3251 spem
2584 3183 2750 3241 facias
2780 3186 2865 3241 vel
2893 3200 3109 3245 vanam.

2058 3269 2224 3325 XVII.
2259 3274 2501 3330 Cannius
2526 3290 2554 3329 a
2582 3274 2828 3334 Gadibus
2860 3278 3136 3351 Herculis,
3169 3296 3328 3355 poeta
3360 3286 3557 3345 facuno

1987 3362 2090 3417 dite
2118 3363 2282 3429 lenis,
2316 3375 2369 3420 et
2394 3366 2668 3437 iucundae,
2726 3371 3097 3441 reprehensus
3160 3388 3244 3433 est
3273 3394 3302 3432 a
3358 3380 3512 3437 Livio
3537 3383 3560 3417 ⁸

1985 3452 2172 3521 Pceno,
2202 3457 2353 3524 gravi
2374 3467 2428 3512 et
2456 3469 2688 3517 exorato
2718 3461 3183 3535 hiatoriographo,
3216 3471 3362 3539 quod
3411 3475 3555 3529 mul-

301 3554 416 3608 [ηῖι
442 3554 609 3619 orbis,
644 3554 731 3609 die
763 3568 868 3621 qua
899 3553 1134 3608 ηοωιεηι
1174 3553 1343 3609 mium
1389 3570 1547 3609 suum
1613 3570 1743 3610 ausa
1800 3566 1885 3612 εει
1986 3552 2157 3597 tarum
2192 3546 2454 3613 gauderet
2510 3550 2811 3616 amoribus,
2881 3554 2965 3609 his
3026 3556 3206 3612 verbis
3252 3556 3555 3617 :Nostram

296 3660 504 3700 occare
530 3660 674 3700 saeva
693 3643 856 3699 nimis
886 3644 1143 3713 Atropos,
1185 3643 1421 3714 Tugillio
1466 3647 1700 3704 humiles
1758 3648 1881 3718 qui-

294 3738 456 3800 dem,
488 3739 581 3791 sed
608 3737 823 3792 divinos
852 3738 1010 3805 quasi
1046 3735 1215 3807 stylos
1283 3740 1637 3806 praedocenti,
1690 3755 1878 3795 aurem

294 3827 586 3883 humiliter
608 3828 893 3884 inclinavit
915 3828 967 3881 in
998 3828 1169 3883 valvis
1195 3827 1451 3898 Capitolii
1487 3830 1668 3900 :quod
1721 3830 1767 3886 si
1826 3839 1882 3884 et

290 3922 575 3986 animum,
602 3936 793 3991 pinnas
826 3922 874 3975 ei
913 3920 1214 3985 dedissent,
1241 3922 1439 3990 quibus
1469 3921 1603 3991 ipse.
1634 3923 1711 3976 'l‘u
1749 3936 1880 3977 vero

286 4012 571 4083 stylorum
624 4022 841 4066 tuorum
878 4012 1009 4066 mihi
1045 4013 1351 4081 praenuntio
1409 4027 1596 4068 aurem
1626 4013 1878 4078 inclines,

287 4112 357 4155 ut
392 4102 548 4169 aspis
573 4102 1137 4159 veneficiiszadhibes
1163 4102 1428 4170 animum,
1491 4113 1549 4159 ut
1616 4117 1747 4174 aper
1802 4104 1879 4159 la-

287 4195 582 4249 tratibus:
635 4194 891 4263 placaris,
917 4204 978 4247 ut
1004 4194 1183 4262 dipsas
1210 4192 1321 4265 [ΑΙ.
1352 4194 1648 4267 serpens].
1679 4196 1767 4251 cui
1797 4194 1879 4251 sol

286 4285 589 4339 incanduit
624 4300 655 4339 a
686 4298 911 4339 cancro.
934 4282 1056 4341 Tibi
1090 4286 1351 4351 consulis,
1380 4299 1436 4340 ut
1462 4298 1643 4353 spreta
1666 4287 1876 4341 Medea.

282 4376 429 4430 Tibi
466 4376 767 4443 misereris,
812 4384 869 4429 ut
900 4390 1089 4444 aequor
1126 4376 1408 4446 naufragis
1440 4395 1457 4433 :
1484 4377 1629 4445 quod
1657 4392 1875 4433 manum

1982 3635 2381 3706 philosophiam
2404 3639 2737 3711 participare
2789 3658 2897 3698 nou
2946 3646 3151 3714 poteris
3174 3688 3190 3713 ,
3245 3650 3372 3703 dum
3409 3668 3438 3704 a
3476 3662 3555 3707 tot

1984 3727 2350 3796 participaris.
2382 3729 2504 3784 Non
2543 3734 2690 3787 enim
2721 3746 2788 3788 eo
2832 3733 3023 3821 jecgre
3084 3734 3353 3795 Junonrm
3406 3752 3555 3799 amat

1983 3817 2183 3889 Tyrus,
2215 3821 2358 3890 quod
2387 3822 2543 3877 multi
2574 3822 2824 3881 vultures
2853 3817 3108 3881 iu'multa
3134 3829 3422 3887 divellunt.
3447 3834 3550 3889 Cui

1981 3911 2268 3969 Cannius:
2306 3912 2363 3969 Si
2425 3915 2644 3984 quando
2701 3915 2876 3985 labor,
2938 3933 3163 3990 resurgo
3210 3924 3425 3979 cautius
3458 3944 3473 3980 :
3504 3927 3555 3982 si

1983 4002 2199 4071 paulum
2228 4005 2535 4074 opprimor,
2585 4006 2828 4064 alacrius
2883 4023 3106 4066 resumo
3151 4028 3355 4081 aerem,
3404 4018 3553 4075 vices

1981 4096 2224 4148 noctium
2275 4098 2392 4152 dies
2448 4098 2686 4153 reddunt
2738 4099 2975 4157 latiores
3006 4118 3024 4157 :
3056 4104 3151 4158 sed
3203 4109 3553 4165 tenebrarum

1981 4184 2318 4251 perpetuitas
2352 4187 2529 4242 instar
2585 4189 2788 4245 inferni
2835 4200 2939 4247 est.
2996 4194 3090 4249 Sic
3121 4193 3231 4250 lilia
3283 4199 3541 4268 pritnaava

1981 4276 2130 4329 verni
2168 4277 2299 4333 solis
2335 4278 2565 4335 delicata
2594 4283 2872 4351 teporibus
2912 4286 3175 4342 varietate
3222 4300 3335 4345 tum
3398 4292 3550 4359 Euri,

1983 4375 2095 4420 tum
2126 4367 2310 4438 Nothi,
2343 4381 2455 4426 tum
2484 4372 2717 4443 Zephyri
2741 4376 2930 4431 laetitia
2957 4379 3210 4436 effusiore
3229 4381 3548 4449 lasciviunt,

282 4466 575 4531 contines,
604 4466 915 4520 reverentia
964 4465 1123 4534 regite
1189 4467 1339 4536 pacis
1393 4477 1498 4522 est.
1571 4470 1782 4535 Amice,
1812 4482 1875 4526 se
1905 4462 1953 4522 ι)
1981 4458 2179 4528 quibus
2209 4474 2316 4516 uno
2343 4465 2537 4533 spiritu
2568 4465 2864 4524 fulminans
2894 4468 3025 4525 Libs
3050 4471 3372 4529 incumbens
3394 4489 3558 4531 occa-

278 4557 640 4623 butniliavit,
673 4557 803 4612 licet
832 4557 976 4611 citra
1035 4555 1356 4624 perfectura,
1423 4558 1665 4613 domitor
1725 4560 1877 4616 orbis

276 4646 455 4701 ﬁdeli
483 4660 582 4701 suo
612 4660 632 4702 :
664 4654 720 4699 et
756 4660 895 4715 pene
927 4645 1115 4714 pedem
1148 4644 1353 4711 relutit,
1418 4647 1544 4716 quia
1578 4659 1716 4715 pene
1771 4662 1877 4717 pa-

275 4740 413 4795 ruit
453 4748 549 4795 :et
570 4752 712 4807 pene
748 4738 1057 4805 succubuit,
1107 4738 1235 4806 quia
1274 4751 1414 4807 pene
1458 4738 1703 4794 obedivit
1739 4736 1876 4810 [Αι.

272 4832 518 4887 audivit
546 4829 665 4901 |,et
692 4844 803 4885 non
840 4830 1072 4897 penitus.
1096 4830 1245 4884 Nihil
1267 4830 1316 4884 ei
1369 4829 1539 4884 multa
1594 4833 1880 4890 humilitas

270 4923 531 4996 profuit,
565 4922 696 4993 quia
730 4937 838 4976 non
876 4922 1056 4992 plena.
1084 4923 1222 4989 Quid
1259 4924 1355 4979 tibi
1389 4925 1602 4981 confert
1648 4935 1737 4981 tua
1771 4937 1879 4984 tam

266 5015 483 5071 ferina
514 5014 903 5079 inhumanitas,
930 5024 986 5068 et
1027 5015 1169 5085 rigor
1228 5014 1488 5082 inﬂexus,
1552 5026 1611 5072 et
1683 5017 1881 5073 horror

262 5104 789 5176 superciliiYQuid
822 5106 966 5160 ultro
1001 5107 1165 5161 irruis
1203 5107 1256 5161 in
1311 5108 1583 5163 latronum
1644 5108 1880 5166 insidias

262 5195 532 5255 inermis
564 5212 580 5249 :
611 5196 838 5251 humilia
864 5206 936 5260 te,
964 5197 1117 5252 cede.
1147 5196 1257 5253 Sed
1290 5198 1359 5252 ad
1412 5199 1634 5254 modqu
1703 5200 1882 5254 bumi-

264 5290 478 5345 litatis
510 5287 648 5357 ejus,
680 5289 773 5356 qui
808 5298 979 5344 tutum
1034 5288 1137 5345 sibi
1204 5289 1461 5343 mundum
1527 5290 1879 5348 humiliavit:

254 5394 323 5438 et
358 5376 515 5435 audi
544 5380 779 5434 amicum
815 5388 991 5434 tuum.
1020 5377 1086 5432 Et
1120 5378 1165 5435 si
1205 5377 1476 5436 Caesarem
1503 5394 1722 5437 errasse
1760 5396 1881 5439 cre-

340 5539 365 5570 ¹
408 5532 530 5588 llic
558 5532 696 5588 forte
721 5532 933 5588 Livium
957 5532 1178 5588 Pcenum
1206 5548 1328 5588 cum
1357 5533 1620 5589 l’atavino
1651 5532 1881 5590 confun-

255 5611 349 5665 dit
380 5620 405 5663 :
448 5602 702 5685 (latinius
725 5605 870 5657 enim
901 5604 1221 5685 Gaditanus,
1250 5604 1409 5683 cujus
1459 5619 1602 5685 saepe
1631 5606 1881 5685 meminit

254 5674 573 5735 Ilartiahs
596 5674 777 5728 eidem
809 5688 1048 5735 corvus,
1100 5673 1420 5728 Patavinnm
1470 5672 1685 5728 Livium
1743 5676 1885 5729 invi-

162 5784 171 5791 .
253 5756 437 5807 διεδ,
508 5745 761 5807 traditur,
816 5760 923 5797 non
979 5744 1223 5799 Picatum.
1290 5740 1459 5799 Verus
1514 5743 1881 5815 Hieronymus

518 5846 785 5905 ΡΑτιιυιη
826 5846 929 5906 XX
948 5848 1014 5905 Χ.

1984 4565 2104 4606 sum
2132 4553 2285 4609 facit.
2311 4552 2403 4610 Sic
2431 4554 2577 4611 Mars
2609 4561 2785 4629 ruptis
2808 4562 3077 4618 testiculis
3103 4564 3155 4617 in
3205 4579 3392 4624 mensa
3440 4581 3555 4621 coeo

1982 4640 2109 4697 lesti
2166 4645 2432 4698 recumbit
2495 4648 2724 4702 conviva
2782 4664 3115 4719 superum,a
3169 4666 3274 4722 qua
3330 4656 3556 4709 uxorius

1982 4731 2244 4789 Mulciber
2276 4751 2378 4790 suo
2416 4735 2545 4791 fune
2578 4737 2741 4808 longe
2778 4737 3064 4808 religatur.
3112 4743 3204 4797 Sic
3268 4744 3443 4799 levius
3489 4745 3554 4798 li-

1982 4833 2115 4893 gant
2145 4824 2315 4880 multa
2346 4826 2432 4882 fila
2454 4842 2616 4895 quam
2650 4828 2766 4884 sola
2795 4842 3009 4886 catena.
3042 4832 3135 4887 Sic
3200 4833 3332 4888 mihi
3370 4850 3402 4888 a
3436 4834 3553 4903 phi-

1981 4913 2254 4985 losOpbia,
2294 4917 2499 4973 delicia:
2541 4917 2638 4974 tibi
2662 4920 2945 4975 solatium.
2996 4924 3208 4988 Amice,
3270 4927 3555 4993 utriusque

1982 5009 2149 5065 verba
2186 5013 2356 5080 probo
2389 5026 2407 5068 ι
2442 5013 2607 5068 vitam
2637 5014 2902 5069 neutrius.
2933 5014 3109 5072 Minus
3151 5027 3332 5072 tamen
3398 5018 3552 5073 multi

1985 5101 2159 5155 morbi
2180 5102 2387 5158 hedunt
2411 5103 2603 5160 salutis
2619 5105 3002 5162 vicissitudine
3020 5108 3353 5175 interpolati,
3386 5123 3552 5177 quam

1986 5191 2212 5261 languor
2241 5211 2402 5263 unus,
2438 5198 2533 5267 qui
2564 5198 2843 5254 doloribus
2874 5200 3240 5255 irreinediatis
3267 5216 3374 5255 non
3433 5217 3557 5257 ces-

1984 5297 2071 5341 sat
2100 5284 2367 5355 aﬂligere.

2056 5374 2240 5432 XVlll.
2270 5378 2537 5437 Pacuvius
2560 5381 2715 5450 flens,
2737 5384 2816 5439 ait
2841 5384 3003 5441 Arrio
3037 5384 3219 5441 vicino
3243 5400 3379 5442 suo:
3403 5386 3557 5444 Ami-

1984 5536 2203 5613 epistol.
2234 5538 2329 5604 58,
2353 5540 2459 5613 adq
2498 5542 2783 5598 Paulinum
2816 5562 2835 5599 :
2878 5563 2897 5596 ι
2970 5544 3051 5599 Ad
3098 5546 3261 5600 istttm
3318 5548 3556 5613 Livium,

1984 5607 2181 5680 inquit,
2212 5624 2377 5664 aureo
2415 5612 2738 5680 eloquentiae
2771 5614 2916 5669 fonte
2937 5626 3250 5670 manantem
3311 5622 3378 5673 de
3427 5607 3558 5672 ulti:

1986 5674 2092 5755 tuis
2121 5674 2424 5755 Hispaniae,
2452 5674 2859 5754 Galliarumque
2894 5686 3092 5743 linibus
3145 5689 3415 5755 quosdam
3462 5700 3557 5742 ve-

1987 5746 2135 5803 nisse
2161 5746 2370 5806 nobiles
2388 5753 2636 5821 legimus.
2669 5773 2687 5806 ι
2772 5746 2787 5754 ’
3165 5746 3177 5755 ’
3565 5756 3571 5763 ’

3108 5850 3142 5916 9
