4012 6188
408 347 514 412 26Ἱ

1337 338 1402 401 S.
1437 336 1893 401 HIERONYMI
1935 338 2259 399 OPEKUM
2306 339 2714 403 MANTISSA.

3569 335 3676 399 268

412 482 499 530 re,
522 460 769 517 arborem
800 456 971 513 habeo
1003 454 1057 507 in
1092 452 1250 507 horto
1274 466 1394 508 meo
1421 451 1721 519 infelicem,
1752 453 1818 508 de
1875 468 1981 523 qua
2020 467 2064 522 Α
2093 458 2206 511 odit
2236 455 2457 522 femina,
2494 464 2551 512 et
2585 456 2883 511 artitlciosa
2916 471 3273 514 cumnocere
3330 458 3469 521 vult,
3530 461 3674 526 quod

416 558 585 626 prima
608 565 747 608 uxor
769 563 884 604 mea
915 562 976 601 se
1010 544 1293 614 suspendit
1317 557 1333 600 :
1357 544 1697 611 postmodum
1717 549 1989 609 secunda,

414 649 524 717 iam
547 657 687 699 nunc
720 643 899 695 tertia.
927 637 1026 692 Cui
1053 637 1245 689 Arrius
1275 650 1292 689 :
1329 632 1499 688 Miror
1532 642 1584 687 te
1626 633 1680 688 in
1755 642 1834 688 tot
1865 648 1993 688 suc-

416 738 658 793 ceasilms
689 733 960 802 lacrytnas
990 729 1281 783 invenisse.
1313 725 1382 780 Et
1414 726 1615 781 iterum
1647 740 1667 785 :
1725 727 1811 782 Dii
1840 729 1995 794 boni,

416 840 549 900 quot
583 826 679 881 tibi
724 821 1005 891 dispendia
1036 821 1198 873 arbor
1231 817 1318 871 illa
1339 818 1622 886 suspendit
1651 819 1667 873 I
1692 817 1760 872 Et
1789 820 1992 874 tertio:

417 920 625 981 Amice,
657 919 727 971 da
753 923 808 968 et
834 913 969 968 mihi
1018 915 1083 966 de
1141 912 1338 965 arbore
1409 909 1500 963 illa
1556 912 1811 965 surculos
1852 924 1997 978 quos

320 1050 329 1071 ι
422 1013 624 1068 seialn.
650 1010 856 1068 Amice,
892 1007 1056 1058 timeo
1086 1018 1156 1056 ne
1181 1013 1235 1056 et
1268 1008 1320 1055 te
1345 1001 1824 1071 oporteatarhoris
1853 1001 2001 1056 illius

420 1100 1163 1163 surculosmendicare,cum
1213 1096 1323 1167 jam
1387 1094 1617 1148 inveniri
1664 1107 1769 1148 non
1842 1103 1997 1162 pote-

420 1207 566 1254 I'lllll.

491 1286 638 1344 XIX.
671 1285 854 1342 Sensit
885 1279 1151 1352 Sulpitius
1210 1281 1301 1334 ubi
1357 1280 1531 1349 ipsum
1597 1277 1816 1332 calceus
1864 1292 1998 1332 suus

420 1385 724 1455 premebat,
761 1381 852 1448 qui
892 1377 961 1429 ab
988 1387 1160 1428 uxore
1193 1373 1363 1427 nobili
1427 1385 1483 1427 et
1543 1381 1693 1426 casta
1746 1373 1995 1426 divertit.

420 1475 631 1537 Amice,
664 1485 795 1526 cave
823 1468 921 1523 tibi
961 1482 1029 1522 ne
1059 1476 1111 1521 te
1139 1475 1352 1535 premat
1401 1465 1639 1531 calceus,
1702 1465 1794 1534 qui
1816 1460 2000 1519 'avelli

410 1582 531 1621 non
551 1563 744 1633 possit.

492 1655 611 1711 AX.
642 1658 730 1709 Ait
769 1653 906 1708 Cato
934 1651 1207 1708 Uticensis
1236 1668 1250 1704 :
1276 1649 1332 1705 Si
1361 1650 1571 1719 absque
1608 1648 1810 1703 femina
1878 1662 2001 1720 pos-

420 1757 507 1805 set
532 1760 654 1803 esse
706 1744 961 1809 mundus,
1021 1740 1370 1796 conversatio
1440 1748 1628 1794 nostra
1681 1754 1791 1791 non
1846 1746 1996 1792 esset

2101 563 2319 619 semper
2345 557 2430 603 est
2451 560 2506 602 ct
2534 549 2848 617 frequenter
2874 565 2890 613 ;
2921 565 3045 604 cum
3064 555 3257 619 juvare
3285 560 3462 619 parat,
3486 552 3671 606 obest.

2105 640 2257 696 Unde
2282 643 2362 707 fit,
2386 653 2442 696 ut
2462 641 2780 711 frequenter
2830 653 3026 697 noceat
3088 643 3304 700 nolens.
3360 644 3413 697 In
3458 645 3679 698 fornace

2104 735 2314 804 positus
2339 748 2399 789 es
2429 750 2445 788 :
2474 737 2519 788 si
2549 748 2739 787 aurum
2771 749 2853 799 es,
2884 734 3061 789 exibis
3094 736 3296 802 purior.

2174 821 2361 877 XXIV.
2396 824 2639 891 Deianira
2675 823 3021 894 Tirynthium
3061 825 3281 879 Vestivit
3318 824 3578 889 interula,
3621 834 3680 879 et
3710 829 3717 836 “

2106 932 2475 972 uwttstrorum
2511 919 2790 985 malleum,
2824 919 3054 973 monstri
3084 922 3349 988 sanguine
3381 922 3489 973 ulta
3546 931 3632 974 est
3660 938 3676 973 :

2105 1010 2317 1078 sibique
2348 1011 2612 1078 processit
2644 1010 2710 1063 ad
2771 1009 3063 1080 lacryntas,
3121 1014 3266 1079 quod
3318 1013 3383 1064 ad
3438 1011 3677 1065 laetitiam

2105 1102 2413 1157 machinata
2470 1111 2575 1156 est.
2636 1100 2848 1167 Amice,
2911 1101 3199 1170 trajectum
3265 1102 3372 1156 telo
3435 1101 3680 1156 Herculis

2107 1195 2268 1249 Scivit
2333 1204 2386 1247 et
2437 1194 2569 1248 vidit
2621 1194 2853 1249 Nessum
2915 1196 3015 1250 iata
3047 1212 3062 1259 ;
3092 1196 3451 1250 nihilominus
3500 1207 3678 1250 tan-eu

2105 1284 2275 1340 Nesso
2310 1286 2539 1338 credidit
2571 1289 2622 1340 in
2650 1285 2974 1351 Herculem;
3005 1296 3058 1342 et
3088 1288 3244 1357 quasi
3312 1303 3421 1341 non
3463 1298 3676 1356 sponte,

2109 1392 2267 1446 quem
2297 1378 2483 1431 debuit
2509 1378 2708 1431 vestire
2728 1378 3018 1443 ittteicula,
3049 1379 3265 1433 vestivit
3288 1378 3531 1431 interitu.
3592 1376 3680 1431 Iu-

2105 1470 2223 1523 sani
2255 1470 2445 1536 capitis
2471 1480 2525 1539 et
2547 1471 2839 1539 praecipitis
2896 1479 2978 1524 est
3047 1469 3272 1535 femina,
3318 1468 3677 1523 indeliberata

2105 1575 2322 1630 semper
2345 1561 2653 1626 voluntate;
2680 1564 3008 1630 praecipuum
3032 1562 3332 1614 arbitratur
3367 1559 3513 1627 quod
3543 1562 3677 1624 vult,

2106 1653 2334 1722 etquod
2364 1669 2470 1706 non
2496 1651 2717 1720 expedit
2750 1662 2848 1719 ;et
2883 1662 2941 1705 ut
2997 1666 3108 1721 prae
3167 1651 3420 1705 onmibus
3469 1649 3683 1719 placere

2107 1750 2282 1818 cupit,
2318 1748 2390 1801 ita
2410 1747 2666 1817 placitum
2694 1762 2854 1801 suum
2882 1746 3133 1799 omnibus
3144 1746 3405 1815 praeferre
3431 1751 3679 1797 consulta

421 1839 772 1909 absque‘ms-
795 1837 1004 1898 Amice.
1034 1831 1170 1888 θείω
1204 1847 1308 1885 ¹¹⁰⁶¹
1347 1830 1451 1885 mai
1488 1844 1614 1883 Ve”
1678 1841 1736 1906 ξι
1778 1832 1999 1897 003m“
2035 1830 2074 1886 Β
2102 1856 2208 1902 est.
2277 1845 2574 1900 Duodecim
2636 1845 2968 1899 inhumanos
3026 1845 3239 1898 labores
3285 1841 3683 1897 consummavit

422 1931 769 2000 loquebatur.
802 1942 901 1981 nec
957 1926 1243 1996 quisquam
1296 1922 1619 1976 feminarum
1676 1933 1994 1974 exsecratur

423 2023 678 2084 ludibria,
709 2021 811 2074 nisi
839 2021 995 2074 lusus
1016 2030 1070 2071 et
1100 2031 1254 2085 espct
1272 2024 1378 2078 tus,
1412 2024 1471 2068 et
1486 2013 1737 2069 conscius
1798 2026 1993 2082 pmice.

426 2115 523 2170 llis
550 2117 713 2184 igitur
736 2112 899 2166 fidem
931 2114 1131 2164 habere
1167 2110 1345 2169 decet,
1373 2106 1462 2175 qui
1492 2119 1617 2160 cum
1671 2104 1820 2159 omni
1856 2104 1997 2157 veri-

428 2220 538 2262 tate
563 2211 875 2276 loquuntur.
906 2201 969 2255 Ili
1000 2203 1186 2256 sciunt
1213 2207 1273 2254 ut
1335 2203 1513 2268 placet
1574 2198 1886 2261 delectatio,
1943 2203 1999 2250 et

338 2326 359 2347 ι
426 2302 615 2371 pungit
644 2299 921 2353 delictum.
959 2294 1022 2348 Ili
1053 2295 1421 2360 noruntquotl
1461 2293 1559 2347 llos
1593 2288 1819 2344 Veneris
1874 2302 2000 2343 rosa

424 2402 513 2446 est
554 2406 731 2458 :quta
769 2389 869 2442 sub
892 2388 1011 2456 ejus
1061 2398 1301 2454 purpura
1357 2381 1511 2436 multi
1571 2381 1743 2435 latent
1801 2381 1997 2434 aculei.

508 2482 651 2540 XXI.
690 2480 937 2534 Metellus
976 2475 1150 2529 Mario
1187 2473 1487 2543 respondit,
1524 2488 1650 2527 cum
1683 2477 1799 2541 ejus
1833 2474 1999 2525 titiam

416 2585 554 2638 dote
583 2577 827 2637 divitem,
858 2570 1036 2623 forma
1076 2565 1337 2627 nobilem,
1360 2578 1559 2635 genere
1591 2564 1820 2624 claram,
1852 2560 2005 2615 fama

428 2674 640 2730 felicem
676 2666 874 2719 ducere
914 2659 1084 2714 noluit
1112 2654 1292 2711 :Malo
1330 2670 1483 2710 meus
1507 2669 1627 2709 esse
1649 2670 1811 2723 quam
1845 2669 2001 2709 suus.

419 2764 528 2822 Cui
557 2753 943 2815 Hariusdnio
980 2753 1093 2820 ipsa
1152 2760 1241 2801 tua
1311 2750 1441 2801 erit.
1494 2747 1682 2801 Atille
1717 2746 1870 2803 :Imo
1920 2745 2001 2799 vi-

430 2870 551 2910 rum
582 2858 795 2920 oportet
820 2841 1006 2899 uxoris
1039 2853 1182 2894 esse.
1212 2837 1468 2906 Logicnm
1517 2846 1601 2901 est
1653 2836 1823 2901 enim,
1871 2836 2001 2889 talia

428 2954 591 3001 erant
614 2939 880 3009 subjecta,
911 2931 1095 3002 qualia
1133 2930 1485 2998 permiserint
1534 2926 1846 2995 praedicata.
1909 2926 2003 2979 Sic

435 3036 628 3094 facetia
659 3030 808 3087 verbi
846 3025 1046 3082 Metelli
1091 3020 1303 3076 diuertit
1354 3021 1420 3073 ab
1475 3016 1722 3072 oneribus
1784 3019 2003 3070 dorsuna

426 3132 567 3200 ejus.
603 3125 812 3187 Amice,
844 3120 895 3174 si
923 3115 1141 3171 uxorari
1168 3121 1406 3184 Oportet,
1435 3125 1542 3165 non
1601 3112 1823 3178 expedit
1878 3112 2003 3177 qui-

435 3236 579 3277 dem.
608 3219 987 3272 Verumtamen
1021 3209 1093 3262 sit
1129 3219 1285 3261 amor
1310 3205 1367 3259 in
1405 3215 1595 3264 causa,
1632 3217 1739 3254 non
1776 3215 1998 3267 census.

438 3316 505 3369 Et
523 3312 716 3366 faelem
744 3302 928 3359 uaoris
957 3302 1149 3368 eligas,
1168 3312 1273 3353 non
1329 3303 1555 3350 vestem.
1614 3292 1684 3347 Et
1733 3295 1999 3356 animum,

435 3420 544 3459 non
571 3415 785 3456 aurum.
808 3398 873 3451 Et
898 3394 991 3449 tibi
1020 3393 1186 3447 nubat
1217 3402 1376 3450 uxor,
1419 3402 1522 3441 non
1571 3389 1689 3439 dos.
1750 3382 1893 3451 Ergo
1957 3383 2003 3437 si

424 3512 541 3568 quo
564 3492 728 3549 modo
752 3490 869 3544 fieri
904 3494 1103 3554 potest,
1125 3479 1409 3552 praedicari
1439 3479 1663 3548 poteris,
1693 3483 1752 3530 ut
1775 3477 2006 3530 livorem

437 3603 541 3641 non
570 3585 739 3637 ducas
778 3595 809 3632 a
827 3577 1100 3645 subjecto.

508 3676 677 3733 XXII.
708 3674 837 3730 Lais
870 3666 1158 3726 Corinthia
1191 3664 1552 3734 prcrogativa
1580 3659 2008 3731 pulchritudinis

437 3773 686 3840 insignis,
712 3766 1091 3846 tantummon
1140 3774 1333 3828 regum
1367 3771 1423 3813 et
1480 3759 1781 3829 principum
1819 3760 2007 3824 digna-

438 3865 598 3918 hatur
661 3862 972 3929 amplexus.
1028 3853 1237 3910 Conata
1263 3863 1348 3908 est
1408 3846 1590 3906 tamen
1658 3849 2005 3905 Deumstheni

437 3953 761 4027 philosopho
791 3949 1141 4020 participare,
1165 3955 1226 4000 ut
1254 3953 1395 3999 not-:e
1418 3943 1694 3997 castitatis
1738 3943 1865 4010 ejus
1904 3941 2009 3994 mi-

438 4046 620 4101 raculo
647 4045 849 4102 soluto,
875 4039 1153 4092 videretur
1180 4035 1365 4105 specie
1392 4048 1488 4086 sua
1513 4031 1724 4103 lapides
1743 4032 2005 4094 movisse,

438 4148 500 4192 ut
527 4135 795 4203 Amphion
828 4130 1057 4190 cithara,
1098 4134 1502 4193 attractumque
1563 4121 1842 4177 blanditiis
1895 4133 2008 4174 tra-

434 4230 609 4285 ctavit
659 4232 923 4279 suav.ter.
950 4220 1196 4287 Curaque
1241 4215 1352 4283 iam
1388 4215 1777 4268 Demosthenes
1800 4209 2012 4267 emolli-

434 4331 591 4375 retur
615 4319 680 4371 ad
701 4315 1023 4378 thalamum,
1054 4309 1241 4379 petivit
1269 4307 1337 4361 ab
1361 4321 1427 4360 eo
1457 4305 1587 4360 Lais
1641 4314 1859 4360 centum
1927 4313 2009 4356 ta-

438 4413 580 4465 lenta
618 4422 716 4477 pro
743 4417 1033 4458 consensu.
1059 4402 1130 4453 At
1164 4398 1255 4453 ille
1314 4397 1617 4465 suspiciens
1670 4396 1724 4450 in
1787 4395 2007 4460 emtum,

2104 1937 2345 1993 Alcides.
2369 1940 2414 1992 A
2443 1928 2606 1992 tertio
2653 1935 2869 1990 decimo
2907 1936 3001 2004 qui
3052 1949 3271 1989 omnem
3310 1932 3684 1989 inhumanitao

2105 2043 2214 2087 tein
2241 2032 2499 2093 excessit,
2523 2040 2890 2099 exsuperatus
2917 2039 3021 2083 est.
3058 2027 3148 2083 Sic
3205 2014 3536 2082 fortissimus
3586 2028 3684 2082 hoe

2106 2126 2333 2188 minum,
2371 2138 2525 2193 aeque
2554 2123 2825 2177 dolendus
2863 2130 2921 2175 ut
2973 2121 3344 2188 gemebundus
3398 2119 3681 2184 occubuit,

2106 2219 2202 2286 qui
2235 2218 2359 2271 cceli
2394 2221 2712 2270 arcentsine
2742 2215 2946 2283 gemitu
3004 2214 3344 2267 sustinuerat
3416 2210 3680 2265 humeris.

2106 2308 2351 2364 Tandem
2391 2322 2512 2374 quae
2550 2321 2788 2375 unquam
2824 2308 2968 2360 inter
2993 2315 3073 2359 tot
3097 2305 3263 2358 millia
3313 2304 3537 2358 millimn
3598 2318 3684 2358 se-

2107 2398 2297 2453 dulunt
2360 2396 2771 2466 sollicitumque
2824 2403 3169 2463 peccatoretn
3245 2404 3501 2463 perpetua
3553 2407 3685 2448 cou-

2108 2491 2348 2547 tristavit
2372 2489 2632 2559 repulsa?
2656 2490 2737 2543 vel
2763 2504 2886 2557 quae
2908 2499 3227 2542 constanter
3253 2487 3681 2556 praeciditverba

2106 2583 2338 2654 petentis
2369 2581 2659 2636 Havorem
2695 2581 2837 2648 sapit
2886 2579 3007 2650 ejus
3041 2579 3363 2648 responsio:
3399 2586 3455 2631 et
3512 2592 3685 2649 quan-

2107 2676 2614 2742 tumcumquedura
2644 2672 2829 2733 fuerit.
2880 2686 3096 2739 semper
3161 2671 3215 2724 in
3289 2671 3475 2740 aliquo
3535 2671 3680 2724 verbi

2107 2772 2188 2825 sui
2220 2769 2415 2838 angulo
2443 2767 2665 2821 habebis
2721 2764 2957 2833 aliquem
2991 2762 3270 2832 petitionis
3301 2771 3407 2816 tuas
3436 2760 3678 2816 fomitem

2106 2861 2426 2930 implicitum
2464 2875 2481 2925 ;
2514 2860 2772 2929 qtttelibet
2797 2868 2980 2928 negat,
3035 2859 3179 2911 nulla
3236 2868 3519 2927 pernegat.

2177 2943 2344 3002 XXV.
2381 2945 2635 3016 lrrnnipit
2698 2961 2893 2998 aurum
2948 2945 3001 2999 in
3058 2950 3457 3015 pr0pugnacula
3516 2945 3682 3001 turris

2108 3036 2329 3100 Acrisii,
2366 3036 2618 3103 valloque
2644 3034 2928 3106 multiplici
2968 3035 3238 3106 signatam
3264 3036 3474 3090 Danaes
3521 3039 3683 3106 pudi-

2110 3130 2292 3185 citiatn
2323 3127 2503 3184 solvit.
2560 3127 2771 3190 Amice,
2828 3126 2973 3181 sicut
3030 3126 3231 3196 virgini
3294 3142 3417 3197 quae
3480 3139 3681 3181 terram

2113 3219 2495 3289 triumpharat,
2552 3217 2621 3272 de
2647 3217 2787 3272 caelo
2857 3217 2997 3287 pluit
3062 3218 3463 3274 incestus:sic
3522 3234 3683 3288 quam

2110 3324 2390 3377 nunquam
2417 3308 2556 3363 fallit
2582 3308 2826 3373 humilis,
2856 3309 3321 3364 vincitsublimis.
3382 3310 3474 3364 Sic
3527 3313 3687 3365 arbo-

2112 3418 2227 3456 rem
2250 3418 2413 3471 quam
2437 3416 2710 3466 nunquam
2747 3402 2914 3455 movit
2940 3400 3231 3466 Favonius,
3254 3403 3447 3455 evertit
3465 3406 3683 3469 Aquilo.

2182 3495 2378 3551 XXVI.
2408 3495 2571 3566 Lycia
2618 3496 2791 3564 virgo,
2834 3509 3063 3563 vergens
3120 3496 3174 3549 in
3240 3495 3478 3561 senium,
3542 3499 3685 3553 fama

2111 3592 2379 3644 castitatis
2408 3589 2747 3658 privilegtata
2776 3597 3111 3653 constanter,
3152 3589 3367 3644 tandem
3423 3607 3685 3661 oppressa

2113 3682 2379 3752 Apollinis
2446 3682 2827 3751 phantasmate
2877 3680 3149 3749 concepit,
3205 3681 3520 3752 peperitque
3567 3682 3688 3737 Pla-

2116 3772 2550 3833 tmtem.Amice,
2614 3784 2777 3838 quam
2820 3769 3084 3823 illibatam
3144 3784 3503 3826 servaverunt
3551 3774 3689 3842 vigi-

2113 3864 2220 3927 lia',
2247 3861 2527 3916 tit-floravit
2560 3861 2742 3915 illusio
2767 3876 2861 3931 per
2889 3862 3183 3927 somnium,
3215 3873 3267 3917 ut
3295 3876 3509 3933 semper
3562 3880 3685 3919 orn-

2115 3969 2183 4009 ne
2217 3955 2480 4008 rosarium
2509 3955 2690 4022 aliquo
2721 3953 2938 4007 turbine
2971 3968 3068 4008 sua
3121 3971 3356 4025 purpura
3395 3958 3681 4027 spolietnr.

2116 4047 2223 4101 Sed
2252 4050 2388 4099 bene
2425 4050 2470 4099 si
2502 4046 2630 4113 quid
2661 4047 2749 4100 hic
2786 4048 2942 4109 bene,
2980 4045 3126 4114 quod
3157 4048 3470 4117 patrissavit
3520 4047 3677 4103 Plato

2114 4136 2170 4191 in
2200 4137 2486 4207 sapientia,
2522 4146 2578 4189 ct
2609 4136 2752 4204 quod
2785 4137 2983 4193 similis
3024 4137 3202 4193 factus
3239 4148 3325 4194 est
3373 4140 3610 4197 nominis
3632 4150 3690 4197 et

2116 4228 2359 4280 numinis
2387 4224 2558 4296 patris
2588 4225 2870 4295 praecipui.

2186 4315 2402 4371 XXVII.
2434 4315 2644 4380 Amice,
2695 4317 2934 4379 miraris,
2999 4331 3069 4370 an
3133 4316 3434 4388 indignaris
3492 4320 3685 4389 magis,

2115 4410 2257 4479 quod
2284 4409 2336 4461 in
2362 4407 2635 4478 parabolis
2665 4408 2764 4462 tibi
2799 4404 3102 4478 significem
3138 4409 3368 4476 gentiles
3390 4424 3517 4465 esse
3564 4412 3687 4464 imi-

442 4496 708 4556 aitzNon
734 4509 859 4550 emo
895 4492 1029 4547 tanti
1086 4492 1370 4561 pmuitere.
1425 4489 1636 4553 Amice,
1694 4488 1899 4541 utinam
1956 4487 2003 4539 iu

2116 4497 2660 4564 tantlos,Christiano
2679 4498 3016 4565 idololatras,
3056 4515 3200 4571 agno
3231 4515 3419 4565 canes,
3448 4502 3686 4572 denique

444 4594 644 4646 emtum
672 4599 729 4642 et
761 4601 817 4641 tu
852 4600 1085 4641 acumen
1138 4581 1342 4638 mentis
1377 4581 1601 4651 dirigas,
1652 4590 1710 4634 ut
1765 4582 1816 4633 Id
1872 4578 2011 4634 (τηυ-

442 4686 562 4753 glas
585 4680 729 4749 quod
756 4678 1073 4747 pauitantia
1104 4684 1192 4731 est
1226 4673 1455 4728 redemi.

516 4773 705 4829 XXIII.
736 4771 887 4826 Livia
917 4771 1094 4826 virum
1134 4781 1294 4821 suum
1352 4764 1643 4830 interfecit,
1706 4780 1867 4834 quem
1929 4772 2010 4818 nt:

442 4868 550 4922 mis
574 4867 710 4921 odtit
747 4883 762 4919 :
797 4863 1022 4918 Lucillia
1048 4876 1227 4926 suum,
1254 4874 1417 4928 quem
1451 4860 1615 4914 nimis
1643 4860 1863 4911 amavit.
1918 4856 2015 4910 Illa

444 4970 640 5029 sponte
687 4957 906 5011 miscuit
947 4955 1227 5010 acoititum
1260 4937 1713 5021 :bmo.dccepta,
1769 4952 2011 5005 furorem

446 5050 874 5122 propinavi'pru
927 5046 1131 5101 amoris
1194 5043 1411 5113 poculo.
1458 5045 1669 5108 Amice,
1722 5041 2014 5096 contrariis

444 5145 843 5199 contenderunt
877 5142 1015 5193 votis
1043 5140 1181 5193 istae.
1215 5136 1419 5193 Neutra
1450 5145 1635 5191 tamen
1691 5134 2011 5190 defraudata

442 5249 528 5291 est
556 5238 661 5289 fine
690 5234 897 5286 fraudis
916 5228 1187 5297 femineae,
1207 5239 1261 5285 et
1288 5229 1511 5300 proprio
1572 5228 1785 5284 scilicet
1846 5228 2010 5281 malo.

443 5329 621 5381 Variis
654 5326 883 5380 diversis
912 5323 1170 5378 intedunt
1220 5323 1430 5376 semitis
1493 5320 1730 5385 femina,
1789 5320 2015 5389 quibus-

447 5433 554 5491 que
581 5416 923 5472 anfractibus
945 5423 1155 5480 errent,
1187 5413 1496 5483 quibusque
1557 5413 1775 5469 devient
1827 5412 2012 5477 inviis,

442 5525 584 5563 unus
612 5518 695 5563 est
723 5508 928 5573 exitus,
957 5521 1060 5559 una
1088 5502 1331 5557 omnium
1355 5502 1561 5555 viarum
1588 5516 1807 5555 suarum
1847 5512 2012 5555 meta.

442 5599 672 5653 Unicum
706 5606 949 5667 caputet
975 5602 1275 5651 conventus
1335 5593 1574 5647 omnium
1636 5593 2011 5647 diversitatum

444 5706 671 5749 suarum
718 5691 943 5744 malitia.
1006 5689 1268 5757 Eretiiplo
1322 5689 1514 5742 harum
1583 5687 2013 5754 experimentum

446 5800 599 5851 cape,
646 5780 787 5849 quod
816 5781 990 5838 audax
1041 5754 1125 5835 e'st
1181 5754 1255 5834 ad
1309 5777 1489 5834 omnia
1535 5782 1671 5848 quae~
1716 5789 1864 5837 amat
1930 5780 2013 5835 vel

2117 4591 2263 4645 bono
2280 4588 2450 4643 malos
2470 4587 2495 4642 Υ
2514 4587 2646 4642 Volo
2669 4589 2746 4643 sis
2770 4589 2856 4657 api
2890 4602 3293 4658 argumentum
3323 4590 3541 4652 similis,
3567 4606 3688 4659 quae

2117 4681 2223 4735 mel
2248 4680 2394 4734 elicit
2425 4693 2493 4733 ex
2526 4680 2705 4733 urtica
2729 4694 2747 4735 :
2770 4689 2826 4732 ut
2849 4694 3035 4732 sumas
3061 4677 3164 4732 mel
3190 4681 3255 4733 de
3282 4693 3455 4748 petra,
3488 4679 3690 4734 oleum-

2115 4788 2215 4841 que
2245 4771 2311 4823 de
2339 4784 2469 4823 raso
2518 4769 2826 4823 durissimo.
2857 4768 3160 4823 Gentilium
3237 4770 3361 4824 novi
3425 4772 3690 4838 supersti-

2117 4863 2342 4924 tionem,
2373 4860 2468 4913 sed
2489 4861 2667 4912 omnis
2685 4868 2939 4914 creatura
2958 4859 3048 4913 Dei
3074 4861 3290 4930 aliquod
3317 4863 3479 4915 habet
3501 4877 3685 4917 exem-

2116 4951 2235 5019 plar
2254 4951 2486 5006 honesti.
2511 4946 2664 5004 Unde
2693 4951 2831 5020 ipse,
2853 4959 2967 5005 tum
3022 4954 3185 5019 aries,
3244 4961 3356 5006 tum
3409 4954 3515 5018 leo,
3575 4968 3685 5007 tum

2115 5041 2317 5093 vermis
2341 5040 2560 5103 dicitur,
2582 5041 2678 5094 sed
2736 5041 2971 5111 plurima
3025 5056 3279 5111 perversa
3313 5051 3481 5111 agunt
3510 5043 3684 5096 incre-

2115 5132 2230 5186 duli
2264 5132 2480 5201 ;aquua
2510 5141 2833 5201 tamenquae
2871 5146 2994 5187 cum
3043 5133 3176 5202 ipsis
3226 5134 3570 5198 interierunt,
3630 5135 3684 5188 in

2115 5225 2275 5280 nobis
2296 5224 2537 5280 fructum
2578 5225 2856 5280 abundare
2879 5226 3146 5280 fecerunt.
3180 5223 3335 5293 Quod
3368 5226 3419 5281 si
3474 5227 3547 5281 illi
3597 5243 3690 5282 zo-

2115 5333 2213 5373 nas
2237 5319 2542 5374 ltabuerunt
2566 5319 2820 5388 pelliceas
2843 5333 3011 5374 causa
3036 5320 3331 5387 munditiae,
3392 5321 3512 5376 sine
3568 5336 3687 5389 spe,

2113 5414 2235 5467 sine
2257 5412 2378 5478 lide,
2415 5412 2537 5466 sine
2558 5411 3005 5479 pradicamento,
3042 5412 3159 5468 sine
3195 5412 3468 5469 cbaritate
3502 5428 3519 5472 :
3550 5429 3683 5483 pro-

2113 5502 2257 5557 fecto
2287 5502 2332 5556 si
2352 5515 2456 5556 nos
2479 5501 2744 5557 fuerimus
2765 5503 2906 5557 asini
2937 5514 2991 5558 et
3012 5518 3161 5569 sues,
3193 5513 3287 5558 aut
3310 5505 3492 5575 aliqua
3520 5505 3687 5561 inhu-

2114 5593 2375 5650 inanitate
2405 5593 2685 5649 brutorum
2731 5594 2959 5661 similes,
3011 5612 3119 5666 quo
3178 5595 3327 5662 ﬁdei,
3384 5613 3492 5668 quo
3545 5595 3692 5669 spei,

2113 5698 2224 5755 quo
2246 5685 2531 5743 charitatis
2552 5686 2748 5741 merito
2768 5684 2916 5756 digni
2946 5688 3285 5757 reperiemur
3309 5704 3471 5743 :ctttn
3498 5690 3691 5743 videas

2116 5780 2425 5850 prophetas,
2458 5788 2513 5835 et
2543 5781 2817 5849 praecipue
2843 5780 2991 5837 illum
3028 5782 3215 5837 mundi
3266 5783 3470 5850 cordis,
3524 5796 3688 5852 quem
