  <div class='ocr_page' id='page_1' title='image "/cluster/home/n/w/nwhite01/storage/ocr_20150623/30/hvd.32044096580527/140.png"; bbox 0 0 4012 6188; ppageno 0'>
   <div class='ocr_carea' id='block_1_1' title="bbox 247 389 351 453">
    <p class='ocr_par' dir='ltr' id='par_1_1' title="bbox 247 389 351 453">
     <span class='ocr_line' id='line_1_1' title="bbox 247 389 351 453; baseline 0 -2"><span class='ocrx_word' id='word_1_1' title='bbox 247 389 351 453; x_wconf 67' lang='grc' dir='ltr'><strong>ἳῧῖ)</strong></span> 
     </span>
    </p>
   </div>
   <div class='ocr_carea' id='block_1_2' title="bbox 251 484 1993 568">
    <p class='ocr_par' dir='ltr' id='par_1_2' title="bbox 251 484 1993 568">
     <span class='ocr_line' id='line_1_2' title="bbox 251 484 1993 568; baseline -0.017 -6"><span class='ocrx_word' id='word_1_2' title='bbox 251 505 347 562; x_wconf 73' lang='grc' dir='ltr'><strong>ςυιὶ</strong></span> <span class='ocrx_word' id='word_1_3' title='bbox 377 515 602 556; x_wconf 81' lang='lat' dir='ltr'><strong>cernere</strong></span> <span class='ocrx_word' id='word_1_4' title='bbox 620 503 844 568; x_wconf 87' lang='lat' dir='ltr'><strong>possunt</strong></span> <span class='ocrx_word' id='word_1_5' title='bbox 873 491 1040 551; x_wconf 90' lang='lat' dir='ltr'><strong>oculi.</strong></span> <span class='ocrx_word' id='word_1_6' title='bbox 1073 493 1159 546; x_wconf 91' lang='lat' dir='ltr'><strong>Illi</strong></span> <span class='ocrx_word' id='word_1_7' title='bbox 1219 502 1398 544; x_wconf 89' lang='lat' dir='ltr'><strong>autem</strong></span> <span class='ocrx_word' id='word_1_8' title='bbox 1456 484 1640 540; x_wconf 89' lang='lat' dir='ltr'><strong>studio</strong></span> <span class='ocrx_word' id='word_1_9' title='bbox 1706 495 1832 534; x_wconf 86' lang='lat' dir='ltr'><strong>sua-</strong></span> <span class='ocrx_word' id='word_1_10' title='bbox 1861 486 1910 542; x_wconf 71' lang='grc' dir='ltr'><strong>Α</strong></span> <span class='ocrx_word' id='word_1_11' title='bbox 1987 526 1993 533; x_wconf 91' lang='grc'>.</span> 
     </span>
    </p>
   </div>
   <div class='ocr_carea' id='block_1_3' title="bbox 1937 565 3504 621">
    <p class='ocr_par' dir='ltr' id='par_1_3' title="bbox 1937 565 3504 621">
     <span class='ocr_line' id='line_1_3' title="bbox 1937 565 3504 621; baseline -0.011 -1"><span class='ocrx_word' id='word_1_12' title='bbox 1937 581 2033 621; x_wconf 80' lang='grc' dir='ltr'><strong>8Ευ</strong></span> <span class='ocrx_word' id='word_1_13' title='bbox 2076 578 2330 618; x_wconf 64' lang='grc' dir='ltr'><strong>υιλιοαυε</strong></span> <span class='ocrx_word' id='word_1_14' title='bbox 2369 577 2462 616; x_wconf 78' lang='lat' dir='ltr'><strong>SUB</strong></span> <span class='ocrx_word' id='word_1_15' title='bbox 2510 573 2710 613; x_wconf 67' lang='lat' dir='ltr'><strong>NOMiNE</strong></span> <span class='ocrx_word' id='word_1_16' title='bbox 2761 570 3054 610; x_wconf 64' lang='lat' dir='ltr'><strong>IIIERONYII</strong></span> <span class='ocrx_word' id='word_1_17' title='bbox 3107 567 3172 605; x_wconf 76' lang='grc' dir='ltr'><strong>ΕΤ</strong></span> <span class='ocrx_word' id='word_1_18' title='bbox 3198 565 3504 618; x_wconf 67' lang='lat' dir='ltr'><strong>AUGUﬂ&#39;INI,</strong></span> 
     </span>
    </p>
   </div>
   <div class='ocr_carea' id='block_1_4' title="bbox 253 576 1831 652">
    <p class='ocr_par' dir='ltr' id='par_1_4' title="bbox 253 576 1831 652">
     <span class='ocr_line' id='line_1_4' title="bbox 253 576 1831 652; baseline -0.016 1"><span class='ocrx_word' id='word_1_19' title='bbox 253 598 585 652; x_wconf 77' lang='lat' dir='ltr'><strong>rum-artium</strong></span> <span class='ocrx_word' id='word_1_20' title='bbox 619 608 678 647; x_wconf 90' lang='lat' dir='ltr'><strong>se</strong></span> <span class='ocrx_word' id='word_1_21' title='bbox 703 589 886 644; x_wconf 90' lang='lat' dir='ltr'><strong>multis</strong></span> <span class='ocrx_word' id='word_1_22' title='bbox 941 586 1232 642; x_wconf 70' lang='lat' dir='ltr'><strong>conatibus</strong></span> <span class='ocrx_word' id='word_1_23' title='bbox 1287 581 1622 641; x_wconf 73' lang='lat' dir='ltr'><strong>alllixeruut,</strong></span> <span class='ocrx_word' id='word_1_24' title='bbox 1679 576 1831 629; x_wconf 92' lang='lat' dir='ltr'><strong>nullo</strong></span> 
     </span>
    </p>
   </div>
   <div class='ocr_carea' id='block_1_5' title="bbox 251 671 1832 746">
    <p class='ocr_par' dir='ltr' id='par_1_5' title="bbox 251 671 1832 746">
     <span class='ocr_line' id='line_1_5' title="bbox 251 671 1832 746; baseline -0.017 0"><span class='ocrx_word' id='word_1_25' title='bbox 251 693 446 746; x_wconf 76' lang='lat' dir='ltr'><strong>futura:</strong></span> <span class='ocrx_word' id='word_1_26' title='bbox 475 685 752 742; x_wconf 79' lang='lat' dir='ltr'><strong>felicitatis</strong></span> <span class='ocrx_word' id='word_1_27' title='bbox 807 679 1158 739; x_wconf 69' lang='lat' dir='ltr'><strong>intuituzsed</strong></span> <span class='ocrx_word' id='word_1_28' title='bbox 1215 687 1423 730; x_wconf 89' lang='lat' dir='ltr'><strong>tantum</strong></span> <span class='ocrx_word' id='word_1_29' title='bbox 1485 687 1551 725; x_wconf 86' lang='lat' dir='ltr'><strong>ne</strong></span> <span class='ocrx_word' id='word_1_30' title='bbox 1623 671 1832 722; x_wconf 87' lang='lat' dir='ltr'><strong>animas</strong></span> 
     </span>
    </p>
   </div>
   <div class='ocr_carea' id='block_1_6' title="bbox 253 760 1835 844">
    <p class='ocr_par' dir='ltr' id='par_1_6' title="bbox 253 760 1835 844">
     <span class='ocr_line' id='line_1_6' title="bbox 253 760 1835 844; baseline -0.017 -9"><span class='ocrx_word' id='word_1_31' title='bbox 253 782 516 835; x_wconf 87' lang='lat' dir='ltr'><strong>haberent</strong></span> <span class='ocrx_word' id='word_1_32' title='bbox 555 779 892 844; x_wconf 82' lang='lat' dir='ltr'><strong>ignorantes.</strong></span> <span class='ocrx_word' id='word_1_33' title='bbox 925 769 1061 835; x_wconf 85' lang='lat' dir='ltr'><strong>Quid</strong></span> <span class='ocrx_word' id='word_1_34' title='bbox 1110 768 1268 821; x_wconf 88' lang='lat' dir='ltr'><strong>nobis</strong></span> <span class='ocrx_word' id='word_1_35' title='bbox 1316 776 1418 829; x_wconf 86' lang='lat' dir='ltr'><strong>est,</strong></span> <span class='ocrx_word' id='word_1_36' title='bbox 1455 771 1509 815; x_wconf 85' lang='lat' dir='ltr'><strong>et</strong></span> <span class='ocrx_word' id='word_1_37' title='bbox 1565 760 1835 814; x_wconf 88' lang='lat' dir='ltr'><strong>illumina-</strong></span> 
     </span>
    </p>
   </div>
   <div class='ocr_carea' id='block_1_7' title="bbox 255 850 1835 933">
    <p class='ocr_par' dir='ltr' id='par_1_7' title="bbox 255 850 1835 933">
     <span class='ocr_line' id='line_1_7' title="bbox 255 850 1835 933; baseline -0.016 -8"><span class='ocrx_word' id='word_1_38' title='bbox 255 873 332 925; x_wconf 88' lang='lat' dir='ltr'><strong>tio</strong></span> <span class='ocrx_word' id='word_1_39' title='bbox 355 880 408 922; x_wconf 88' lang='lat' dir='ltr'><strong>et</strong></span> <span class='ocrx_word' id='word_1_40' title='bbox 432 859 656 922; x_wconf 82' lang='lat' dir='ltr'><strong>lucerna</strong></span> <span class='ocrx_word' id='word_1_41' title='bbox 690 863 934 933; x_wconf 88' lang='lat' dir='ltr'><strong>pedibus,</strong></span> <span class='ocrx_word' id='word_1_42' title='bbox 970 869 1024 913; x_wconf 90' lang='lat' dir='ltr'><strong>et</strong></span> <span class='ocrx_word' id='word_1_43' title='bbox 1047 859 1225 910; x_wconf 88' lang='lat' dir='ltr'><strong>lumen</strong></span> <span class='ocrx_word' id='word_1_44' title='bbox 1291 853 1502 909; x_wconf 84' lang='lat' dir='ltr'><strong>semitis</strong></span> <span class='ocrx_word' id='word_1_45' title='bbox 1545 851 1612 902; x_wconf 90' lang='lat' dir='ltr'><strong>ad</strong></span> <span class='ocrx_word' id='word_1_46' title='bbox 1670 850 1835 900; x_wconf 87' lang='lat' dir='ltr'><strong>vitam</strong></span> 
     </span>
    </p>
   </div>
   <div class='ocr_carea' id='block_1_8' title="bbox 254 978 546 1021">
    <p class='ocr_par' dir='ltr' id='par_1_8' title="bbox 254 978 546 1021">
     <span class='ocr_line' id='line_1_8' title="bbox 254 978 546 1021; baseline -0.021 0"><span class='ocrx_word' id='word_1_47' title='bbox 254 978 546 1021; x_wconf 61' lang='lat' dir='ltr'><strong>asternam.</strong></span> 
     </span>
    </p>
   </div>
   <div class='ocr_carea' id='block_1_9' title="bbox 323 1079 1837 1158">
    <p class='ocr_par' dir='ltr' id='par_1_9' title="bbox 323 1079 1837 1158">
     <span class='ocr_line' id='line_1_9' title="bbox 323 1079 1837 1158; baseline -0.017 -3"><span class='ocrx_word' id='word_1_48' title='bbox 323 1099 568 1154; x_wconf 76' lang='lat' dir='ltr'><strong>XXVIII.</strong></span> <span class='ocrx_word' id='word_1_49' title='bbox 599 1095 812 1152; x_wconf 83' lang='lat' dir='ltr'><strong>Utinam</strong></span> <span class='ocrx_word' id='word_1_50' title='bbox 832 1092 974 1145; x_wconf 88' lang='lat' dir='ltr'><strong>hanc</strong></span> <span class='ocrx_word' id='word_1_51' title='bbox 1004 1088 1196 1158; x_wconf 82' lang='lat' dir='ltr'><strong>eligas,</strong></span> <span class='ocrx_word' id='word_1_52' title='bbox 1241 1087 1449 1139; x_wconf 86' lang='lat' dir='ltr'><strong>utinam</strong></span> <span class='ocrx_word' id='word_1_53' title='bbox 1507 1082 1642 1136; x_wconf 88' lang='lat' dir='ltr'><strong>hanc</strong></span> <span class='ocrx_word' id='word_1_54' title='bbox 1669 1079 1837 1148; x_wconf 78' lang='lat' dir='ltr'><strong>legas,</strong></span> 
     </span>
    </p>
   </div>
   <div class='ocr_carea' id='block_1_10' title="bbox 258 1175 1841 1246">
    <p class='ocr_par' dir='ltr' id='par_1_10' title="bbox 258 1175 1841 1246">
     <span class='ocr_line' id='line_1_10' title="bbox 258 1175 1841 1246; baseline -0.016 0"><span class='ocrx_word' id='word_1_55' title='bbox 258 1194 467 1246; x_wconf 86' lang='lat' dir='ltr'><strong>utinam</strong></span> <span class='ocrx_word' id='word_1_56' title='bbox 512 1194 652 1242; x_wconf 86' lang='lat' dir='ltr'><strong>hanc</strong></span> <span class='ocrx_word' id='word_1_57' title='bbox 708 1186 1023 1239; x_wconf 73' lang='lat' dir='ltr'><strong>introducas</strong></span> <span class='ocrx_word' id='word_1_58' title='bbox 1084 1182 1136 1232; x_wconf 92' lang='lat' dir='ltr'><strong>iu</strong></span> <span class='ocrx_word' id='word_1_59' title='bbox 1191 1175 1501 1231; x_wconf 79' lang='lat' dir='ltr'><strong>cubiculum</strong></span> <span class='ocrx_word' id='word_1_60' title='bbox 1573 1181 1749 1233; x_wconf 85' lang='lat' dir='ltr'><strong>tuum,</strong></span> <span class='ocrx_word' id='word_1_61' title='bbox 1781 1178 1841 1222; x_wconf 85' lang='lat' dir='ltr'><strong>ut</strong></span> 
     </span>
    </p>
   </div>
   <div class='ocr_carea' id='block_1_11' title="bbox 259 1261 1842 1337">
    <p class='ocr_par' dir='ltr' id='par_1_11' title="bbox 259 1261 1842 1337">
     <span class='ocr_line' id='line_1_11' title="bbox 259 1261 1842 1337; baseline -0.015 -1"><span class='ocrx_word' id='word_1_62' title='bbox 259 1284 572 1337; x_wconf 83' lang='lat' dir='ltr'><strong>introdueat</strong></span> <span class='ocrx_word' id='word_1_63' title='bbox 624 1288 674 1331; x_wconf 89' lang='lat' dir='ltr'><strong>te</strong></span> <span class='ocrx_word' id='word_1_64' title='bbox 706 1293 799 1331; x_wconf 66' lang='lat' dir='ltr'><strong>res</strong></span> <span class='ocrx_word' id='word_1_65' title='bbox 847 1276 902 1328; x_wconf 91' lang='lat' dir='ltr'><strong>in</strong></span> <span class='ocrx_word' id='word_1_66' title='bbox 959 1286 1140 1326; x_wconf 89' lang='lat' dir='ltr'><strong>suum.</strong></span> <span class='ocrx_word' id='word_1_67' title='bbox 1178 1269 1325 1322; x_wconf 88' lang='lat' dir='ltr'><strong>Hauc</strong></span> <span class='ocrx_word' id='word_1_68' title='bbox 1352 1266 1554 1320; x_wconf 88' lang='lat' dir='ltr'><strong>dudum</strong></span> <span class='ocrx_word' id='word_1_69' title='bbox 1614 1261 1842 1316; x_wconf 83' lang='lat' dir='ltr'><strong>ﬂoribus</strong></span> 
     </span>
    </p>
   </div>
   <div class='ocr_carea' id='block_1_12' title="bbox 259 1361 1846 1426">
    <p class='ocr_par' dir='ltr' id='par_1_12' title="bbox 259 1361 1846 1426">
     <span class='ocr_line' id='line_1_12' title="bbox 259 1361 1846 1426; baseline -0.014 0"><span class='ocrx_word' id='word_1_70' title='bbox 259 1375 338 1426; x_wconf 89' lang='lat' dir='ltr'><strong>tui</strong></span> <span class='ocrx_word' id='word_1_71' title='bbox 366 1373 514 1424; x_wconf 84' lang='lat' dir='ltr'><strong>veris</strong></span> <span class='ocrx_word' id='word_1_72' title='bbox 535 1366 827 1422; x_wconf 86' lang='lat' dir='ltr'><strong>subarasti.</strong></span> <span class='ocrx_word' id='word_1_73' title='bbox 856 1365 982 1416; x_wconf 59' lang='lat' dir='ltr'><strong>Htec</strong></span> <span class='ocrx_word' id='word_1_74' title='bbox 1017 1364 1071 1414; x_wconf 90' lang='lat' dir='ltr'><strong>in</strong></span> <span class='ocrx_word' id='word_1_75' title='bbox 1122 1369 1281 1412; x_wconf 59' lang='lat' dir='ltr'><strong>aetate</strong></span> <span class='ocrx_word' id='word_1_76' title='bbox 1319 1368 1413 1410; x_wconf 92' lang='lat' dir='ltr'><strong>tua</strong></span> <span class='ocrx_word' id='word_1_77' title='bbox 1464 1361 1749 1424; x_wconf 79' lang='lat' dir='ltr'><strong>exspectat</strong></span> <span class='ocrx_word' id='word_1_78' title='bbox 1785 1361 1846 1404; x_wconf 91' lang='lat' dir='ltr'><strong>ut</strong></span> 
     </span>
    </p>
   </div>
   <div class='ocr_carea' id='block_1_13' title="bbox 263 1444 1841 1525">
    <p class='ocr_par' dir='ltr' id='par_1_13' title="bbox 263 1444 1841 1525">
     <span class='ocr_line' id='line_1_13' title="bbox 263 1444 1841 1525; baseline -0.015 -7"><span class='ocrx_word' id='word_1_79' title='bbox 263 1465 431 1518; x_wconf 77' lang='lat' dir='ltr'><strong>iacias</strong></span> <span class='ocrx_word' id='word_1_80' title='bbox 453 1475 616 1514; x_wconf 88' lang='lat' dir='ltr'><strong>uvam</strong></span> <span class='ocrx_word' id='word_1_81' title='bbox 647 1475 664 1525; x_wconf 84' lang='lat'><strong>;</strong></span> <span class='ocrx_word' id='word_1_82' title='bbox 699 1459 751 1510; x_wconf 91' lang='lat' dir='ltr'><strong>in</strong></span> <span class='ocrx_word' id='word_1_83' title='bbox 773 1456 934 1524; x_wconf 80' lang='lat' dir='ltr'><strong>hujus</strong></span> <span class='ocrx_word' id='word_1_84' title='bbox 968 1453 1246 1522; x_wconf 87' lang='lat' dir='ltr'><strong>injuriam,</strong></span> <span class='ocrx_word' id='word_1_85' title='bbox 1277 1466 1382 1503; x_wconf 93' lang='lat' dir='ltr'><strong>non</strong></span> <span class='ocrx_word' id='word_1_86' title='bbox 1425 1453 1590 1502; x_wconf 83' lang='lat' dir='ltr'><strong>ducas</strong></span> <span class='ocrx_word' id='word_1_87' title='bbox 1657 1444 1841 1508; x_wconf 86' lang='lat' dir='ltr'><strong>aliam,</strong></span> 
     </span>
    </p>
   </div>
   <div class='ocr_carea' id='block_1_14' title="bbox 265 1538 1843 1618">
    <p class='ocr_par' dir='ltr' id='par_1_14' title="bbox 265 1538 1843 1618">
     <span class='ocr_line' id='line_1_14' title="bbox 265 1538 1843 1618; baseline -0.014 -7"><span class='ocrx_word' id='word_1_88' title='bbox 265 1573 336 1612; x_wconf 86' lang='lat' dir='ltr'><strong>ne</strong></span> <span class='ocrx_word' id='word_1_89' title='bbox 357 1557 585 1616; x_wconf 80' lang='lat' dir='ltr'><strong>iaciens,</strong></span> <span class='ocrx_word' id='word_1_90' title='bbox 610 1555 662 1606; x_wconf 91' lang='lat' dir='ltr'><strong>in</strong></span> <span class='ocrx_word' id='word_1_91' title='bbox 679 1563 926 1618; x_wconf 88' lang='lat' dir='ltr'><strong>tempore</strong></span> <span class='ocrx_word' id='word_1_92' title='bbox 953 1549 1240 1600; x_wconf 74' lang='lat' dir='ltr'><strong>vindemia:</strong></span> <span class='ocrx_word' id='word_1_93' title='bbox 1271 1544 1526 1598; x_wconf 87' lang='lat' dir='ltr'><strong>labrusca</strong></span> <span class='ocrx_word' id='word_1_94' title='bbox 1585 1538 1843 1592; x_wconf 87' lang='lat' dir='ltr'><strong>invenia—</strong></span> 
     </span>
    </p>
   </div>
   <div class='ocr_carea' id='block_1_15' title="bbox 265 1629 1842 1713">
    <p class='ocr_par' dir='ltr' id='par_1_15' title="bbox 265 1629 1842 1713">
     <span class='ocr_line' id='line_1_15' title="bbox 265 1629 1842 1713; baseline -0.013 -10"><span class='ocrx_word' id='word_1_95' title='bbox 265 1651 363 1703; x_wconf 86' lang='lat' dir='ltr'><strong>ris.</strong></span> <span class='ocrx_word' id='word_1_96' title='bbox 396 1649 540 1702; x_wconf 66' lang='lat' dir='ltr'><strong>Nolo</strong></span> <span class='ocrx_word' id='word_1_97' title='bbox 573 1659 624 1700; x_wconf 89' lang='lat' dir='ltr'><strong>te</strong></span> <span class='ocrx_word' id='word_1_98' title='bbox 654 1659 912 1713; x_wconf 72' lang='lat' dir='ltr'><strong>spoasutn</strong></span> <span class='ocrx_word' id='word_1_99' title='bbox 947 1639 1174 1694; x_wconf 85' lang='lat' dir='ltr'><strong>Veneris</strong></span> <span class='ocrx_word' id='word_1_100' title='bbox 1237 1635 1376 1698; x_wconf 78' lang='lat' dir='ltr'><strong>ﬁeri,</strong></span> <span class='ocrx_word' id='word_1_101' title='bbox 1427 1633 1522 1688; x_wconf 91' lang='lat' dir='ltr'><strong>sed</strong></span> <span class='ocrx_word' id='word_1_102' title='bbox 1583 1629 1842 1686; x_wconf 79' lang='lat' dir='ltr'><strong>Palladis.</strong></span> 
     </span>
    </p>
   </div>
   <div class='ocr_carea' id='block_1_16' title="bbox 269 1727 1850 1807">
    <p class='ocr_par' dir='ltr' id='par_1_16' title="bbox 269 1727 1850 1807">
     <span class='ocr_line' id='line_1_16' title="bbox 269 1727 1850 1807; baseline -0.011 -15"><span class='ocrx_word' id='word_1_103' title='bbox 269 1739 394 1792; x_wconf 62' lang='lat' dir='ltr'><strong>Il&#39;ec</strong></span> <span class='ocrx_word' id='word_1_104' title='bbox 427 1753 629 1807; x_wconf 84' lang='lat' dir='ltr'><strong>sponsa</strong></span> <span class='ocrx_word' id='word_1_105' title='bbox 654 1744 708 1789; x_wconf 87' lang='lat' dir='ltr'><strong>te</strong></span> <span class='ocrx_word' id='word_1_106' title='bbox 728 1736 916 1787; x_wconf 89' lang='lat' dir='ltr'><strong>induet</strong></span> <span class='ocrx_word' id='word_1_107' title='bbox 939 1731 1231 1784; x_wconf 86' lang='lat' dir='ltr'><strong>monilibus</strong></span> <span class='ocrx_word' id='word_1_108' title='bbox 1261 1727 1514 1796; x_wconf 83' lang='lat' dir='ltr'><strong>pretiosis</strong></span> <span class='ocrx_word' id='word_1_109' title='bbox 1563 1734 1620 1777; x_wconf 87' lang='lat' dir='ltr'><strong>et</strong></span> <span class='ocrx_word' id='word_1_110' title='bbox 1683 1736 1850 1777; x_wconf 87' lang='lat' dir='ltr'><strong>orna-</strong></span> 
     </span>
    </p>
   </div>
   <div class='ocr_carea' id='block_1_17' title="bbox 1017 352 2745 438">
    <p class='ocr_par' dir='ltr' id='par_1_17' title="bbox 1017 352 2745 438">
     <span class='ocr_line' id='line_1_17' title="bbox 1017 352 2745 438; baseline -0.016 1"><span class='ocrx_word' id='word_1_111' title='bbox 1017 374 1387 438; x_wconf 72' lang='lat' dir='ltr'><strong>EPISTOLA</strong></span> <span class='ocrx_word' id='word_1_112' title='bbox 1431 366 1716 430; x_wconf 77' lang='lat' dir='ltr'><strong>XXXVII</strong></span> <span class='ocrx_word' id='word_1_113' title='bbox 1789 363 1886 423; x_wconf 82' lang='lat' dir='ltr'><strong>DE</strong></span> <span class='ocrx_word' id='word_1_114' title='bbox 1924 359 2255 421; x_wconf 76' lang='lat' dir='ltr'><strong>ORIGINE</strong></span> <span class='ocrx_word' id='word_1_115' title='bbox 2294 352 2745 417; x_wconf 70' lang='lat' dir='ltr'><strong>ANIMARUM.</strong></span> 
     </span>
    </p>
   </div>
   <div class='ocr_carea' id='block_1_18' title="bbox 3403 344 3511 407">
    <p class='ocr_par' dir='ltr' id='par_1_18' title="bbox 3403 344 3511 407">
     <span class='ocr_line' id='line_1_18' title="bbox 3403 344 3511 407; baseline 0.009 -1"><span class='ocrx_word' id='word_1_116' title='bbox 3403 344 3511 407; x_wconf 53' lang='grc' dir='ltr'><strong>πο</strong></span> 
     </span>
    </p>
   </div>
   <div class='ocr_carea' id='block_1_19' title="bbox 2400 459 3036 524">
    <p class='ocr_par' dir='ltr' id='par_1_19' title="bbox 2400 459 3036 524">
     <span class='ocr_line' id='line_1_19' title="bbox 2400 459 3036 524; baseline -0.017 -2"><span class='ocrx_word' id='word_1_117' title='bbox 2400 464 2736 522; x_wconf 74' lang='lat' dir='ltr'><strong>EPISTOLA</strong></span> <span class='ocrx_word' id='word_1_118' title='bbox 2769 459 3036 524; x_wconf 70' lang='lat' dir='ltr'><strong>XXXVII,</strong></span> 
     </span>
    </p>
   </div>
   <div class='ocr_carea' id='block_1_20' title="bbox 2379 648 3052 723">
    <p class='ocr_par' dir='ltr' id='par_1_20' title="bbox 2379 648 3052 723">
     <span class='ocr_line' id='line_1_20' title="bbox 2379 648 3052 723; baseline -0.01 -15"><span class='ocrx_word' id='word_1_119' title='bbox 2379 655 2457 708; x_wconf 82' lang='lat' dir='ltr'><strong>De</strong></span> <span class='ocrx_word' id='word_1_120' title='bbox 2489 653 2689 723; x_wconf 77' lang='lat' dir='ltr'><strong>origine</strong></span> <span class='ocrx_word' id='word_1_121' title='bbox 2722 648 3052 703; x_wconf 81' lang='lat' dir='ltr'><strong>animarum.</strong></span> 
     </span>
    </p>
   </div>
   <div class='ocr_carea' id='block_1_21' title="bbox 2001 739 3520 818">
    <p class='ocr_par' dir='ltr' id='par_1_21' title="bbox 2001 739 3520 818">
     <span class='ocr_line' id='line_1_21' title="bbox 2001 739 3520 818; baseline -0.007 -14"><span class='ocrx_word' id='word_1_122' title='bbox 2001 752 2055 808; x_wconf 87' lang='lat' dir='ltr'><strong>&#39;I.</strong></span> <span class='ocrx_word' id='word_1_123' title='bbox 2089 751 2224 805; x_wconf 90' lang='lat' dir='ltr'><strong>Cum</strong></span> <span class='ocrx_word' id='word_1_124' title='bbox 2257 748 2397 818; x_wconf 83' lang='lat' dir='ltr'><strong>apud</strong></span> <span class='ocrx_word' id='word_1_125' title='bbox 2436 762 2532 800; x_wconf 91' lang='lat' dir='ltr'><strong>vos</strong></span> <span class='ocrx_word' id='word_1_126' title='bbox 2600 745 2844 799; x_wconf 62' lang='lat' dir='ltr'><strong>catlcstis</strong></span> <span class='ocrx_word' id='word_1_127' title='bbox 2875 741 3200 810; x_wconf 76' lang='lat' dir='ltr'><strong>eloquentiae</strong></span> <span class='ocrx_word' id='word_1_128' title='bbox 3235 739 3520 808; x_wconf 83' lang='lat' dir='ltr'><strong>purissimi</strong></span> 
     </span>
    </p>
   </div>
   <div class='ocr_carea' id='block_1_22' title="bbox 1943 833 3520 908">
    <p class='ocr_par' dir='ltr' id='par_1_22' title="bbox 1943 833 3520 908">
     <span class='ocr_line' id='line_1_22' title="bbox 1943 833 3520 908; baseline -0.008 -10"><span class='ocrx_word' id='word_1_129' title='bbox 1943 845 2144 908; x_wconf 79' lang='lat' dir='ltr'><strong>fontes,</strong></span> <span class='ocrx_word' id='word_1_130' title='bbox 2184 852 2238 896; x_wconf 85' lang='lat' dir='ltr'><strong>et</strong></span> <span class='ocrx_word' id='word_1_131' title='bbox 2277 841 2576 894; x_wconf 88' lang='lat' dir='ltr'><strong>litterarmn</strong></span> <span class='ocrx_word' id='word_1_132' title='bbox 2622 836 2866 889; x_wconf 88' lang='lat' dir='ltr'><strong>omnium</strong></span> <span class='ocrx_word' id='word_1_133' title='bbox 2913 833 3111 886; x_wconf 73' lang='grc' dir='ltr'>ῦιιριιιτι</span> <span class='ocrx_word' id='word_1_134' title='bbox 3162 834 3465 886; x_wconf 79' lang='lat' dir='ltr'><strong>redundent</strong></span> <span class='ocrx_word' id='word_1_135' title='bbox 3507 850 3520 893; x_wconf 90' lang='lat'><strong>;</strong></span> 
     </span>
    </p>
   </div>
   <div class='ocr_carea' id='block_1_23' title="bbox 1944 929 3525 991">
    <p class='ocr_par' dir='ltr' id='par_1_23' title="bbox 1944 929 3525 991">
     <span class='ocr_line' id='line_1_23' title="bbox 1944 929 3525 991; baseline -0.007 0"><span class='ocrx_word' id='word_1_136' title='bbox 1944 952 2006 991; x_wconf 90' lang='lat' dir='ltr'><strong>ac</strong></span> <span class='ocrx_word' id='word_1_137' title='bbox 2033 936 2202 990; x_wconf 90' lang='lat' dir='ltr'><strong>solida</strong></span> <span class='ocrx_word' id='word_1_138' title='bbox 2230 933 2529 988; x_wconf 88' lang='lat' dir='ltr'><strong>secundum</strong></span> <span class='ocrx_word' id='word_1_139' title='bbox 2582 929 2843 984; x_wconf 85' lang='lat' dir='ltr'><strong>verticem</strong></span> <span class='ocrx_word' id='word_1_140' title='bbox 2871 929 3102 990; x_wconf 79' lang='lat' dir='ltr'><strong>sanitas,</strong></span> <span class='ocrx_word' id='word_1_141' title='bbox 3155 937 3336 980; x_wconf 86' lang='lat' dir='ltr'><strong>vestra</strong></span> <span class='ocrx_word' id='word_1_142' title='bbox 3391 941 3525 980; x_wconf 90' lang='lat' dir='ltr'><strong>cun-</strong></span> 
     </span>
    </p>
   </div>
   <div class='ocr_carea' id='block_1_24' title="bbox 1945 1021 3527 1088">
    <p class='ocr_par' dir='ltr' id='par_1_24' title="bbox 1945 1021 3527 1088">
     <span class='ocr_line' id='line_1_24' title="bbox 1945 1021 3527 1088; baseline -0.008 -4"><span class='ocrx_word' id='word_1_143' title='bbox 1945 1040 2028 1084; x_wconf 90' lang='lat' dir='ltr'><strong>cta</strong></span> <span class='ocrx_word' id='word_1_144' title='bbox 2087 1030 2243 1080; x_wconf 86' lang='lat' dir='ltr'><strong>lirtno</strong></span> <span class='ocrx_word' id='word_1_145' title='bbox 2276 1036 2418 1079; x_wconf 89' lang='lat' dir='ltr'><strong>statu</strong></span> <span class='ocrx_word' id='word_1_146' title='bbox 2448 1025 2693 1077; x_wconf 86' lang='lat' dir='ltr'><strong>membra</strong></span> <span class='ocrx_word' id='word_1_147' title='bbox 2734 1023 3013 1074; x_wconf 84' lang='lat' dir='ltr'><strong>contineat</strong></span> <span class='ocrx_word' id='word_1_148' title='bbox 3046 1036 3060 1072; x_wconf 91' lang='lat'><strong>:</strong></span> <span class='ocrx_word' id='word_1_149' title='bbox 3097 1021 3265 1072; x_wconf 89' lang='lat' dir='ltr'><strong>miror</strong></span> <span class='ocrx_word' id='word_1_150' title='bbox 3304 1029 3527 1088; x_wconf 90' lang='lat' dir='ltr'><strong>stupore</strong></span> 
     </span>
    </p>
   </div>
   <div class='ocr_carea' id='block_1_25' title="bbox 1948 1109 3528 1178">
    <p class='ocr_par' dir='ltr' id='par_1_25' title="bbox 1948 1109 3528 1178">
     <span class='ocr_line' id='line_1_25' title="bbox 1948 1109 3528 1178; baseline -0.008 -4"><span class='ocrx_word' id='word_1_151' title='bbox 1948 1121 2150 1174; x_wconf 88' lang='lat' dir='ltr'><strong>mentis</strong></span> <span class='ocrx_word' id='word_1_152' title='bbox 2199 1117 2490 1178; x_wconf 83' lang='lat' dir='ltr'><strong>attonitus,</strong></span> <span class='ocrx_word' id='word_1_153' title='bbox 2525 1129 2623 1167; x_wconf 89' lang='lat' dir='ltr'><strong>cur</strong></span> <span class='ocrx_word' id='word_1_154' title='bbox 2684 1111 3025 1165; x_wconf 83' lang='lat' dir='ltr'><strong>stillicidium</strong></span> <span class='ocrx_word' id='word_1_155' title='bbox 3070 1110 3305 1164; x_wconf 87' lang='lat' dir='ltr'><strong>insulani</strong></span> <span class='ocrx_word' id='word_1_156' title='bbox 3365 1109 3528 1163; x_wconf 89' lang='lat' dir='ltr'><strong>rivuli</strong></span> 
     </span>
    </p>
   </div>
   <div class='ocr_carea' id='block_1_26' title="bbox 1948 1204 3528 1281">
    <p class='ocr_par' dir='ltr' id='par_1_26' title="bbox 1948 1204 3528 1281">
     <span class='ocr_line' id='line_1_26' title="bbox 1948 1204 3528 1281; baseline -0.006 -16"><span class='ocrx_word' id='word_1_157' title='bbox 1948 1210 2248 1281; x_wconf 77' lang='lat' dir='ltr'><strong>dignemini</strong></span> <span class='ocrx_word' id='word_1_158' title='bbox 2279 1208 2518 1271; x_wconf 84' lang='lat' dir='ltr'><strong>haurire,</strong></span> <span class='ocrx_word' id='word_1_159' title='bbox 2552 1207 2757 1258; x_wconf 88' lang='lat' dir='ltr'><strong>nitores</strong></span> <span class='ocrx_word' id='word_1_160' title='bbox 2786 1204 3034 1272; x_wconf 88' lang='lat' dir='ltr'><strong>corporis</strong></span> <span class='ocrx_word' id='word_1_161' title='bbox 3065 1204 3277 1257; x_wconf 89' lang='lat' dir='ltr'><strong>inlirma</strong></span> <span class='ocrx_word' id='word_1_162' title='bbox 3307 1205 3528 1257; x_wconf 89' lang='lat' dir='ltr'><strong>meden-</strong></span> 
     </span>
    </p>
   </div>
   <div class='ocr_carea' id='block_1_27' title="bbox 1951 1294 3526 1370">
    <p class='ocr_par' dir='ltr' id='par_1_27' title="bbox 1951 1294 3526 1370">
     <span class='ocr_line' id='line_1_27' title="bbox 1951 1294 3526 1370; baseline -0.005 -14"><span class='ocrx_word' id='word_1_163' title='bbox 1951 1315 2056 1358; x_wconf 84' lang='lat' dir='ltr'><strong>tes.</strong></span> <span class='ocrx_word' id='word_1_164' title='bbox 2108 1300 2278 1370; x_wconf 82' lang='lat' dir='ltr'><strong>Magis</strong></span> <span class='ocrx_word' id='word_1_165' title='bbox 2329 1313 2458 1368; x_wconf 85' lang='lat' dir='ltr'><strong>ergo</strong></span> <span class='ocrx_word' id='word_1_166' title='bbox 2497 1307 2615 1366; x_wconf 80' lang='lat' dir='ltr'><strong>quae</strong></span> <span class='ocrx_word' id='word_1_167' title='bbox 2643 1298 2708 1350; x_wconf 86' lang='lat' dir='ltr'><strong>de</strong></span> <span class='ocrx_word' id='word_1_168' title='bbox 2743 1295 3063 1350; x_wconf 67' lang='lat' dir='ltr'><strong>Graecorum</strong></span> <span class='ocrx_word' id='word_1_169' title='bbox 3113 1298 3356 1348; x_wconf 86' lang='lat' dir='ltr'><strong>mutuavi</strong></span> <span class='ocrx_word' id='word_1_170' title='bbox 3407 1294 3526 1350; x_wconf 79' lang='lat' dir='ltr'><strong>fon-</strong></span> 
     </span>
    </p>
   </div>
   <div class='ocr_carea' id='block_1_28' title="bbox 1954 1384 3530 1460">
    <p class='ocr_par' dir='ltr' id='par_1_28' title="bbox 1954 1384 3530 1460">
     <span class='ocr_line' id='line_1_28' title="bbox 1954 1384 3530 1460; baseline -0.007 -10"><span class='ocrx_word' id='word_1_171' title='bbox 1954 1397 2122 1460; x_wconf 85' lang='lat' dir='ltr'><strong>tibus,</strong></span> <span class='ocrx_word' id='word_1_172' title='bbox 2151 1393 2465 1447; x_wconf 77' lang='lat' dir='ltr'><strong>sitientibus</strong></span> <span class='ocrx_word' id='word_1_173' title='bbox 2493 1388 2766 1459; x_wconf 76' lang='lat' dir='ltr'><strong>proferam</strong></span> <span class='ocrx_word' id='word_1_174' title='bbox 2809 1384 2832 1458; x_wconf 94' lang='lat'>[</span> <span class='ocrx_word' id='word_1_175' title='bbox 2859 1389 2942 1440; x_wconf 82' lang='lat' dir='ltr'><strong>At.</strong></span> <span class='ocrx_word' id='word_1_176' title='bbox 2978 1385 3334 1457; x_wconf 65' lang='lat' dir='ltr'><strong>praeferam],</strong></span> <span class='ocrx_word' id='word_1_177' title='bbox 3368 1398 3530 1456; x_wconf 88' lang='lat' dir='ltr'><strong>atque</strong></span> 
     </span>
    </p>
   </div>
   <div class='ocr_carea' id='block_1_29' title="bbox 1951 1477 3530 1548">
    <p class='ocr_par' dir='ltr' id='par_1_29' title="bbox 1951 1477 3530 1548">
     <span class='ocr_line' id='line_1_29' title="bbox 1951 1477 3530 1548; baseline -0.004 -8"><span class='ocrx_word' id='word_1_178' title='bbox 1951 1485 2270 1540; x_wconf 85' lang='lat' dir='ltr'><strong>Latinorum</strong></span> <span class='ocrx_word' id='word_1_179' title='bbox 2323 1483 2515 1536; x_wconf 80' lang='lat' dir='ltr'><strong>latices</strong></span> <span class='ocrx_word' id='word_1_180' title='bbox 2569 1477 2986 1548; x_wconf 87' lang='lat' dir='ltr'><strong>limpidissimos</strong></span> <span class='ocrx_word' id='word_1_181' title='bbox 3042 1479 3108 1532; x_wconf 91' lang='lat' dir='ltr'><strong>ad</strong></span> <span class='ocrx_word' id='word_1_182' title='bbox 3138 1481 3307 1535; x_wconf 88' lang='lat' dir='ltr'><strong>vestri</strong></span> <span class='ocrx_word' id='word_1_183' title='bbox 3343 1480 3530 1534; x_wconf 78' lang='lat' dir='ltr'><strong>cordis</strong></span> 
     </span>
    </p>
   </div>
   <div class='ocr_carea' id='block_1_30' title="bbox 1953 1576 2520 1645">
    <p class='ocr_par' dir='ltr' id='par_1_30' title="bbox 1953 1576 2520 1645">
     <span class='ocr_line' id='line_1_30' title="bbox 1953 1576 2520 1645; baseline -0.009 -13"><span class='ocrx_word' id='word_1_184' title='bbox 1953 1587 2169 1633; x_wconf 87' lang='lat' dir='ltr'><strong>secreta</strong></span> <span class='ocrx_word' id='word_1_185' title='bbox 2199 1576 2520 1645; x_wconf 83' lang='lat' dir='ltr'><strong>perducam.</strong></span> 
     </span>
    </p>
   </div>
   <div class='ocr_carea' id='block_1_31' title="bbox 2027 1708 3537 1784">
    <p class='ocr_par' dir='ltr' id='par_1_31' title="bbox 2027 1708 3537 1784">
     <span class='ocr_line' id='line_1_31' title="bbox 2027 1708 3537 1784; baseline -0.004 -17"><span class='ocrx_word' id='word_1_186' title='bbox 2027 1714 2092 1768; x_wconf 91' lang='lat' dir='ltr'><strong>II.</strong></span> <span class='ocrx_word' id='word_1_187' title='bbox 2122 1715 2387 1784; x_wconf 88' lang='lat' dir='ltr'><strong>Origenes</strong></span> <span class='ocrx_word' id='word_1_188' title='bbox 2417 1711 2611 1780; x_wconf 86' lang='lat' dir='ltr'><strong>’igitur</strong></span> <span class='ocrx_word' id='word_1_189' title='bbox 2655 1713 2746 1781; x_wconf 91' lang='lat' dir='ltr'><strong>qui</strong></span> <span class='ocrx_word' id='word_1_190' title='bbox 2781 1709 2990 1766; x_wconf 89' lang='lat' dir='ltr'><strong>nullum</strong></span> <span class='ocrx_word' id='word_1_191' title='bbox 3057 1710 3280 1780; x_wconf 81' lang='lat' dir='ltr'><strong>preprie</strong></span> <span class='ocrx_word' id='word_1_192' title='bbox 3317 1710 3384 1764; x_wconf 91' lang='lat' dir='ltr'><strong>de</strong></span> <span class='ocrx_word' id='word_1_193' title='bbox 3413 1708 3537 1762; x_wconf 87' lang='lat' dir='ltr'><strong>ani-</strong></span> 
     </span>
    </p>
   </div>
   <div class='ocr_carea' id='block_1_32' title="bbox 273 1803 3540 1893">
    <p class='ocr_par' dir='ltr' id='par_1_32' title="bbox 273 1803 3540 1893">
     <span class='ocr_line' id='line_1_32' title="bbox 273 1803 3540 1893; baseline -0.01 -6"><span class='ocrx_word' id='word_1_194' title='bbox 273 1839 350 1888; x_wconf 86' lang='lat' dir='ltr'><strong>bit</strong></span> <span class='ocrx_word' id='word_1_195' title='bbox 377 1851 390 1885; x_wconf 93' lang='lat'><strong>:</strong></span> <span class='ocrx_word' id='word_1_196' title='bbox 417 1803 531 1886; x_wconf 67' lang='lat' dir='ltr'><strong>han:</strong></span> <span class='ocrx_word' id='word_1_197' title='bbox 565 1831 821 1884; x_wconf 88' lang='lat' dir='ltr'><strong>teinduet</strong></span> <span class='ocrx_word' id='word_1_198' title='bbox 847 1837 996 1881; x_wconf 86' lang='lat' dir='ltr'><strong>veste</strong></span> <span class='ocrx_word' id='word_1_199' title='bbox 1044 1823 1294 1893; x_wconf 77' lang='lat' dir='ltr'><strong>nuptiali.</strong></span> <span class='ocrx_word' id='word_1_200' title='bbox 1346 1821 1436 1874; x_wconf 68' lang='lat' dir='ltr'><strong>Hae</strong></span> <span class='ocrx_word' id='word_1_201' title='bbox 1478 1817 1679 1886; x_wconf 62' lang='lat' dir='ltr'><strong>nuptias</strong></span> <span class='ocrx_word' id='word_1_202' title='bbox 1728 1814 1847 1884; x_wconf 87' lang='lat' dir='ltr'><strong>glo-</strong></span> <span class='ocrx_word' id='word_1_203' title='bbox 1880 1829 1924 1886; x_wconf 73' lang='grc' dir='ltr'><em>Β</em></span> <span class='ocrx_word' id='word_1_204' title='bbox 1959 1823 2046 1862; x_wconf 75' lang='lat' dir='ltr'><strong>ma</strong></span> <span class='ocrx_word' id='word_1_205' title='bbox 2086 1807 2256 1859; x_wconf 81' lang='lat' dir='ltr'><strong>edidit</strong></span> <span class='ocrx_word' id='word_1_206' title='bbox 2304 1804 2525 1866; x_wconf 83' lang='lat' dir='ltr'><strong>librum,</strong></span> <span class='ocrx_word' id='word_1_207' title='bbox 2581 1804 2638 1856; x_wconf 84' lang='lat' dir='ltr'><strong>in</strong></span> <span class='ocrx_word' id='word_1_208' title='bbox 2670 1803 2918 1872; x_wconf 78' lang='lat' dir='ltr'><strong>catalogo</strong></span> <span class='ocrx_word' id='word_1_209' title='bbox 2957 1803 3360 1858; x_wconf 79' lang='lat' dir='ltr'><strong>ecclesiasticae</strong></span> <span class='ocrx_word' id='word_1_210' title='bbox 3400 1815 3540 1872; x_wconf 70' lang='lat' dir='ltr'><strong>prte-</strong></span> 
     </span>
    </p>
   </div>
   <div class='ocr_carea' id='block_1_33' title="bbox 275 1909 1850 1989">
    <p class='ocr_par' dir='ltr' id='par_1_33' title="bbox 275 1909 1850 1989">
     <span class='ocr_line' id='line_1_33' title="bbox 275 1909 1850 1989; baseline -0.013 -8"><span class='ocrx_word' id='word_1_211' title='bbox 275 1927 557 1981; x_wconf 85' lang='lat' dir='ltr'><strong>riabuntur</strong></span> <span class='ocrx_word' id='word_1_212' title='bbox 606 1921 854 1989; x_wconf 79' lang='lat' dir='ltr'><strong>Apolline</strong></span> <span class='ocrx_word' id='word_1_213' title='bbox 917 1919 1290 1987; x_wconf 84' lang='lat' dir='ltr'><strong>paranymplto</strong></span> <span class='ocrx_word' id='word_1_214' title='bbox 1332 1917 1567 1970; x_wconf 88' lang='lat' dir='ltr'><strong>:barum</strong></span> <span class='ocrx_word' id='word_1_215' title='bbox 1611 1909 1850 1964; x_wconf 82' lang='lat' dir='ltr'><strong>Fescen-</strong></span> 
     </span>
    </p>
   </div>
   <div class='ocr_carea' id='block_1_34' title="bbox 277 2004 1848 2074">
    <p class='ocr_par' dir='ltr' id='par_1_34' title="bbox 277 2004 1848 2074">
     <span class='ocr_line' id='line_1_34' title="bbox 277 2004 1848 2074; baseline -0.012 -1"><span class='ocrx_word' id='word_1_216' title='bbox 277 2021 402 2074; x_wconf 87' lang='lat' dir='ltr'><strong>nina</strong></span> <span class='ocrx_word' id='word_1_217' title='bbox 437 2017 656 2072; x_wconf 84' lang='lat' dir='ltr'><strong>decebit</strong></span> <span class='ocrx_word' id='word_1_218' title='bbox 713 2013 907 2068; x_wconf 90' lang='lat' dir='ltr'><strong>cedros</strong></span> <span class='ocrx_word' id='word_1_219' title='bbox 965 2011 1182 2066; x_wconf 86' lang='lat' dir='ltr'><strong>Libani.</strong></span> <span class='ocrx_word' id='word_1_220' title='bbox 1241 2008 1450 2063; x_wconf 88' lang='lat' dir='ltr'><strong>Stilbon</strong></span> <span class='ocrx_word' id='word_1_221' title='bbox 1513 2004 1848 2066; x_wconf 70' lang='lat' dir='ltr'><strong>uxoratus‘,</strong></span> 
     </span>
    </p>
   </div>
   <div class='ocr_carea' id='block_1_35' title="bbox 280 2094 1854 2178">
    <p class='ocr_par' dir='ltr' id='par_1_35' title="bbox 280 2094 1854 2178">
     <span class='ocr_line' id='line_1_35' title="bbox 280 2094 1854 2178; baseline -0.011 -16"><span class='ocrx_word' id='word_1_222' title='bbox 280 2125 428 2178; x_wconf 84' lang='lat' dir='ltr'><strong>spem</strong></span> <span class='ocrx_word' id='word_1_223' title='bbox 471 2107 636 2174; x_wconf 82' lang='lat' dir='ltr'><strong>hujus</strong></span> <span class='ocrx_word' id='word_1_224' title='bbox 673 2114 778 2158; x_wconf 84' lang='lat' dir='ltr'><strong>tant</strong></span> <span class='ocrx_word' id='word_1_225' title='bbox 849 2101 1178 2154; x_wconf 67' lang='lat' dir='ltr'><strong>desiderata:</strong></span> <span class='ocrx_word' id='word_1_226' title='bbox 1235 2096 1599 2152; x_wconf 81' lang='lat' dir='ltr'><strong>solemnitalis</strong></span> <span class='ocrx_word' id='word_1_227' title='bbox 1657 2094 1854 2146; x_wconf 80' lang='lat' dir='ltr'><strong>devote</strong></span> 
     </span>
    </p>
   </div>
   <div class='ocr_carea' id='block_1_36' title="bbox 281 2185 1854 2266">
    <p class='ocr_par' dir='ltr' id='par_1_36' title="bbox 281 2185 1854 2266">
     <span class='ocr_line' id='line_1_36' title="bbox 281 2185 1854 2266; baseline -0.012 -10"><span class='ocrx_word' id='word_1_228' title='bbox 281 2195 706 2266; x_wconf 85' lang='lat' dir='ltr'><strong>concepit:sed</strong></span> <span class='ocrx_word' id='word_1_229' title='bbox 736 2195 791 2248; x_wconf 90' lang='lat' dir='ltr'><strong>in</strong></span> <span class='ocrx_word' id='word_1_230' title='bbox 847 2196 1064 2260; x_wconf 87' lang='lat' dir='ltr'><strong>timore,</strong></span> <span class='ocrx_word' id='word_1_231' title='bbox 1117 2206 1282 2245; x_wconf 83' lang='lat' dir='ltr'><strong>causa</strong></span> <span class='ocrx_word' id='word_1_232' title='bbox 1344 2188 1503 2257; x_wconf 85' lang='lat' dir='ltr'><strong>hujus</strong></span> <span class='ocrx_word' id='word_1_233' title='bbox 1570 2195 1675 2239; x_wconf 88' lang='lat' dir='ltr'><strong>tota</strong></span> <span class='ocrx_word' id='word_1_234' title='bbox 1739 2185 1854 2239; x_wconf 69' lang='lat' dir='ltr'><strong>haec</strong></span> 
     </span>
    </p>
   </div>
   <div class='ocr_carea' id='block_1_37' title="bbox 283 2290 753 2345">
    <p class='ocr_par' dir='ltr' id='par_1_37' title="bbox 283 2290 753 2345">
     <span class='ocr_line' id='line_1_37' title="bbox 283 2290 753 2345; baseline -0.009 0"><span class='ocrx_word' id='word_1_235' title='bbox 283 2293 442 2345; x_wconf 89' lang='lat' dir='ltr'><strong>lectio</strong></span> <span class='ocrx_word' id='word_1_236' title='bbox 475 2290 618 2344; x_wconf 84' lang='lat' dir='ltr'><strong>facta</strong></span> <span class='ocrx_word' id='word_1_237' title='bbox 648 2297 753 2342; x_wconf 88' lang='lat' dir='ltr'><strong>est.</strong></span> 
     </span>
    </p>
   </div>
   <div class='ocr_carea' id='block_1_38' title="bbox 355 2415 1861 2482">
    <p class='ocr_par' dir='ltr' id='par_1_38' title="bbox 355 2415 1861 2482">
     <span class='ocr_line' id='line_1_38' title="bbox 355 2415 1861 2482; baseline -0.007 -4"><span class='ocrx_word' id='word_1_238' title='bbox 355 2423 549 2478; x_wconf 75' lang='lat' dir='ltr'><strong>XXIX.</strong></span> <span class='ocrx_word' id='word_1_239' title='bbox 577 2425 654 2476; x_wconf 81' lang='lat' dir='ltr'><strong>Ad</strong></span> <span class='ocrx_word' id='word_1_240' title='bbox 691 2425 831 2477; x_wconf 91' lang='lat' dir='ltr'><strong>hunc</strong></span> <span class='ocrx_word' id='word_1_241' title='bbox 849 2421 1008 2476; x_wconf 78' lang='lat' dir='ltr'><strong>linem</strong></span> <span class='ocrx_word' id='word_1_242' title='bbox 1031 2420 1300 2474; x_wconf 64' lang='lat' dir='ltr'><strong>luculenta</strong></span> <span class='ocrx_word' id='word_1_243' title='bbox 1327 2427 1434 2470; x_wconf 89' lang='lat' dir='ltr'><strong>tota</strong></span> <span class='ocrx_word' id='word_1_244' title='bbox 1459 2415 1575 2468; x_wconf 72' lang='lat' dir='ltr'><strong>hanc</strong></span> <span class='ocrx_word' id='word_1_245' title='bbox 1599 2421 1861 2482; x_wconf 82' lang='lat' dir='ltr'><strong>properat</strong></span> 
     </span>
    </p>
   </div>
   <div class='ocr_carea' id='block_1_39' title="bbox 284 2511 1862 2584">
    <p class='ocr_par' dir='ltr' id='par_1_39' title="bbox 284 2511 1862 2584">
     <span class='ocr_line' id='line_1_39' title="bbox 284 2511 1862 2584; baseline -0.012 -10"><span class='ocrx_word' id='word_1_246' title='bbox 284 2533 476 2574; x_wconf 71' lang='lat' dir='ltr'><strong>oratio.</strong></span> <span class='ocrx_word' id='word_1_247' title='bbox 511 2517 610 2569; x_wconf 83' lang='lat' dir='ltr'><strong>Hic</strong></span> <span class='ocrx_word' id='word_1_248' title='bbox 645 2517 789 2584; x_wconf 89' lang='lat' dir='ltr'><strong>rigor</strong></span> <span class='ocrx_word' id='word_1_249' title='bbox 814 2515 973 2578; x_wconf 82' lang='lat' dir='ltr'><strong>liuius</strong></span> <span class='ocrx_word' id='word_1_250' title='bbox 995 2511 1374 2572; x_wconf 78' lang='lat' dir='ltr'><strong>dissuasiouis,</strong></span> <span class='ocrx_word' id='word_1_251' title='bbox 1398 2511 1484 2561; x_wconf 92' lang='lat' dir='ltr'><strong>hic</strong></span> <span class='ocrx_word' id='word_1_252' title='bbox 1505 2515 1652 2559; x_wconf 89' lang='lat' dir='ltr'><strong>totus</strong></span> <span class='ocrx_word' id='word_1_253' title='bbox 1675 2521 1862 2557; x_wconf 84' lang='lat' dir='ltr'><strong>arma-</strong></span> 
     </span>
    </p>
   </div>
   <div class='ocr_carea' id='block_1_40' title="bbox 293 2599 1859 2676">
    <p class='ocr_par' dir='ltr' id='par_1_40' title="bbox 293 2599 1859 2676">
     <span class='ocr_line' id='line_1_40' title="bbox 293 2599 1859 2676; baseline -0.008 -14"><span class='ocrx_word' id='word_1_254' title='bbox 293 2623 398 2672; x_wconf 90' lang='lat' dir='ltr'><strong>tur,</strong></span> <span class='ocrx_word' id='word_1_255' title='bbox 426 2609 580 2676; x_wconf 82' lang='lat' dir='ltr'><strong>cujus</strong></span> <span class='ocrx_word' id='word_1_256' title='bbox 604 2609 770 2660; x_wconf 91' lang='lat' dir='ltr'><strong>multo</strong></span> <span class='ocrx_word' id='word_1_257' title='bbox 798 2605 1023 2673; x_wconf 72' lang='lat' dir='ltr'><strong>chalybe</strong></span> <span class='ocrx_word' id='word_1_258' title='bbox 1055 2604 1393 2672; x_wconf 72' lang='lat' dir='ltr'><strong>prteduratos</strong></span> <span class='ocrx_word' id='word_1_259' title='bbox 1414 2601 1585 2654; x_wconf 89' lang='lat' dir='ltr'><strong>sentis</strong></span> <span class='ocrx_word' id='word_1_260' title='bbox 1619 2599 1859 2651; x_wconf 79' lang='lat' dir='ltr'><strong>aculeos.</strong></span> 
     </span>
    </p>
   </div>
   <div class='ocr_carea' id='block_1_41' title="bbox 293 2686 1864 2764">
    <p class='ocr_par' dir='ltr' id='par_1_41' title="bbox 293 2686 1864 2764">
     <span class='ocr_line' id='line_1_41' title="bbox 293 2686 1864 2764; baseline -0.01 -9"><span class='ocrx_word' id='word_1_261' title='bbox 293 2705 434 2755; x_wconf 82' lang='lat' dir='ltr'><strong>Dura</strong></span> <span class='ocrx_word' id='word_1_262' title='bbox 466 2710 550 2754; x_wconf 76' lang='lat' dir='ltr'><strong>est</strong></span> <span class='ocrx_word' id='word_1_263' title='bbox 584 2713 776 2751; x_wconf 88' lang='lat' dir='ltr'><strong>manus</strong></span> <span class='ocrx_word' id='word_1_264' title='bbox 829 2696 1142 2764; x_wconf 75' lang='lat' dir='ltr'><strong>chirurgici,</strong></span> <span class='ocrx_word' id='word_1_265' title='bbox 1192 2694 1284 2746; x_wconf 69' lang='grc' dir='ltr'><strong>ενι]</strong></span> <span class='ocrx_word' id='word_1_266' title='bbox 1322 2707 1547 2746; x_wconf 80' lang='lat' dir='ltr'><strong>sanatis.</strong></span> <span class='ocrx_word' id='word_1_267' title='bbox 1584 2686 1756 2740; x_wconf 86' lang='lat' dir='ltr'><strong>Durus</strong></span> <span class='ocrx_word' id='word_1_268' title='bbox 1781 2698 1864 2742; x_wconf 83' lang='lat' dir='ltr'><strong>est</strong></span> 
     </span>
    </p>
   </div>
   <div class='ocr_carea' id='block_1_42' title="bbox 293 2783 1863 2857">
    <p class='ocr_par' dir='ltr' id='par_1_42' title="bbox 293 2783 1863 2857">
     <span class='ocr_line' id='line_1_42' title="bbox 293 2783 1863 2857; baseline -0.011 -9"><span class='ocrx_word' id='word_1_269' title='bbox 293 2798 380 2849; x_wconf 89' lang='lat' dir='ltr'><strong>hic</strong></span> <span class='ocrx_word' id='word_1_270' title='bbox 403 2808 608 2857; x_wconf 80' lang='lat' dir='ltr'><strong>sermo,</strong></span> <span class='ocrx_word' id='word_1_271' title='bbox 645 2790 739 2844; x_wconf 86' lang='lat' dir='ltr'><strong>sed</strong></span> <span class='ocrx_word' id='word_1_272' title='bbox 761 2804 948 2842; x_wconf 87' lang='lat' dir='ltr'><strong>sanus.</strong></span> <span class='ocrx_word' id='word_1_273' title='bbox 975 2787 1077 2843; x_wconf 90' lang='lat' dir='ltr'><strong>Sed</strong></span> <span class='ocrx_word' id='word_1_274' title='bbox 1109 2789 1317 2840; x_wconf 87' lang='lat' dir='ltr'><strong>utinam</strong></span> <span class='ocrx_word' id='word_1_275' title='bbox 1366 2799 1472 2837; x_wconf 87' lang='lat' dir='ltr'><strong>tam</strong></span> <span class='ocrx_word' id='word_1_276' title='bbox 1506 2783 1653 2836; x_wconf 90' lang='lat' dir='ltr'><strong>utilis</strong></span> <span class='ocrx_word' id='word_1_277' title='bbox 1702 2796 1863 2849; x_wconf 85' lang='lat' dir='ltr'><strong>quam</strong></span> 
     </span>
    </p>
   </div>
   <div class='ocr_carea' id='block_1_43' title="bbox 294 2874 1866 2946">
    <p class='ocr_par' dir='ltr' id='par_1_43' title="bbox 294 2874 1866 2946">
     <span class='ocr_line' id='line_1_43' title="bbox 294 2874 1866 2946; baseline -0.009 -4"><span class='ocrx_word' id='word_1_278' title='bbox 294 2891 542 2942; x_wconf 88' lang='lat' dir='ltr'><strong>devottts.</strong></span> <span class='ocrx_word' id='word_1_279' title='bbox 583 2888 796 2946; x_wconf 84' lang='lat' dir='ltr'><strong>Amice.</strong></span> <span class='ocrx_word' id='word_1_280' title='bbox 830 2896 1033 2938; x_wconf 82' lang='lat' dir='ltr'><strong>arctam</strong></span> <span class='ocrx_word' id='word_1_281' title='bbox 1065 2883 1182 2946; x_wconf 90' lang='lat' dir='ltr'><strong>tibi,</strong></span> <span class='ocrx_word' id='word_1_282' title='bbox 1222 2891 1276 2933; x_wconf 90' lang='lat' dir='ltr'><strong>ut</strong></span> <span class='ocrx_word' id='word_1_283' title='bbox 1301 2881 1401 2942; x_wconf 84' lang='lat' dir='ltr'><strong>ais,</strong></span> <span class='ocrx_word' id='word_1_284' title='bbox 1437 2878 1618 2940; x_wconf 71' lang='lat' dir='ltr'><strong>iulligo</strong></span> <span class='ocrx_word' id='word_1_285' title='bbox 1650 2874 1866 2928; x_wconf 81' lang='lat' dir='ltr'><strong>vivendi</strong></span> 
     </span>
    </p>
   </div>
   <div class='ocr_carea' id='block_1_44' title="bbox 299 2968 1872 3051">
    <p class='ocr_par' dir='ltr' id='par_1_44' title="bbox 299 2968 1872 3051">
     <span class='ocr_line' id='line_1_44' title="bbox 299 2968 1872 3051; baseline -0.008 -18"><span class='ocrx_word' id='word_1_286' title='bbox 299 2981 568 3051; x_wconf 83' lang='lat' dir='ltr'><strong>regulam;</strong></span> <span class='ocrx_word' id='word_1_287' title='bbox 610 2992 745 3032; x_wconf 86' lang='lat' dir='ltr'><strong>esto.</strong></span> <span class='ocrx_word' id='word_1_288' title='bbox 781 2979 873 3031; x_wconf 72' lang='lat' dir='ltr'><strong>list</strong></span> <span class='ocrx_word' id='word_1_289' title='bbox 900 2977 1041 3031; x_wconf 89' lang='lat' dir='ltr'><strong>enim</strong></span> <span class='ocrx_word' id='word_1_290' title='bbox 1068 2989 1213 3028; x_wconf 88' lang='lat' dir='ltr'><strong>arcta</strong></span> <span class='ocrx_word' id='word_1_291' title='bbox 1253 2975 1332 3025; x_wconf 84' lang='lat' dir='ltr'><strong>via</strong></span> <span class='ocrx_word' id='word_1_292' title='bbox 1363 2988 1481 3041; x_wconf 82' lang='lat' dir='ltr'><strong>qua:</strong></span> <span class='ocrx_word' id='word_1_293' title='bbox 1512 2971 1656 3024; x_wconf 84' lang='lat' dir='ltr'><strong>ducit</strong></span> <span class='ocrx_word' id='word_1_294' title='bbox 1683 2968 1748 3022; x_wconf 84' lang='lat' dir='ltr'><strong>ad</strong></span> <span class='ocrx_word' id='word_1_295' title='bbox 1790 2969 1872 3020; x_wconf 84' lang='lat' dir='ltr'><strong>vi-</strong></span> 
     </span>
    </p>
   </div>
   <div class='ocr_carea' id='block_1_45' title="bbox 299 3061 1874 3136">
    <p class='ocr_par' dir='ltr' id='par_1_45' title="bbox 299 3061 1874 3136">
     <span class='ocr_line' id='line_1_45' title="bbox 299 3061 1874 3136; baseline -0.008 -10"><span class='ocrx_word' id='word_1_296' title='bbox 299 3086 405 3126; x_wconf 89' lang='lat' dir='ltr'><strong>tam</strong></span> <span class='ocrx_word' id='word_1_297' title='bbox 445 3092 457 3126; x_wconf 92' lang='lat'><strong>:</strong></span> <span class='ocrx_word' id='word_1_298' title='bbox 495 3089 594 3125; x_wconf 87' lang='lat' dir='ltr'><strong>nec</strong></span> <span class='ocrx_word' id='word_1_299' title='bbox 617 3083 701 3125; x_wconf 90' lang='lat' dir='ltr'><strong>est</strong></span> <span class='ocrx_word' id='word_1_300' title='bbox 733 3072 924 3124; x_wconf 84' lang='lat' dir='ltr'><strong>semita</strong></span> <span class='ocrx_word' id='word_1_301' title='bbox 949 3069 1128 3136; x_wconf 83' lang='lat' dir='ltr'><strong>plana,</strong></span> <span class='ocrx_word' id='word_1_302' title='bbox 1165 3083 1270 3135; x_wconf 85' lang='lat' dir='ltr'><strong>qua</strong></span> <span class='ocrx_word' id='word_1_303' title='bbox 1306 3066 1414 3118; x_wconf 89' lang='lat' dir='ltr'><strong>itur</strong></span> <span class='ocrx_word' id='word_1_304' title='bbox 1442 3063 1508 3116; x_wconf 89' lang='lat' dir='ltr'><strong>ad</strong></span> <span class='ocrx_word' id='word_1_305' title='bbox 1534 3063 1726 3131; x_wconf 86' lang='lat' dir='ltr'><strong>gaudia</strong></span> <span class='ocrx_word' id='word_1_306' title='bbox 1760 3061 1874 3129; x_wconf 89' lang='lat' dir='ltr'><strong>ple-</strong></span> 
     </span>
    </p>
   </div>
   <div class='ocr_carea' id='block_1_46' title="bbox 297 3151 1863 3225">
    <p class='ocr_par' dir='ltr' id='par_1_46' title="bbox 297 3151 1863 3225">
     <span class='ocr_line' id='line_1_46' title="bbox 297 3151 1863 3225; baseline -0.011 -4"><span class='ocrx_word' id='word_1_307' title='bbox 297 3183 366 3221; x_wconf 83' lang='lat' dir='ltr'><strong>na</strong></span> <span class='ocrx_word' id='word_1_308' title='bbox 422 3181 438 3220; x_wconf 90' lang='lat'><strong>:</strong></span> <span class='ocrx_word' id='word_1_309' title='bbox 490 3168 599 3216; x_wconf 90' lang='lat' dir='ltr'><strong>imo</strong></span> <span class='ocrx_word' id='word_1_310' title='bbox 633 3166 795 3216; x_wconf 81' lang='lat' dir='ltr'><strong>etiam</strong></span> <span class='ocrx_word' id='word_1_311' title='bbox 827 3162 896 3214; x_wconf 87' lang='lat' dir='ltr'><strong>ad</strong></span> <span class='ocrx_word' id='word_1_312' title='bbox 923 3159 1220 3212; x_wconf 80' lang='lat' dir='ltr'><strong>mediocria</strong></span> <span class='ocrx_word' id='word_1_313' title='bbox 1277 3173 1371 3225; x_wconf 88' lang='lat' dir='ltr'><strong>per</strong></span> <span class='ocrx_word' id='word_1_314' title='bbox 1397 3155 1644 3208; x_wconf 87' lang='lat' dir='ltr'><strong>salebras</strong></span> <span class='ocrx_word' id='word_1_315' title='bbox 1676 3151 1863 3204; x_wconf 85' lang='lat' dir='ltr'><strong>evadi-</strong></span> 
     </span>
    </p>
   </div>
   <div class='ocr_carea' id='block_1_47' title="bbox 299 3247 1864 3320">
    <p class='ocr_par' dir='ltr' id='par_1_47' title="bbox 299 3247 1864 3320">
     <span class='ocr_line' id='line_1_47' title="bbox 299 3247 1864 3320; baseline -0.01 -10"><span class='ocrx_word' id='word_1_316' title='bbox 299 3275 442 3310; x_wconf 87' lang='lat' dir='ltr'><strong>mus.</strong></span> <span class='ocrx_word' id='word_1_317' title='bbox 462 3256 682 3306; x_wconf 82' lang='lat' dir='ltr'><strong>Amlivit</strong></span> <span class='ocrx_word' id='word_1_318' title='bbox 710 3251 898 3316; x_wconf 86' lang='lat' dir='ltr'><strong>.Iason,</strong></span> <span class='ocrx_word' id='word_1_319' title='bbox 923 3251 1066 3320; x_wconf 91' lang='lat' dir='ltr'><strong>quod</strong></span> <span class='ocrx_word' id='word_1_320' title='bbox 1091 3266 1186 3316; x_wconf 88' lang='lat' dir='ltr'><strong>per</strong></span> <span class='ocrx_word' id='word_1_321' title='bbox 1209 3263 1356 3301; x_wconf 84' lang='lat' dir='ltr'><strong>mare</strong></span> <span class='ocrx_word' id='word_1_322' title='bbox 1375 3247 1553 3298; x_wconf 86' lang='lat' dir='ltr'><strong>adhuc</strong></span> <span class='ocrx_word' id='word_1_323' title='bbox 1576 3247 1864 3307; x_wconf 89' lang='lat' dir='ltr'><strong>intactum,</strong></span> 
     </span>
    </p>
   </div>
   <div class='ocr_carea' id='block_1_48' title="bbox 299 3338 1873 3413">
    <p class='ocr_par' dir='ltr' id='par_1_48' title="bbox 299 3338 1873 3413">
     <span class='ocr_line' id='line_1_48' title="bbox 299 3338 1873 3413; baseline -0.01 -11"><span class='ocrx_word' id='word_1_324' title='bbox 299 3364 402 3402; x_wconf 87' lang='lat' dir='ltr'><strong>nec</strong></span> <span class='ocrx_word' id='word_1_325' title='bbox 445 3347 573 3399; x_wconf 80' lang='lat' dir='ltr'><strong>ullis</strong></span> <span class='ocrx_word' id='word_1_326' title='bbox 607 3346 1001 3413; x_wconf 78' lang='lat' dir='ltr'><strong>devirgiuatum</strong></span> <span class='ocrx_word' id='word_1_327' title='bbox 1036 3342 1244 3394; x_wconf 87' lang='lat' dir='ltr'><strong>ratibus</strong></span> <span class='ocrx_word' id='word_1_328' title='bbox 1298 3347 1389 3390; x_wconf 90' lang='lat' dir='ltr'><strong>aut</strong></span> <span class='ocrx_word' id='word_1_329' title='bbox 1422 3338 1611 3400; x_wconf 89' lang='lat' dir='ltr'><strong>remis,</strong></span> <span class='ocrx_word' id='word_1_330' title='bbox 1659 3343 1715 3388; x_wconf 90' lang='lat' dir='ltr'><strong>et</strong></span> <span class='ocrx_word' id='word_1_331' title='bbox 1775 3349 1873 3404; x_wconf 90' lang='lat' dir='ltr'><strong>per</strong></span> 
     </span>
    </p>
   </div>
   <div class='ocr_carea' id='block_1_49' title="bbox 305 3429 1874 3503">
    <p class='ocr_par' dir='ltr' id='par_1_49' title="bbox 305 3429 1874 3503">
     <span class='ocr_line' id='line_1_49' title="bbox 305 3429 1874 3503; baseline -0.01 -10"><span class='ocrx_word' id='word_1_332' title='bbox 305 3451 492 3493; x_wconf 82' lang='lat' dir='ltr'><strong>taurus</strong></span> <span class='ocrx_word' id='word_1_333' title='bbox 519 3447 572 3490; x_wconf 79' lang='lat' dir='ltr'><strong>t-t</strong></span> <span class='ocrx_word' id='word_1_334' title='bbox 603 3437 926 3499; x_wconf 82' lang='lat' dir='ltr'><strong>sulphureos</strong></span> <span class='ocrx_word' id='word_1_335' title='bbox 964 3437 1140 3503; x_wconf 82' lang='lat' dir='ltr'><strong>ignes,</strong></span> <span class='ocrx_word' id='word_1_336' title='bbox 1170 3443 1223 3485; x_wconf 92' lang='lat' dir='ltr'><strong>et</strong></span> <span class='ocrx_word' id='word_1_337' title='bbox 1265 3447 1361 3498; x_wconf 88' lang='lat' dir='ltr'><strong>per</strong></span> <span class='ocrx_word' id='word_1_338' title='bbox 1392 3429 1614 3483; x_wconf 77' lang='lat' dir='ltr'><strong>toxicati</strong></span> <span class='ocrx_word' id='word_1_339' title='bbox 1647 3443 1874 3494; x_wconf 87' lang='lat' dir='ltr'><strong>serpen-</strong></span> 
     </span>
    </p>
   </div>
   <div class='ocr_carea' id='block_1_50' title="bbox 306 3522 1870 3598">
    <p class='ocr_par' dir='ltr' id='par_1_50' title="bbox 306 3522 1870 3598">
     <span class='ocr_line' id='line_1_50' title="bbox 306 3522 1870 3598; baseline -0.011 -12"><span class='ocrx_word' id='word_1_340' title='bbox 306 3535 375 3586; x_wconf 92' lang='lat' dir='ltr'><strong>tis</strong></span> <span class='ocrx_word' id='word_1_341' title='bbox 413 3531 620 3598; x_wconf 74' lang='lat' dir='ltr'><strong>vigilias</strong></span> <span class='ocrx_word' id='word_1_342' title='bbox 654 3529 757 3582; x_wconf 86' lang='lat' dir='ltr'><strong>sibi</strong></span> <span class='ocrx_word' id='word_1_343' title='bbox 794 3528 1044 3580; x_wconf 86' lang='lat' dir='ltr'><strong>viandum</strong></span> <span class='ocrx_word' id='word_1_344' title='bbox 1097 3534 1242 3578; x_wconf 83' lang='lat' dir='ltr'><strong>esset</strong></span> <span class='ocrx_word' id='word_1_345' title='bbox 1272 3523 1337 3575; x_wconf 86' lang='lat' dir='ltr'><strong>ad</strong></span> <span class='ocrx_word' id='word_1_346' title='bbox 1370 3522 1542 3574; x_wconf 87' lang='lat' dir='ltr'><strong>vellus</strong></span> <span class='ocrx_word' id='word_1_347' title='bbox 1597 3533 1818 3572; x_wconf 89' lang='lat' dir='ltr'><strong>aureum</strong></span> <span class='ocrx_word' id='word_1_348' title='bbox 1854 3534 1870 3583; x_wconf 90' lang='lat'><strong>;</strong></span> 
     </span>
    </p>
   </div>
   <div class='ocr_carea' id='block_1_51' title="bbox 302 3612 1876 3684">
    <p class='ocr_par' dir='ltr' id='par_1_51' title="bbox 302 3612 1876 3684">
     <span class='ocr_line' id='line_1_51' title="bbox 302 3612 1876 3684; baseline -0.011 -5"><span class='ocrx_word' id='word_1_349' title='bbox 302 3640 357 3679; x_wconf 88' lang='lat' dir='ltr'><strong>et</strong></span> <span class='ocrx_word' id='word_1_350' title='bbox 385 3639 522 3678; x_wconf 85' lang='lat' dir='ltr'><strong>sano</strong></span> <span class='ocrx_word' id='word_1_351' title='bbox 547 3622 797 3684; x_wconf 88' lang='lat' dir='ltr'><strong>consilio,</strong></span> <span class='ocrx_word' id='word_1_352' title='bbox 849 3621 973 3672; x_wconf 83' lang='lat' dir='ltr'><strong>licet</strong></span> <span class='ocrx_word' id='word_1_353' title='bbox 1013 3633 1120 3670; x_wconf 88' lang='lat' dir='ltr'><strong>non</strong></span> <span class='ocrx_word' id='word_1_354' title='bbox 1153 3617 1304 3668; x_wconf 81' lang='lat' dir='ltr'><strong>suavi</strong></span> <span class='ocrx_word' id='word_1_355' title='bbox 1345 3628 1494 3677; x_wconf 89' lang='lat' dir='ltr'><strong>usus,</strong></span> <span class='ocrx_word' id='word_1_356' title='bbox 1547 3612 1678 3665; x_wconf 89' lang='lat' dir='ltr'><strong>abiit</strong></span> <span class='ocrx_word' id='word_1_357' title='bbox 1709 3621 1759 3663; x_wconf 92' lang='lat' dir='ltr'><strong>et</strong></span> <span class='ocrx_word' id='word_1_358' title='bbox 1791 3626 1876 3662; x_wconf 88' lang='lat' dir='ltr'><strong>re-</strong></span> 
     </span>
    </p>
   </div>
   <div class='ocr_carea' id='block_1_52' title="bbox 303 3703 1876 3779">
    <p class='ocr_par' dir='ltr' id='par_1_52' title="bbox 303 3703 1876 3779">
     <span class='ocr_line' id='line_1_52' title="bbox 303 3703 1876 3779; baseline -0.011 -9"><span class='ocrx_word' id='word_1_359' title='bbox 303 3716 425 3775; x_wconf 87' lang='lat' dir='ltr'><strong>diit,</strong></span> <span class='ocrx_word' id='word_1_360' title='bbox 457 3726 513 3768; x_wconf 90' lang='lat' dir='ltr'><strong>et</strong></span> <span class='ocrx_word' id='word_1_361' title='bbox 560 3714 852 3779; x_wconf 76' lang='lat' dir='ltr'><strong>Optabilem</strong></span> <span class='ocrx_word' id='word_1_362' title='bbox 908 3712 1224 3762; x_wconf 81' lang='lat' dir='ltr'><strong>thesaurum</strong></span> <span class='ocrx_word' id='word_1_363' title='bbox 1280 3705 1512 3758; x_wconf 86' lang='lat' dir='ltr'><strong>retulit:</strong></span> <span class='ocrx_word' id='word_1_364' title='bbox 1551 3704 1631 3756; x_wconf 91' lang='lat' dir='ltr'><strong>sic</strong></span> <span class='ocrx_word' id='word_1_365' title='bbox 1685 3703 1876 3756; x_wconf 87' lang='lat' dir='ltr'><strong>absin-</strong></span> 
     </span>
    </p>
   </div>
   <div class='ocr_carea' id='block_1_53' title="bbox 305 3795 1875 3870">
    <p class='ocr_par' dir='ltr' id='par_1_53' title="bbox 305 3795 1875 3870">
     <span class='ocr_line' id='line_1_53' title="bbox 305 3795 1875 3870; baseline -0.008 -9"><span class='ocrx_word' id='word_1_366' title='bbox 305 3809 476 3861; x_wconf 86' lang='lat' dir='ltr'><strong>thium</strong></span> <span class='ocrx_word' id='word_1_367' title='bbox 515 3805 760 3858; x_wconf 75' lang='lat' dir='ltr'><strong>veritatis</strong></span> <span class='ocrx_word' id='word_1_368' title='bbox 789 3810 1030 3870; x_wconf 80' lang='lat' dir='ltr'><strong>acccptat</strong></span> <span class='ocrx_word' id='word_1_369' title='bbox 1063 3815 1289 3854; x_wconf 81' lang='lat' dir='ltr'><strong>morosa:</strong></span> <span class='ocrx_word' id='word_1_370' title='bbox 1327 3797 1524 3850; x_wconf 87' lang='lat' dir='ltr'><strong>mentis</strong></span> <span class='ocrx_word' id='word_1_371' title='bbox 1568 3795 1875 3860; x_wconf 84' lang='lat' dir='ltr'><strong>humilitas,</strong></span> 
     </span>
    </p>
   </div>
   <div class='ocr_carea' id='block_1_54' title="bbox 303 3887 1879 3956">
    <p class='ocr_par' dir='ltr' id='par_1_54' title="bbox 303 3887 1879 3956">
     <span class='ocr_line' id='line_1_54' title="bbox 303 3887 1879 3956; baseline -0.009 -4"><span class='ocrx_word' id='word_1_372' title='bbox 303 3899 556 3953; x_wconf 78' lang='lat' dir='ltr'><strong>fecundat</strong></span> <span class='ocrx_word' id='word_1_373' title='bbox 613 3896 848 3949; x_wconf 80' lang='lat' dir='ltr'><strong>olIit-iosa</strong></span> <span class='ocrx_word' id='word_1_374' title='bbox 909 3893 1194 3954; x_wconf 72' lang='lat' dir='ltr'><strong>sedulitas,</strong></span> <span class='ocrx_word' id='word_1_375' title='bbox 1242 3893 1295 3944; x_wconf 90' lang='lat' dir='ltr'><strong>in</strong></span> <span class='ocrx_word' id='word_1_376' title='bbox 1350 3887 1879 3956; x_wconf 72' lang='lat' dir='ltr'><strong>fructunrperducit</strong></span> 
     </span>
    </p>
   </div>
   <div class='ocr_carea' id='block_1_55' title="bbox 302 3979 1881 4060">
    <p class='ocr_par' dir='ltr' id='par_1_55' title="bbox 302 3979 1881 4060">
     <span class='ocr_line' id='line_1_55' title="bbox 302 3979 1881 4060; baseline -0.009 -16"><span class='ocrx_word' id='word_1_377' title='bbox 302 3989 729 4060; x_wconf 64' lang='lat' dir='ltr'><strong>perseverantiae</strong></span> <span class='ocrx_word' id='word_1_378' title='bbox 772 3987 996 4039; x_wconf 83' lang='lat' dir='ltr'><strong>utilitas.</strong></span> <span class='ocrx_word' id='word_1_379' title='bbox 1028 3983 1118 4036; x_wconf 54' lang='lat' dir='ltr'><strong>Sic</strong></span> <span class='ocrx_word' id='word_1_380' title='bbox 1152 3991 1448 4036; x_wconf 78' lang='lat' dir='ltr'><strong>Sementem</strong></span> <span class='ocrx_word' id='word_1_381' title='bbox 1482 3979 1636 4045; x_wconf 91' lang='lat' dir='ltr'><strong>serit,</strong></span> <span class='ocrx_word' id='word_1_382' title='bbox 1668 3979 1881 4046; x_wconf 86' lang='lat' dir='ltr'><strong>piucer-</strong></span> 
     </span>
    </p>
   </div>
   <div class='ocr_carea' id='block_1_56' title="bbox 302 4071 1877 4148">
    <p class='ocr_par' dir='ltr' id='par_1_56' title="bbox 302 4071 1877 4148">
     <span class='ocr_line' id='line_1_56' title="bbox 302 4071 1877 4148; baseline -0.009 -12"><span class='ocrx_word' id='word_1_383' title='bbox 302 4098 370 4136; x_wconf 86' lang='lat' dir='ltr'><strong>na</strong></span> <span class='ocrx_word' id='word_1_384' title='bbox 437 4079 741 4148; x_wconf 74' lang='lat' dir='ltr'><strong>plutiarum</strong></span> <span class='ocrx_word' id='word_1_385' title='bbox 798 4080 1013 4130; x_wconf 84' lang='lat' dir='ltr'><strong>Auster.</strong></span> <span class='ocrx_word' id='word_1_386' title='bbox 1070 4073 1388 4130; x_wconf 84' lang='lat' dir='ltr'><strong>Consolidat</strong></span> <span class='ocrx_word' id='word_1_387' title='bbox 1454 4086 1616 4140; x_wconf 91' lang='lat' dir='ltr'><strong>scopa</strong></span> <span class='ocrx_word' id='word_1_388' title='bbox 1666 4071 1877 4123; x_wconf 76' lang='lat' dir='ltr'><strong>viarum</strong></span> 
     </span>
    </p>
   </div>
   <div class='ocr_carea' id='block_1_57' title="bbox 301 4163 1882 4240">
    <p class='ocr_par' dir='ltr' id='par_1_57' title="bbox 301 4163 1882 4240">
     <span class='ocr_line' id='line_1_57' title="bbox 301 4163 1882 4240; baseline -0.006 -16"><span class='ocrx_word' id='word_1_389' title='bbox 301 4173 525 4240; x_wconf 77' lang='lat' dir='ltr'><strong>Aquilo.</strong></span> <span class='ocrx_word' id='word_1_390' title='bbox 561 4170 620 4222; x_wconf 92' lang='lat' dir='ltr'><strong>In</strong></span> <span class='ocrx_word' id='word_1_391' title='bbox 674 4171 976 4221; x_wconf 82' lang='lat' dir='ltr'><strong>ubertatem</strong></span> <span class='ocrx_word' id='word_1_392' title='bbox 1011 4173 1291 4234; x_wconf 89' lang='lat' dir='ltr'><strong>promovet</strong></span> <span class='ocrx_word' id='word_1_393' title='bbox 1317 4163 1510 4216; x_wconf 82' lang='lat' dir='ltr'><strong>ﬂorum</strong></span> <span class='ocrx_word' id='word_1_394' title='bbox 1563 4171 1882 4230; x_wconf 85' lang='lat' dir='ltr'><strong>procreator</strong></span> 
     </span>
    </p>
   </div>
   <div class='ocr_carea' id='block_1_58' title="bbox 305 4255 1879 4331">
    <p class='ocr_par' dir='ltr' id='par_1_58' title="bbox 305 4255 1879 4331">
     <span class='ocr_line' id='line_1_58' title="bbox 305 4255 1879 4331; baseline -0.008 -14"><span class='ocrx_word' id='word_1_395' title='bbox 305 4263 610 4331; x_wconf 70' lang='lat' dir='ltr'><strong>Zephyrus.</strong></span> <span class='ocrx_word' id='word_1_396' title='bbox 668 4260 756 4313; x_wconf 90' lang='lat' dir='ltr'><strong>Sic</strong></span> <span class='ocrx_word' id='word_1_397' title='bbox 806 4261 939 4312; x_wconf 86' lang='lat' dir='ltr'><strong>dura</strong></span> <span class='ocrx_word' id='word_1_398' title='bbox 991 4259 1259 4325; x_wconf 85' lang='lat' dir='ltr'><strong>principia</strong></span> <span class='ocrx_word' id='word_1_399' title='bbox 1315 4255 1457 4309; x_wconf 90' lang='lat' dir='ltr'><strong>dulci</strong></span> <span class='ocrx_word' id='word_1_400' title='bbox 1517 4256 1625 4308; x_wconf 88' lang='lat' dir='ltr'><strong>line</strong></span> <span class='ocrx_word' id='word_1_401' title='bbox 1683 4267 1879 4306; x_wconf 83' lang='lat' dir='ltr'><strong>mune-</strong></span> 
     </span>
    </p>
   </div>
   <div class='ocr_carea' id='block_1_59' title="bbox 307 4347 1881 4417">
    <p class='ocr_par' dir='ltr' id='par_1_59' title="bbox 307 4347 1881 4417">
     <span class='ocr_line' id='line_1_59' title="bbox 307 4347 1881 4417; baseline -0.008 -9"><span class='ocrx_word' id='word_1_402' title='bbox 307 4365 528 4408; x_wconf 84' lang='lat' dir='ltr'><strong>rantur.</strong></span> <span class='ocrx_word' id='word_1_403' title='bbox 569 4352 658 4404; x_wconf 78' lang='lat' dir='ltr'><strong>Sic</strong></span> <span class='ocrx_word' id='word_1_404' title='bbox 689 4363 874 4403; x_wconf 85' lang='lat' dir='ltr'><strong>arctus</strong></span> <span class='ocrx_word' id='word_1_405' title='bbox 898 4350 1050 4404; x_wconf 88' lang='lat' dir='ltr'><strong>callis</strong></span> <span class='ocrx_word' id='word_1_406' title='bbox 1079 4352 1144 4400; x_wconf 88' lang='lat' dir='ltr'><strong>ad</strong></span> <span class='ocrx_word' id='word_1_407' title='bbox 1167 4348 1344 4417; x_wconf 89' lang='lat' dir='ltr'><strong>ampla</strong></span> <span class='ocrx_word' id='word_1_408' title='bbox 1379 4347 1574 4416; x_wconf 86' lang='lat' dir='ltr'><strong>palatia</strong></span> <span class='ocrx_word' id='word_1_409' title='bbox 1595 4347 1881 4415; x_wconf 83' lang='lat' dir='ltr'><strong>perducit;</strong></span> 
     </span>
    </p>
   </div>
   <div class='ocr_carea' id='block_1_60' title="bbox 307 4438 1880 4510">
    <p class='ocr_par' dir='ltr' id='par_1_60' title="bbox 307 4438 1880 4510">
     <span class='ocr_line' id='line_1_60' title="bbox 307 4438 1880 4510; baseline -0.006 -11"><span class='ocrx_word' id='word_1_410' title='bbox 307 4449 389 4500; x_wconf 85' lang='lat' dir='ltr'><strong>sic</strong></span> <span class='ocrx_word' id='word_1_411' title='bbox 453 4454 717 4510; x_wconf 80' lang='lat' dir='ltr'><strong>angustus</strong></span> <span class='ocrx_word' id='word_1_412' title='bbox 757 4455 960 4495; x_wconf 84' lang='lat' dir='ltr'><strong>trames</strong></span> <span class='ocrx_word' id='word_1_413' title='bbox 995 4442 1059 4494; x_wconf 88' lang='lat' dir='ltr'><strong>ad</strong></span> <span class='ocrx_word' id='word_1_414' title='bbox 1101 4451 1302 4492; x_wconf 79' lang='lat' dir='ltr'><strong>terram</strong></span> <span class='ocrx_word' id='word_1_415' title='bbox 1340 4439 1492 4492; x_wconf 87' lang='lat' dir='ltr'><strong>ducit</strong></span> <span class='ocrx_word' id='word_1_416' title='bbox 1560 4438 1880 4492; x_wconf 81' lang='lat' dir='ltr'><strong>viventium.</strong></span> 
     </span>
    </p>
   </div>
   <div class='ocr_carea' id='block_1_61' title="bbox 380 4531 1963 4602">
    <p class='ocr_par' dir='ltr' id='par_1_61' title="bbox 380 4531 1963 4602">
     <span class='ocr_line' id='line_1_61' title="bbox 380 4531 1963 4602; baseline -0.003 -15"><span class='ocrx_word' id='word_1_417' title='bbox 380 4533 556 4588; x_wconf 69' lang='lat' dir='ltr'><strong>XXX.</strong></span> <span class='ocrx_word' id='word_1_418' title='bbox 594 4535 697 4586; x_wconf 83' lang='lat' dir='ltr'><strong>Sed</strong></span> <span class='ocrx_word' id='word_1_419' title='bbox 729 4549 795 4587; x_wconf 90' lang='lat' dir='ltr'><strong>ne</strong></span> <span class='ocrx_word' id='word_1_420' title='bbox 835 4534 996 4602; x_wconf 80' lang='lat' dir='ltr'><strong>latigo</strong></span> <span class='ocrx_word' id='word_1_421' title='bbox 1030 4543 1079 4584; x_wconf 89' lang='lat' dir='ltr'><strong>te</strong></span> <span class='ocrx_word' id='word_1_422' title='bbox 1111 4531 1394 4598; x_wconf 74' lang='lat' dir='ltr'><strong>dispendio</strong></span> <span class='ocrx_word' id='word_1_423' title='bbox 1450 4531 1800 4598; x_wconf 83' lang='lat' dir='ltr'><strong>suspendam,</strong></span> <span class='ocrx_word' id='word_1_424' title='bbox 1828 4537 1887 4582; x_wconf 85' lang='lat' dir='ltr'><strong>ut</strong></span> <span class='ocrx_word' id='word_1_425' title='bbox 1921 4532 1963 4587; x_wconf 91' lang='lat' dir='ltr'><strong>D</strong></span> 
     </span>
    </p>
   </div>
   <div class='ocr_carea' id='block_1_62' title="bbox 308 4621 1884 4694">
    <p class='ocr_par' dir='ltr' id='par_1_62' title="bbox 308 4621 1884 4694">
     <span class='ocr_line' id='line_1_62' title="bbox 308 4621 1884 4694; baseline -0.006 -13"><span class='ocrx_word' id='word_1_426' title='bbox 308 4626 505 4694; x_wconf 83' lang='lat' dir='ltr'><strong>majori</strong></span> <span class='ocrx_word' id='word_1_427' title='bbox 554 4625 861 4678; x_wconf 76' lang='lat' dir='ltr'><strong>testimonio</strong></span> <span class='ocrx_word' id='word_1_428' title='bbox 897 4625 1024 4676; x_wconf 91' lang='lat' dir='ltr'><strong>mihi</strong></span> <span class='ocrx_word' id='word_1_429' title='bbox 1063 4621 1195 4676; x_wconf 78' lang='lat' dir='ltr'><strong>ﬁdes</strong></span> <span class='ocrx_word' id='word_1_430' title='bbox 1231 4623 1599 4676; x_wconf 83' lang='lat' dir='ltr'><strong>adhibeatur:</strong></span> <span class='ocrx_word' id='word_1_431' title='bbox 1638 4621 1754 4690; x_wconf 80' lang='lat' dir='ltr'><strong>lege</strong></span> <span class='ocrx_word' id='word_1_432' title='bbox 1785 4637 1884 4673; x_wconf 84' lang='lat' dir='ltr'><strong>au-</strong></span> 
     </span>
    </p>
   </div>
   <div class='ocr_carea' id='block_1_63' title="bbox 307 4713 1883 4786">
    <p class='ocr_par' dir='ltr' id='par_1_63' title="bbox 307 4713 1883 4786">
     <span class='ocr_line' id='line_1_63' title="bbox 307 4713 1883 4786; baseline -0.004 -12"><span class='ocrx_word' id='word_1_433' title='bbox 307 4721 527 4774; x_wconf 87' lang='lat' dir='ltr'><strong>reolum</strong></span> <span class='ocrx_word' id='word_1_434' title='bbox 565 4717 955 4784; x_wconf 78' lang='lat' dir='ltr'><strong>Theophrasti,</strong></span> <span class='ocrx_word' id='word_1_435' title='bbox 992 4726 1043 4769; x_wconf 90' lang='lat' dir='ltr'><strong>et</strong></span> <span class='ocrx_word' id='word_1_436' title='bbox 1071 4715 1314 4768; x_wconf 74' lang='lat' dir='ltr'><strong>Medeam</strong></span> <span class='ocrx_word' id='word_1_437' title='bbox 1347 4713 1564 4769; x_wconf 84' lang='lat' dir='ltr'><strong>Jasouis</strong></span> <span class='ocrx_word' id='word_1_438' title='bbox 1597 4713 1616 4786; x_wconf 73' lang='lat'><strong>|&#39;</strong></span> <span class='ocrx_word' id='word_1_439' title='bbox 1645 4715 1736 4769; x_wconf 81' lang='grc' dir='ltr'><strong>ΑΙ.</strong></span> <span class='ocrx_word' id='word_1_440' title='bbox 1771 4714 1883 4768; x_wconf 81' lang='lat' dir='ltr'><strong>Na-</strong></span> 
     </span>
    </p>
   </div>
   <div class='ocr_carea' id='block_1_64' title="bbox 307 4805 1885 4878">
    <p class='ocr_par' dir='ltr' id='par_1_64' title="bbox 307 4805 1885 4878">
     <span class='ocr_line' id='line_1_64' title="bbox 307 4805 1885 4878; baseline -0.004 -14"><span class='ocrx_word' id='word_1_441' title='bbox 307 4809 526 4878; x_wconf 73' lang='lat' dir='ltr'><strong>sonis],</strong></span> <span class='ocrx_word' id='word_1_442' title='bbox 560 4819 614 4860; x_wconf 84' lang='lat' dir='ltr'><strong>et</strong></span> <span class='ocrx_word' id='word_1_443' title='bbox 643 4809 726 4860; x_wconf 77' lang='lat' dir='ltr'><strong>vix</strong></span> <span class='ocrx_word' id='word_1_444' title='bbox 762 4823 931 4873; x_wconf 82' lang='lat' dir='ltr'><strong>pauca</strong></span> <span class='ocrx_word' id='word_1_445' title='bbox 971 4808 1214 4860; x_wconf 85' lang='lat' dir='ltr'><strong>invenies</strong></span> <span class='ocrx_word' id='word_1_446' title='bbox 1250 4805 1604 4873; x_wconf 85' lang='lat' dir='ltr'><strong>impossibilia</strong></span> <span class='ocrx_word' id='word_1_447' title='bbox 1645 4805 1885 4858; x_wconf 87' lang='lat' dir='ltr'><strong>mulieri.</strong></span> 
     </span>
    </p>
   </div>
   <div class='ocr_carea' id='block_1_65' title="bbox 310 4893 1888 4964">
    <p class='ocr_par' dir='ltr' id='par_1_65' title="bbox 310 4893 1888 4964">
     <span class='ocr_line' id='line_1_65' title="bbox 310 4893 1888 4964; baseline -0.004 -10"><span class='ocrx_word' id='word_1_448' title='bbox 310 4903 536 4961; x_wconf 68' lang='lat' dir='ltr'><strong>Amice,</strong></span> <span class='ocrx_word' id='word_1_449' title='bbox 573 4902 659 4952; x_wconf 88' lang='lat' dir='ltr'><strong>det</strong></span> <span class='ocrx_word' id='word_1_450' title='bbox 692 4899 787 4952; x_wconf 81' lang='lat' dir='ltr'><strong>tibi</strong></span> <span class='ocrx_word' id='word_1_451' title='bbox 836 4898 980 4951; x_wconf 87' lang='lat' dir='ltr'><strong>Deus</strong></span> <span class='ocrx_word' id='word_1_452' title='bbox 1023 4898 1368 4964; x_wconf 87' lang='lat' dir='ltr'><strong>omnipotens</strong></span> <span class='ocrx_word' id='word_1_453' title='bbox 1401 4895 1615 4949; x_wconf 65' lang='lat' dir='ltr'><strong>feminae</strong></span> <span class='ocrx_word' id='word_1_454' title='bbox 1671 4893 1888 4948; x_wconf 79' lang='lat' dir='ltr'><strong>fallacia</strong></span> 
     </span>
    </p>
   </div>
   <div class='ocr_carea' id='block_1_66' title="bbox 308 4986 1893 5056">
    <p class='ocr_par' dir='ltr' id='par_1_66' title="bbox 308 4986 1893 5056">
     <span class='ocr_line' id='line_1_66' title="bbox 308 4986 1893 5056; baseline -0.005 -8"><span class='ocrx_word' id='word_1_455' title='bbox 308 5011 426 5048; x_wconf 85' lang='lat' dir='ltr'><strong>non</strong></span> <span class='ocrx_word' id='word_1_456' title='bbox 477 4991 588 5044; x_wconf 72' lang='lat' dir='ltr'><strong>falli</strong></span> <span class='ocrx_word' id='word_1_457' title='bbox 621 5005 636 5045; x_wconf 90' lang='lat'><strong>:</strong></span> <span class='ocrx_word' id='word_1_458' title='bbox 673 5002 727 5044; x_wconf 90' lang='lat' dir='ltr'><strong>et</strong></span> <span class='ocrx_word' id='word_1_459' title='bbox 780 4991 1046 5044; x_wconf 89' lang='lat' dir='ltr'><strong>illuminet</strong></span> <span class='ocrx_word' id='word_1_460' title='bbox 1087 5005 1182 5043; x_wconf 92' lang='lat' dir='ltr'><strong>cor</strong></span> <span class='ocrx_word' id='word_1_461' title='bbox 1215 4999 1388 5052; x_wconf 90' lang='lat' dir='ltr'><strong>tuum,</strong></span> <span class='ocrx_word' id='word_1_462' title='bbox 1423 5004 1488 5041; x_wconf 91' lang='lat' dir='ltr'><strong>ne</strong></span> <span class='ocrx_word' id='word_1_463' title='bbox 1546 4986 1893 5056; x_wconf 61' lang='lat' dir='ltr'><strong>praestigiatis</strong></span> 
     </span>
    </p>
   </div>
   <div class='ocr_carea' id='block_1_67' title="bbox 311 5079 1889 5152">
    <p class='ocr_par' dir='ltr' id='par_1_67' title="bbox 311 5079 1889 5152">
     <span class='ocr_line' id='line_1_67' title="bbox 311 5079 1889 5152; baseline -0.006 -13"><span class='ocrx_word' id='word_1_464' title='bbox 311 5085 498 5139; x_wconf 87' lang='lat' dir='ltr'><strong>oculis</strong></span> <span class='ocrx_word' id='word_1_465' title='bbox 554 5084 740 5137; x_wconf 83' lang='lat' dir='ltr'><strong>lendas</strong></span> <span class='ocrx_word' id='word_1_466' title='bbox 776 5099 883 5152; x_wconf 89' lang='lat' dir='ltr'><strong>quo</strong></span> <span class='ocrx_word' id='word_1_467' title='bbox 929 5097 1028 5150; x_wconf 83' lang='lat' dir='ltr'><strong>ego</strong></span> <span class='ocrx_word' id='word_1_468' title='bbox 1084 5084 1270 5135; x_wconf 88' lang='lat' dir='ltr'><strong>timeo.</strong></span> <span class='ocrx_word' id='word_1_469' title='bbox 1328 5079 1432 5134; x_wconf 85' lang='lat' dir='ltr'><strong>Sed</strong></span> <span class='ocrx_word' id='word_1_470' title='bbox 1479 5094 1547 5133; x_wconf 86' lang='lat' dir='ltr'><strong>ne</strong></span> <span class='ocrx_word' id='word_1_471' title='bbox 1599 5079 1831 5133; x_wconf 85' lang='lat' dir='ltr'><strong>Oresten</strong></span> <span class='ocrx_word' id='word_1_472' title='bbox 1869 5079 1889 5109; x_wconf 86' lang='grc'>³</span> 
     </span>
    </p>
   </div>
   <div class='ocr_carea' id='block_1_68' title="bbox 311 5175 1049 5246">
    <p class='ocr_par' dir='ltr' id='par_1_68' title="bbox 311 5175 1049 5246">
     <span class='ocr_line' id='line_1_68' title="bbox 311 5175 1049 5246; baseline -0.003 -12"><span class='ocrx_word' id='word_1_473' title='bbox 311 5177 615 5246; x_wconf 84' lang='lat' dir='ltr'><strong>scripsisse</strong></span> <span class='ocrx_word' id='word_1_474' title='bbox 651 5178 853 5232; x_wconf 83' lang='lat' dir='ltr'><strong>videar.</strong></span> <span class='ocrx_word' id='word_1_475' title='bbox 895 5175 1049 5232; x_wconf 77' lang='lat' dir='ltr'><strong>Vale.</strong></span> 
     </span>
    </p>
   </div>
   <div class='ocr_carea' id='block_1_69' title="bbox 399 5441 1895 5513">
    <p class='ocr_par' dir='ltr' id='par_1_69' title="bbox 399 5441 1895 5513">
     <span class='ocr_line' id='line_1_69' title="bbox 399 5441 1895 5513; baseline -0.003 -15"><span class='ocrx_word' id='word_1_476' title='bbox 399 5447 798 5513; x_wconf 72' lang='lat' dir='ltr'><strong>‘Philosopbus</strong></span> <span class='ocrx_word' id='word_1_477' title='bbox 824 5445 936 5506; x_wconf 85' lang='lat' dir='ltr'><strong>ille,</strong></span> <span class='ocrx_word' id='word_1_478' title='bbox 965 5454 1023 5498; x_wconf 90' lang='lat' dir='ltr'><strong>ut</strong></span> <span class='ocrx_word' id='word_1_479' title='bbox 1048 5445 1281 5504; x_wconf 87' lang='lat' dir='ltr'><strong>videtur,</strong></span> <span class='ocrx_word' id='word_1_480' title='bbox 1312 5443 1426 5512; x_wconf 80' lang='lat' dir='ltr'><strong>qui,</strong></span> <span class='ocrx_word' id='word_1_481' title='bbox 1459 5455 1631 5513; x_wconf 83' lang='lat' dir='ltr'><strong>uxore</strong></span> <span class='ocrx_word' id='word_1_482' title='bbox 1693 5441 1895 5495; x_wconf 86' lang='lat' dir='ltr'><strong>amissa</strong></span> 
     </span>
    </p>
   </div>
   <div class='ocr_carea' id='block_1_70' title="bbox 309 5512 1898 5640">
    <p class='ocr_par' dir='ltr' id='par_1_70' title="bbox 309 5512 1898 5640">
     <span class='ocr_line' id='line_1_70' title="bbox 309 5512 1898 5640; baseline -0.004 -71"><span class='ocrx_word' id='word_1_483' title='bbox 309 5521 622 5640; x_wconf 32' lang='lat' dir='ltr'><strong>caliprris,</strong></span> <span class='ocrx_word' id='word_1_484' title='bbox 656 5512 833 5569; x_wconf 83' lang='lat' dir='ltr'><strong>omnia</strong></span> <span class='ocrx_word' id='word_1_485' title='bbox 893 5527 1020 5568; x_wconf 89' lang='lat' dir='ltr'><strong>tunc</strong></span> <span class='ocrx_word' id='word_1_486' title='bbox 1060 5517 1196 5569; x_wconf 87' lang='lat' dir='ltr'><strong>bona</strong></span> <span class='ocrx_word' id='word_1_487' title='bbox 1225 5517 1364 5582; x_wconf 88' lang='lat' dir='ltr'><strong>apud</strong></span> <span class='ocrx_word' id='word_1_488' title='bbox 1408 5527 1469 5568; x_wconf 87' lang='lat' dir='ltr'><strong>se</strong></span> <span class='ocrx_word' id='word_1_489' title='bbox 1512 5512 1718 5566; x_wconf 85' lang='lat' dir='ltr'><strong>habere</strong></span> <span class='ocrx_word' id='word_1_490' title='bbox 1768 5523 1898 5580; x_wconf 82' lang='lat' dir='ltr'><strong>gra-</strong></span> 
     </span>
     <span class='ocr_line' id='line_1_71' title="bbox 312 5598 625 5640; baseline -0.003 0"><span class='ocrx_word' id='word_1_491' title='bbox 312 5605 374 5640; x_wconf 81' lang='lat' dir='ltr'><strong>ltt</strong></span> <span class='ocrx_word' id='word_1_492' title='bbox 407 5608 438 5638; x_wconf 66' lang='grc' dir='ltr'>ει</span> <span class='ocrx_word' id='word_1_493' title='bbox 487 5598 625 5639; x_wconf 72' lang='grc' dir='ltr'>ιιιυΓ.</span> 
     </span>
    </p>
   </div>
   <div class='ocr_carea' id='block_1_71' title="bbox 309 5605 1896 5785">
    <p class='ocr_par' dir='ltr' id='par_1_71' title="bbox 309 5605 1896 5785">
     <span class='ocr_line' id='line_1_72' title="bbox 410 5606 625 5639; baseline 0.033 -7"><span class='ocrx_word' id='word_1_494' title='bbox 410 5609 422 5616; x_wconf 82' lang='lat'><strong><em>&#39;</em></strong></span> <span class='ocrx_word' id='word_1_495' title='bbox 487 5606 511 5636; x_wconf 70' lang='lat' dir='ltr'><strong>il</strong></span> <span class='ocrx_word' id='word_1_496' title='bbox 611 5627 625 5639; x_wconf 84' lang='lat'><em>.</em></span> 
     </span>
     <span class='ocr_line' id='line_1_73' title="bbox 309 5605 1896 5785; baseline -0.04 0"><span class='ocrx_word' id='word_1_497' title='bbox 309 5605 639 5785; x_wconf 46' lang='lat' dir='ltr'><strong>:&#39;LJY&#39;:l|:irt</strong></span> <span class='ocrx_word' id='word_1_498' title='bbox 685 5666 770 5710; x_wconf 83' lang='lat' dir='ltr'><strong>est</strong></span> <span class='ocrx_word' id='word_1_499' title='bbox 821 5654 988 5708; x_wconf 78' lang='lat' dir='ltr'><strong>allud’i</strong></span> <span class='ocrx_word' id='word_1_500' title='bbox 1045 5653 1112 5707; x_wconf 89' lang='lat' dir='ltr'><strong>ad</strong></span> <span class='ocrx_word' id='word_1_501' title='bbox 1163 5666 1376 5708; x_wconf 84' lang='lat' dir='ltr'><strong>versum</strong></span> <span class='ocrx_word' id='word_1_502' title='bbox 1432 5651 1583 5706; x_wconf 88' lang='lat' dir='ltr'><strong>illum</strong></span> <span class='ocrx_word' id='word_1_503' title='bbox 1645 5647 1896 5704; x_wconf 63' lang='lat' dir='ltr'><strong>Juvenal&#39;</strong></span> 
     </span>
     <span class='ocr_line' id='line_1_74' title="bbox 363 5738 564 5783; baseline 0.015 -1"><span class='ocrx_word' id='word_1_504' title='bbox 363 5738 454 5783; x_wconf 81' lang='grc' dir='ltr'><strong>σι.</strong></span> <span class='ocrx_word' id='word_1_505' title='bbox 549 5741 564 5780; x_wconf 72' lang='grc' dir='ltr'><strong>ἓ</strong></span> 
     </span>
    </p>
   </div>
   <div class='ocr_carea' id='block_1_72' title="bbox 363 5738 564 5783">
    <p class='ocr_par' dir='ltr' id='par_1_72' title="bbox 363 5738 564 5783">
     <span class='ocr_line' id='line_1_75' title="bbox 363 5738 564 5783; baseline -0.015 0"><span class='ocrx_word' id='word_1_506' title='bbox 363 5738 564 5783; x_wconf 80' lang='grc' dir='ltr'>σι.1;</span> 
     </span>
    </p>
   </div>
   <div class='ocr_carea' id='block_1_73' title="bbox 453 5797 1746 5874">
    <p class='ocr_par' dir='ltr' id='par_1_73' title="bbox 453 5797 1746 5874">
     <span class='ocr_line' id='line_1_76' title="bbox 453 5797 1746 5874; baseline 0 -28"><span class='ocrx_word' id='word_1_507' title='bbox 453 5851 478 5874; x_wconf 55' lang='grc' dir='ltr'><strong>ο</strong></span> <span class='ocrx_word' id='word_1_508' title='bbox 515 5803 736 5850; x_wconf 69' lang='lat' dir='ltr'><strong>Scriptus</strong></span> <span class='ocrx_word' id='word_1_509' title='bbox 759 5809 810 5851; x_wconf 80' lang='lat' dir='ltr'><strong>et</strong></span> <span class='ocrx_word' id='word_1_510' title='bbox 834 5803 882 5850; x_wconf 83' lang='lat' dir='ltr'><strong>in</strong></span> <span class='ocrx_word' id='word_1_511' title='bbox 904 5807 1045 5856; x_wconf 72' lang='lat' dir='ltr'><strong>tergo</strong></span> <span class='ocrx_word' id='word_1_512' title='bbox 1070 5801 1276 5853; x_wconf 83' lang='lat' dir='ltr'><strong>necdum</strong></span> <span class='ocrx_word' id='word_1_513' title='bbox 1299 5797 1466 5848; x_wconf 81' lang='lat' dir='ltr'><strong>llnitus</strong></span> <span class='ocrx_word' id='word_1_514' title='bbox 1521 5799 1746 5849; x_wconf 76' lang='lat' dir='ltr'><strong>Orestes.</strong></span> 
     </span>
    </p>
   </div>
   <div class='ocr_carea' id='block_1_74' title="bbox 1960 1894 3540 1959">
    <p class='ocr_par' dir='ltr' id='par_1_74' title="bbox 1960 1894 3540 1959">
     <span class='ocr_line' id='line_1_77' title="bbox 1960 1894 3540 1959; baseline -0.004 -5"><span class='ocrx_word' id='word_1_515' title='bbox 1960 1899 2254 1954; x_wconf 88' lang='lat' dir='ltr'><strong>dicationis</strong></span> <span class='ocrx_word' id='word_1_516' title='bbox 2292 1896 2490 1950; x_wconf 64' lang='lat' dir='ltr'><strong>animae</strong></span> <span class='ocrx_word' id='word_1_517' title='bbox 2519 1894 2731 1950; x_wconf 77' lang='lat' dir='ltr'><strong>faciens</strong></span> <span class='ocrx_word' id='word_1_518' title='bbox 2765 1897 3126 1959; x_wconf 89' lang='lat' dir='ltr'><strong>mentionem,</strong></span> <span class='ocrx_word' id='word_1_519' title='bbox 3159 1897 3275 1950; x_wconf 71' lang='lat' dir='ltr'><strong>haec</strong></span> <span class='ocrx_word' id='word_1_520' title='bbox 3311 1896 3442 1950; x_wconf 84' lang='lat' dir='ltr'><strong>dicit</strong></span> <span class='ocrx_word' id='word_1_521' title='bbox 3471 1897 3493 1928; x_wconf 87' lang='grc'><strong><em>³</em></strong></span> <span class='ocrx_word' id='word_1_522' title='bbox 3525 1911 3540 1948; x_wconf 91' lang='lat'><strong>:</strong></span> 
     </span>
    </p>
   </div>
   <div class='ocr_carea' id='block_1_75' title="bbox 1962 1989 3540 2051">
    <p class='ocr_par' dir='ltr' id='par_1_75' title="bbox 1962 1989 3540 2051">
     <span class='ocr_line' id='line_1_78' title="bbox 1962 1989 3540 2051; baseline -0.003 -6"><span class='ocrx_word' id='word_1_523' title='bbox 1962 1991 2038 2047; x_wconf 88' lang='lat' dir='ltr'><strong>De</strong></span> <span class='ocrx_word' id='word_1_524' title='bbox 2054 1993 2232 2045; x_wconf 89' lang='lat' dir='ltr'><strong>anima</strong></span> <span class='ocrx_word' id='word_1_525' title='bbox 2253 2006 2382 2046; x_wconf 89' lang='lat' dir='ltr'><strong>vero</strong></span> <span class='ocrx_word' id='word_1_526' title='bbox 2405 2000 2583 2045; x_wconf 91' lang='lat' dir='ltr'><strong>utrum</strong></span> <span class='ocrx_word' id='word_1_527' title='bbox 2609 2005 2674 2044; x_wconf 80' lang='lat' dir='ltr'><strong>ex</strong></span> <span class='ocrx_word' id='word_1_528' title='bbox 2695 1989 2920 2045; x_wconf 86' lang='lat' dir='ltr'><strong>seminis</strong></span> <span class='ocrx_word' id='word_1_529' title='bbox 2947 1992 3169 2045; x_wconf 88' lang='lat' dir='ltr'><strong>traduce</strong></span> <span class='ocrx_word' id='word_1_530' title='bbox 3190 1990 3443 2051; x_wconf 86' lang='lat' dir='ltr'><strong>ducatur,</strong></span> <span class='ocrx_word' id='word_1_531' title='bbox 3469 1989 3540 2041; x_wconf 87' lang='lat' dir='ltr'><strong>ita</strong></span> 
     </span>
    </p>
   </div>
   <div class='ocr_carea' id='block_1_76' title="bbox 1965 2082 3542 2152">
    <p class='ocr_par' dir='ltr' id='par_1_76' title="bbox 1965 2082 3542 2152">
     <span class='ocr_line' id='line_1_79' title="bbox 1965 2082 3542 2152; baseline -0.003 -15"><span class='ocrx_word' id='word_1_532' title='bbox 1965 2093 2023 2137; x_wconf 92' lang='lat' dir='ltr'><strong>ut</strong></span> <span class='ocrx_word' id='word_1_533' title='bbox 2058 2084 2199 2136; x_wconf 88' lang='lat' dir='ltr'><strong>ratio</strong></span> <span class='ocrx_word' id='word_1_534' title='bbox 2225 2083 2398 2152; x_wconf 86' lang='lat' dir='ltr'><strong>ipsius</strong></span> <span class='ocrx_word' id='word_1_535' title='bbox 2423 2084 2510 2137; x_wconf 86' lang='lat' dir='ltr'><strong>vel</strong></span> <span class='ocrx_word' id='word_1_536' title='bbox 2543 2083 2848 2138; x_wconf 89' lang='lat' dir='ltr'><strong>substantia</strong></span> <span class='ocrx_word' id='word_1_537' title='bbox 2883 2083 3085 2138; x_wconf 89' lang='lat' dir='ltr'><strong>inserta</strong></span> <span class='ocrx_word' id='word_1_538' title='bbox 3126 2083 3261 2152; x_wconf 88' lang='lat' dir='ltr'><strong>ipsis</strong></span> <span class='ocrx_word' id='word_1_539' title='bbox 3292 2082 3542 2149; x_wconf 80' lang='lat' dir='ltr'><strong>corporis</strong></span> 
     </span>
    </p>
   </div>
   <div class='ocr_carea' id='block_1_77' title="bbox 1965 2173 3546 2238">
    <p class='ocr_par' dir='ltr' id='par_1_77' title="bbox 1965 2173 3546 2238">
     <span class='ocr_line' id='line_1_80' title="bbox 1965 2173 3546 2238; baseline 0 -12"><span class='ocrx_word' id='word_1_540' title='bbox 1965 2173 2266 2226; x_wconf 84' lang='lat' dir='ltr'><strong>seminibus</strong></span> <span class='ocrx_word' id='word_1_541' title='bbox 2286 2174 2568 2238; x_wconf 86' lang='lat' dir='ltr'><strong>habeatur,</strong></span> <span class='ocrx_word' id='word_1_542' title='bbox 2593 2190 2659 2227; x_wconf 89' lang='lat' dir='ltr'><strong>an</strong></span> <span class='ocrx_word' id='word_1_543' title='bbox 2686 2189 2818 2229; x_wconf 89' lang='lat' dir='ltr'><strong>vero</strong></span> <span class='ocrx_word' id='word_1_544' title='bbox 2845 2173 2990 2228; x_wconf 89' lang='lat' dir='ltr'><strong>aliud</strong></span> <span class='ocrx_word' id='word_1_545' title='bbox 3011 2174 3204 2228; x_wconf 87' lang='lat' dir='ltr'><strong>habeat</strong></span> <span class='ocrx_word' id='word_1_546' title='bbox 3223 2174 3463 2236; x_wconf 89' lang='lat' dir='ltr'><strong>initium,</strong></span> <span class='ocrx_word' id='word_1_547' title='bbox 3487 2177 3546 2228; x_wconf 84' lang='lat' dir='ltr'><strong>et</strong></span> 
     </span>
    </p>
   </div>
   <div class='ocr_carea' id='block_1_78' title="bbox 1969 2265 3546 2336">
    <p class='ocr_par' dir='ltr' id='par_1_78' title="bbox 1969 2265 3546 2336">
     <span class='ocr_line' id='line_1_81' title="bbox 1969 2265 3546 2336; baseline -0.001 -17"><span class='ocrx_word' id='word_1_548' title='bbox 1969 2266 2071 2320; x_wconf 86' lang='lat' dir='ltr'><strong>hoc</strong></span> <span class='ocrx_word' id='word_1_549' title='bbox 2098 2271 2273 2333; x_wconf 88' lang='lat' dir='ltr'><strong>ipsum</strong></span> <span class='ocrx_word' id='word_1_550' title='bbox 2302 2267 2346 2321; x_wconf 88' lang='lat' dir='ltr'><strong>si</strong></span> <span class='ocrx_word' id='word_1_551' title='bbox 2370 2267 2612 2336; x_wconf 89' lang='lat' dir='ltr'><strong>genitum</strong></span> <span class='ocrx_word' id='word_1_552' title='bbox 2628 2278 2713 2322; x_wconf 83' lang='lat' dir='ltr'><strong>est</strong></span> <span class='ocrx_word' id='word_1_553' title='bbox 2733 2277 2829 2321; x_wconf 89' lang='lat' dir='ltr'><strong>aut</strong></span> <span class='ocrx_word' id='word_1_554' title='bbox 2849 2282 2960 2321; x_wconf 90' lang='lat' dir='ltr'><strong>non</strong></span> <span class='ocrx_word' id='word_1_555' title='bbox 2991 2267 3256 2336; x_wconf 80' lang='lat' dir='ltr'><strong>genitura,</strong></span> <span class='ocrx_word' id='word_1_556' title='bbox 3285 2265 3370 2319; x_wconf 86' lang='lat' dir='ltr'><strong>vel</strong></span> <span class='ocrx_word' id='word_1_557' title='bbox 3394 2272 3546 2319; x_wconf 86' lang='lat' dir='ltr'><strong>certe</strong></span> 
     </span>
    </p>
   </div>
   <div class='ocr_carea' id='block_1_79' title="bbox 1968 2355 3545 2425">
    <p class='ocr_par' dir='ltr' id='par_1_79' title="bbox 1968 2355 3545 2425">
     <span class='ocr_line' id='line_1_82' title="bbox 1968 2355 3545 2425; baseline 0 -18"><span class='ocrx_word' id='word_1_558' title='bbox 1968 2356 2018 2408; x_wconf 91' lang='lat' dir='ltr'><strong>si</strong></span> <span class='ocrx_word' id='word_1_559' title='bbox 2055 2357 2398 2410; x_wconf 81' lang='lat' dir='ltr'><strong>extrinsecus</strong></span> <span class='ocrx_word' id='word_1_560' title='bbox 2421 2358 2633 2425; x_wconf 88' lang='lat' dir='ltr'><strong>corpori</strong></span> <span class='ocrx_word' id='word_1_561' title='bbox 2665 2357 2891 2424; x_wconf 87' lang='lat' dir='ltr'><strong>inditur,</strong></span> <span class='ocrx_word' id='word_1_562' title='bbox 2919 2369 3105 2423; x_wconf 90' lang='lat' dir='ltr'><strong>necne,</strong></span> <span class='ocrx_word' id='word_1_563' title='bbox 3140 2372 3246 2410; x_wconf 90' lang='lat' dir='ltr'><strong>non</strong></span> <span class='ocrx_word' id='word_1_564' title='bbox 3275 2355 3411 2410; x_wconf 84' lang='lat' dir='ltr'><strong>satis</strong></span> <span class='ocrx_word' id='word_1_565' title='bbox 3437 2370 3545 2408; x_wconf 84' lang='lat' dir='ltr'><strong>tua-</strong></span> 
     </span>
    </p>
   </div>
   <div class='ocr_carea' id='block_1_80' title="bbox 1972 2445 3548 2518">
    <p class='ocr_par' dir='ltr' id='par_1_80' title="bbox 1972 2445 3548 2518">
     <span class='ocr_line' id='line_1_83' title="bbox 1972 2445 3548 2518; baseline -0.001 -18"><span class='ocrx_word' id='word_1_566' title='bbox 1972 2445 2164 2500; x_wconf 81' lang='lat' dir='ltr'><strong>uifesta</strong></span> <span class='ocrx_word' id='word_1_567' title='bbox 2237 2447 2625 2515; x_wconf 73' lang='lat' dir='ltr'><strong>praedicatione</strong></span> <span class='ocrx_word' id='word_1_568' title='bbox 2675 2449 3050 2518; x_wconf 86' lang='lat' dir='ltr'><strong>distinguitur.</strong></span> <span class='ocrx_word' id='word_1_569' title='bbox 3107 2449 3238 2503; x_wconf 90' lang='lat' dir='ltr'><strong>Item</strong></span> <span class='ocrx_word' id='word_1_570' title='bbox 3304 2451 3357 2501; x_wconf 91' lang='lat' dir='ltr'><strong>In</strong></span> <span class='ocrx_word' id='word_1_571' title='bbox 3411 2447 3548 2500; x_wconf 84' lang='lat' dir='ltr'><strong>libro</strong></span> 
     </span>
    </p>
   </div>
   <div class='ocr_carea' id='block_1_81' title="bbox 1971 2539 3548 2611">
    <p class='ocr_par' dir='ltr' id='par_1_81' title="bbox 1971 2539 3548 2611">
     <span class='ocr_line' id='line_1_84' title="bbox 1971 2539 3548 2611; baseline -0.001 -19"><span class='ocrx_word' id='word_1_572' title='bbox 1971 2555 2131 2608; x_wconf 85' lang='lat' dir='ltr'><strong>quem</strong></span> <span class='ocrx_word' id='word_1_573' title='bbox 2164 2541 2230 2594; x_wconf 89' lang='lat' dir='ltr'><strong>de</strong></span> <span class='ocrx_word' id='word_1_574' title='bbox 2259 2539 2501 2607; x_wconf 85' lang='lat' dir='ltr'><strong>Epistola</strong></span> <span class='ocrx_word' id='word_1_575' title='bbox 2540 2541 2608 2594; x_wconf 86' lang='lat' dir='ltr'><strong>ad</strong></span> <span class='ocrx_word' id='word_1_576' title='bbox 2643 2540 2824 2595; x_wconf 88' lang='lat' dir='ltr'><strong>Titum</strong></span> <span class='ocrx_word' id='word_1_577' title='bbox 2859 2544 3085 2611; x_wconf 83' lang='lat' dir='ltr'><strong>scripsit</strong></span> <span class='ocrx_word' id='word_1_578' title='bbox 3111 2555 3136 2598; x_wconf 84' lang='lat'><strong>-:</strong></span> <span class='ocrx_word' id='word_1_579' title='bbox 3173 2541 3232 2596; x_wconf 90' lang='lat' dir='ltr'><strong>Si</strong></span> <span class='ocrx_word' id='word_1_580' title='bbox 3262 2541 3410 2610; x_wconf 88' lang='lat' dir='ltr'><strong>quis,</strong></span> <span class='ocrx_word' id='word_1_581' title='bbox 3450 2539 3548 2602; x_wconf 89' lang='lat' dir='ltr'><strong>ait,</strong></span> 
     </span>
    </p>
   </div>
   <div class='ocr_carea' id='block_1_82' title="bbox 1973 2633 3552 2706">
    <p class='ocr_par' dir='ltr' id='par_1_82' title="bbox 1973 2633 3552 2706">
     <span class='ocr_line' id='line_1_85' title="bbox 1973 2633 3552 2706; baseline -0.001 -19"><span class='ocrx_word' id='word_1_582' title='bbox 1973 2634 2237 2687; x_wconf 88' lang='lat' dir='ltr'><strong>rationem</strong></span> <span class='ocrx_word' id='word_1_583' title='bbox 2265 2633 2516 2688; x_wconf 72' lang='lat' dir='ltr'><strong>humana:</strong></span> <span class='ocrx_word' id='word_1_584' title='bbox 2562 2636 2761 2690; x_wconf 83' lang='lat' dir='ltr'><strong>animae</strong></span> <span class='ocrx_word' id='word_1_585' title='bbox 2800 2637 3067 2706; x_wconf 82' lang='lat' dir='ltr'><strong>requirat,</strong></span> <span class='ocrx_word' id='word_1_586' title='bbox 3117 2651 3241 2692; x_wconf 91' lang='lat' dir='ltr'><strong>cum</strong></span> <span class='ocrx_word' id='word_1_587' title='bbox 3269 2636 3336 2690; x_wconf 92' lang='lat' dir='ltr'><strong>de</strong></span> <span class='ocrx_word' id='word_1_588' title='bbox 3357 2651 3418 2690; x_wconf 89' lang='lat' dir='ltr'><strong>ea</strong></span> <span class='ocrx_word' id='word_1_589' title='bbox 3452 2647 3552 2687; x_wconf 83' lang='lat' dir='ltr'><strong>ne-</strong></span> 
     </span>
    </p>
   </div>
   <div class='ocr_carea' id='block_1_83' title="bbox 1975 2726 3550 2797">
    <p class='ocr_par' dir='ltr' id='par_1_83' title="bbox 1975 2726 3550 2797">
     <span class='ocr_line' id='line_1_86' title="bbox 1975 2726 3550 2797; baseline 0 -17"><span class='ocrx_word' id='word_1_590' title='bbox 1975 2743 2082 2797; x_wconf 88' lang='lat' dir='ltr'><strong>que</strong></span> <span class='ocrx_word' id='word_1_591' title='bbox 2109 2730 2251 2794; x_wconf 86' lang='lat' dir='ltr'><strong>quod</strong></span> <span class='ocrx_word' id='word_1_592' title='bbox 2283 2743 2347 2782; x_wconf 79' lang='lat' dir='ltr'><strong>ex</strong></span> <span class='ocrx_word' id='word_1_593' title='bbox 2383 2729 2610 2782; x_wconf 89' lang='lat' dir='ltr'><strong>seminis</strong></span> <span class='ocrx_word' id='word_1_594' title='bbox 2647 2729 2878 2782; x_wconf 87' lang='lat' dir='ltr'><strong>traduce</strong></span> <span class='ocrx_word' id='word_1_595' title='bbox 2932 2730 3183 2791; x_wconf 81' lang='lat' dir='ltr'><strong>ducatur,</strong></span> <span class='ocrx_word' id='word_1_596' title='bbox 3218 2741 3392 2794; x_wconf 86' lang='lat' dir='ltr'><strong>neque</strong></span> <span class='ocrx_word' id='word_1_597' title='bbox 3408 2726 3550 2795; x_wconf 86' lang='lat' dir='ltr'><strong>quod</strong></span> 
     </span>
    </p>
   </div>
   <div class='ocr_carea' id='block_1_84' title="bbox 1977 2820 3552 2889">
    <p class='ocr_par' dir='ltr' id='par_1_84' title="bbox 1977 2820 3552 2889">
     <span class='ocr_line' id='line_1_87' title="bbox 1977 2820 3552 2889; baseline -0.001 -15"><span class='ocrx_word' id='word_1_598' title='bbox 1977 2821 2344 2875; x_wconf 88' lang='lat' dir='ltr'><strong>bonorabilior</strong></span> <span class='ocrx_word' id='word_1_599' title='bbox 2373 2830 2430 2874; x_wconf 88' lang='lat' dir='ltr'><strong>et</strong></span> <span class='ocrx_word' id='word_1_600' title='bbox 2457 2821 2740 2889; x_wconf 88' lang='lat' dir='ltr'><strong>antiquior</strong></span> <span class='ocrx_word' id='word_1_601' title='bbox 2791 2835 3082 2888; x_wconf 88' lang='lat' dir='ltr'><strong>corporum</strong></span> <span class='ocrx_word' id='word_1_602' title='bbox 3134 2833 3396 2889; x_wconf 81' lang='lat' dir='ltr'><strong>compage</strong></span> <span class='ocrx_word' id='word_1_603' title='bbox 3457 2820 3552 2884; x_wconf 86' lang='lat' dir='ltr'><strong>sit,</strong></span> 
     </span>
    </p>
   </div>
   <div class='ocr_carea' id='block_1_85' title="bbox 1979 2911 3552 2980">
    <p class='ocr_par' dir='ltr' id='par_1_85' title="bbox 1979 2911 3552 2980">
     <span class='ocr_line' id='line_1_88' title="bbox 1979 2911 3552 2980; baseline -0.003 -14"><span class='ocrx_word' id='word_1_604' title='bbox 1979 2914 2266 2966; x_wconf 88' lang='lat' dir='ltr'><strong>tradiderit</strong></span> <span class='ocrx_word' id='word_1_605' title='bbox 2338 2913 2713 2967; x_wconf 87' lang='lat' dir='ltr'><strong>ecclesiastica</strong></span> <span class='ocrx_word' id='word_1_606' title='bbox 2794 2913 2980 2980; x_wconf 84' lang='lat' dir='ltr'><strong>regula</strong></span> <span class='ocrx_word' id='word_1_607' title='bbox 3047 2922 3341 2980; x_wconf 85' lang='lat' dir='ltr'><strong>:propter</strong></span> <span class='ocrx_word' id='word_1_608' title='bbox 3405 2911 3552 2978; x_wconf 88' lang='lat' dir='ltr'><strong>quod</strong></span> 
     </span>
    </p>
   </div>
   <div class='ocr_carea' id='block_1_86' title="bbox 1979 3005 3554 3072">
    <p class='ocr_par' dir='ltr' id='par_1_86' title="bbox 1979 3005 3554 3072">
     <span class='ocr_line' id='line_1_89' title="bbox 1979 3005 3554 3072; baseline 0.001 -15"><span class='ocrx_word' id='word_1_609' title='bbox 1979 3005 2133 3057; x_wconf 87' lang='lat' dir='ltr'><strong>tmtlti</strong></span> <span class='ocrx_word' id='word_1_610' title='bbox 2169 3019 2266 3058; x_wconf 89' lang='lat' dir='ltr'><strong>nec</strong></span> <span class='ocrx_word' id='word_1_611' title='bbox 2292 3005 2753 3072; x_wconf 82' lang='lat' dir='ltr'><strong>comprehendere</strong></span> <span class='ocrx_word' id='word_1_612' title='bbox 2802 3013 3092 3072; x_wconf 78' lang='lat' dir='ltr'><strong>potuerunt</strong></span> <span class='ocrx_word' id='word_1_613' title='bbox 3159 3006 3322 3057; x_wconf 87' lang='lat' dir='ltr'><strong>aliter</strong></span> <span class='ocrx_word' id='word_1_614' title='bbox 3355 3005 3554 3059; x_wconf 84' lang='lat' dir='ltr'><strong>sentiri</strong></span> 
     </span>
    </p>
   </div>
   <div class='ocr_carea' id='block_1_87' title="bbox 1979 3093 3558 3163">
    <p class='ocr_par' dir='ltr' id='par_1_87' title="bbox 1979 3093 3558 3163">
     <span class='ocr_line' id='line_1_90' title="bbox 1979 3093 3558 3163; baseline 0.002 -16"><span class='ocrx_word' id='word_1_615' title='bbox 1979 3104 2232 3162; x_wconf 85' lang='lat' dir='ltr'><strong>oportere</strong></span> <span class='ocrx_word' id='word_1_616' title='bbox 2254 3094 2321 3148; x_wconf 87' lang='lat' dir='ltr'><strong>de</strong></span> <span class='ocrx_word' id='word_1_617' title='bbox 2349 3096 2544 3148; x_wconf 69' lang='lat' dir='ltr'><strong>animae</strong></span> <span class='ocrx_word' id='word_1_618' title='bbox 2571 3095 2802 3148; x_wconf 88' lang='lat' dir='ltr'><strong>ratione.</strong></span> <span class='ocrx_word' id='word_1_619' title='bbox 2856 3093 2962 3149; x_wconf 89' lang='lat' dir='ltr'><strong>Sed</strong></span> <span class='ocrx_word' id='word_1_620' title='bbox 3013 3106 3067 3150; x_wconf 88' lang='lat' dir='ltr'><strong>et</strong></span> <span class='ocrx_word' id='word_1_621' title='bbox 3103 3098 3196 3163; x_wconf 89' lang='lat' dir='ltr'><strong>qui</strong></span> <span class='ocrx_word' id='word_1_622' title='bbox 3241 3097 3400 3151; x_wconf 85' lang='lat' dir='ltr'><strong>aliter</strong></span> <span class='ocrx_word' id='word_1_623' title='bbox 3433 3112 3558 3150; x_wconf 72' lang='lat' dir='ltr'><strong>sin-</strong></span> 
     </span>
    </p>
   </div>
   <div class='ocr_carea' id='block_1_88' title="bbox 1897 3182 3558 3257">
    <p class='ocr_par' dir='ltr' id='par_1_88' title="bbox 1897 3182 3558 3257">
     <span class='ocr_line' id='line_1_91' title="bbox 1897 3182 3558 3257; baseline 0.002 -18"><span class='ocrx_word' id='word_1_624' title='bbox 1897 3182 1938 3239; x_wconf 87' lang='lat' dir='ltr'><strong>C</strong></span> <span class='ocrx_word' id='word_1_625' title='bbox 1977 3189 2079 3238; x_wconf 89' lang='lat' dir='ltr'><strong>tire</strong></span> <span class='ocrx_word' id='word_1_626' title='bbox 2099 3186 2180 3240; x_wconf 84' lang='lat' dir='ltr'><strong>vel</strong></span> <span class='ocrx_word' id='word_1_627' title='bbox 2203 3186 2475 3240; x_wconf 87' lang='lat' dir='ltr'><strong>disserere</strong></span> <span class='ocrx_word' id='word_1_628' title='bbox 2502 3187 2606 3240; x_wconf 86' lang='lat' dir='ltr'><strong>visi</strong></span> <span class='ocrx_word' id='word_1_629' title='bbox 2630 3197 2777 3253; x_wconf 87' lang='lat' dir='ltr'><strong>sunt,</strong></span> <span class='ocrx_word' id='word_1_630' title='bbox 2831 3202 2860 3240; x_wconf 88' lang='lat' dir='ltr'><strong>a</strong></span> <span class='ocrx_word' id='word_1_631' title='bbox 2890 3188 3170 3243; x_wconf 83' lang='lat' dir='ltr'><strong>nonnullis</strong></span> <span class='ocrx_word' id='word_1_632' title='bbox 3205 3189 3256 3242; x_wconf 92' lang='lat' dir='ltr'><strong>in</strong></span> <span class='ocrx_word' id='word_1_633' title='bbox 3290 3191 3558 3257; x_wconf 82' lang='lat' dir='ltr'><strong>suspicio-</strong></span> 
     </span>
    </p>
   </div>
   <div class='ocr_carea' id='block_1_89' title="bbox 1982 3277 3560 3349">
    <p class='ocr_par' dir='ltr' id='par_1_89' title="bbox 1982 3277 3560 3349">
     <span class='ocr_line' id='line_1_92' title="bbox 1982 3277 3560 3349; baseline 0.003 -19"><span class='ocrx_word' id='word_1_634' title='bbox 1982 3293 2051 3330; x_wconf 88' lang='lat' dir='ltr'><strong>ne</strong></span> <span class='ocrx_word' id='word_1_635' title='bbox 2084 3277 2352 3331; x_wconf 86' lang='lat' dir='ltr'><strong>babentur</strong></span> <span class='ocrx_word' id='word_1_636' title='bbox 2387 3278 2531 3331; x_wconf 88' lang='lat' dir='ltr'><strong>velut</strong></span> <span class='ocrx_word' id='word_1_637' title='bbox 2567 3279 2689 3332; x_wconf 92' lang='lat' dir='ltr'><strong>novi</strong></span> <span class='ocrx_word' id='word_1_638' title='bbox 2728 3279 2930 3349; x_wconf 83' lang='lat' dir='ltr'><strong>aliquid</strong></span> <span class='ocrx_word' id='word_1_639' title='bbox 2959 3281 3410 3345; x_wconf 65' lang='lat' dir='ltr'><strong>,introducemes.</strong></span> <span class='ocrx_word' id='word_1_640' title='bbox 3453 3281 3560 3335; x_wconf 79' lang='lat' dir='ltr'><strong>Fa-</strong></span> 
     </span>
    </p>
   </div>
   <div class='ocr_carea' id='block_1_90' title="bbox 1988 3368 3558 3441">
    <p class='ocr_par' dir='ltr' id='par_1_90' title="bbox 1988 3368 3558 3441">
     <span class='ocr_line' id='line_1_93' title="bbox 1988 3368 3558 3441; baseline 0.004 -21"><span class='ocrx_word' id='word_1_641' title='bbox 1988 3377 2132 3421; x_wconf 90' lang='lat' dir='ltr'><strong>tetur</strong></span> <span class='ocrx_word' id='word_1_642' title='bbox 2161 3369 2302 3422; x_wconf 88' lang='lat' dir='ltr'><strong>idem</strong></span> <span class='ocrx_word' id='word_1_643' title='bbox 2336 3369 2450 3436; x_wconf 90' lang='lat' dir='ltr'><strong>ipse</strong></span> <span class='ocrx_word' id='word_1_644' title='bbox 2481 3368 2743 3440; x_wconf 81' lang='lat' dir='ltr'><strong>Origenes</strong></span> <span class='ocrx_word' id='word_1_645' title='bbox 2769 3371 2822 3422; x_wconf 88' lang='lat' dir='ltr'><strong>in</strong></span> <span class='ocrx_word' id='word_1_646' title='bbox 2861 3370 3104 3438; x_wconf 76' lang='lat' dir='ltr'><strong>przefatis</strong></span> <span class='ocrx_word' id='word_1_647' title='bbox 3128 3374 3428 3441; x_wconf 90' lang='lat' dir='ltr'><strong>opusculis,</strong></span> <span class='ocrx_word' id='word_1_648' title='bbox 3462 3373 3558 3427; x_wconf 88' lang='lat' dir='ltr'><strong>sed</strong></span> 
     </span>
    </p>
   </div>
   <div class='ocr_carea' id='block_1_91' title="bbox 1986 3459 3555 3536">
    <p class='ocr_par' dir='ltr' id='par_1_91' title="bbox 1986 3459 3555 3536">
     <span class='ocr_line' id='line_1_94' title="bbox 1986 3459 3555 3536; baseline 0.002 -21"><span class='ocrx_word' id='word_1_649' title='bbox 1986 3471 2041 3515; x_wconf 88' lang='lat' dir='ltr'><strong>et</strong></span> <span class='ocrx_word' id='word_1_650' title='bbox 2105 3459 2376 3515; x_wconf 84' lang='lat' dir='ltr'><strong>Eusebius</strong></span> <span class='ocrx_word' id='word_1_651' title='bbox 2421 3463 2800 3527; x_wconf 63' lang='lat' dir='ltr'><strong>Caesariensis,</strong></span> <span class='ocrx_word' id='word_1_652' title='bbox 2829 3477 2885 3519; x_wconf 88' lang='lat' dir='ltr'><strong>et</strong></span> <span class='ocrx_word' id='word_1_653' title='bbox 2941 3465 3280 3534; x_wconf 79' lang='lat' dir='ltr'><strong>Pamphilius</strong></span> <span class='ocrx_word' id='word_1_654' title='bbox 3323 3477 3555 3536; x_wconf 85' lang='lat' dir='ltr'><strong>martyr,</strong></span> 
     </span>
    </p>
   </div>
   <div class='ocr_carea' id='block_1_92' title="bbox 1983 3552 3561 3628">
    <p class='ocr_par' dir='ltr' id='par_1_92' title="bbox 1983 3552 3561 3628">
     <span class='ocr_line' id='line_1_95' title="bbox 1983 3552 3561 3628; baseline 0.003 -23"><span class='ocrx_word' id='word_1_655' title='bbox 1983 3552 2220 3608; x_wconf 82' lang='lat' dir='ltr'><strong>Basilius</strong></span> <span class='ocrx_word' id='word_1_656' title='bbox 2245 3570 2464 3624; x_wconf 85' lang='lat' dir='ltr'><strong>quoque</strong></span> <span class='ocrx_word' id='word_1_657' title='bbox 2493 3566 2548 3610; x_wconf 88' lang='lat' dir='ltr'><strong>et</strong></span> <span class='ocrx_word' id='word_1_658' title='bbox 2584 3557 2905 3626; x_wconf 88' lang='lat' dir='ltr'><strong>Gregorius,</strong></span> <span class='ocrx_word' id='word_1_659' title='bbox 2944 3559 3337 3628; x_wconf 87' lang='lat' dir='ltr'><strong>Didytnusque,</strong></span> <span class='ocrx_word' id='word_1_660' title='bbox 3363 3569 3416 3612; x_wconf 89' lang='lat' dir='ltr'><strong>et</strong></span> <span class='ocrx_word' id='word_1_661' title='bbox 3449 3557 3561 3612; x_wconf 78' lang='lat' dir='ltr'><strong>Ru-</strong></span> 
     </span>
    </p>
   </div>
   <div class='ocr_carea' id='block_1_93' title="bbox 1987 3647 3562 3714">
    <p class='ocr_par' dir='ltr' id='par_1_93' title="bbox 1987 3647 3562 3714">
     <span class='ocr_line' id='line_1_96' title="bbox 1987 3647 3562 3714; baseline 0.006 -16"><span class='ocrx_word' id='word_1_662' title='bbox 1987 3648 2126 3702; x_wconf 83' lang='lat' dir='ltr'><strong>lintts</strong></span> <span class='ocrx_word' id='word_1_663' title='bbox 2151 3647 2400 3700; x_wconf 85' lang='lat' dir='ltr'><strong>similiter</strong></span> <span class='ocrx_word' id='word_1_664' title='bbox 2427 3651 2480 3699; x_wconf 91' lang='lat' dir='ltr'><strong>in</strong></span> <span class='ocrx_word' id='word_1_665' title='bbox 2507 3651 2643 3714; x_wconf 92' lang='lat' dir='ltr'><strong>suis,</strong></span> <span class='ocrx_word' id='word_1_666' title='bbox 2677 3653 2839 3702; x_wconf 88' lang='lat' dir='ltr'><strong>unius</strong></span> <span class='ocrx_word' id='word_1_667' title='bbox 2869 3652 3192 3706; x_wconf 70' lang='lat' dir='ltr'><strong>substantia:</strong></span> <span class='ocrx_word' id='word_1_668' title='bbox 3226 3668 3414 3704; x_wconf 89' lang='lat' dir='ltr'><strong>omnes</strong></span> <span class='ocrx_word' id='word_1_669' title='bbox 3437 3667 3562 3707; x_wconf 87' lang='lat' dir='ltr'><strong>esse</strong></span> 
     </span>
    </p>
   </div>
   <div class='ocr_carea' id='block_1_94' title="bbox 1987 3740 3562 3799">
    <p class='ocr_par' dir='ltr' id='par_1_94' title="bbox 1987 3740 3562 3799">
     <span class='ocr_line' id='line_1_97' title="bbox 1987 3740 3562 3799; baseline 0.005 -9"><span class='ocrx_word' id='word_1_670' title='bbox 1987 3741 2296 3799; x_wconf 86' lang='lat' dir='ltr'><strong>animas,&#39;et</strong></span> <span class='ocrx_word' id='word_1_671' title='bbox 2322 3740 2663 3792; x_wconf 84' lang='lat' dir='ltr'><strong>immortales</strong></span> <span class='ocrx_word' id='word_1_672' title='bbox 2691 3751 2746 3793; x_wconf 89' lang='lat' dir='ltr'><strong>et</strong></span> <span class='ocrx_word' id='word_1_673' title='bbox 2769 3741 3116 3796; x_wconf 84' lang='lat' dir='ltr'><strong>rationabiles</strong></span> <span class='ocrx_word' id='word_1_674' title='bbox 3148 3743 3311 3796; x_wconf 88' lang='lat' dir='ltr'><strong>liberi</strong></span> <span class='ocrx_word' id='word_1_675' title='bbox 3344 3743 3562 3798; x_wconf 83' lang='lat' dir='ltr'><strong>arbitrii</strong></span> 
     </span>
    </p>
   </div>
   <div class='ocr_carea' id='block_1_95' title="bbox 1987 3828 3558 3902">
    <p class='ocr_par' dir='ltr' id='par_1_95' title="bbox 1987 3828 3558 3902">
     <span class='ocr_line' id='line_1_98' title="bbox 1987 3828 3558 3902; baseline 0.004 -22"><span class='ocrx_word' id='word_1_676' title='bbox 1987 3843 2051 3880; x_wconf 89' lang='lat' dir='ltr'><strong>ac</strong></span> <span class='ocrx_word' id='word_1_677' title='bbox 2103 3828 2398 3882; x_wconf 86' lang='lat' dir='ltr'><strong>voluntatis</strong></span> <span class='ocrx_word' id='word_1_678' title='bbox 2434 3829 2811 3898; x_wconf 81' lang='lat' dir='ltr'><strong>:judicandas</strong></span> <span class='ocrx_word' id='word_1_679' title='bbox 2874 3847 3091 3901; x_wconf 87' lang='lat' dir='ltr'><strong>quoque</strong></span> <span class='ocrx_word' id='word_1_680' title='bbox 3141 3848 3264 3887; x_wconf 81' lang='lat' dir='ltr'><strong>esse</strong></span> <span class='ocrx_word' id='word_1_681' title='bbox 3312 3848 3409 3902; x_wconf 87' lang='lat' dir='ltr'><strong>pro</strong></span> <span class='ocrx_word' id='word_1_682' title='bbox 3471 3834 3558 3887; x_wconf 81' lang='lat' dir='ltr'><strong>bis</strong></span> 
     </span>
    </p>
   </div>
   <div class='ocr_carea' id='block_1_96' title="bbox 1988 3920 3560 3991">
    <p class='ocr_par' dir='ltr' id='par_1_96' title="bbox 1988 3920 3560 3991">
     <span class='ocr_line' id='line_1_99' title="bbox 1988 3920 3560 3991; baseline 0.005 -19"><span class='ocrx_word' id='word_1_683' title='bbox 1988 3935 2110 3990; x_wconf 70' lang='lat' dir='ltr'><strong>qua:</strong></span> <span class='ocrx_word' id='word_1_684' title='bbox 2139 3920 2192 3973; x_wconf 90' lang='lat' dir='ltr'><strong>in</strong></span> <span class='ocrx_word' id='word_1_685' title='bbox 2225 3921 2326 3975; x_wconf 83' lang='lat' dir='ltr'><strong>hac</strong></span> <span class='ocrx_word' id='word_1_686' title='bbox 2359 3922 2464 3974; x_wconf 88' lang='lat' dir='ltr'><strong>vita</strong></span> <span class='ocrx_word' id='word_1_687' title='bbox 2495 3932 2782 3991; x_wconf 82' lang='lat' dir='ltr'><strong>gesserunt</strong></span> <span class='ocrx_word' id='word_1_688' title='bbox 2825 3939 2841 3978; x_wconf 89' lang='lat'><strong>;</strong></span> <span class='ocrx_word' id='word_1_689' title='bbox 2881 3938 3004 3978; x_wconf 90' lang='lat' dir='ltr'><strong>esse</strong></span> <span class='ocrx_word' id='word_1_690' title='bbox 3047 3937 3225 3978; x_wconf 87' lang='lat' dir='ltr'><strong>tamen</strong></span> <span class='ocrx_word' id='word_1_691' title='bbox 3262 3939 3354 3980; x_wconf 90' lang='lat' dir='ltr'><strong>eas</strong></span> <span class='ocrx_word' id='word_1_692' title='bbox 3387 3926 3560 3980; x_wconf 82' lang='lat' dir='ltr'><strong>laetas</strong></span> 
     </span>
    </p>
   </div>
   <div class='ocr_carea' id='block_1_97' title="bbox 1989 4011 3564 4100">
    <p class='ocr_par' dir='ltr' id='par_1_97' title="bbox 1989 4011 3564 4100">
     <span class='ocr_line' id='line_1_100' title="bbox 1989 4011 3564 4100; baseline 0.006 -35"><span class='ocrx_word' id='word_1_693' title='bbox 1989 4028 2018 4065; x_wconf 93' lang='lat' dir='ltr'><strong>a</strong></span> <span class='ocrx_word' id='word_1_694' title='bbox 2041 4011 2148 4065; x_wconf 80' lang='lat' dir='ltr'><strong>Deo</strong></span> <span class='ocrx_word' id='word_1_695' title='bbox 2172 4014 2261 4080; x_wconf 88' lang='lat' dir='ltr'><strong>qui</strong></span> <span class='ocrx_word' id='word_1_696' title='bbox 2299 4015 2550 4068; x_wconf 85' lang='lat' dir='ltr'><strong>universa</strong></span> <span class='ocrx_word' id='word_1_697' title='bbox 2573 4017 2790 4100; x_wconf 49' lang='lat' dir='ltr'><strong>preavit</strong></span> <span class='ocrx_word' id='word_1_698' title='bbox 2820 4025 2874 4070; x_wconf 92' lang='lat' dir='ltr'><strong>et</strong></span> <span class='ocrx_word' id='word_1_699' title='bbox 2907 4019 3173 4072; x_wconf 88' lang='lat' dir='ltr'><strong>condidit.</strong></span> <span class='ocrx_word' id='word_1_700' title='bbox 3205 4019 3433 4084; x_wconf 81' lang='lat' dir='ltr'><strong>Quando</strong></span> <span class='ocrx_word' id='word_1_701' title='bbox 3468 4035 3564 4073; x_wconf 77' lang='lat' dir='ltr'><strong>au-</strong></span> 
     </span>
    </p>
   </div>
   <div class='ocr_carea' id='block_1_98' title="bbox 1992 4105 3563 4180">
    <p class='ocr_par' dir='ltr' id='par_1_98' title="bbox 1992 4105 3563 4180">
     <span class='ocr_line' id='line_1_101' title="bbox 1992 4105 3563 4180; baseline 0.006 -22"><span class='ocrx_word' id='word_1_702' title='bbox 1992 4114 2097 4160; x_wconf 90' lang='lat' dir='ltr'><strong>tem</strong></span> <span class='ocrx_word' id='word_1_703' title='bbox 2126 4105 2282 4160; x_wconf 69' lang='lat' dir='ltr'><strong>taetre</strong></span> <span class='ocrx_word' id='word_1_704' title='bbox 2309 4111 2439 4171; x_wconf 76' lang='lat' dir='ltr'><strong>sint,</strong></span> <span class='ocrx_word' id='word_1_705' title='bbox 2469 4107 2596 4161; x_wconf 90' lang='lat' dir='ltr'><strong>olim</strong></span> <span class='ocrx_word' id='word_1_706' title='bbox 2626 4109 2814 4173; x_wconf 88' lang='lat' dir='ltr'><strong>simul,</strong></span> <span class='ocrx_word' id='word_1_707' title='bbox 2849 4120 2940 4162; x_wconf 89' lang='lat' dir='ltr'><strong>aut</strong></span> <span class='ocrx_word' id='word_1_708' title='bbox 2964 4125 3108 4164; x_wconf 90' lang='lat' dir='ltr'><strong>nunc</strong></span> <span class='ocrx_word' id='word_1_709' title='bbox 3172 4126 3268 4178; x_wconf 87' lang='lat' dir='ltr'><strong>per</strong></span> <span class='ocrx_word' id='word_1_710' title='bbox 3320 4112 3563 4180; x_wconf 75' lang='lat' dir='ltr'><strong>singulul</strong></span> 
     </span>
    </p>
   </div>
   <div class='ocr_carea' id='block_1_99' title="bbox 1991 4201 3566 4269">
    <p class='ocr_par' dir='ltr' id='par_1_99' title="bbox 1991 4201 3566 4269">
     <span class='ocr_line' id='line_1_102' title="bbox 1991 4201 3566 4269; baseline 0.005 -19"><span class='ocrx_word' id='word_1_711' title='bbox 1991 4204 2352 4263; x_wconf 86' lang='lat' dir='ltr'><strong>nascentium,</strong></span> <span class='ocrx_word' id='word_1_712' title='bbox 2421 4201 2546 4267; x_wconf 80' lang='lat' dir='ltr'><strong>quid</strong></span> <span class='ocrx_word' id='word_1_713' title='bbox 2579 4201 2806 4269; x_wconf 90' lang='lat' dir='ltr'><strong>periculi</strong></span> <span class='ocrx_word' id='word_1_714' title='bbox 2863 4217 2984 4256; x_wconf 88' lang='lat' dir='ltr'><strong>esse</strong></span> <span class='ocrx_word' id='word_1_715' title='bbox 3039 4203 3212 4265; x_wconf 65' lang='lat' dir='ltr'><strong>aiunt;</strong></span> <span class='ocrx_word' id='word_1_716' title='bbox 3273 4206 3566 4258; x_wconf 84' lang='lat' dir='ltr'><strong>alterume</strong></span> 
     </span>
    </p>
   </div>
   <div class='ocr_carea' id='block_1_100' title="bbox 1991 4292 3565 4362">
    <p class='ocr_par' dir='ltr' id='par_1_100' title="bbox 1991 4292 3565 4362">
     <span class='ocr_line' id='line_1_103' title="bbox 1991 4292 3565 4362; baseline 0.005 -16"><span class='ocrx_word' id='word_1_717' title='bbox 1991 4292 2204 4346; x_wconf 89' lang='lat' dir='ltr'><strong>duobus</strong></span> <span class='ocrx_word' id='word_1_718' title='bbox 2227 4293 2437 4362; x_wconf 85' lang='lat' dir='ltr'><strong>epiuari</strong></span> <span class='ocrx_word' id='word_1_719' title='bbox 2465 4293 2487 4345; x_wconf 91' lang='lat'><strong>?</strong></span> <span class='ocrx_word' id='word_1_720' title='bbox 2513 4295 2868 4357; x_wconf 86' lang='lat' dir='ltr'><strong>Athanasius,</strong></span> <span class='ocrx_word' id='word_1_721' title='bbox 2907 4295 3174 4362; x_wconf 89' lang='lat' dir='ltr'><strong>Ililarius,</strong></span> <span class='ocrx_word' id='word_1_722' title='bbox 3237 4307 3292 4352; x_wconf 91' lang='lat' dir='ltr'><strong>et</strong></span> <span class='ocrx_word' id='word_1_723' title='bbox 3324 4299 3565 4354; x_wconf 79' lang='lat' dir='ltr'><strong>Ambro-</strong></span> 
     </span>
    </p>
   </div>
   <div class='ocr_carea' id='block_1_101' title="bbox 1993 4384 3564 4454">
    <p class='ocr_par' dir='ltr' id='par_1_101' title="bbox 1993 4384 3564 4454">
     <span class='ocr_line' id='line_1_104' title="bbox 1993 4384 3564 4454; baseline 0.004 -16"><span class='ocrx_word' id='word_1_724' title='bbox 1993 4384 2129 4448; x_wconf 88' lang='lat' dir='ltr'><strong>sius,</strong></span> <span class='ocrx_word' id='word_1_725' title='bbox 2163 4385 2607 4454; x_wconf 60' lang='lat' dir='ltr'><strong>prtrparatisjam</strong></span> <span class='ocrx_word' id='word_1_726' title='bbox 2642 4389 2696 4440; x_wconf 91' lang='lat' dir='ltr'><strong>in</strong></span> <span class='ocrx_word' id='word_1_727' title='bbox 2721 4400 2908 4443; x_wconf 84' lang='lat' dir='ltr'><strong>ventre</strong></span> <span class='ocrx_word' id='word_1_728' title='bbox 2938 4391 3251 4454; x_wconf 86' lang='lat' dir='ltr'><strong>mulierum,</strong></span> <span class='ocrx_word' id='word_1_729' title='bbox 3283 4390 3564 4445; x_wconf 79' lang='lat' dir='ltr'><strong>deforma-</strong></span> 
     </span>
    </p>
   </div>
   <div class='ocr_carea' id='block_1_102' title="bbox 1997 4478 3565 4549">
    <p class='ocr_par' dir='ltr' id='par_1_102' title="bbox 1997 4478 3565 4549">
     <span class='ocr_line' id='line_1_105' title="bbox 1997 4478 3565 4549; baseline 0.006 -21"><span class='ocrx_word' id='word_1_730' title='bbox 1997 4479 2174 4544; x_wconf 82' lang='lat' dir='ltr'><strong>tisque</strong></span> <span class='ocrx_word' id='word_1_731' title='bbox 2215 4478 2550 4543; x_wconf 88' lang='lat' dir='ltr'><strong>corporibus,</strong></span> <span class='ocrx_word' id='word_1_732' title='bbox 2593 4488 2720 4532; x_wconf 90' lang='lat' dir='ltr'><strong>tunc</strong></span> <span class='ocrx_word' id='word_1_733' title='bbox 2753 4480 2815 4531; x_wconf 90' lang='lat' dir='ltr'><strong>ad</strong></span> <span class='ocrx_word' id='word_1_734' title='bbox 2849 4495 3092 4547; x_wconf 66' lang='lat' dir='ltr'><strong>praesens</strong></span> <span class='ocrx_word' id='word_1_735' title='bbox 3119 4484 3290 4535; x_wconf 87' lang='lat' dir='ltr'><strong>creari</strong></span> <span class='ocrx_word' id='word_1_736' title='bbox 3327 4485 3565 4549; x_wconf 80' lang='lat' dir='ltr'><strong>animas,</strong></span> 
     </span>
    </p>
   </div>
   <div class='ocr_carea' id='block_1_103' title="bbox 1995 4568 3420 4640">
    <p class='ocr_par' dir='ltr' id='par_1_103' title="bbox 1995 4568 3420 4640">
     <span class='ocr_line' id='line_1_106' title="bbox 1995 4568 3420 4640; baseline 0.006 -19"><span class='ocrx_word' id='word_1_737' title='bbox 1995 4577 2050 4621; x_wconf 89' lang='lat' dir='ltr'><strong>et</strong></span> <span class='ocrx_word' id='word_1_738' title='bbox 2081 4568 2250 4622; x_wconf 88' lang='lat' dir='ltr'><strong>inseri</strong></span> <span class='ocrx_word' id='word_1_739' title='bbox 2282 4568 2586 4622; x_wconf 82' lang='lat' dir='ltr'><strong>deformato</strong></span> <span class='ocrx_word' id='word_1_740' title='bbox 2613 4569 2727 4640; x_wconf 90' lang='lat' dir='ltr'><strong>jam</strong></span> <span class='ocrx_word' id='word_1_741' title='bbox 2775 4574 2988 4640; x_wconf 89' lang='lat' dir='ltr'><strong>corpori</strong></span> <span class='ocrx_word' id='word_1_742' title='bbox 3034 4573 3420 4631; x_wconf 85' lang='lat' dir='ltr'><strong>criminantur.</strong></span> 
     </span>
    </p>
   </div>
   <div class='ocr_carea' id='block_1_104' title="bbox 2062 4702 3567 4775">
    <p class='ocr_par' dir='ltr' id='par_1_104' title="bbox 2062 4702 3567 4775">
     <span class='ocr_line' id='line_1_107' title="bbox 2062 4702 3567 4775; baseline 0.005 -17"><span class='ocrx_word' id='word_1_743' title='bbox 2062 4703 2150 4758; x_wconf 92' lang='lat' dir='ltr'><strong>IlI.</strong></span> <span class='ocrx_word' id='word_1_744' title='bbox 2195 4702 2318 4758; x_wconf 86' lang='lat' dir='ltr'><strong>Jam</strong></span> <span class='ocrx_word' id='word_1_745' title='bbox 2371 4720 2501 4758; x_wconf 90' lang='lat' dir='ltr'><strong>vero</strong></span> <span class='ocrx_word' id='word_1_746' title='bbox 2529 4705 2603 4758; x_wconf 88' lang='lat' dir='ltr'><strong>illi</strong></span> <span class='ocrx_word' id='word_1_747' title='bbox 2650 4706 2742 4775; x_wconf 87' lang='lat' dir='ltr'><strong>qui</strong></span> <span class='ocrx_word' id='word_1_748' title='bbox 2789 4723 2853 4762; x_wconf 81' lang='lat' dir='ltr'><strong>ex</strong></span> <span class='ocrx_word' id='word_1_749' title='bbox 2885 4711 3108 4764; x_wconf 89' lang='lat' dir='ltr'><strong>traduce</strong></span> <span class='ocrx_word' id='word_1_750' title='bbox 3139 4711 3349 4766; x_wconf 88' lang='lat' dir='ltr'><strong>animas</strong></span> <span class='ocrx_word' id='word_1_751' title='bbox 3379 4713 3567 4766; x_wconf 85' lang='lat' dir='ltr'><strong>venite</strong></span> 
     </span>
    </p>
   </div>
   <div class='ocr_carea' id='block_1_105' title="bbox 1993 4799 3567 4869">
    <p class='ocr_par' dir='ltr' id='par_1_105' title="bbox 1993 4799 3567 4869">
     <span class='ocr_line' id='line_1_108' title="bbox 1993 4799 3567 4869; baseline 0.004 -18"><span class='ocrx_word' id='word_1_752' title='bbox 1993 4799 2340 4862; x_wconf 88' lang='lat' dir='ltr'><strong>conlirmant,</strong></span> <span class='ocrx_word' id='word_1_753' title='bbox 2379 4807 2433 4852; x_wconf 88' lang='lat' dir='ltr'><strong>et</strong></span> <span class='ocrx_word' id='word_1_754' title='bbox 2483 4799 2643 4853; x_wconf 88' lang='lat' dir='ltr'><strong>simul</strong></span> <span class='ocrx_word' id='word_1_755' title='bbox 2692 4803 2966 4869; x_wconf 88' lang='lat' dir='ltr'><strong>corporali</strong></span> <span class='ocrx_word' id='word_1_756' title='bbox 3007 4817 3099 4857; x_wconf 85' lang='lat' dir='ltr'><strong>eas</strong></span> <span class='ocrx_word' id='word_1_757' title='bbox 3136 4808 3345 4858; x_wconf 88' lang='lat' dir='ltr'><strong>semine</strong></span> <span class='ocrx_word' id='word_1_758' title='bbox 3396 4807 3567 4859; x_wconf 84' lang='lat' dir='ltr'><strong>serui-</strong></span> 
     </span>
    </p>
   </div>
   <div class='ocr_carea' id='block_1_106' title="bbox 1997 4890 3566 4964">
    <p class='ocr_par' dir='ltr' id='par_1_106' title="bbox 1997 4890 3566 4964">
     <span class='ocr_line' id='line_1_109' title="bbox 1997 4890 3566 4964; baseline 0.006 -22"><span class='ocrx_word' id='word_1_759' title='bbox 1997 4890 2116 4942; x_wconf 88' lang='lat' dir='ltr'><strong>nari</strong></span> <span class='ocrx_word' id='word_1_760' title='bbox 2149 4908 2161 4943; x_wconf 92' lang='lat'>:</span> <span class='ocrx_word' id='word_1_761' title='bbox 2195 4891 2487 4956; x_wconf 86' lang='lat' dir='ltr'><strong>siquidem,</strong></span> <span class='ocrx_word' id='word_1_762' title='bbox 2527 4902 2584 4944; x_wconf 93' lang='lat' dir='ltr'><strong>ut</strong></span> <span class='ocrx_word' id='word_1_763' title='bbox 2613 4892 2832 4961; x_wconf 84' lang='lat' dir='ltr'><strong>quidam</strong></span> <span class='ocrx_word' id='word_1_764' title='bbox 2868 4894 3111 4964; x_wconf 90' lang='lat' dir='ltr'><strong>ipsorum</strong></span> <span class='ocrx_word' id='word_1_765' title='bbox 3160 4896 3434 4951; x_wconf 85' lang='lat' dir='ltr'><strong>aIIirtnare</strong></span> <span class='ocrx_word' id='word_1_766' title='bbox 3475 4914 3566 4951; x_wconf 72' lang='lat' dir='ltr'><strong>so-</strong></span> 
     </span>
    </p>
   </div>
   <div class='ocr_carea' id='block_1_107' title="bbox 1998 4981 3566 5058">
    <p class='ocr_par' dir='ltr' id='par_1_107' title="bbox 1998 4981 3566 5058">
     <span class='ocr_line' id='line_1_110' title="bbox 1998 4981 3566 5058; baseline 0.005 -24"><span class='ocrx_word' id='word_1_767' title='bbox 1998 4981 2131 5044; x_wconf 89' lang='lat' dir='ltr'><strong>lent,</strong></span> <span class='ocrx_word' id='word_1_768' title='bbox 2159 4998 2262 5036; x_wconf 90' lang='lat' dir='ltr'><strong>non</strong></span> <span class='ocrx_word' id='word_1_769' title='bbox 2307 4983 2450 5036; x_wconf 90' lang='lat' dir='ltr'><strong>aliud</strong></span> <span class='ocrx_word' id='word_1_770' title='bbox 2478 4985 2685 5049; x_wconf 50' lang='lat' dir='ltr'><strong>.dicunt</strong></span> <span class='ocrx_word' id='word_1_771' title='bbox 2716 5001 2836 5040; x_wconf 88' lang='lat' dir='ltr'><strong>esse</strong></span> <span class='ocrx_word' id='word_1_772' title='bbox 2867 4987 3104 5042; x_wconf 88' lang='lat' dir='ltr'><strong>animam</strong></span> <span class='ocrx_word' id='word_1_773' title='bbox 3134 5005 3296 5058; x_wconf 82' lang='lat' dir='ltr'><strong>quam</strong></span> <span class='ocrx_word' id='word_1_774' title='bbox 3331 4989 3566 5042; x_wconf 77' lang='lat' dir='ltr'><strong>insuma-</strong></span> 
     </span>
    </p>
   </div>
   <div class='ocr_carea' id='block_1_108' title="bbox 2001 5074 3566 5148">
    <p class='ocr_par' dir='ltr' id='par_1_108' title="bbox 2001 5074 3566 5148">
     <span class='ocr_line' id='line_1_111' title="bbox 2001 5074 3566 5148; baseline 0.004 -20"><span class='ocrx_word' id='word_1_775' title='bbox 2001 5076 2200 5128; x_wconf 89' lang='lat' dir='ltr'><strong>tionem</strong></span> <span class='ocrx_word' id='word_1_776' title='bbox 2250 5074 2489 5143; x_wconf 89' lang='lat' dir='ltr'><strong>Spiritus</strong></span> <span class='ocrx_word' id='word_1_777' title='bbox 2555 5077 2651 5131; x_wconf 87' lang='lat' dir='ltr'><strong>Dei</strong></span> <span class='ocrx_word' id='word_1_778' title='bbox 2689 5093 2707 5133; x_wconf 67' lang='grc' dir='ltr'><strong>ι</strong></span> <span class='ocrx_word' id='word_1_779' title='bbox 2740 5079 2886 5132; x_wconf 89' lang='lat' dir='ltr'><strong>illam</strong></span> <span class='ocrx_word' id='word_1_780' title='bbox 2947 5080 3160 5134; x_wconf 86' lang='lat' dir='ltr'><strong>scilicet.</strong></span> <span class='ocrx_word' id='word_1_781' title='bbox 3194 5097 3353 5148; x_wconf 87' lang='lat' dir='ltr'><strong>quam</strong></span> <span class='ocrx_word' id='word_1_782' title='bbox 3408 5081 3566 5136; x_wconf 91' lang='lat' dir='ltr'><strong>initio</strong></span> 
     </span>
    </p>
   </div>
   <div class='ocr_carea' id='block_1_109' title="bbox 2003 5167 3565 5240">
    <p class='ocr_par' dir='ltr' id='par_1_109' title="bbox 2003 5167 3565 5240">
     <span class='ocr_line' id='line_1_112' title="bbox 2003 5167 3565 5240; baseline 0.004 -19"><span class='ocrx_word' id='word_1_783' title='bbox 2003 5167 2226 5222; x_wconf 78' lang='lat' dir='ltr'><strong>factura:</strong></span> <span class='ocrx_word' id='word_1_784' title='bbox 2260 5172 2468 5234; x_wconf 86' lang='lat' dir='ltr'><strong>mundi,</strong></span> <span class='ocrx_word' id='word_1_785' title='bbox 2528 5170 2672 5226; x_wconf 89' lang='lat' dir='ltr'><strong>Deus</strong></span> <span class='ocrx_word' id='word_1_786' title='bbox 2703 5171 3009 5228; x_wconf 84' lang='lat' dir='ltr'><strong>insulllasse</strong></span> <span class='ocrx_word' id='word_1_787' title='bbox 3054 5173 3254 5228; x_wconf 88' lang='lat' dir='ltr'><strong>dicitur</strong></span> <span class='ocrx_word' id='word_1_788' title='bbox 3281 5174 3338 5227; x_wconf 91' lang='lat' dir='ltr'><strong>in</strong></span> <span class='ocrx_word' id='word_1_789' title='bbox 3369 5176 3565 5240; x_wconf 81' lang='lat' dir='ltr'><strong>Adam,</strong></span> 
     </span>
    </p>
   </div>
   <div class='ocr_carea' id='block_1_110' title="bbox 1996 5259 3565 5336">
    <p class='ocr_par' dir='ltr' id='par_1_110' title="bbox 1996 5259 3565 5336">
     <span class='ocr_line' id='line_1_113' title="bbox 1996 5259 3565 5336; baseline 0.006 -25"><span class='ocrx_word' id='word_1_790' title='bbox 1996 5260 2072 5314; x_wconf 88' lang='lat' dir='ltr'><strong>.de</strong></span> <span class='ocrx_word' id='word_1_791' title='bbox 2100 5262 2217 5330; x_wconf 88' lang='lat' dir='ltr'><strong>ipsa</strong></span> <span class='ocrx_word' id='word_1_792' title='bbox 2244 5259 2335 5314; x_wconf 86' lang='lat' dir='ltr'><strong>Dei</strong></span> <span class='ocrx_word' id='word_1_793' title='bbox 2378 5277 2500 5316; x_wconf 86' lang='lat' dir='ltr'><strong>esse</strong></span> <span class='ocrx_word' id='word_1_794' title='bbox 2531 5278 2654 5316; x_wconf 88' lang='lat' dir='ltr'><strong>eam</strong></span> <span class='ocrx_word' id='word_1_795' title='bbox 2689 5265 2996 5321; x_wconf 85' lang='lat' dir='ltr'><strong>substantia</strong></span> <span class='ocrx_word' id='word_1_796' title='bbox 3024 5269 3343 5334; x_wconf 77' lang='lat' dir='ltr'><strong>proﬁtentes</strong></span> <span class='ocrx_word' id='word_1_797' title='bbox 3379 5286 3392 5322; x_wconf 90' lang='lat'><strong>:</strong></span> <span class='ocrx_word' id='word_1_798' title='bbox 3432 5283 3565 5336; x_wconf 88' lang='lat' dir='ltr'><strong>quo-</strong></span> 
     </span>
    </p>
   </div>
   <div class='ocr_carea' id='block_1_111' title="bbox 2079 5439 3567 5522">
    <p class='ocr_par' dir='ltr' id='par_1_111' title="bbox 2079 5439 3567 5522">
     <span class='ocr_line' id='line_1_114' title="bbox 2079 5439 3567 5522; baseline 0.004 -28"><span class='ocrx_word' id='word_1_799' title='bbox 2079 5439 2253 5522; x_wconf 64' lang='lat' dir='ltr'><strong>‘llaec</strong></span> <span class='ocrx_word' id='word_1_800' title='bbox 2307 5441 2583 5522; x_wconf 74' lang='lat' dir='ltr'><strong>Origenes</strong></span> <span class='ocrx_word' id='word_1_801' title='bbox 2607 5444 2658 5496; x_wconf 90' lang='lat' dir='ltr'><strong>in</strong></span> <span class='ocrx_word' id='word_1_802' title='bbox 2707 5443 3094 5522; x_wconf 72' lang='lat' dir='ltr'><strong>_Pro(e_m._li_b.</strong></span> <span class='ocrx_word' id='word_1_803' title='bbox 3152 5445 3283 5522; x_wconf 59' lang='lat' dir='ltr'><strong>crept</strong></span> <span class='ocrx_word' id='word_1_804' title='bbox 3332 5445 3567 5522; x_wconf 73' lang='grc' dir='ltr'><strong>Ἀρχῶν,</strong></span> 
     </span>
    </p>
   </div>
   <div class='ocr_carea' id='block_1_112' title="bbox 1999 5514 3567 5585">
    <p class='ocr_par' dir='ltr' id='par_1_112' title="bbox 1999 5514 3567 5585">
     <span class='ocr_line' id='line_1_115' title="bbox 1999 5514 3567 5585; baseline 0.004 -21"><span class='ocrx_word' id='word_1_805' title='bbox 1999 5514 2186 5575; x_wconf 85' lang='lat' dir='ltr'><strong>sentit,</strong></span> <span class='ocrx_word' id='word_1_806' title='bbox 2210 5527 2328 5580; x_wconf 79' lang='lat' dir='ltr'><strong>qua:</strong></span> <span class='ocrx_word' id='word_1_807' title='bbox 2364 5515 2452 5585; x_wconf 84' lang='lat' dir='ltr'><strong>hic</strong></span> <span class='ocrx_word' id='word_1_808' title='bbox 2485 5514 2674 5566; x_wconf 87' lang='lat' dir='ltr'><strong>iisdem</strong></span> <span class='ocrx_word' id='word_1_809' title='bbox 2707 5515 2838 5585; x_wconf 81' lang='lat' dir='ltr'><strong>ipsis</strong></span> <span class='ocrx_word' id='word_1_810' title='bbox 2867 5515 3046 5568; x_wconf 79' lang='lat' dir='ltr'><strong>Ruﬁni</strong></span> <span class='ocrx_word' id='word_1_811' title='bbox 3075 5514 3255 5569; x_wconf 81' lang='lat' dir='ltr'><strong>verbis</strong></span> <span class='ocrx_word' id='word_1_812' title='bbox 3286 5514 3567 5585; x_wconf 79' lang='lat' dir='ltr'><strong>proferun-</strong></span> 
     </span>
    </p>
   </div>
   <div class='ocr_carea' id='block_1_113' title="bbox 2000 5583 3568 5650">
    <p class='ocr_par' dir='ltr' id='par_1_113' title="bbox 2000 5583 3568 5650">
     <span class='ocr_line' id='line_1_116' title="bbox 2000 5583 3568 5650; baseline 0.004 -17"><span class='ocrx_word' id='word_1_813' title='bbox 2000 5589 2110 5650; x_wconf 85' lang='lat' dir='ltr'><strong>tur,</strong></span> <span class='ocrx_word' id='word_1_814' title='bbox 2145 5594 2198 5636; x_wconf 88' lang='lat' dir='ltr'><strong>et</strong></span> <span class='ocrx_word' id='word_1_815' title='bbox 2254 5585 2305 5635; x_wconf 90' lang='lat' dir='ltr'><strong>in</strong></span> <span class='ocrx_word' id='word_1_816' title='bbox 2335 5583 2443 5635; x_wconf 90' lang='lat' dir='ltr'><strong>alio</strong></span> <span class='ocrx_word' id='word_1_817' title='bbox 2488 5597 2652 5650; x_wconf 88' lang='lat' dir='ltr'><strong>opere</strong></span> <span class='ocrx_word' id='word_1_818' title='bbox 2687 5585 2751 5636; x_wconf 89' lang='lat' dir='ltr'><strong>de</strong></span> <span class='ocrx_word' id='word_1_819' title='bbox 2798 5584 3027 5647; x_wconf 79' lang='lat' dir='ltr'><strong>Deitate,</strong></span> <span class='ocrx_word' id='word_1_820' title='bbox 3085 5593 3139 5638; x_wconf 86' lang='lat' dir='ltr'><strong>et</strong></span> <span class='ocrx_word' id='word_1_821' title='bbox 3199 5583 3568 5640; x_wconf 80' lang='lat' dir='ltr'><strong>incarnatione</strong></span> 
     </span>
    </p>
   </div>
   <div class='ocr_carea' id='block_1_114' title="bbox 2001 5648 3568 5726">
    <p class='ocr_par' dir='ltr' id='par_1_114' title="bbox 2001 5648 3568 5726">
     <span class='ocr_line' id='line_1_117' title="bbox 2001 5648 3568 5726; baseline 0.004 -22"><span class='ocrx_word' id='word_1_822' title='bbox 2001 5648 2164 5726; x_wconf 62' lang='lat' dir='ltr'><strong>Verbi</strong></span> <span class='ocrx_word' id='word_1_823' title='bbox 2198 5655 2281 5726; x_wconf 5' lang='lat' dir='ltr'><strong>ad,</strong></span> <span class='ocrx_word' id='word_1_824' title='bbox 2324 5648 2643 5726; x_wconf 64' lang='lat' dir='ltr'><strong>Ianuarium</strong></span> <span class='ocrx_word' id='word_1_825' title='bbox 2686 5653 2723 5705; x_wconf 93' lang='grc' dir='ltr'><strong>Ι.</strong></span> <span class='ocrx_word' id='word_1_826' title='bbox 2750 5669 2786 5726; x_wconf 66' lang='grc' dir='ltr'>ι,</span> <span class='ocrx_word' id='word_1_827' title='bbox 2822 5669 2872 5706; x_wconf 91' lang='lat' dir='ltr'><strong>c.</strong></span> <span class='ocrx_word' id='word_1_828' title='bbox 2903 5653 2957 5717; x_wconf 72' lang='grc' dir='ltr'><strong>ἓ,</strong></span> <span class='ocrx_word' id='word_1_829' title='bbox 3028 5658 3168 5709; x_wconf 88' lang='lat' dir='ltr'><strong>inter</strong></span> <span class='ocrx_word' id='word_1_830' title='bbox 3225 5656 3568 5726; x_wconf 84' lang='lat' dir='ltr'><strong>supposititia</strong></span> 
     </span>
    </p>
   </div>
   <div class='ocr_carea' id='block_1_115' title="bbox 1998 5721 3008 5792">
    <p class='ocr_par' dir='ltr' id='par_1_115' title="bbox 1998 5721 3008 5792">
     <span class='ocr_line' id='line_1_118' title="bbox 1998 5721 3008 5792; baseline 0.002 -17"><span class='ocrx_word' id='word_1_831' title='bbox 1998 5722 2288 5792; x_wconf 83' lang='lat' dir='ltr'><strong>Augustini</strong></span> <span class='ocrx_word' id='word_1_832' title='bbox 2321 5731 2454 5777; x_wconf 89' lang='lat' dir='ltr'><strong>tom.</strong></span> <span class='ocrx_word' id='word_1_833' title='bbox 2485 5721 2620 5789; x_wconf 72' lang='lat' dir='ltr'><strong>VIII,</strong></span> <span class='ocrx_word' id='word_1_834' title='bbox 2653 5724 3008 5791; x_wconf 85' lang='lat' dir='ltr'><strong>replicantur.</strong></span> 
     </span>
    </p>
   </div>
  </div>
