  <div class='ocr_page' id='page_1' title='image "/cluster/home/n/w/nwhite01/storage/ocr_20150623/30/hvd.32044096580527/141.png"; bbox 0 0 4012 6188; ppageno 0'>
   <div class='ocr_carea' id='block_1_1' title="bbox 452 359 553 425">
    <p class='ocr_par' dir='ltr' id='par_1_1' title="bbox 452 359 553 425">
     <span class='ocr_line' id='line_1_1' title="bbox 452 359 553 425; baseline 0.01 -2"><span class='ocrx_word' id='word_1_1' title='bbox 452 359 553 425; x_wconf 61' lang='grc' dir='ltr'><strong>Ξιῖι</strong></span> 
     </span>
    </p>
   </div>
   <div class='ocr_carea' id='block_1_2' title="bbox 1373 360 2728 425">
    <p class='ocr_par' dir='ltr' id='par_1_2' title="bbox 1373 360 2728 425">
     <span class='ocr_line' id='line_1_2' title="bbox 1373 360 2728 425; baseline 0.003 -4"><span class='ocrx_word' id='word_1_2' title='bbox 1373 363 1426 425; x_wconf 84' lang='lat' dir='ltr'><strong>S.</strong></span> <span class='ocrx_word' id='word_1_3' title='bbox 1471 360 1917 421; x_wconf 16' lang='lat' dir='ltr'><strong>IIlEltONthil</strong></span> <span class='ocrx_word' id='word_1_4' title='bbox 1963 362 2282 421; x_wconf 63' lang='lat' dir='ltr'><strong>OPIERUM</strong></span> <span class='ocrx_word' id='word_1_5' title='bbox 2325 362 2728 425; x_wconf 79' lang='lat' dir='ltr'><strong>MANTISSA.</strong></span> 
     </span>
    </p>
   </div>
   <div class='ocr_carea' id='block_1_3' title="bbox 3596 357 3700 425">
    <p class='ocr_par' dir='ltr' id='par_1_3' title="bbox 3596 357 3700 425">
     <span class='ocr_line' id='line_1_3' title="bbox 3596 357 3700 425; baseline -0.048 -2"><span class='ocrx_word' id='word_1_6' title='bbox 3596 357 3700 425; x_wconf 71' lang='lat'><strong>272</strong></span> 
     </span>
    </p>
   </div>
   <div class='ocr_carea' id='block_1_4' title="bbox 457 473 3700 551">
    <p class='ocr_par' dir='ltr' id='par_1_4' title="bbox 457 473 3700 551">
     <span class='ocr_line' id='line_1_4' title="bbox 457 473 3700 551; baseline 0.001 -24"><span class='ocrx_word' id='word_1_7' title='bbox 457 478 616 532; x_wconf 88' lang='lat' dir='ltr'><strong>modo</strong></span> <span class='ocrx_word' id='word_1_8' title='bbox 647 491 752 532; x_wconf 91' lang='lat' dir='ltr'><strong>non</strong></span> <span class='ocrx_word' id='word_1_9' title='bbox 789 477 874 534; x_wconf 85' lang='lat' dir='ltr'><strong>isti</strong></span> <span class='ocrx_word' id='word_1_10' title='bbox 903 478 1228 534; x_wconf 86' lang='lat' dir='ltr'><strong>videbuntur</strong></span> <span class='ocrx_word' id='word_1_11' title='bbox 1247 481 1648 550; x_wconf 88' lang='lat' dir='ltr'><strong>quodammodo</strong></span> <span class='ocrx_word' id='word_1_12' title='bbox 1683 482 1796 534; x_wconf 74' lang='lat' dir='ltr'><strong>hrec</strong></span> <span class='ocrx_word' id='word_1_13' title='bbox 1824 490 2019 551; x_wconf 79' lang='lat' dir='ltr'><strong>praeter</strong></span> <span class='ocrx_word' id='word_1_14' title='bbox 2052 482 2097 540; x_wconf 80' lang='grc' dir='ltr'>Α</span> <span class='ocrx_word' id='word_1_15' title='bbox 2128 479 2506 533; x_wconf 82' lang='lat' dir='ltr'><strong>mortalitatem</strong></span> <span class='ocrx_word' id='word_1_16' title='bbox 2535 479 2735 532; x_wconf 70' lang='lat' dir='ltr'><strong>animae</strong></span> <span class='ocrx_word' id='word_1_17' title='bbox 2765 480 2939 540; x_wconf 83' lang='lat' dir='ltr'><strong>ducet,</strong></span> <span class='ocrx_word' id='word_1_18' title='bbox 2976 475 3169 532; x_wconf 85' lang='lat' dir='ltr'><strong>stricto</strong></span> <span class='ocrx_word' id='word_1_19' title='bbox 3200 473 3376 547; x_wconf 74' lang='lat' dir='ltr'><strong>gladio</strong></span> <span class='ocrx_word' id='word_1_20' title='bbox 3406 477 3700 531; x_wconf 83' lang='lat' dir='ltr'><strong>revelatum</strong></span> 
     </span>
    </p>
   </div>
   <div class='ocr_carea' id='block_1_5' title="bbox 455 567 2022 638">
    <p class='ocr_par' dir='ltr' id='par_1_5' title="bbox 455 567 2022 638">
     <span class='ocr_line' id='line_1_5' title="bbox 455 567 2022 638; baseline 0.003 -18"><span class='ocrx_word' id='word_1_21' title='bbox 455 567 751 637; x_wconf 76' lang='lat' dir='ltr'><strong>Scriptura:</strong></span> <span class='ocrx_word' id='word_1_22' title='bbox 801 570 1043 638; x_wconf 83' lang='lat' dir='ltr'><strong>regulam</strong></span> <span class='ocrx_word' id='word_1_23' title='bbox 1087 582 1142 626; x_wconf 92' lang='lat' dir='ltr'><strong>et</strong></span> <span class='ocrx_word' id='word_1_24' title='bbox 1179 572 1698 638; x_wconf 76' lang='lat' dir='ltr'><strong>rationem.pielatis</strong></span> <span class='ocrx_word' id='word_1_25' title='bbox 1747 585 2022 636; x_wconf 88' lang='lat' dir='ltr'><strong>asserere,</strong></span> 
     </span>
    </p>
   </div>
   <div class='ocr_carea' id='block_1_6' title="bbox 456 659 2026 737">
    <p class='ocr_par' dir='ltr' id='par_1_6' title="bbox 456 659 2026 737">
     <span class='ocr_line' id='line_1_6' title="bbox 456 659 2026 737; baseline 0.003 -28"><span class='ocrx_word' id='word_1_26' title='bbox 456 659 599 726; x_wconf 90' lang='lat' dir='ltr'><strong>quod</strong></span> <span class='ocrx_word' id='word_1_27' title='bbox 639 660 945 737; x_wconf 51' lang='lat' dir='ltr'><strong>substantia</strong></span> <span class='ocrx_word' id='word_1_28' title='bbox 982 661 1072 713; x_wconf 89' lang='lat' dir='ltr'><strong>Dei</strong></span> <span class='ocrx_word' id='word_1_29' title='bbox 1135 671 1216 715; x_wconf 88' lang='lat' dir='ltr'><strong>est</strong></span> <span class='ocrx_word' id='word_1_30' title='bbox 1242 677 1360 730; x_wconf 71' lang='lat' dir='ltr'><strong>qua:</strong></span> <span class='ocrx_word' id='word_1_31' title='bbox 1394 671 1600 726; x_wconf 88' lang='lat' dir='ltr'><strong>peccat,</strong></span> <span class='ocrx_word' id='word_1_32' title='bbox 1636 661 1679 714; x_wconf 91' lang='lat' dir='ltr'><strong>si</strong></span> <span class='ocrx_word' id='word_1_33' title='bbox 1705 663 1882 714; x_wconf 87' lang='lat' dir='ltr'><strong>anima</strong></span> <span class='ocrx_word' id='word_1_34' title='bbox 1908 677 2026 729; x_wconf 69' lang='lat' dir='ltr'><strong>qua:</strong></span> 
     </span>
    </p>
   </div>
   <div class='ocr_carea' id='block_1_7' title="bbox 455 677 2024 822">
    <p class='ocr_par' dir='ltr' id='par_1_7' title="bbox 455 677 2024 822">
     <span class='ocr_line' id='line_1_7' title="bbox 456 677 2024 737; baseline 0.003 -28"><span class='ocrx_word' id='word_1_35' title='bbox 456 677 599 726; x_wconf 88' lang='lat' dir='ltr'><strong>qttou</strong></span> <span class='ocrx_word' id='word_1_36' title='bbox 639 677 886 712; x_wconf 72' lang='lat' dir='ltr'><strong>sunsrant</strong></span> <span class='ocrx_word' id='word_1_37' title='bbox 911 677 945 737; x_wconf 85' lang='lat' dir='ltr'><strong>a_</strong></span> <span class='ocrx_word' id='word_1_38' title='bbox 982 677 1072 713; x_wconf 76' lang='lat' dir='ltr'><strong>uel</strong></span> <span class='ocrx_word' id='word_1_39' title='bbox 1135 677 1216 715; x_wconf 86' lang='lat' dir='ltr'><strong>est</strong></span> <span class='ocrx_word' id='word_1_40' title='bbox 1242 677 1360 730; x_wconf 72' lang='lat' dir='ltr'><strong>qua:</strong></span> <span class='ocrx_word' id='word_1_41' title='bbox 1394 677 1600 726; x_wconf 88' lang='lat' dir='ltr'><strong>peccat,</strong></span> <span class='ocrx_word' id='word_1_42' title='bbox 1636 677 1679 714; x_wconf 89' lang='lat' dir='ltr'><strong>SI</strong></span> <span class='ocrx_word' id='word_1_43' title='bbox 1705 677 1882 714; x_wconf 87' lang='lat' dir='ltr'><strong>anima</strong></span> <span class='ocrx_word' id='word_1_44' title='bbox 1908 677 2024 729; x_wconf 74' lang='lat' dir='ltr'><strong>qua:</strong></span> 
     </span>
     <span class='ocr_line' id='line_1_8' title="bbox 455 677 2024 822; baseline 0.003 -20"><span class='ocrx_word' id='word_1_45' title='bbox 455 755 522 802; x_wconf 85' lang='lat' dir='ltr'><strong>de</strong></span> <span class='ocrx_word' id='word_1_46' title='bbox 551 753 856 804; x_wconf 70' lang='lat' dir='ltr'><strong>substantia</strong></span> <span class='ocrx_word' id='word_1_47' title='bbox 880 677 974 805; x_wconf 49' lang='lat' dir='ltr'><strong>tei</strong></span> <span class='ocrx_word' id='word_1_48' title='bbox 1009 763 1099 806; x_wconf 89' lang='lat' dir='ltr'><strong>est</strong></span> <span class='ocrx_word' id='word_1_49' title='bbox 1137 763 1361 822; x_wconf 87' lang='lat' dir='ltr'><strong>peccat:</strong></span> <span class='ocrx_word' id='word_1_50' title='bbox 1397 753 1618 820; x_wconf 87' lang='lat' dir='ltr'><strong>insuper</strong></span> <span class='ocrx_word' id='word_1_51' title='bbox 1657 753 1821 806; x_wconf 90' lang='lat' dir='ltr'><strong>etiam</strong></span> <span class='ocrx_word' id='word_1_52' title='bbox 1882 752 2024 820; x_wconf 89' lang='lat' dir='ltr'><strong>quod</strong></span> 
     </span>
    </p>
   </div>
   <div class='ocr_carea' id='block_1_8' title="bbox 455 843 2026 911">
    <p class='ocr_par' dir='ltr' id='par_1_8' title="bbox 455 843 2026 911">
     <span class='ocr_line' id='line_1_9' title="bbox 455 843 2026 911; baseline 0.001 -16"><span class='ocrx_word' id='word_1_53' title='bbox 455 852 509 895; x_wconf 92' lang='lat' dir='ltr'><strong>et</strong></span> <span class='ocrx_word' id='word_1_54' title='bbox 567 843 744 910; x_wconf 72' lang='lat' dir='ltr'><strong>pinnis</strong></span> <span class='ocrx_word' id='word_1_55' title='bbox 784 843 1065 896; x_wconf 88' lang='lat' dir='ltr'><strong>subdenda</strong></span> <span class='ocrx_word' id='word_1_56' title='bbox 1098 845 1169 897; x_wconf 93' lang='lat' dir='ltr'><strong>sit</strong></span> <span class='ocrx_word' id='word_1_57' title='bbox 1222 859 1318 911; x_wconf 89' lang='lat' dir='ltr'><strong>pro</strong></span> <span class='ocrx_word' id='word_1_58' title='bbox 1349 853 1596 910; x_wconf 88' lang='lat' dir='ltr'><strong>peccato.</strong></span> <span class='ocrx_word' id='word_1_59' title='bbox 1633 845 1740 898; x_wconf 97' lang='lat' dir='ltr'><strong>Sed</strong></span> <span class='ocrx_word' id='word_1_60' title='bbox 1784 853 1834 896; x_wconf 89' lang='lat' dir='ltr'><strong>et</strong></span> <span class='ocrx_word' id='word_1_61' title='bbox 1895 844 2026 896; x_wconf 90' lang='lat' dir='ltr'><strong>illud</strong></span> 
     </span>
    </p>
   </div>
   <div class='ocr_carea' id='block_1_9' title="bbox 365 934 2024 1002">
    <p class='ocr_par' dir='ltr' id='par_1_9' title="bbox 365 934 2024 1002">
     <span class='ocr_line' id='line_1_10' title="bbox 365 934 2024 1002; baseline 0.001 -17"><span class='ocrx_word' id='word_1_62' title='bbox 455 948 514 986; x_wconf 80' lang='lat' dir='ltr'><strong>se</strong></span> <span class='ocrx_word' id='word_1_63' title='bbox 555 935 695 1002; x_wconf 89' lang='lat' dir='ltr'><strong>quod</strong></span> <span class='ocrx_word' id='word_1_64' title='bbox 729 934 1023 987; x_wconf 88' lang='lat' dir='ltr'><strong>absurdum</strong></span> <span class='ocrx_word' id='word_1_65' title='bbox 1056 943 1156 998; x_wconf 90' lang='lat' dir='ltr'><strong>est,</strong></span> <span class='ocrx_word' id='word_1_66' title='bbox 1189 934 1467 988; x_wconf 84' lang='lat' dir='ltr'><strong>incurrere</strong></span> <span class='ocrx_word' id='word_1_67' title='bbox 1505 948 1609 989; x_wconf 92' lang='lat' dir='ltr'><strong>non</strong></span> <span class='ocrx_word' id='word_1_68' title='bbox 1634 935 1820 989; x_wconf 89' lang='lat' dir='ltr'><strong>vident</strong></span> <span class='ocrx_word' id='word_1_69' title='bbox 1850 950 1866 1000; x_wconf 85' lang='lat'><strong>;</strong></span> <span class='ocrx_word' id='word_1_70' title='bbox 1901 934 2024 1002; x_wconf 84' lang='lat' dir='ltr'><strong>quia</strong></span> 
     </span>
    </p>
   </div>
   <div class='ocr_carea' id='block_1_10' title="bbox 455 1021 2028 1090">
    <p class='ocr_par' dir='ltr' id='par_1_10' title="bbox 455 1021 2028 1090">
     <span class='ocr_line' id='line_1_11' title="bbox 455 1021 2028 1090; baseline 0 -14"><span class='ocrx_word' id='word_1_71' title='bbox 455 1039 679 1078; x_wconf 88' lang='lat' dir='ltr'><strong>necesse</strong></span> <span class='ocrx_word' id='word_1_72' title='bbox 713 1031 791 1076; x_wconf 89' lang='lat' dir='ltr'><strong>est</strong></span> <span class='ocrx_word' id='word_1_73' title='bbox 833 1039 951 1077; x_wconf 89' lang='lat' dir='ltr'><strong>eam</strong></span> <span class='ocrx_word' id='word_1_74' title='bbox 991 1023 1151 1075; x_wconf 87' lang='lat' dir='ltr'><strong>simul</strong></span> <span class='ocrx_word' id='word_1_75' title='bbox 1195 1038 1315 1077; x_wconf 91' lang='lat' dir='ltr'><strong>eum</strong></span> <span class='ocrx_word' id='word_1_76' title='bbox 1351 1037 1580 1090; x_wconf 91' lang='lat' dir='ltr'><strong>corpore</strong></span> <span class='ocrx_word' id='word_1_77' title='bbox 1638 1021 1800 1086; x_wconf 88' lang='lat' dir='ltr'><strong>mori,</strong></span> <span class='ocrx_word' id='word_1_78' title='bbox 1827 1031 1878 1075; x_wconf 91' lang='lat' dir='ltr'><strong>et</strong></span> <span class='ocrx_word' id='word_1_79' title='bbox 1909 1037 2028 1076; x_wconf 83' lang='lat' dir='ltr'><strong>esse</strong></span> 
     </span>
    </p>
   </div>
   <div class='ocr_carea' id='block_1_11' title="bbox 454 1112 2025 1182">
    <p class='ocr_par' dir='ltr' id='par_1_11' title="bbox 454 1112 2025 1182">
     <span class='ocr_line' id='line_1_12' title="bbox 454 1112 2025 1182; baseline -0.001 -15"><span class='ocrx_word' id='word_1_80' title='bbox 454 1115 759 1180; x_wconf 84' lang='lat' dir='ltr'><strong>mortalem,</strong></span> <span class='ocrx_word' id='word_1_81' title='bbox 799 1118 842 1170; x_wconf 92' lang='lat' dir='ltr'><strong>si</strong></span> <span class='ocrx_word' id='word_1_82' title='bbox 905 1115 1063 1168; x_wconf 81' lang='lat' dir='ltr'><strong>simul</strong></span> <span class='ocrx_word' id='word_1_83' title='bbox 1112 1131 1232 1168; x_wconf 89' lang='lat' dir='ltr'><strong>cum</strong></span> <span class='ocrx_word' id='word_1_84' title='bbox 1274 1129 1524 1182; x_wconf 89' lang='lat' dir='ltr'><strong>corpore,</strong></span> <span class='ocrx_word' id='word_1_85' title='bbox 1585 1113 1672 1166; x_wconf 92' lang='lat' dir='ltr'><strong>vel</strong></span> <span class='ocrx_word' id='word_1_86' title='bbox 1733 1112 2025 1181; x_wconf 75' lang='lat' dir='ltr'><strong>seminata,</strong></span> 
     </span>
    </p>
   </div>
   <div class='ocr_carea' id='block_1_12' title="bbox 454 1206 1263 1271">
    <p class='ocr_par' dir='ltr' id='par_1_12' title="bbox 454 1206 1263 1271">
     <span class='ocr_line' id='line_1_13' title="bbox 454 1206 1263 1271; baseline 0 -11"><span class='ocrx_word' id='word_1_87' title='bbox 454 1208 537 1260; x_wconf 91' lang='lat' dir='ltr'><strong>vel</strong></span> <span class='ocrx_word' id='word_1_88' title='bbox 584 1206 841 1271; x_wconf 86' lang='lat' dir='ltr'><strong>formata,</strong></span> <span class='ocrx_word' id='word_1_89' title='bbox 874 1206 959 1261; x_wconf 89' lang='lat' dir='ltr'><strong>vel</strong></span> <span class='ocrx_word' id='word_1_90' title='bbox 997 1216 1124 1258; x_wconf 90' lang='lat' dir='ltr'><strong>nata</strong></span> <span class='ocrx_word' id='word_1_91' title='bbox 1159 1213 1263 1260; x_wconf 85' lang='lat' dir='ltr'><strong>est.</strong></span> 
     </span>
    </p>
   </div>
   <div class='ocr_carea' id='block_1_13' title="bbox 523 1293 2024 1362">
    <p class='ocr_par' dir='ltr' id='par_1_13' title="bbox 523 1293 2024 1362">
     <span class='ocr_line' id='line_1_14' title="bbox 523 1293 2024 1362; baseline -0.004 -9"><span class='ocrx_word' id='word_1_92' title='bbox 523 1299 613 1353; x_wconf 86' lang='lat' dir='ltr'><strong>IV.</strong></span> <span class='ocrx_word' id='word_1_93' title='bbox 656 1300 790 1353; x_wconf 86' lang='lat' dir='ltr'><strong>Tum</strong></span> <span class='ocrx_word' id='word_1_94' title='bbox 816 1300 1006 1353; x_wconf 89' lang='lat' dir='ltr'><strong>deinde</strong></span> <span class='ocrx_word' id='word_1_95' title='bbox 1029 1298 1127 1359; x_wconf 85' lang='lat' dir='ltr'><strong>illi,</strong></span> <span class='ocrx_word' id='word_1_96' title='bbox 1165 1297 1217 1350; x_wconf 88' lang='lat' dir='ltr'><strong>id</strong></span> <span class='ocrx_word' id='word_1_97' title='bbox 1243 1307 1344 1360; x_wconf 84' lang='lat' dir='ltr'><strong>est,</strong></span> <span class='ocrx_word' id='word_1_98' title='bbox 1375 1296 1708 1362; x_wconf 72' lang='lat' dir='ltr'><strong>Apollonius,</strong></span> <span class='ocrx_word' id='word_1_99' title='bbox 1730 1293 2024 1348; x_wconf 78' lang='lat' dir='ltr'><strong>Tertullia-</strong></span> 
     </span>
    </p>
   </div>
   <div class='ocr_carea' id='block_1_14' title="bbox 454 1386 2029 1458">
    <p class='ocr_par' dir='ltr' id='par_1_14' title="bbox 454 1386 2029 1458">
     <span class='ocr_line' id='line_1_15' title="bbox 454 1386 2029 1458; baseline -0.003 -15"><span class='ocrx_word' id='word_1_100' title='bbox 454 1389 913 1458; x_wconf 74' lang='lat' dir='ltr'><strong>nus,;Pompeitts,</strong></span> <span class='ocrx_word' id='word_1_101' title='bbox 934 1388 1226 1452; x_wconf 84' lang='lat' dir='ltr'><strong>Arnobius,</strong></span> <span class='ocrx_word' id='word_1_102' title='bbox 1257 1386 1598 1451; x_wconf 73' lang='lat' dir='ltr'><strong>Laclantius,</strong></span> <span class='ocrx_word' id='word_1_103' title='bbox 1637 1391 1799 1455; x_wconf 84' lang='lat' dir='ltr'><strong>atque</strong></span> <span class='ocrx_word' id='word_1_104' title='bbox 1827 1388 2029 1454; x_wconf 78' lang='lat' dir='ltr'><strong>Apolli-</strong></span> 
     </span>
    </p>
   </div>
   <div class='ocr_carea' id='block_1_15' title="bbox 454 1479 2023 1550">
    <p class='ocr_par' dir='ltr' id='par_1_15' title="bbox 454 1479 2023 1550">
     <span class='ocr_line' id='line_1_16' title="bbox 454 1479 2023 1550; baseline -0.004 -16"><span class='ocrx_word' id='word_1_105' title='bbox 454 1483 662 1547; x_wconf 89' lang='lat' dir='ltr'><strong>narius,</strong></span> <span class='ocrx_word' id='word_1_106' title='bbox 697 1482 786 1550; x_wconf 87' lang='lat' dir='ltr'><strong>qui</strong></span> <span class='ocrx_word' id='word_1_107' title='bbox 847 1496 1007 1534; x_wconf 88' lang='lat' dir='ltr'><strong>uuam</strong></span> <span class='ocrx_word' id='word_1_108' title='bbox 1041 1479 1264 1548; x_wconf 87' lang='lat' dir='ltr'><strong>quidem</strong></span> <span class='ocrx_word' id='word_1_109' title='bbox 1300 1493 1363 1530; x_wconf 81' lang='lat' dir='ltr'><strong>ex</strong></span> <span class='ocrx_word' id='word_1_110' title='bbox 1429 1479 1596 1531; x_wconf 88' lang='lat' dir='ltr'><strong>nullis</strong></span> <span class='ocrx_word' id='word_1_111' title='bbox 1635 1479 1960 1532; x_wconf 86' lang='lat' dir='ltr'><strong>substantiis</strong></span> <span class='ocrx_word' id='word_1_112' title='bbox 1998 1495 2023 1528; x_wconf 88' lang='lat' dir='ltr'><strong>a</strong></span> 
     </span>
    </p>
   </div>
   <div class='ocr_carea' id='block_1_16' title="bbox 457 1568 2026 1636">
    <p class='ocr_par' dir='ltr' id='par_1_16' title="bbox 457 1568 2026 1636">
     <span class='ocr_line' id='line_1_17' title="bbox 457 1568 2026 1636; baseline -0.003 -10"><span class='ocrx_word' id='word_1_113' title='bbox 457 1575 565 1627; x_wconf 86' lang='lat' dir='ltr'><strong>Deo</strong></span> <span class='ocrx_word' id='word_1_114' title='bbox 590 1573 786 1626; x_wconf 88' lang='lat' dir='ltr'><strong>factam</strong></span> <span class='ocrx_word' id='word_1_115' title='bbox 836 1586 955 1626; x_wconf 87' lang='lat' dir='ltr'><strong>esse</strong></span> <span class='ocrx_word' id='word_1_116' title='bbox 989 1572 1177 1624; x_wconf 88' lang='lat' dir='ltr'><strong>dicunt</strong></span> <span class='ocrx_word' id='word_1_117' title='bbox 1209 1571 1474 1634; x_wconf 82' lang='lat' dir='ltr'><strong>animam,</strong></span> <span class='ocrx_word' id='word_1_118' title='bbox 1517 1568 1567 1622; x_wconf 86' lang='lat' dir='ltr'><strong>id</strong></span> <span class='ocrx_word' id='word_1_119' title='bbox 1599 1579 1705 1632; x_wconf 89' lang='lat' dir='ltr'><strong>est,</strong></span> <span class='ocrx_word' id='word_1_120' title='bbox 1730 1568 1875 1622; x_wconf 89' lang='lat' dir='ltr'><strong>illam</strong></span> <span class='ocrx_word' id='word_1_121' title='bbox 1906 1583 2026 1636; x_wconf 69' lang='lat' dir='ltr'><strong>qure</strong></span> 
     </span>
    </p>
   </div>
   <div class='ocr_carea' id='block_1_17' title="bbox 454 1661 2024 1732">
    <p class='ocr_par' dir='ltr' id='par_1_17' title="bbox 454 1661 2024 1732">
     <span class='ocr_line' id='line_1_18' title="bbox 454 1661 2024 1732; baseline -0.003 -15"><span class='ocrx_word' id='word_1_122' title='bbox 454 1666 627 1732; x_wconf 85' lang='lat' dir='ltr'><strong>prima</strong></span> <span class='ocrx_word' id='word_1_123' title='bbox 682 1664 825 1717; x_wconf 89' lang='lat' dir='ltr'><strong>facta</strong></span> <span class='ocrx_word' id='word_1_124' title='bbox 873 1674 954 1718; x_wconf 89' lang='lat' dir='ltr'><strong>est</strong></span> <span class='ocrx_word' id='word_1_125' title='bbox 1006 1663 1058 1718; x_wconf 92' lang='lat' dir='ltr'><strong>in</strong></span> <span class='ocrx_word' id='word_1_126' title='bbox 1113 1662 1286 1715; x_wconf 80' lang='lat' dir='ltr'><strong>Adam</strong></span> <span class='ocrx_word' id='word_1_127' title='bbox 1319 1680 1333 1726; x_wconf 90' lang='lat'><strong>;</strong></span> <span class='ocrx_word' id='word_1_128' title='bbox 1365 1670 1418 1716; x_wconf 91' lang='lat' dir='ltr'><strong>et</strong></span> <span class='ocrx_word' id='word_1_129' title='bbox 1449 1677 1514 1714; x_wconf 79' lang='lat' dir='ltr'><strong>ex</strong></span> <span class='ocrx_word' id='word_1_130' title='bbox 1549 1661 1722 1714; x_wconf 85' lang='lat' dir='ltr'><strong>Adam</strong></span> <span class='ocrx_word' id='word_1_131' title='bbox 1783 1662 2024 1714; x_wconf 87' lang='lat' dir='ltr'><strong>omnimu</strong></span> 
     </span>
    </p>
   </div>
   <div class='ocr_carea' id='block_1_18' title="bbox 453 1752 2024 1819">
    <p class='ocr_par' dir='ltr' id='par_1_18' title="bbox 453 1752 2024 1819">
     <span class='ocr_line' id='line_1_19' title="bbox 453 1752 2024 1819; baseline -0.004 -9"><span class='ocrx_word' id='word_1_132' title='bbox 453 1757 732 1810; x_wconf 81' lang='lat' dir='ltr'><strong>hominum</strong></span> <span class='ocrx_word' id='word_1_133' title='bbox 762 1755 970 1809; x_wconf 88' lang='lat' dir='ltr'><strong>animas</strong></span> <span class='ocrx_word' id='word_1_134' title='bbox 998 1752 1284 1818; x_wconf 74' lang='lat' dir='ltr'><strong>exsistere,</strong></span> <span class='ocrx_word' id='word_1_135' title='bbox 1318 1761 1372 1807; x_wconf 91' lang='lat' dir='ltr'><strong>et</strong></span> <span class='ocrx_word' id='word_1_136' title='bbox 1427 1752 1726 1808; x_wconf 61' lang='lat' dir='ltr'><strong>sectuidum</strong></span> <span class='ocrx_word' id='word_1_137' title='bbox 1771 1767 2024 1819; x_wconf 88' lang='lat' dir='ltr'><strong>corpora-</strong></span> 
     </span>
    </p>
   </div>
   <div class='ocr_carea' id='block_1_19' title="bbox 2131 569 3346 638">
    <p class='ocr_par' dir='ltr' id='par_1_19' title="bbox 2131 569 3346 638">
     <span class='ocr_line' id='line_1_20' title="bbox 2131 569 3346 638; baseline -0.003 -14"><span class='ocrx_word' id='word_1_138' title='bbox 2131 586 2289 624; x_wconf 85' lang='lat' dir='ltr'><strong>nianu</strong></span> <span class='ocrx_word' id='word_1_139' title='bbox 2327 569 2692 636; x_wconf 83' lang='lat' dir='ltr'><strong>peetussemel</strong></span> <span class='ocrx_word' id='word_1_140' title='bbox 2725 571 3027 638; x_wconf 79' lang='lat' dir='ltr'><strong>iterumque</strong></span> <span class='ocrx_word' id='word_1_141' title='bbox 3055 569 3346 636; x_wconf 75' lang='lat' dir='ltr'><strong>percussit.</strong></span> 
     </span>
    </p>
   </div>
   <div class='ocr_carea' id='block_1_20' title="bbox 2202 657 3702 726">
    <p class='ocr_par' dir='ltr' id='par_1_20' title="bbox 2202 657 3702 726">
     <span class='ocr_line' id='line_1_21' title="bbox 2202 657 3702 726; baseline -0.002 -15"><span class='ocrx_word' id='word_1_142' title='bbox 2202 657 2310 711; x_wconf 69' lang='grc' dir='ltr'><strong>νη.</strong></span> <span class='ocrx_word' id='word_1_143' title='bbox 2346 657 2648 713; x_wconf 76' lang='lat' dir='ltr'><strong>Redeamus</strong></span> <span class='ocrx_word' id='word_1_144' title='bbox 2683 661 2750 711; x_wconf 89' lang='lat' dir='ltr'><strong>ad</strong></span> <span class='ocrx_word' id='word_1_145' title='bbox 2783 659 2899 711; x_wconf 91' lang='lat' dir='ltr'><strong>illas</strong></span> <span class='ocrx_word' id='word_1_146' title='bbox 2931 667 3193 726; x_wconf 63' lang='lat' dir='ltr'><strong>praeterea</strong></span> <span class='ocrx_word' id='word_1_147' title='bbox 3229 666 3540 712; x_wconf 84' lang='lat' dir='ltr'><strong>sanctorum</strong></span> <span class='ocrx_word' id='word_1_148' title='bbox 3604 670 3702 709; x_wconf 87' lang='lat' dir='ltr'><strong>no-</strong></span> 
     </span>
    </p>
   </div>
   <div class='ocr_carea' id='block_1_21' title="bbox 2131 749 3705 818">
    <p class='ocr_par' dir='ltr' id='par_1_21' title="bbox 2131 749 3705 818">
     <span class='ocr_line' id='line_1_22' title="bbox 2131 749 3705 818; baseline -0.004 -13"><span class='ocrx_word' id='word_1_149' title='bbox 2131 752 2425 806; x_wconf 88' lang='lat' dir='ltr'><strong>bilissimas</strong></span> <span class='ocrx_word' id='word_1_150' title='bbox 2461 749 2878 818; x_wconf 83' lang='lat' dir='ltr'><strong>disputationes,</strong></span> <span class='ocrx_word' id='word_1_151' title='bbox 2928 763 3033 802; x_wconf 87' lang='lat' dir='ltr'><strong>non</strong></span> <span class='ocrx_word' id='word_1_152' title='bbox 3073 749 3122 800; x_wconf 91' lang='lat' dir='ltr'><strong>in</strong></span> <span class='ocrx_word' id='word_1_153' title='bbox 3172 750 3478 800; x_wconf 72' lang='lat' dir='ltr'><strong>Academia:</strong></span> <span class='ocrx_word' id='word_1_154' title='bbox 3513 762 3705 800; x_wconf 77' lang='lat' dir='ltr'><strong>nemo-</strong></span> 
     </span>
    </p>
   </div>
   <div class='ocr_carea' id='block_1_22' title="bbox 2131 839 3702 912">
    <p class='ocr_par' dir='ltr' id='par_1_22' title="bbox 2131 839 3702 912">
     <span class='ocr_line' id='line_1_23' title="bbox 2131 839 3702 912; baseline -0.002 -16"><span class='ocrx_word' id='word_1_155' title='bbox 2131 859 2266 897; x_wconf 81' lang='lat' dir='ltr'><strong>rosae</strong></span> <span class='ocrx_word' id='word_1_156' title='bbox 2316 843 2561 895; x_wconf 90' lang='lat' dir='ltr'><strong>obscuris</strong></span> <span class='ocrx_word' id='word_1_157' title='bbox 2603 850 2776 896; x_wconf 79' lang='lat' dir='ltr'><strong>textas</strong></span> <span class='ocrx_word' id='word_1_158' title='bbox 2813 840 2937 912; x_wconf 79' lang='grc' dir='ltr'><strong>[ΑΙ.</strong></span> <span class='ocrx_word' id='word_1_159' title='bbox 2973 842 3167 911; x_wconf 77' lang='lat' dir='ltr'><strong>tectas]</strong></span> <span class='ocrx_word' id='word_1_160' title='bbox 3208 839 3559 902; x_wconf 83' lang='lat' dir='ltr'><strong>umbraculis,</strong></span> <span class='ocrx_word' id='word_1_161' title='bbox 3606 841 3702 893; x_wconf 85' lang='lat' dir='ltr'><strong>sed</strong></span> 
     </span>
    </p>
   </div>
   <div class='ocr_carea' id='block_1_23' title="bbox 2129 930 3704 1000">
    <p class='ocr_par' dir='ltr' id='par_1_23' title="bbox 2129 930 3704 1000">
     <span class='ocr_line' id='line_1_24' title="bbox 2129 930 3704 1000; baseline -0.004 -12"><span class='ocrx_word' id='word_1_162' title='bbox 2129 935 2336 988; x_wconf 77' lang='lat' dir='ltr'><strong>caelesti</strong></span> <span class='ocrx_word' id='word_1_163' title='bbox 2369 934 2666 987; x_wconf 86' lang='lat' dir='ltr'><strong>illustratas</strong></span> <span class='ocrx_word' id='word_1_164' title='bbox 2693 946 2757 985; x_wconf 85' lang='lat' dir='ltr'><strong>ex</strong></span> <span class='ocrx_word' id='word_1_165' title='bbox 2810 932 3033 986; x_wconf 88' lang='lat' dir='ltr'><strong>lumine.</strong></span> <span class='ocrx_word' id='word_1_166' title='bbox 3066 931 3265 986; x_wconf 86' lang='lat' dir='ltr'><strong>Beatus</strong></span> <span class='ocrx_word' id='word_1_167' title='bbox 3303 932 3483 1000; x_wconf 86' lang='lat' dir='ltr'><strong>itaque</strong></span> <span class='ocrx_word' id='word_1_168' title='bbox 3511 930 3704 984; x_wconf 83' lang='lat' dir='ltr'><strong>Hiem-</strong></span> 
     </span>
    </p>
   </div>
   <div class='ocr_carea' id='block_1_24' title="bbox 2129 1021 3697 1094">
    <p class='ocr_par' dir='ltr' id='par_1_24' title="bbox 2129 1021 3697 1094">
     <span class='ocr_line' id='line_1_25' title="bbox 2129 1021 3697 1094; baseline -0.003 -16"><span class='ocrx_word' id='word_1_169' title='bbox 2129 1039 2322 1094; x_wconf 87' lang='lat' dir='ltr'><strong>nymus</strong></span> <span class='ocrx_word' id='word_1_170' title='bbox 2353 1033 2458 1076; x_wconf 83' lang='lat' dir='ltr'><strong>tant</strong></span> <span class='ocrx_word' id='word_1_171' title='bbox 2487 1033 2735 1078; x_wconf 90' lang='lat' dir='ltr'><strong>sanctum</strong></span> <span class='ocrx_word' id='word_1_172' title='bbox 2793 1021 3132 1076; x_wconf 77' lang='lat' dir='ltr'><strong>Victorinum</strong></span> <span class='ocrx_word' id='word_1_173' title='bbox 3167 1033 3486 1090; x_wconf 87' lang='lat' dir='ltr'><strong>martyrem,</strong></span> <span class='ocrx_word' id='word_1_174' title='bbox 3535 1037 3697 1090; x_wconf 84' lang='lat' dir='ltr'><strong>quam</strong></span> 
     </span>
    </p>
   </div>
   <div class='ocr_carea' id='block_1_25' title="bbox 2128 1112 3698 1184">
    <p class='ocr_par' dir='ltr' id='par_1_25' title="bbox 2128 1112 3698 1184">
     <span class='ocr_line' id='line_1_26' title="bbox 2128 1112 3698 1184; baseline -0.001 -19"><span class='ocrx_word' id='word_1_175' title='bbox 2128 1115 2420 1184; x_wconf 87' lang='lat' dir='ltr'><strong>plerosque</strong></span> <span class='ocrx_word' id='word_1_176' title='bbox 2437 1113 2736 1167; x_wconf 78' lang='lat' dir='ltr'><strong>catholicos</strong></span> <span class='ocrx_word' id='word_1_177' title='bbox 2766 1122 3018 1177; x_wconf 89' lang='lat' dir='ltr'><strong>secutus,</strong></span> <span class='ocrx_word' id='word_1_178' title='bbox 3057 1127 3115 1166; x_wconf 88' lang='lat' dir='ltr'><strong>se</strong></span> <span class='ocrx_word' id='word_1_179' title='bbox 3149 1114 3330 1181; x_wconf 88' lang='lat' dir='ltr'><strong>potius</strong></span> <span class='ocrx_word' id='word_1_180' title='bbox 3369 1112 3506 1176; x_wconf 86' lang='lat' dir='ltr'><strong>fieri,</strong></span> <span class='ocrx_word' id='word_1_181' title='bbox 3537 1128 3698 1182; x_wconf 85' lang='lat' dir='ltr'><strong>quam</strong></span> 
     </span>
    </p>
   </div>
   <div class='ocr_carea' id='block_1_26' title="bbox 2129 1203 3699 1274">
    <p class='ocr_par' dir='ltr' id='par_1_26' title="bbox 2129 1203 3699 1274">
     <span class='ocr_line' id='line_1_27' title="bbox 2129 1203 3699 1274; baseline -0.001 -17"><span class='ocrx_word' id='word_1_182' title='bbox 2129 1204 2409 1274; x_wconf 72' lang='lat' dir='ltr'><strong>propagari</strong></span> <span class='ocrx_word' id='word_1_183' title='bbox 2437 1205 2670 1257; x_wconf 80' lang='lat' dir='ltr'><strong>animas</strong></span> <span class='ocrx_word' id='word_1_184' title='bbox 2703 1218 2717 1257; x_wconf 89' lang='lat'><strong>:</strong></span> <span class='ocrx_word' id='word_1_185' title='bbox 2751 1204 3055 1258; x_wconf 88' lang='lat' dir='ltr'><strong>secundum</strong></span> <span class='ocrx_word' id='word_1_186' title='bbox 3083 1203 3213 1256; x_wconf 90' lang='lat' dir='ltr'><strong>illud</strong></span> <span class='ocrx_word' id='word_1_187' title='bbox 3250 1207 3392 1271; x_wconf 92' lang='lat' dir='ltr'><strong>quod</strong></span> <span class='ocrx_word' id='word_1_188' title='bbox 3435 1204 3492 1256; x_wconf 90' lang='lat' dir='ltr'><strong>in</strong></span> <span class='ocrx_word' id='word_1_189' title='bbox 3521 1203 3699 1256; x_wconf 80' lang='lat' dir='ltr'><strong>Evan-</strong></span> 
     </span>
    </p>
   </div>
   <div class='ocr_carea' id='block_1_27' title="bbox 2131 1293 3694 1363">
    <p class='ocr_par' dir='ltr' id='par_1_27' title="bbox 2131 1293 3694 1363">
     <span class='ocr_line' id='line_1_28' title="bbox 2131 1293 3694 1363; baseline -0.003 -17"><span class='ocrx_word' id='word_1_190' title='bbox 2131 1296 2269 1362; x_wconf 76' lang='lat' dir='ltr'><strong>gelio</strong></span> <span class='ocrx_word' id='word_1_191' title='bbox 2299 1295 2560 1363; x_wconf 90' lang='lat' dir='ltr'><strong>scriptum</strong></span> <span class='ocrx_word' id='word_1_192' title='bbox 2596 1303 2679 1347; x_wconf 90' lang='lat' dir='ltr'><strong>est</strong></span> <span class='ocrx_word' id='word_1_193' title='bbox 2710 1310 2724 1346; x_wconf 90' lang='lat'><strong>:</strong></span> <span class='ocrx_word' id='word_1_194' title='bbox 2756 1293 2920 1348; x_wconf 81' lang='lat' dir='ltr'><strong>Pater</strong></span> <span class='ocrx_word' id='word_1_195' title='bbox 2966 1309 3108 1347; x_wconf 78' lang='lat' dir='ltr'><strong>meus</strong></span> <span class='ocrx_word' id='word_1_196' title='bbox 3134 1293 3372 1363; x_wconf 79' lang='lat' dir='ltr'><strong>quotidie</strong></span> <span class='ocrx_word' id='word_1_197' title='bbox 3421 1302 3694 1362; x_wconf 83' lang='lat' dir='ltr'><strong>operatur,</strong></span> 
     </span>
    </p>
   </div>
   <div class='ocr_carea' id='block_1_28' title="bbox 2130 1383 3691 1454">
    <p class='ocr_par' dir='ltr' id='par_1_28' title="bbox 2130 1383 3691 1454">
     <span class='ocr_line' id='line_1_29' title="bbox 2130 1383 3691 1454; baseline 0 -17"><span class='ocrx_word' id='word_1_198' title='bbox 2130 1395 2177 1437; x_wconf 87' lang='lat' dir='ltr'><strong>ct</strong></span> <span class='ocrx_word' id='word_1_199' title='bbox 2213 1401 2305 1454; x_wconf 89' lang='lat' dir='ltr'><strong>ego</strong></span> <span class='ocrx_word' id='word_1_200' title='bbox 2349 1400 2533 1452; x_wconf 84' lang='lat' dir='ltr'><strong>operor</strong></span> <span class='ocrx_word' id='word_1_201' title='bbox 2591 1383 2779 1454; x_wconf 82' lang='lat' dir='ltr'><strong>(Joan.</strong></span> <span class='ocrx_word' id='word_1_202' title='bbox 2813 1399 2869 1445; x_wconf 79' lang='grc' dir='ltr'><strong>ν,</strong></span> <span class='ocrx_word' id='word_1_203' title='bbox 2921 1385 3030 1453; x_wconf 82' lang='grc'><strong>17),</strong></span> <span class='ocrx_word' id='word_1_204' title='bbox 3071 1386 3296 1439; x_wconf 89' lang='lat' dir='ltr'><strong>credere</strong></span> <span class='ocrx_word' id='word_1_205' title='bbox 3349 1383 3691 1452; x_wconf 76' lang='lat' dir='ltr'><strong>significavit.</strong></span> 
     </span>
    </p>
   </div>
   <div class='ocr_carea' id='block_1_29' title="bbox 2133 1475 3696 1544">
    <p class='ocr_par' dir='ltr' id='par_1_29' title="bbox 2133 1475 3696 1544">
     <span class='ocr_line' id='line_1_30' title="bbox 2133 1475 3696 1544; baseline -0.002 -14"><span class='ocrx_word' id='word_1_206' title='bbox 2133 1478 2364 1530; x_wconf 87' lang='lat' dir='ltr'><strong>Sanctus</strong></span> <span class='ocrx_word' id='word_1_207' title='bbox 2387 1490 2601 1544; x_wconf 88' lang='lat' dir='ltr'><strong>quoque</strong></span> <span class='ocrx_word' id='word_1_208' title='bbox 2620 1476 2953 1544; x_wconf 77' lang='lat' dir='ltr'><strong>Augustinus</strong></span> <span class='ocrx_word' id='word_1_209' title='bbox 2977 1479 3116 1530; x_wconf 86' lang='lat' dir='ltr'><strong>hanc</strong></span> <span class='ocrx_word' id='word_1_210' title='bbox 3144 1475 3452 1543; x_wconf 90' lang='lat' dir='ltr'><strong>opinionem</strong></span> <span class='ocrx_word' id='word_1_211' title='bbox 3484 1475 3538 1527; x_wconf 88' lang='lat' dir='ltr'><strong>iit</strong></span> <span class='ocrx_word' id='word_1_212' title='bbox 3571 1485 3696 1528; x_wconf 91' lang='lat' dir='ltr'><strong>octo</strong></span> 
     </span>
    </p>
   </div>
   <div class='ocr_carea' id='block_1_30' title="bbox 2132 1566 3692 1632">
    <p class='ocr_par' dir='ltr' id='par_1_30' title="bbox 2132 1566 3692 1632">
     <span class='ocr_line' id='line_1_31' title="bbox 2132 1566 3692 1632; baseline -0.003 -10"><span class='ocrx_word' id='word_1_213' title='bbox 2132 1569 2421 1622; x_wconf 86' lang='lat' dir='ltr'><strong>admodum</strong></span> <span class='ocrx_word' id='word_1_214' title='bbox 2469 1568 2853 1632; x_wconf 77' lang='lat' dir='ltr'><strong>voluminibus,</strong></span> <span class='ocrx_word' id='word_1_215' title='bbox 2884 1569 3064 1622; x_wconf 87' lang='lat' dir='ltr'><strong>verbis</strong></span> <span class='ocrx_word' id='word_1_216' title='bbox 3101 1569 3236 1622; x_wconf 92' lang='lat' dir='ltr'><strong>tueri</strong></span> <span class='ocrx_word' id='word_1_217' title='bbox 3273 1567 3531 1622; x_wconf 89' lang='lat' dir='ltr'><strong>cernitur.</strong></span> <span class='ocrx_word' id='word_1_218' title='bbox 3586 1566 3692 1620; x_wconf 89' lang='lat' dir='ltr'><strong>Sed</strong></span> 
     </span>
    </p>
   </div>
   <div class='ocr_carea' id='block_1_31' title="bbox 2134 1658 3693 1728">
    <p class='ocr_par' dir='ltr' id='par_1_31' title="bbox 2134 1658 3693 1728">
     <span class='ocr_line' id='line_1_32' title="bbox 2134 1658 3693 1728; baseline 0 -16"><span class='ocrx_word' id='word_1_219' title='bbox 2134 1675 2252 1712; x_wconf 90' lang='lat' dir='ltr'><strong>cum</strong></span> <span class='ocrx_word' id='word_1_220' title='bbox 2275 1659 2540 1727; x_wconf 83' lang='lat' dir='ltr'><strong>originale</strong></span> <span class='ocrx_word' id='word_1_221' title='bbox 2562 1669 3160 1728; x_wconf 66' lang='lat' dir='ltr'><strong>peccatunipmnasque</strong></span> <span class='ocrx_word' id='word_1_222' title='bbox 3189 1658 3555 1728; x_wconf 86' lang='lat' dir='ltr'><strong>parvulorum,</strong></span> <span class='ocrx_word' id='word_1_223' title='bbox 3598 1658 3693 1727; x_wconf 85' lang='lat' dir='ltr'><strong>qui</strong></span> 
     </span>
    </p>
   </div>
   <div class='ocr_carea' id='block_1_32' title="bbox 2132 1750 3695 1820">
    <p class='ocr_par' dir='ltr' id='par_1_32' title="bbox 2132 1750 3695 1820">
     <span class='ocr_line' id='line_1_33' title="bbox 2132 1750 3695 1820; baseline 0.001 -17"><span class='ocrx_word' id='word_1_224' title='bbox 2132 1750 2251 1804; x_wconf 90' lang='lat' dir='ltr'><strong>sine</strong></span> <span class='ocrx_word' id='word_1_225' title='bbox 2275 1751 2603 1820; x_wconf 82' lang='lat' dir='ltr'><strong>baptismate</strong></span> <span class='ocrx_word' id='word_1_226' title='bbox 2630 1752 2959 1814; x_wconf 90' lang='lat' dir='ltr'><strong>moriuntur,</strong></span> <span class='ocrx_word' id='word_1_227' title='bbox 2982 1750 3260 1805; x_wconf 79' lang='lat' dir='ltr'><strong>declarare</strong></span> <span class='ocrx_word' id='word_1_228' title='bbox 3287 1750 3496 1815; x_wconf 84' lang='lat' dir='ltr'><strong>nititur,</strong></span> <span class='ocrx_word' id='word_1_229' title='bbox 3518 1765 3547 1803; x_wconf 91' lang='lat' dir='ltr'><strong>a</strong></span> <span class='ocrx_word' id='word_1_230' title='bbox 3587 1750 3695 1805; x_wconf 86' lang='lat' dir='ltr'><strong>Deo</strong></span> 
     </span>
    </p>
   </div>
   <div class='ocr_carea' id='block_1_33' title="bbox 455 1810 3689 1912">
    <p class='ocr_par' dir='ltr' id='par_1_33' title="bbox 455 1810 3689 1912">
     <span class='ocr_line' id='line_1_34' title="bbox 455 1810 3689 1912; baseline -0.002 -13"><span class='ocrx_word' id='word_1_231' title='bbox 455 1848 558 1900; x_wconf 81' lang='lat' dir='ltr'><strong>lem</strong></span> <span class='ocrx_word' id='word_1_232' title='bbox 618 1848 736 1900; x_wconf 86' lang='lat' dir='ltr'><strong>sine</strong></span> <span class='ocrx_word' id='word_1_233' title='bbox 785 1845 950 1900; x_wconf 88' lang='lat' dir='ltr'><strong>dubio</strong></span> <span class='ocrx_word' id='word_1_234' title='bbox 1001 1844 1427 1907; x_wconf 86' lang='lat' dir='ltr'><strong>successionem,</strong></span> <span class='ocrx_word' id='word_1_235' title='bbox 1474 1843 1749 1901; x_wconf 78' lang='lat' dir='ltr'><strong>traducem</strong></span> <span class='ocrx_word' id='word_1_236' title='bbox 1810 1857 2024 1911; x_wconf 84' lang='lat' dir='ltr'><strong>quoque</strong></span> <span class='ocrx_word' id='word_1_237' title='bbox 2057 1810 2098 1863; x_wconf 74' lang='grc' dir='ltr'><strong>Β</strong></span> <span class='ocrx_word' id='word_1_238' title='bbox 2136 1842 2329 1897; x_wconf 90' lang='lat' dir='ltr'><strong>factam</strong></span> <span class='ocrx_word' id='word_1_239' title='bbox 2365 1844 2414 1896; x_wconf 93' lang='lat' dir='ltr'><strong>in</strong></span> <span class='ocrx_word' id='word_1_240' title='bbox 2443 1845 2633 1909; x_wconf 82' lang='lat' dir='ltr'><strong>Adam,</strong></span> <span class='ocrx_word' id='word_1_241' title='bbox 2667 1854 2808 1897; x_wconf 77' lang='lat' dir='ltr'><strong>etex</strong></span> <span class='ocrx_word' id='word_1_242' title='bbox 2834 1845 2947 1912; x_wconf 87' lang='lat' dir='ltr'><strong>ipsa</strong></span> <span class='ocrx_word' id='word_1_243' title='bbox 2983 1846 3226 1898; x_wconf 89' lang='lat' dir='ltr'><strong>omnium</strong></span> <span class='ocrx_word' id='word_1_244' title='bbox 3260 1843 3540 1896; x_wconf 85' lang='lat' dir='ltr'><strong>hominum</strong></span> <span class='ocrx_word' id='word_1_245' title='bbox 3567 1843 3689 1896; x_wconf 83' lang='lat' dir='ltr'><strong>ani-</strong></span> 
     </span>
    </p>
   </div>
   <div class='ocr_carea' id='block_1_34' title="bbox 451 1935 2020 2004">
    <p class='ocr_par' dir='ltr' id='par_1_34' title="bbox 451 1935 2020 2004">
     <span class='ocr_line' id='line_1_35' title="bbox 451 1935 2020 2004; baseline -0.003 -14"><span class='ocrx_word' id='word_1_246' title='bbox 451 1939 572 1992; x_wconf 78' lang='lat' dir='ltr'><strong>fieri</strong></span> <span class='ocrx_word' id='word_1_247' title='bbox 622 1939 926 1991; x_wconf 88' lang='lat' dir='ltr'><strong>animarum</strong></span> <span class='ocrx_word' id='word_1_248' title='bbox 958 1953 970 1989; x_wconf 90' lang='lat'><strong>:</strong></span> <span class='ocrx_word' id='word_1_249' title='bbox 999 1937 1162 1990; x_wconf 89' lang='lat' dir='ltr'><strong>etiam</strong></span> <span class='ocrx_word' id='word_1_250' title='bbox 1219 1936 1320 2004; x_wconf 86' lang='lat' dir='ltr'><strong>ipsi</strong></span> <span class='ocrx_word' id='word_1_251' title='bbox 1353 1935 1478 2004; x_wconf 89' lang='lat' dir='ltr'><strong>quid</strong></span> <span class='ocrx_word' id='word_1_252' title='bbox 1524 1935 1668 1989; x_wconf 91' lang='lat' dir='ltr'><strong>aliud</strong></span> <span class='ocrx_word' id='word_1_253' title='bbox 1706 1935 2020 2000; x_wconf 88' lang='lat' dir='ltr'><strong>ostendunt,</strong></span> 
     </span>
    </p>
   </div>
   <div class='ocr_carea' id='block_1_35' title="bbox 455 2025 2020 2083">
    <p class='ocr_par' dir='ltr' id='par_1_35' title="bbox 455 2025 2020 2083">
     <span class='ocr_line' id='line_1_36' title="bbox 455 2025 2020 2083; baseline -0.004 0"><span class='ocrx_word' id='word_1_254' title='bbox 455 2030 552 2083; x_wconf 80' lang='lat' dir='ltr'><strong>nisi</strong></span> <span class='ocrx_word' id='word_1_255' title='bbox 587 2028 791 2082; x_wconf 86' lang='lat' dir='ltr'><strong>animas</strong></span> <span class='ocrx_word' id='word_1_256' title='bbox 825 2042 949 2082; x_wconf 87' lang='lat' dir='ltr'><strong>esse</strong></span> <span class='ocrx_word' id='word_1_257' title='bbox 983 2025 1286 2081; x_wconf 81' lang='lat' dir='ltr'><strong>mortales?</strong></span> <span class='ocrx_word' id='word_1_258' title='bbox 1319 2025 1374 2079; x_wconf 84' lang='lat' dir='ltr'><strong>Si</strong></span> <span class='ocrx_word' id='word_1_259' title='bbox 1415 2025 1557 2080; x_wconf 88' lang='lat' dir='ltr'><strong>enim</strong></span> <span class='ocrx_word' id='word_1_260' title='bbox 1585 2027 1726 2078; x_wconf 88' lang='lat' dir='ltr'><strong>sicut</strong></span> <span class='ocrx_word' id='word_1_261' title='bbox 1768 2025 2020 2078; x_wconf 81' lang='lat' dir='ltr'><strong>animalia</strong></span> 
     </span>
    </p>
   </div>
   <div class='ocr_carea' id='block_1_36' title="bbox 451 2115 2023 2174">
    <p class='ocr_par' dir='ltr' id='par_1_36' title="bbox 451 2115 2023 2174">
     <span class='ocr_line' id='line_1_37' title="bbox 451 2115 2023 2174; baseline -0.003 0"><span class='ocrx_word' id='word_1_262' title='bbox 451 2132 646 2174; x_wconf 68' lang='lat' dir='ltr'><strong>caetera</strong></span> <span class='ocrx_word' id='word_1_263' title='bbox 674 2135 737 2173; x_wconf 61' lang='lat' dir='ltr'><strong>ex</strong></span> <span class='ocrx_word' id='word_1_264' title='bbox 773 2119 888 2174; x_wconf 85' lang='lat' dir='ltr'><strong>solo</strong></span> <span class='ocrx_word' id='word_1_265' title='bbox 916 2120 1124 2173; x_wconf 87' lang='lat' dir='ltr'><strong>semine</strong></span> <span class='ocrx_word' id='word_1_266' title='bbox 1152 2120 1408 2172; x_wconf 90' lang='lat' dir='ltr'><strong>oriuntur</strong></span> <span class='ocrx_word' id='word_1_267' title='bbox 1444 2136 1456 2171; x_wconf 94' lang='lat'><strong>:</strong></span> <span class='ocrx_word' id='word_1_268' title='bbox 1497 2117 1567 2170; x_wconf 93' lang='lat' dir='ltr'><strong>ita</strong></span> <span class='ocrx_word' id='word_1_269' title='bbox 1609 2119 1771 2172; x_wconf 74' lang='lat' dir='ltr'><strong>etiam</strong></span> <span class='ocrx_word' id='word_1_270' title='bbox 1825 2115 1892 2171; x_wconf 70' lang='lat' dir='ltr'><strong>de</strong></span> <span class='ocrx_word' id='word_1_271' title='bbox 1930 2117 2023 2170; x_wconf 84' lang='lat' dir='ltr'><strong>ho-</strong></span> 
     </span>
    </p>
   </div>
   <div class='ocr_carea' id='block_1_37' title="bbox 451 2209 2022 2278">
    <p class='ocr_par' dir='ltr' id='par_1_37' title="bbox 451 2209 2022 2278">
     <span class='ocr_line' id='line_1_38' title="bbox 451 2209 2022 2278; baseline -0.003 -13"><span class='ocrx_word' id='word_1_272' title='bbox 451 2213 690 2266; x_wconf 82' lang='lat' dir='ltr'><strong>minibus</strong></span> <span class='ocrx_word' id='word_1_273' title='bbox 723 2211 986 2268; x_wconf 87' lang='lat' dir='ltr'><strong>sentimus</strong></span> <span class='ocrx_word' id='word_1_274' title='bbox 1021 2226 1038 2278; x_wconf 83' lang='grc'><strong>;</strong></span> <span class='ocrx_word' id='word_1_275' title='bbox 1071 2221 1125 2263; x_wconf 93' lang='lat' dir='ltr'><strong>ut</strong></span> <span class='ocrx_word' id='word_1_276' title='bbox 1152 2225 1274 2264; x_wconf 89' lang='lat' dir='ltr'><strong>cum</strong></span> <span class='ocrx_word' id='word_1_277' title='bbox 1304 2223 1534 2277; x_wconf 88' lang='lat' dir='ltr'><strong>corpore</strong></span> <span class='ocrx_word' id='word_1_278' title='bbox 1555 2209 1712 2262; x_wconf 81' lang='lat' dir='ltr'><strong>simul</strong></span> <span class='ocrx_word' id='word_1_279' title='bbox 1742 2209 1794 2260; x_wconf 91' lang='lat' dir='ltr'><strong>in</strong></span> <span class='ocrx_word' id='word_1_280' title='bbox 1831 2211 2022 2261; x_wconf 83' lang='lat' dir='ltr'><strong>eodem</strong></span> 
     </span>
    </p>
   </div>
   <div class='ocr_carea' id='block_1_38' title="bbox 449 2299 2024 2365">
    <p class='ocr_par' dir='ltr' id='par_1_38' title="bbox 449 2299 2024 2365">
     <span class='ocr_line' id='line_1_39' title="bbox 449 2299 2024 2365; baseline -0.003 -9"><span class='ocrx_word' id='word_1_281' title='bbox 449 2305 682 2365; x_wconf 86' lang='lat' dir='ltr'><strong>semine,</strong></span> <span class='ocrx_word' id='word_1_282' title='bbox 752 2303 918 2356; x_wconf 87' lang='lat' dir='ltr'><strong>etiam</strong></span> <span class='ocrx_word' id='word_1_283' title='bbox 973 2302 1155 2355; x_wconf 88' lang='lat' dir='ltr'><strong>anima</strong></span> <span class='ocrx_word' id='word_1_284' title='bbox 1211 2301 1555 2354; x_wconf 76' lang='lat' dir='ltr'><strong>del&#39;undatttr.</strong></span> <span class='ocrx_word' id='word_1_285' title='bbox 1611 2299 1751 2362; x_wconf 77' lang='lat' dir='ltr'><strong>Quid</strong></span> <span class='ocrx_word' id='word_1_286' title='bbox 1790 2299 2024 2352; x_wconf 87' lang='lat' dir='ltr'><strong>dicimus</strong></span> 
     </span>
    </p>
   </div>
   <div class='ocr_carea' id='block_1_39' title="bbox 451 2392 2020 2462">
    <p class='ocr_par' dir='ltr' id='par_1_39' title="bbox 451 2392 2020 2462">
     <span class='ocr_line' id='line_1_40' title="bbox 451 2392 2020 2462; baseline -0.003 -13"><span class='ocrx_word' id='word_1_287' title='bbox 451 2395 519 2449; x_wconf 94' lang='lat' dir='ltr'><strong>de</strong></span> <span class='ocrx_word' id='word_1_288' title='bbox 547 2395 632 2448; x_wconf 90' lang='lat' dir='ltr'><strong>his</strong></span> <span class='ocrx_word' id='word_1_289' title='bbox 659 2396 773 2462; x_wconf 67' lang='lat' dir='ltr'><strong>iqui</strong></span> <span class='ocrx_word' id='word_1_290' title='bbox 825 2393 1133 2462; x_wconf 80' lang='lat' dir='ltr'><strong>imperfecti</strong></span> <span class='ocrx_word' id='word_1_291' title='bbox 1177 2394 1374 2456; x_wconf 86' lang='lat' dir='ltr'><strong>adhuc,</strong></span> <span class='ocrx_word' id='word_1_292' title='bbox 1405 2401 1458 2443; x_wconf 94' lang='lat' dir='ltr'><strong>et</strong></span> <span class='ocrx_word' id='word_1_293' title='bbox 1510 2392 1576 2444; x_wconf 90' lang='lat' dir='ltr'><strong>de</strong></span> <span class='ocrx_word' id='word_1_294' title='bbox 1609 2401 1799 2444; x_wconf 83' lang='lat' dir='ltr'><strong>ventre</strong></span> <span class='ocrx_word' id='word_1_295' title='bbox 1835 2392 2020 2444; x_wconf 86' lang='lat' dir='ltr'><strong>aborsi</strong></span> 
     </span>
    </p>
   </div>
   <div class='ocr_carea' id='block_1_40' title="bbox 451 2483 2026 2553">
    <p class='ocr_par' dir='ltr' id='par_1_40' title="bbox 451 2483 2026 2553">
     <span class='ocr_line' id='line_1_41' title="bbox 451 2483 2026 2553; baseline -0.004 -13"><span class='ocrx_word' id='word_1_296' title='bbox 451 2495 576 2540; x_wconf 88' lang='lat' dir='ltr'><strong>sunt</strong></span> <span class='ocrx_word' id='word_1_297' title='bbox 608 2501 624 2540; x_wconf 86' lang='lat'><strong>:</strong></span> <span class='ocrx_word' id='word_1_298' title='bbox 654 2495 705 2538; x_wconf 89' lang='lat' dir='ltr'><strong>et</strong></span> <span class='ocrx_word' id='word_1_299' title='bbox 731 2485 822 2553; x_wconf 91' lang='lat' dir='ltr'><strong>qui</strong></span> <span class='ocrx_word' id='word_1_300' title='bbox 852 2498 1256 2552; x_wconf 80' lang='lat' dir='ltr'><strong>nonnumquam</strong></span> <span class='ocrx_word' id='word_1_301' title='bbox 1306 2483 1470 2536; x_wconf 89' lang='lat' dir='ltr'><strong>etiam</strong></span> <span class='ocrx_word' id='word_1_302' title='bbox 1510 2491 1800 2550; x_wconf 83' lang='lat' dir='ltr'><strong>antequam</strong></span> <span class='ocrx_word' id='word_1_303' title='bbox 1827 2497 2026 2536; x_wconf 84' lang='lat' dir='ltr'><strong>vascu-</strong></span> 
     </span>
    </p>
   </div>
   <div class='ocr_carea' id='block_1_41' title="bbox 451 2573 2019 2641">
    <p class='ocr_par' dir='ltr' id='par_1_41' title="bbox 451 2573 2019 2641">
     <span class='ocr_line' id='line_1_42' title="bbox 451 2573 2019 2641; baseline -0.005 -10"><span class='ocrx_word' id='word_1_304' title='bbox 451 2578 628 2631; x_wconf 85' lang='lat' dir='ltr'><strong>lorum</strong></span> <span class='ocrx_word' id='word_1_305' title='bbox 649 2574 972 2629; x_wconf 88' lang='lat' dir='ltr'><strong>uaturalium</strong></span> <span class='ocrx_word' id='word_1_306' title='bbox 999 2573 1357 2641; x_wconf 84' lang='lat' dir='ltr'><strong>receptaculis</strong></span> <span class='ocrx_word' id='word_1_307' title='bbox 1380 2573 1591 2626; x_wconf 87' lang='lat' dir='ltr'><strong>semina</strong></span> <span class='ocrx_word' id='word_1_308' title='bbox 1617 2573 1726 2626; x_wconf 89' lang='lat' dir='ltr'><strong>sint</strong></span> <span class='ocrx_word' id='word_1_309' title='bbox 1744 2584 2019 2640; x_wconf 86' lang='lat' dir='ltr'><strong>suscepta,</strong></span> 
     </span>
    </p>
   </div>
   <div class='ocr_carea' id='block_1_42' title="bbox 453 2663 2017 2737">
    <p class='ocr_par' dir='ltr' id='par_1_42' title="bbox 453 2663 2017 2737">
     <span class='ocr_line' id='line_1_43' title="bbox 453 2663 2017 2737; baseline -0.002 -15"><span class='ocrx_word' id='word_1_310' title='bbox 453 2666 875 2737; x_wconf 76' lang='lat' dir='ltr'><strong>depereuntHn</strong></span> <span class='ocrx_word' id='word_1_311' title='bbox 908 2666 1104 2734; x_wconf 87' lang='lat' dir='ltr'><strong>quibus</strong></span> <span class='ocrx_word' id='word_1_312' title='bbox 1145 2665 1266 2718; x_wconf 92' lang='lat' dir='ltr'><strong>sine</strong></span> <span class='ocrx_word' id='word_1_313' title='bbox 1291 2665 1456 2718; x_wconf 88' lang='lat' dir='ltr'><strong>dubio</strong></span> <span class='ocrx_word' id='word_1_314' title='bbox 1511 2663 1810 2728; x_wconf 80' lang='lat' dir='ltr'><strong>invenitur,</strong></span> <span class='ocrx_word' id='word_1_315' title='bbox 1875 2665 2017 2731; x_wconf 89' lang='lat' dir='ltr'><strong>quod</strong></span> 
     </span>
    </p>
   </div>
   <div class='ocr_carea' id='block_1_43' title="bbox 451 2757 2019 2826">
    <p class='ocr_par' dir='ltr' id='par_1_43' title="bbox 451 2757 2019 2826">
     <span class='ocr_line' id='line_1_44' title="bbox 451 2757 2019 2826; baseline -0.001 -12"><span class='ocrx_word' id='word_1_316' title='bbox 451 2761 610 2814; x_wconf 88' lang='lat' dir='ltr'><strong>simul</strong></span> <span class='ocrx_word' id='word_1_317' title='bbox 644 2761 805 2815; x_wconf 80' lang='lat' dir='ltr'><strong>etiam</strong></span> <span class='ocrx_word' id='word_1_318' title='bbox 838 2759 941 2812; x_wconf 71' lang='lat' dir='ltr'><strong>illa:</strong></span> <span class='ocrx_word' id='word_1_319' title='bbox 964 2773 1084 2826; x_wconf 74' lang='lat' dir='ltr'><strong>qua:</strong></span> <span class='ocrx_word' id='word_1_320' title='bbox 1109 2757 1343 2811; x_wconf 78' lang='lat' dir='ltr'><strong>naturali</strong></span> <span class='ocrx_word' id='word_1_321' title='bbox 1376 2758 1588 2812; x_wconf 88' lang='lat' dir='ltr'><strong>ratione</strong></span> <span class='ocrx_word' id='word_1_322' title='bbox 1610 2758 1910 2812; x_wconf 87' lang='lat' dir='ltr'><strong>seminibus</strong></span> <span class='ocrx_word' id='word_1_323' title='bbox 1938 2760 2019 2814; x_wconf 87' lang='lat' dir='ltr'><strong>in-</strong></span> 
     </span>
    </p>
   </div>
   <div class='ocr_carea' id='block_1_44' title="bbox 452 2851 2019 2922">
    <p class='ocr_par' dir='ltr' id='par_1_44' title="bbox 452 2851 2019 2922">
     <span class='ocr_line' id='line_1_45' title="bbox 452 2851 2019 2922; baseline -0.002 -13"><span class='ocrx_word' id='word_1_324' title='bbox 452 2863 610 2909; x_wconf 75' lang='lat' dir='ltr'><strong>scrta-</strong></span> <span class='ocrx_word' id='word_1_325' title='bbox 644 2861 799 2910; x_wconf 80' lang='lat' dir='ltr'><strong>erant</strong></span> <span class='ocrx_word' id='word_1_326' title='bbox 842 2851 1061 2917; x_wconf 73' lang='lat' dir='ltr'><strong>animae,</strong></span> <span class='ocrx_word' id='word_1_327' title='bbox 1094 2852 1374 2908; x_wconf 74' lang='lat' dir='ltr'><strong>exstincta:</strong></span> <span class='ocrx_word' id='word_1_328' title='bbox 1425 2852 1537 2908; x_wconf 86' lang='lat' dir='ltr'><strong>sint</strong></span> <span class='ocrx_word' id='word_1_329' title='bbox 1577 2852 1782 2922; x_wconf 87' lang='lat' dir='ltr'><strong>pariter</strong></span> <span class='ocrx_word' id='word_1_330' title='bbox 1813 2863 1865 2907; x_wconf 91' lang='lat' dir='ltr'><strong>et</strong></span> <span class='ocrx_word' id='word_1_331' title='bbox 1897 2867 2019 2908; x_wconf 83' lang='lat' dir='ltr'><strong>cor-</strong></span> 
     </span>
    </p>
   </div>
   <div class='ocr_carea' id='block_1_45' title="bbox 450 2955 644 3013">
    <p class='ocr_par' dir='ltr' id='par_1_45' title="bbox 450 2955 644 3013">
     <span class='ocr_line' id='line_1_46' title="bbox 450 2955 644 3013; baseline 0 -13"><span class='ocrx_word' id='word_1_332' title='bbox 450 2955 644 3013; x_wconf 68' lang='lat' dir='ltr'><strong>t&#39;ttplm.</strong></span> 
     </span>
    </p>
   </div>
   <div class='ocr_carea' id='block_1_46' title="bbox 525 3037 2018 3107">
    <p class='ocr_par' dir='ltr' id='par_1_46' title="bbox 525 3037 2018 3107">
     <span class='ocr_line' id='line_1_47' title="bbox 525 3037 2018 3107; baseline -0.001 -17"><span class='ocrx_word' id='word_1_333' title='bbox 525 3037 585 3092; x_wconf 88' lang='lat' dir='ltr'><strong>V.</strong></span> <span class='ocrx_word' id='word_1_334' title='bbox 627 3039 750 3093; x_wconf 90' lang='lat' dir='ltr'><strong>Sive</strong></span> <span class='ocrx_word' id='word_1_335' title='bbox 776 3055 904 3107; x_wconf 73' lang='lat' dir='ltr'><strong>ergo</strong></span> <span class='ocrx_word' id='word_1_336' title='bbox 950 3056 1015 3094; x_wconf 76' lang='lat' dir='ltr'><strong>ex</strong></span> <span class='ocrx_word' id='word_1_337' title='bbox 1054 3040 1418 3095; x_wconf 86' lang='lat' dir='ltr'><strong>insulllatione</strong></span> <span class='ocrx_word' id='word_1_338' title='bbox 1448 3039 1656 3093; x_wconf 87' lang='lat' dir='ltr'><strong>Domini</strong></span> <span class='ocrx_word' id='word_1_339' title='bbox 1706 3047 1855 3104; x_wconf 91' lang='lat' dir='ltr'><strong>sunt,</strong></span> <span class='ocrx_word' id='word_1_340' title='bbox 1901 3039 2018 3092; x_wconf 76' lang='lat' dir='ltr'><strong>sive</strong></span> 
     </span>
    </p>
   </div>
   <div class='ocr_carea' id='block_1_47' title="bbox 2127 1934 3694 2005">
    <p class='ocr_par' dir='ltr' id='par_1_47' title="bbox 2127 1934 3694 2005">
     <span class='ocr_line' id='line_1_48' title="bbox 2127 1934 3694 2005; baseline -0.002 -15"><span class='ocrx_word' id='word_1_341' title='bbox 2127 1951 2244 1990; x_wconf 88' lang='lat' dir='ltr'><strong>mas</strong></span> <span class='ocrx_word' id='word_1_342' title='bbox 2269 1937 2526 1998; x_wconf 79' lang='lat' dir='ltr'><strong>existere,</strong></span> <span class='ocrx_word' id='word_1_343' title='bbox 2571 1945 2678 1988; x_wconf 89' lang='lat' dir='ltr'><strong>tam</strong></span> <span class='ocrx_word' id='word_1_344' title='bbox 2710 1935 2824 1990; x_wconf 87' lang='lat' dir='ltr'><strong>suis</strong></span> <span class='ocrx_word' id='word_1_345' title='bbox 2851 1935 3210 2005; x_wconf 79' lang='lat' dir='ltr'><strong>argumentis,</strong></span> <span class='ocrx_word' id='word_1_346' title='bbox 3249 1950 3411 2002; x_wconf 88' lang='lat' dir='ltr'><strong>quam</strong></span> <span class='ocrx_word' id='word_1_347' title='bbox 3448 1934 3694 2001; x_wconf 88' lang='lat' dir='ltr'><strong>Scriptu-</strong></span> 
     </span>
    </p>
   </div>
   <div class='ocr_carea' id='block_1_48' title="bbox 2127 2027 3688 2095">
    <p class='ocr_par' dir='ltr' id='par_1_48' title="bbox 2127 2027 3688 2095">
     <span class='ocr_line' id='line_1_49' title="bbox 2127 2027 3688 2095; baseline -0.001 -15"><span class='ocrx_word' id='word_1_348' title='bbox 2127 2042 2309 2080; x_wconf 89' lang='lat' dir='ltr'><strong>rarum</strong></span> <span class='ocrx_word' id='word_1_349' title='bbox 2365 2027 2715 2090; x_wconf 89' lang='lat' dir='ltr'><strong>testimoniis,</strong></span> <span class='ocrx_word' id='word_1_350' title='bbox 2770 2035 2930 2080; x_wconf 89' lang='lat' dir='ltr'><strong>utest</strong></span> <span class='ocrx_word' id='word_1_351' title='bbox 2981 2027 3111 2081; x_wconf 86' lang='lat' dir='ltr'><strong>illud</strong></span> <span class='ocrx_word' id='word_1_352' title='bbox 3149 2045 3164 2081; x_wconf 91' lang='lat'><strong>:</strong></span> <span class='ocrx_word' id='word_1_353' title='bbox 3201 2027 3407 2080; x_wconf 71' lang='lat' dir='ltr'><strong>Anima:</strong></span> <span class='ocrx_word' id='word_1_354' title='bbox 3452 2042 3572 2095; x_wconf 61' lang='lat' dir='ltr'><strong>quae</strong></span> <span class='ocrx_word' id='word_1_355' title='bbox 3601 2027 3688 2079; x_wconf 79' lang='lat' dir='ltr'><strong>in-</strong></span> 
     </span>
    </p>
   </div>
   <div class='ocr_carea' id='block_1_49' title="bbox 2123 2118 3690 2190">
    <p class='ocr_par' dir='ltr' id='par_1_49' title="bbox 2123 2118 3690 2190">
     <span class='ocr_line' id='line_1_50' title="bbox 2123 2118 3690 2190; baseline 0.003 -21"><span class='ocrx_word' id='word_1_356' title='bbox 2123 2136 2312 2188; x_wconf 80' lang='lat' dir='ltr'><strong>gressa:</strong></span> <span class='ocrx_word' id='word_1_357' title='bbox 2365 2133 2482 2172; x_wconf 77' lang='lat' dir='ltr'><strong>sunt</strong></span> <span class='ocrx_word' id='word_1_358' title='bbox 2516 2135 2631 2172; x_wconf 85' lang='lat' dir='ltr'><strong>cum</strong></span> <span class='ocrx_word' id='word_1_359' title='bbox 2660 2118 2828 2172; x_wconf 76' lang='lat' dir='ltr'><strong>Iacob</strong></span> <span class='ocrx_word' id='word_1_360' title='bbox 2885 2119 3200 2190; x_wconf 65' lang='lat' dir='ltr'><strong>zEgyptum,</strong></span> <span class='ocrx_word' id='word_1_361' title='bbox 3256 2131 3304 2174; x_wconf 80' lang='lat' dir='ltr'><strong>et</strong></span> <span class='ocrx_word' id='word_1_362' title='bbox 3351 2136 3574 2189; x_wconf 67' lang='lat' dir='ltr'><strong>egressa:</strong></span> <span class='ocrx_word' id='word_1_363' title='bbox 3627 2120 3690 2173; x_wconf 89' lang='lat' dir='ltr'><strong>de</strong></span> 
     </span>
    </p>
   </div>
   <div class='ocr_carea' id='block_1_50' title="bbox 2123 2212 3690 2285">
    <p class='ocr_par' dir='ltr' id='par_1_50' title="bbox 2123 2212 3690 2285">
     <span class='ocr_line' id='line_1_51' title="bbox 2123 2212 3690 2285; baseline 0.001 -19"><span class='ocrx_word' id='word_1_364' title='bbox 2123 2216 2316 2284; x_wconf 78' lang='lat' dir='ltr'><strong>femore</strong></span> <span class='ocrx_word' id='word_1_365' title='bbox 2353 2213 2496 2267; x_wconf 76' lang='lat' dir='ltr'><strong>illius</strong></span> <span class='ocrx_word' id='word_1_366' title='bbox 2530 2212 2679 2285; x_wconf 81' lang='lat' dir='ltr'><strong>(Ceu.</strong></span> <span class='ocrx_word' id='word_1_367' title='bbox 2721 2230 2864 2280; x_wconf 77' lang='lat' dir='ltr'><strong>xui,</strong></span> <span class='ocrx_word' id='word_1_368' title='bbox 2900 2214 2990 2285; x_wconf 70' lang='lat'><strong>26)</strong></span> <span class='ocrx_word' id='word_1_369' title='bbox 3017 2254 3033 2281; x_wconf 91' lang='lat'><strong>,</strong></span> <span class='ocrx_word' id='word_1_370' title='bbox 3083 2214 3338 2284; x_wconf 83' lang='lat' dir='ltr'><strong>amplecti</strong></span> <span class='ocrx_word' id='word_1_371' title='bbox 3390 2228 3690 2284; x_wconf 78' lang='lat' dir='ltr'><strong>propensus</strong></span> 
     </span>
    </p>
   </div>
   <div class='ocr_carea' id='block_1_51' title="bbox 2122 2307 2482 2383">
    <p class='ocr_par' dir='ltr' id='par_1_51' title="bbox 2122 2307 2482 2383">
     <span class='ocr_line' id='line_1_52' title="bbox 2122 2307 2482 2383; baseline -0.006 -22"><span class='ocrx_word' id='word_1_372' title='bbox 2122 2307 2482 2383; x_wconf 61' lang='lat' dir='ltr'><strong>comperitur.</strong></span> 
     </span>
    </p>
   </div>
   <div class='ocr_carea' id='block_1_52' title="bbox 2121 2396 3684 2466">
    <p class='ocr_par' dir='ltr' id='par_1_52' title="bbox 2121 2396 3684 2466">
     <span class='ocr_line' id='line_1_53' title="bbox 2121 2396 3684 2466; baseline 0 -16"><span class='ocrx_word' id='word_1_373' title='bbox 2199 2396 2336 2454; x_wconf 83' lang='lat' dir='ltr'><strong>Vlll.</strong></span> <span class='ocrx_word' id='word_1_374' title='bbox 2372 2397 2542 2465; x_wconf 88' lang='lat' dir='ltr'><strong>llujus</strong></span> <span class='ocrx_word' id='word_1_375' title='bbox 2573 2397 2963 2453; x_wconf 75' lang='lat' dir='ltr'><strong>assertionibus</strong></span> <span class='ocrx_word' id='word_1_376' title='bbox 2983 2401 3181 2453; x_wconf 82' lang='lat' dir='ltr'><strong>beatus</strong></span> <span class='ocrx_word' id='word_1_377' title='bbox 3212 2397 3524 2459; x_wconf 78' lang='lat' dir='ltr'><strong>Gaudiosus</strong></span> <span class='ocrx_word' id='word_1_378' title='bbox 3565 2397 3684 2466; x_wconf 84' lang='lat' dir='ltr'><strong>epi-</strong></span> 
     </span>
    </p>
   </div>
   <div class='ocr_carea' id='block_1_53' title="bbox 2121 2487 3685 2558">
    <p class='ocr_par' dir='ltr' id='par_1_53' title="bbox 2121 2487 3685 2558">
     <span class='ocr_line' id='line_1_54' title="bbox 2121 2487 3685 2558; baseline 0.001 -17"><span class='ocrx_word' id='word_1_379' title='bbox 2121 2501 2339 2556; x_wconf 87' lang='lat' dir='ltr'><strong>scopus,</strong></span> <span class='ocrx_word' id='word_1_380' title='bbox 2403 2487 2704 2541; x_wconf 89' lang='lat' dir='ltr'><strong>animarum</strong></span> <span class='ocrx_word' id='word_1_381' title='bbox 2779 2498 2832 2543; x_wconf 91' lang='lat' dir='ltr'><strong>et</strong></span> <span class='ocrx_word' id='word_1_382' title='bbox 2893 2504 3177 2556; x_wconf 88' lang='lat' dir='ltr'><strong>corporum</strong></span> <span class='ocrx_word' id='word_1_383' title='bbox 3243 2489 3685 2558; x_wconf 76' lang='lat' dir='ltr'><strong>promptissimus</strong></span> 
     </span>
    </p>
   </div>
   <div class='ocr_carea' id='block_1_54' title="bbox 2123 2580 3685 2650">
    <p class='ocr_par' dir='ltr' id='par_1_54' title="bbox 2123 2580 3685 2650">
     <span class='ocr_line' id='line_1_55' title="bbox 2123 2580 3685 2650; baseline 0 -18"><span class='ocrx_word' id='word_1_384' title='bbox 2123 2580 2388 2644; x_wconf 87' lang='lat' dir='ltr'><strong>medicus,</strong></span> <span class='ocrx_word' id='word_1_385' title='bbox 2411 2580 2719 2648; x_wconf 89' lang='lat' dir='ltr'><strong>nostrisque</strong></span> <span class='ocrx_word' id='word_1_386' title='bbox 2740 2582 3075 2646; x_wconf 88' lang='lat' dir='ltr'><strong>temporibus</strong></span> <span class='ocrx_word' id='word_1_387' title='bbox 3126 2596 3264 2634; x_wconf 91' lang='lat' dir='ltr'><strong>unus</strong></span> <span class='ocrx_word' id='word_1_388' title='bbox 3293 2593 3495 2650; x_wconf 88' lang='lat' dir='ltr'><strong>martyr</strong></span> <span class='ocrx_word' id='word_1_389' title='bbox 3528 2597 3685 2633; x_wconf 90' lang='lat' dir='ltr'><strong>:eum</strong></span> 
     </span>
    </p>
   </div>
   <div class='ocr_carea' id='block_1_55' title="bbox 2123 2669 3688 2739">
    <p class='ocr_par' dir='ltr' id='par_1_55' title="bbox 2123 2669 3688 2739">
     <span class='ocr_line' id='line_1_56' title="bbox 2123 2669 3688 2739; baseline -0.001 -16"><span class='ocrx_word' id='word_1_390' title='bbox 2123 2671 2399 2724; x_wconf 89' lang='lat' dir='ltr'><strong>nobiseum</strong></span> <span class='ocrx_word' id='word_1_391' title='bbox 2449 2669 2776 2738; x_wconf 87' lang='lat' dir='ltr'><strong>colloquium</strong></span> <span class='ocrx_word' id='word_1_392' title='bbox 2825 2669 3166 2726; x_wconf 83' lang='lat' dir='ltr'><strong>familiariter</strong></span> <span class='ocrx_word' id='word_1_393' title='bbox 3228 2671 3530 2732; x_wconf 84' lang='lat' dir='ltr'><strong>habuisset,</strong></span> <span class='ocrx_word' id='word_1_394' title='bbox 3593 2687 3688 2739; x_wconf 85' lang='lat' dir='ltr'><strong>per</strong></span> 
     </span>
    </p>
   </div>
   <div class='ocr_carea' id='block_1_56' title="bbox 2122 2761 3687 2829">
    <p class='ocr_par' dir='ltr' id='par_1_56' title="bbox 2122 2761 3687 2829">
     <span class='ocr_line' id='line_1_57' title="bbox 2122 2761 3687 2829; baseline -0.002 -14"><span class='ocrx_word' id='word_1_395' title='bbox 2122 2770 2286 2815; x_wconf 86' lang='lat' dir='ltr'><strong>totam</strong></span> <span class='ocrx_word' id='word_1_396' title='bbox 2316 2761 2574 2814; x_wconf 83' lang='lat' dir='ltr'><strong>orationis</strong></span> <span class='ocrx_word' id='word_1_397' title='bbox 2598 2776 2708 2814; x_wconf 76' lang='lat' dir='ltr'><strong>sua:</strong></span> <span class='ocrx_word' id='word_1_398' title='bbox 2739 2761 2933 2815; x_wconf 87' lang='lat' dir='ltr'><strong>seriem</strong></span> <span class='ocrx_word' id='word_1_399' title='bbox 2963 2761 3392 2815; x_wconf 89' lang='lat' dir='ltr'><strong>cvidentissimis</strong></span> <span class='ocrx_word' id='word_1_400' title='bbox 3420 2763 3687 2829; x_wconf 85' lang='lat' dir='ltr'><strong>approba-</strong></span> 
     </span>
    </p>
   </div>
   <div class='ocr_carea' id='block_1_57' title="bbox 2123 2852 3687 2914">
    <p class='ocr_par' dir='ltr' id='par_1_57' title="bbox 2123 2852 3687 2914">
     <span class='ocr_line' id='line_1_58' title="bbox 2123 2852 3687 2914; baseline 0.001 -10"><span class='ocrx_word' id='word_1_401' title='bbox 2123 2852 2358 2908; x_wconf 89' lang='lat' dir='ltr'><strong>tionibus</strong></span> <span class='ocrx_word' id='word_1_402' title='bbox 2409 2867 2539 2906; x_wconf 87' lang='lat' dir='ltr'><strong>usus</strong></span> <span class='ocrx_word' id='word_1_403' title='bbox 2591 2862 2692 2904; x_wconf 87' lang='lat' dir='ltr'><strong>est.</strong></span> <span class='ocrx_word' id='word_1_404' title='bbox 2768 2853 2837 2906; x_wconf 88' lang='lat' dir='ltr'><strong>At</strong></span> <span class='ocrx_word' id='word_1_405' title='bbox 2893 2867 3022 2906; x_wconf 83' lang='lat' dir='ltr'><strong>vero</strong></span> <span class='ocrx_word' id='word_1_406' title='bbox 3074 2864 3294 2908; x_wconf 89' lang='lat' dir='ltr'><strong>sanctus</strong></span> <span class='ocrx_word' id='word_1_407' title='bbox 3347 2854 3687 2914; x_wconf 88' lang='lat' dir='ltr'><strong>Ambrosius,</strong></span> 
     </span>
    </p>
   </div>
   <div class='ocr_carea' id='block_1_58' title="bbox 2121 2941 3688 3012">
    <p class='ocr_par' dir='ltr' id='par_1_58' title="bbox 2121 2941 3688 3012">
     <span class='ocr_line' id='line_1_59' title="bbox 2121 2941 3688 3012; baseline 0.003 -18"><span class='ocrx_word' id='word_1_408' title='bbox 2121 2955 2278 3011; x_wconf 86' lang='lat' dir='ltr'><strong>quem</strong></span> <span class='ocrx_word' id='word_1_409' title='bbox 2306 2941 2415 3009; x_wconf 76' lang='lat' dir='ltr'><strong>jam</strong></span> <span class='ocrx_word' id='word_1_410' title='bbox 2450 2943 2702 3010; x_wconf 76' lang='lat' dir='ltr'><strong>superius</strong></span> <span class='ocrx_word' id='word_1_411' title='bbox 2737 2942 2880 2998; x_wconf 88' lang='lat' dir='ltr'><strong>inter</strong></span> <span class='ocrx_word' id='word_1_412' title='bbox 2925 2945 3070 2999; x_wconf 91' lang='lat' dir='ltr'><strong>viros</strong></span> <span class='ocrx_word' id='word_1_413' title='bbox 3099 2944 3428 3012; x_wconf 75' lang='lat' dir='ltr'><strong>aposmlicos</strong></span> <span class='ocrx_word' id='word_1_414' title='bbox 3479 2959 3688 2998; x_wconf 83' lang='lat' dir='ltr'><strong>memo-</strong></span> 
     </span>
    </p>
   </div>
   <div class='ocr_carea' id='block_1_59' title="bbox 2122 3031 3684 3104">
    <p class='ocr_par' dir='ltr' id='par_1_59' title="bbox 2122 3031 3684 3104">
     <span class='ocr_line' id='line_1_60' title="bbox 2122 3031 3684 3104; baseline 0 -17"><span class='ocrx_word' id='word_1_415' title='bbox 2122 3031 2802 3098; x_wconf 84' lang='lat' dir='ltr'><strong>ravimus:Inhonestum,</strong></span> <span class='ocrx_word' id='word_1_416' title='bbox 2861 3035 3054 3103; x_wconf 88' lang='lat' dir='ltr'><strong>inquit,</strong></span> <span class='ocrx_word' id='word_1_417' title='bbox 3106 3045 3232 3104; x_wconf 88' lang='lat' dir='ltr'><strong>puto</strong></span> <span class='ocrx_word' id='word_1_418' title='bbox 3293 3034 3506 3089; x_wconf 89' lang='lat' dir='ltr'><strong>animas</strong></span> <span class='ocrx_word' id='word_1_419' title='bbox 3562 3049 3684 3088; x_wconf 89' lang='lat' dir='ltr'><strong>cum</strong></span> 
     </span>
    </p>
   </div>
   <div class='ocr_carea' id='block_1_60' title="bbox 449 3127 3687 3200">
    <p class='ocr_par' dir='ltr' id='par_1_60' title="bbox 449 3127 3687 3200">
     <span class='ocr_line' id='line_1_61' title="bbox 449 3127 3687 3200; baseline -0.002 -16"><span class='ocrx_word' id='word_1_420' title='bbox 449 3132 518 3184; x_wconf 82' lang='lat' dir='ltr'><strong>ab</strong></span> <span class='ocrx_word' id='word_1_421' title='bbox 579 3146 684 3184; x_wconf 90' lang='lat' dir='ltr'><strong>una</strong></span> <span class='ocrx_word' id='word_1_422' title='bbox 716 3147 833 3199; x_wconf 73' lang='lat' dir='ltr'><strong>qua:</strong></span> <span class='ocrx_word' id='word_1_423' title='bbox 872 3133 1042 3200; x_wconf 90' lang='lat' dir='ltr'><strong>prima</strong></span> <span class='ocrx_word' id='word_1_424' title='bbox 1099 3132 1240 3184; x_wconf 85' lang='lat' dir='ltr'><strong>facta</strong></span> <span class='ocrx_word' id='word_1_425' title='bbox 1273 3139 1375 3196; x_wconf 86' lang='lat' dir='ltr'><strong>est,</strong></span> <span class='ocrx_word' id='word_1_426' title='bbox 1405 3129 1774 3184; x_wconf 84' lang='lat' dir='ltr'><strong>necessarium</strong></span> <span class='ocrx_word' id='word_1_427' title='bbox 1797 3137 1900 3191; x_wconf 89' lang='lat' dir='ltr'><strong>est,</strong></span> <span class='ocrx_word' id='word_1_428' title='bbox 1945 3127 2015 3182; x_wconf 88' lang='lat' dir='ltr'><strong>si-</strong></span> <span class='ocrx_word' id='word_1_429' title='bbox 2045 3140 2086 3198; x_wconf 74' lang='grc' dir='ltr'>ο</span> <span class='ocrx_word' id='word_1_430' title='bbox 2120 3128 2439 3194; x_wconf 84' lang='lat' dir='ltr'><strong>corporibus</strong></span> <span class='ocrx_word' id='word_1_431' title='bbox 2465 3130 2738 3194; x_wconf 76' lang='lat' dir='ltr'><strong>generari,</strong></span> <span class='ocrx_word' id='word_1_432' title='bbox 2769 3139 2826 3181; x_wconf 92' lang='lat' dir='ltr'><strong>ut</strong></span> <span class='ocrx_word' id='word_1_433' title='bbox 2851 3131 3031 3182; x_wconf 90' lang='lat' dir='ltr'><strong>anima</strong></span> <span class='ocrx_word' id='word_1_434' title='bbox 3065 3141 3323 3183; x_wconf 84' lang='lat' dir='ltr'><strong>nascatur</strong></span> <span class='ocrx_word' id='word_1_435' title='bbox 3359 3144 3425 3183; x_wconf 74' lang='lat' dir='ltr'><strong>ex</strong></span> <span class='ocrx_word' id='word_1_436' title='bbox 3483 3129 3687 3194; x_wconf 89' lang='lat' dir='ltr'><strong>anima,</strong></span> 
     </span>
    </p>
   </div>
   <div class='ocr_carea' id='block_1_61' title="bbox 452 3222 2012 3291">
    <p class='ocr_par' dir='ltr' id='par_1_61' title="bbox 452 3222 2012 3291">
     <span class='ocr_line' id='line_1_62' title="bbox 452 3222 2012 3291; baseline -0.002 -16"><span class='ocrx_word' id='word_1_437' title='bbox 452 3223 562 3275; x_wconf 90' lang='lat' dir='ltr'><strong>mul</strong></span> <span class='ocrx_word' id='word_1_438' title='bbox 610 3232 805 3276; x_wconf 89' lang='lat' dir='ltr'><strong>utcum</strong></span> <span class='ocrx_word' id='word_1_439' title='bbox 830 3223 1147 3291; x_wconf 89' lang='lat' dir='ltr'><strong>corporibus</strong></span> <span class='ocrx_word' id='word_1_440' title='bbox 1174 3233 1618 3291; x_wconf 88' lang='lat' dir='ltr'><strong>corrumpantur,</strong></span> <span class='ocrx_word' id='word_1_441' title='bbox 1676 3222 1721 3276; x_wconf 90' lang='lat' dir='ltr'><strong>si</strong></span> <span class='ocrx_word' id='word_1_442' title='bbox 1767 3223 2012 3275; x_wconf 90' lang='lat' dir='ltr'><strong>eamdem</strong></span> 
     </span>
    </p>
   </div>
   <div class='ocr_carea' id='block_1_62' title="bbox 450 3313 2012 3383">
    <p class='ocr_par' dir='ltr' id='par_1_62' title="bbox 450 3313 2012 3383">
     <span class='ocr_line' id='line_1_63' title="bbox 450 3313 2012 3383; baseline -0.004 -15"><span class='ocrx_word' id='word_1_443' title='bbox 450 3329 571 3368; x_wconf 88' lang='lat' dir='ltr'><strong>cum</strong></span> <span class='ocrx_word' id='word_1_444' title='bbox 609 3314 926 3383; x_wconf 80' lang='lat' dir='ltr'><strong>corporibus</strong></span> <span class='ocrx_word' id='word_1_445' title='bbox 957 3314 1120 3368; x_wconf 90' lang='lat' dir='ltr'><strong>etiam</strong></span> <span class='ocrx_word' id='word_1_446' title='bbox 1153 3314 1417 3381; x_wconf 82' lang='lat' dir='ltr'><strong>originem</strong></span> <span class='ocrx_word' id='word_1_447' title='bbox 1465 3323 1687 3368; x_wconf 88' lang='lat' dir='ltr'><strong>sumunt</strong></span> <span class='ocrx_word' id='word_1_448' title='bbox 1712 3313 2012 3368; x_wconf 89' lang='lat' dir='ltr'><strong>secundum</strong></span> 
     </span>
    </p>
   </div>
   <div class='ocr_carea' id='block_1_63' title="bbox 444 3405 2019 3476">
    <p class='ocr_par' dir='ltr' id='par_1_63' title="bbox 444 3405 2019 3476">
     <span class='ocr_line' id='line_1_64' title="bbox 444 3405 2019 3476; baseline -0.001 -16"><span class='ocrx_word' id='word_1_449' title='bbox 444 3409 692 3476; x_wconf 83' lang='lat' dir='ltr'><strong>ipsorum</strong></span> <span class='ocrx_word' id='word_1_450' title='bbox 737 3409 1026 3461; x_wconf 88' lang='lat' dir='ltr'><strong>rationem.</strong></span> <span class='ocrx_word' id='word_1_451' title='bbox 1078 3408 1355 3460; x_wconf 83' lang='lat' dir='ltr'><strong>Autenim</strong></span> <span class='ocrx_word' id='word_1_452' title='bbox 1387 3406 1519 3460; x_wconf 93' lang='lat' dir='ltr'><strong>nihil</strong></span> <span class='ocrx_word' id='word_1_453' title='bbox 1556 3405 1776 3460; x_wconf 90' lang='lat' dir='ltr'><strong>omnino</strong></span> <span class='ocrx_word' id='word_1_454' title='bbox 1816 3420 1881 3459; x_wconf 80' lang='lat' dir='ltr'><strong>ex</strong></span> <span class='ocrx_word' id='word_1_455' title='bbox 1934 3419 2019 3459; x_wconf 85' lang='lat' dir='ltr'><strong>ra-</strong></span> 
     </span>
    </p>
   </div>
   <div class='ocr_carea' id='block_1_64' title="bbox 452 3497 2019 3567">
    <p class='ocr_par' dir='ltr' id='par_1_64' title="bbox 452 3497 2019 3567">
     <span class='ocr_line' id='line_1_65' title="bbox 452 3497 2019 3567; baseline 0 -15"><span class='ocrx_word' id='word_1_456' title='bbox 452 3499 702 3552; x_wconf 86' lang='lat' dir='ltr'><strong>tionabili</strong></span> <span class='ocrx_word' id='word_1_457' title='bbox 759 3509 921 3567; x_wconf 89' lang='lat' dir='ltr'><strong>atque</strong></span> <span class='ocrx_word' id='word_1_458' title='bbox 957 3497 1254 3554; x_wconf 86' lang='lat' dir='ltr'><strong>immortali</strong></span> <span class='ocrx_word' id='word_1_459' title='bbox 1288 3500 1468 3552; x_wconf 88' lang='lat' dir='ltr'><strong>anima</strong></span> <span class='ocrx_word' id='word_1_460' title='bbox 1505 3499 1853 3567; x_wconf 84' lang='lat' dir='ltr'><strong>participavit</strong></span> <span class='ocrx_word' id='word_1_461' title='bbox 1887 3498 2019 3552; x_wconf 89' lang='lat' dir='ltr'><strong>illud</strong></span> 
     </span>
    </p>
   </div>
   <div class='ocr_carea' id='block_1_65' title="bbox 451 3589 2020 3659">
    <p class='ocr_par' dir='ltr' id='par_1_65' title="bbox 451 3589 2020 3659">
     <span class='ocr_line' id='line_1_66' title="bbox 451 3589 2020 3659; baseline 0.001 -18"><span class='ocrx_word' id='word_1_462' title='bbox 451 3590 595 3657; x_wconf 89' lang='lat' dir='ltr'><strong>quod</strong></span> <span class='ocrx_word' id='word_1_463' title='bbox 628 3589 805 3642; x_wconf 90' lang='lat' dir='ltr'><strong>adhuc</strong></span> <span class='ocrx_word' id='word_1_464' title='bbox 860 3590 910 3642; x_wconf 93' lang='lat' dir='ltr'><strong>in</strong></span> <span class='ocrx_word' id='word_1_465' title='bbox 945 3600 1132 3645; x_wconf 87' lang='lat' dir='ltr'><strong>ventre</strong></span> <span class='ocrx_word' id='word_1_466' title='bbox 1166 3599 1491 3658; x_wconf 84' lang='lat' dir='ltr'><strong>corruptum</strong></span> <span class='ocrx_word' id='word_1_467' title='bbox 1548 3602 1629 3644; x_wconf 90' lang='lat' dir='ltr'><strong>est</strong></span> <span class='ocrx_word' id='word_1_468' title='bbox 1669 3607 1684 3651; x_wconf 84' lang='lat'><strong>;</strong></span> <span class='ocrx_word' id='word_1_469' title='bbox 1721 3603 1773 3643; x_wconf 91' lang='lat' dir='ltr'><strong>et</strong></span> <span class='ocrx_word' id='word_1_470' title='bbox 1807 3590 2020 3659; x_wconf 87' lang='lat' dir='ltr'><strong>repulsa</strong></span> 
     </span>
    </p>
   </div>
   <div class='ocr_carea' id='block_1_66' title="bbox 449 3680 2020 3750">
    <p class='ocr_par' dir='ltr' id='par_1_66' title="bbox 449 3680 2020 3750">
     <span class='ocr_line' id='line_1_67' title="bbox 449 3680 2020 3750; baseline -0.003 -14"><span class='ocrx_word' id='word_1_471' title='bbox 449 3691 532 3736; x_wconf 88' lang='lat' dir='ltr'><strong>est</strong></span> <span class='ocrx_word' id='word_1_472' title='bbox 569 3680 654 3733; x_wconf 74' lang='lat' dir='ltr'><strong>illa</strong></span> <span class='ocrx_word' id='word_1_473' title='bbox 689 3682 848 3744; x_wconf 89' lang='lat' dir='ltr'><strong>ratio,</strong></span> <span class='ocrx_word' id='word_1_474' title='bbox 882 3696 1002 3750; x_wconf 73' lang='lat' dir='ltr'><strong>qua:</strong></span> <span class='ocrx_word' id='word_1_475' title='bbox 1056 3680 1287 3735; x_wconf 75' lang='lat' dir='ltr'><strong>afﬁrmat</strong></span> <span class='ocrx_word' id='word_1_476' title='bbox 1354 3696 1473 3735; x_wconf 88' lang='lat' dir='ltr'><strong>eam</strong></span> <span class='ocrx_word' id='word_1_477' title='bbox 1560 3681 1611 3732; x_wconf 90' lang='lat' dir='ltr'><strong>in</strong></span> <span class='ocrx_word' id='word_1_478' title='bbox 1649 3681 1872 3734; x_wconf 88' lang='lat' dir='ltr'><strong>seminis</strong></span> <span class='ocrx_word' id='word_1_479' title='bbox 1909 3690 2020 3733; x_wconf 81' lang='lat' dir='ltr'><strong>tra-</strong></span> 
     </span>
    </p>
   </div>
   <div class='ocr_carea' id='block_1_67' title="bbox 449 3772 2019 3841">
    <p class='ocr_par' dir='ltr' id='par_1_67' title="bbox 449 3772 2019 3841">
     <span class='ocr_line' id='line_1_68' title="bbox 449 3772 2019 3841; baseline 0 -15"><span class='ocrx_word' id='word_1_480' title='bbox 449 3773 587 3828; x_wconf 81' lang='lat' dir='ltr'><strong>duce</strong></span> <span class='ocrx_word' id='word_1_481' title='bbox 626 3773 789 3828; x_wconf 90' lang='lat' dir='ltr'><strong>simul</strong></span> <span class='ocrx_word' id='word_1_482' title='bbox 842 3787 962 3828; x_wconf 90' lang='lat' dir='ltr'><strong>cum</strong></span> <span class='ocrx_word' id='word_1_483' title='bbox 1023 3773 1340 3841; x_wconf 87' lang='lat' dir='ltr'><strong>corporibus</strong></span> <span class='ocrx_word' id='word_1_484' title='bbox 1393 3773 1712 3828; x_wconf 85' lang='lat' dir='ltr'><strong>seininatam</strong></span> <span class='ocrx_word' id='word_1_485' title='bbox 1763 3789 1780 3837; x_wconf 87' lang='lat'><strong>;</strong></span> <span class='ocrx_word' id='word_1_486' title='bbox 1833 3781 1926 3824; x_wconf 90' lang='lat' dir='ltr'><strong>aut</strong></span> <span class='ocrx_word' id='word_1_487' title='bbox 1973 3772 2019 3826; x_wconf 90' lang='lat' dir='ltr'><strong>si</strong></span> 
     </span>
    </p>
   </div>
   <div class='ocr_carea' id='block_1_68' title="bbox 447 3864 2017 3934">
    <p class='ocr_par' dir='ltr' id='par_1_68' title="bbox 447 3864 2017 3934">
     <span class='ocr_line' id='line_1_69' title="bbox 447 3864 2017 3934; baseline 0.002 -19"><span class='ocrx_word' id='word_1_488' title='bbox 447 3866 768 3934; x_wconf 82' lang='lat' dir='ltr'><strong>participat,</strong></span> <span class='ocrx_word' id='word_1_489' title='bbox 825 3867 1126 3920; x_wconf 87' lang='lat' dir='ltr'><strong>necessitas</strong></span> <span class='ocrx_word' id='word_1_490' title='bbox 1156 3867 1404 3920; x_wconf 88' lang='lat' dir='ltr'><strong>imminet</strong></span> <span class='ocrx_word' id='word_1_491' title='bbox 1441 3866 1688 3919; x_wconf 84' lang='lat' dir='ltr'><strong>confiteri</strong></span> <span class='ocrx_word' id='word_1_492' title='bbox 1727 3864 2017 3919; x_wconf 85' lang='lat' dir='ltr'><strong>mortalem</strong></span> 
     </span>
    </p>
   </div>
   <div class='ocr_carea' id='block_1_69' title="bbox 449 3957 2019 4026">
    <p class='ocr_par' dir='ltr' id='par_1_69' title="bbox 449 3957 2019 4026">
     <span class='ocr_line' id='line_1_70' title="bbox 449 3957 2019 4026; baseline 0.003 -18"><span class='ocrx_word' id='word_1_493' title='bbox 449 3971 572 4012; x_wconf 70' lang='lat' dir='ltr'><strong>esse</strong></span> <span class='ocrx_word' id='word_1_494' title='bbox 602 3959 864 4024; x_wconf 89' lang='lat' dir='ltr'><strong>animam,</strong></span> <span class='ocrx_word' id='word_1_495' title='bbox 897 3959 1038 4026; x_wconf 90' lang='lat' dir='ltr'><strong>quod</strong></span> <span class='ocrx_word' id='word_1_496' title='bbox 1066 3958 1199 4012; x_wconf 84' lang='lat' dir='ltr'><strong>fides</strong></span> <span class='ocrx_word' id='word_1_497' title='bbox 1234 3967 1421 4012; x_wconf 88' lang='lat' dir='ltr'><strong>nostra</strong></span> <span class='ocrx_word' id='word_1_498' title='bbox 1454 3959 1640 4026; x_wconf 83' lang='lat' dir='ltr'><strong>utique</strong></span> <span class='ocrx_word' id='word_1_499' title='bbox 1673 3973 1776 4010; x_wconf 92' lang='lat' dir='ltr'><strong>non</strong></span> <span class='ocrx_word' id='word_1_500' title='bbox 1805 3957 2019 4026; x_wconf 87' lang='lat' dir='ltr'><strong>recipit,</strong></span> 
     </span>
    </p>
   </div>
   <div class='ocr_carea' id='block_1_70' title="bbox 449 4049 2023 4113">
    <p class='ocr_par' dir='ltr' id='par_1_70' title="bbox 449 4049 2023 4113">
     <span class='ocr_line' id='line_1_71' title="bbox 449 4049 2023 4113; baseline 0.002 -12"><span class='ocrx_word' id='word_1_501' title='bbox 449 4049 679 4104; x_wconf 88' lang='lat' dir='ltr'><strong>Domino</strong></span> <span class='ocrx_word' id='word_1_502' title='bbox 707 4052 1041 4113; x_wconf 89' lang='lat' dir='ltr'><strong>deelarante,</strong></span> <span class='ocrx_word' id='word_1_503' title='bbox 1067 4049 1470 4108; x_wconf 86' lang='lat' dir='ltr'><strong>.dcfunetorum</strong></span> <span class='ocrx_word' id='word_1_504' title='bbox 1525 4049 1738 4103; x_wconf 86' lang='lat' dir='ltr'><strong>animas</strong></span> <span class='ocrx_word' id='word_1_505' title='bbox 1763 4059 1816 4102; x_wconf 90' lang='lat' dir='ltr'><strong>et</strong></span> <span class='ocrx_word' id='word_1_506' title='bbox 1859 4049 2023 4104; x_wconf 74' lang='lat' dir='ltr'><strong>eollo~</strong></span> 
     </span>
    </p>
   </div>
   <div class='ocr_carea' id='block_1_71' title="bbox 448 4140 2018 4212">
    <p class='ocr_par' dir='ltr' id='par_1_71' title="bbox 448 4140 2018 4212">
     <span class='ocr_line' id='line_1_72' title="bbox 448 4140 2018 4212; baseline 0.001 -20"><span class='ocrx_word' id='word_1_507' title='bbox 448 4143 636 4212; x_wconf 84' lang='lat' dir='ltr'><strong>quium</strong></span> <span class='ocrx_word' id='word_1_508' title='bbox 665 4143 803 4211; x_wconf 88' lang='lat' dir='ltr'><strong>apud</strong></span> <span class='ocrx_word' id='word_1_509' title='bbox 841 4142 1046 4196; x_wconf 87' lang='lat' dir='ltr'><strong>lnferos</strong></span> <span class='ocrx_word' id='word_1_510' title='bbox 1079 4143 1360 4206; x_wconf 86' lang='lat' dir='ltr'><strong>habuisse,</strong></span> <span class='ocrx_word' id='word_1_511' title='bbox 1413 4151 1466 4195; x_wconf 88' lang='lat' dir='ltr'><strong>et</strong></span> <span class='ocrx_word' id='word_1_512' title='bbox 1496 4140 1686 4194; x_wconf 83' lang='lat' dir='ltr'><strong>Lazari</strong></span> <span class='ocrx_word' id='word_1_513' title='bbox 1723 4141 1931 4195; x_wconf 89' lang='lat' dir='ltr'><strong>scilicet</strong></span> <span class='ocrx_word' id='word_1_514' title='bbox 1965 4142 2018 4194; x_wconf 92' lang='lat' dir='ltr'><strong>iu</strong></span> 
     </span>
    </p>
   </div>
   <div class='ocr_carea' id='block_1_72' title="bbox 357 4233 2019 4316">
    <p class='ocr_par' dir='ltr' id='par_1_72' title="bbox 357 4233 2019 4316">
     <span class='ocr_line' id='line_1_73' title="bbox 357 4233 2019 4316; baseline 0.001 -28"><span class='ocrx_word' id='word_1_515' title='bbox 357 4311 362 4316; x_wconf 10' lang='grc' dir='ltr'><strong>ζ</strong></span> <span class='ocrx_word' id='word_1_516' title='bbox 446 4235 734 4290; x_wconf 87' lang='lat' dir='ltr'><strong>beatorum</strong></span> <span class='ocrx_word' id='word_1_517' title='bbox 786 4235 1010 4290; x_wconf 89' lang='lat' dir='ltr'><strong>sedibus</strong></span> <span class='ocrx_word' id='word_1_518' title='bbox 1066 4244 1344 4298; x_wconf 86' lang='lat' dir='ltr'><strong>ovantem,</strong></span> <span class='ocrx_word' id='word_1_519' title='bbox 1379 4244 1436 4289; x_wconf 88' lang='lat' dir='ltr'><strong>et</strong></span> <span class='ocrx_word' id='word_1_520' title='bbox 1480 4233 1666 4290; x_wconf 89' lang='lat' dir='ltr'><strong>divitis</strong></span> <span class='ocrx_word' id='word_1_521' title='bbox 1700 4234 2019 4303; x_wconf 79' lang='lat' dir='ltr'><strong>ﬂagrantem</strong></span> 
     </span>
    </p>
   </div>
   <div class='ocr_carea' id='block_1_73' title="bbox 451 4327 834 4381">
    <p class='ocr_par' dir='ltr' id='par_1_73' title="bbox 451 4327 834 4381">
     <span class='ocr_line' id='line_1_74' title="bbox 451 4327 834 4381; baseline 0.003 -2"><span class='ocrx_word' id='word_1_522' title='bbox 451 4328 504 4380; x_wconf 91' lang='lat' dir='ltr'><strong>in</strong></span> <span class='ocrx_word' id='word_1_523' title='bbox 545 4327 834 4381; x_wconf 88' lang='lat' dir='ltr'><strong>incendiis.</strong></span> 
     </span>
    </p>
   </div>
   <div class='ocr_carea' id='block_1_74' title="bbox 523 4415 2016 4484">
    <p class='ocr_par' dir='ltr' id='par_1_74' title="bbox 523 4415 2016 4484">
     <span class='ocr_line' id='line_1_75' title="bbox 523 4415 2016 4484; baseline 0.002 -15"><span class='ocrx_word' id='word_1_524' title='bbox 523 4415 610 4472; x_wconf 80' lang='lat' dir='ltr'><strong>Vl.</strong></span> <span class='ocrx_word' id='word_1_525' title='bbox 644 4417 779 4472; x_wconf 80' lang='lat' dir='ltr'><strong>Esse</strong></span> <span class='ocrx_word' id='word_1_526' title='bbox 810 4429 1041 4484; x_wconf 88' lang='lat' dir='ltr'><strong>namque</strong></span> <span class='ocrx_word' id='word_1_527' title='bbox 1063 4416 1270 4469; x_wconf 84' lang='lat' dir='ltr'><strong>animas</strong></span> <span class='ocrx_word' id='word_1_528' title='bbox 1290 4415 1648 4478; x_wconf 84' lang='lat' dir='ltr'><strong>immortales,</strong></span> <span class='ocrx_word' id='word_1_529' title='bbox 1677 4432 1782 4471; x_wconf 92' lang='lat' dir='ltr'><strong>non</strong></span> <span class='ocrx_word' id='word_1_530' title='bbox 1811 4425 2016 4472; x_wconf 89' lang='lat' dir='ltr'><strong>tantum</strong></span> 
     </span>
    </p>
   </div>
   <div class='ocr_carea' id='block_1_75' title="bbox 450 4506 2015 4575">
    <p class='ocr_par' dir='ltr' id='par_1_75' title="bbox 450 4506 2015 4575">
     <span class='ocr_line' id='line_1_76' title="bbox 450 4506 2015 4575; baseline 0 -13"><span class='ocrx_word' id='word_1_531' title='bbox 450 4508 637 4574; x_wconf 87' lang='lat' dir='ltr'><strong>divini,</strong></span> <span class='ocrx_word' id='word_1_532' title='bbox 670 4508 762 4561; x_wconf 89' lang='lat' dir='ltr'><strong>sed</strong></span> <span class='ocrx_word' id='word_1_533' title='bbox 795 4517 850 4562; x_wconf 91' lang='lat' dir='ltr'><strong>et</strong></span> <span class='ocrx_word' id='word_1_534' title='bbox 883 4506 1332 4575; x_wconf 87' lang='lat' dir='ltr'><strong>philosophorum</strong></span> <span class='ocrx_word' id='word_1_535' title='bbox 1363 4507 1504 4575; x_wconf 91' lang='lat' dir='ltr'><strong>pleni</strong></span> <span class='ocrx_word' id='word_1_536' title='bbox 1529 4516 1656 4561; x_wconf 89' lang='lat' dir='ltr'><strong>sunt</strong></span> <span class='ocrx_word' id='word_1_537' title='bbox 1689 4508 1837 4561; x_wconf 90' lang='lat' dir='ltr'><strong>libri.</strong></span> <span class='ocrx_word' id='word_1_538' title='bbox 1863 4511 2015 4574; x_wconf 89' lang='lat' dir='ltr'><strong>Quod</strong></span> 
     </span>
    </p>
   </div>
   <div class='ocr_carea' id='block_1_76' title="bbox 449 4595 2018 4653">
    <p class='ocr_par' dir='ltr' id='par_1_76' title="bbox 449 4595 2018 4653">
     <span class='ocr_line' id='line_1_77' title="bbox 449 4595 2018 4653; baseline 0.001 -3"><span class='ocrx_word' id='word_1_539' title='bbox 449 4597 627 4650; x_wconf 91' lang='lat' dir='ltr'><strong>taliter</strong></span> <span class='ocrx_word' id='word_1_540' title='bbox 658 4611 779 4650; x_wconf 87' lang='lat' dir='ltr'><strong>esse</strong></span> <span class='ocrx_word' id='word_1_541' title='bbox 827 4595 1224 4650; x_wconf 79' lang='lat' dir='ltr'><strong>Cleombrotius</strong></span> <span class='ocrx_word' id='word_1_542' title='bbox 1282 4595 1635 4651; x_wconf 84' lang='lat' dir='ltr'><strong>Ambraciota</strong></span> <span class='ocrx_word' id='word_1_543' title='bbox 1688 4598 1742 4652; x_wconf 92' lang='lat' dir='ltr'><strong>in</strong></span> <span class='ocrx_word' id='word_1_544' title='bbox 1775 4597 2018 4653; x_wconf 84' lang='lat' dir='ltr'><strong>Platonis</strong></span> 
     </span>
    </p>
   </div>
   <div class='ocr_carea' id='block_1_77' title="bbox 447 4685 2016 4756">
    <p class='ocr_par' dir='ltr' id='par_1_77' title="bbox 447 4685 2016 4756">
     <span class='ocr_line' id='line_1_78' title="bbox 447 4685 2016 4756; baseline 0.001 -17"><span class='ocrx_word' id='word_1_545' title='bbox 447 4687 608 4750; x_wconf 86' lang='lat' dir='ltr'><strong>libro,</strong></span> <span class='ocrx_word' id='word_1_546' title='bbox 643 4686 864 4740; x_wconf 90' lang='lat' dir='ltr'><strong>Socrate</strong></span> <span class='ocrx_word' id='word_1_547' title='bbox 889 4687 1220 4754; x_wconf 89' lang='lat' dir='ltr'><strong>disputante,</strong></span> <span class='ocrx_word' id='word_1_548' title='bbox 1257 4685 1528 4740; x_wconf 81' lang='lat' dir='ltr'><strong>didicerat</strong></span> <span class='ocrx_word' id='word_1_549' title='bbox 1563 4702 1580 4744; x_wconf 83' lang='lat'><strong>:</strong></span> <span class='ocrx_word' id='word_1_550' title='bbox 1617 4688 1708 4756; x_wconf 92' lang='lat' dir='ltr'><strong>qui</strong></span> <span class='ocrx_word' id='word_1_551' title='bbox 1743 4688 2016 4742; x_wconf 90' lang='lat' dir='ltr'><strong>homicida</strong></span> 
     </span>
    </p>
   </div>
   <div class='ocr_carea' id='block_1_78' title="bbox 450 4778 2019 4850">
    <p class='ocr_par' dir='ltr' id='par_1_78' title="bbox 450 4778 2019 4850">
     <span class='ocr_line' id='line_1_79' title="bbox 450 4778 2019 4850; baseline 0.002 -19"><span class='ocrx_word' id='word_1_552' title='bbox 450 4778 550 4832; x_wconf 83' lang='lat' dir='ltr'><strong>sibi</strong></span> <span class='ocrx_word' id='word_1_553' title='bbox 583 4792 706 4832; x_wconf 89' lang='lat' dir='ltr'><strong>esse</strong></span> <span class='ocrx_word' id='word_1_554' title='bbox 739 4793 843 4832; x_wconf 91' lang='lat' dir='ltr'><strong>non</strong></span> <span class='ocrx_word' id='word_1_555' title='bbox 869 4778 1074 4843; x_wconf 89' lang='lat' dir='ltr'><strong>timuit,</strong></span> <span class='ocrx_word' id='word_1_556' title='bbox 1126 4793 1194 4832; x_wconf 91' lang='lat' dir='ltr'><strong>ac</strong></span> <span class='ocrx_word' id='word_1_557' title='bbox 1223 4793 1284 4834; x_wconf 92' lang='lat' dir='ltr'><strong>se</strong></span> <span class='ocrx_word' id='word_1_558' title='bbox 1313 4778 1380 4834; x_wconf 90' lang='lat' dir='ltr'><strong>de</strong></span> <span class='ocrx_word' id='word_1_559' title='bbox 1411 4779 1676 4834; x_wconf 90' lang='lat' dir='ltr'><strong>altissimo</strong></span> <span class='ocrx_word' id='word_1_560' title='bbox 1712 4781 2019 4850; x_wconf 66' lang='lat' dir='ltr'><strong>praecipita-</strong></span> 
     </span>
    </p>
   </div>
   <div class='ocr_carea' id='block_1_79' title="bbox 449 4869 2018 4939">
    <p class='ocr_par' dir='ltr' id='par_1_79' title="bbox 449 4869 2018 4939">
     <span class='ocr_line' id='line_1_80' title="bbox 449 4869 2018 4939; baseline 0.002 -16"><span class='ocrx_word' id='word_1_561' title='bbox 449 4871 526 4924; x_wconf 85' lang='lat' dir='ltr'><strong>vit</strong></span> <span class='ocrx_word' id='word_1_562' title='bbox 568 4884 744 4934; x_wconf 91' lang='lat' dir='ltr'><strong>muro,</strong></span> <span class='ocrx_word' id='word_1_563' title='bbox 782 4869 906 4924; x_wconf 93' lang='lat' dir='ltr'><strong>dum</strong></span> <span class='ocrx_word' id='word_1_564' title='bbox 955 4877 1011 4924; x_wconf 90' lang='lat' dir='ltr'><strong>et</strong></span> <span class='ocrx_word' id='word_1_565' title='bbox 1065 4870 1273 4924; x_wconf 91' lang='lat' dir='ltr'><strong>nullum</strong></span> <span class='ocrx_word' id='word_1_566' title='bbox 1325 4881 1445 4939; x_wconf 85' lang='lat' dir='ltr'><strong>post</strong></span> <span class='ocrx_word' id='word_1_567' title='bbox 1486 4881 1717 4926; x_wconf 85' lang='lat' dir='ltr'><strong>mortem</strong></span> <span class='ocrx_word' id='word_1_568' title='bbox 1771 4881 2018 4926; x_wconf 89' lang='lat' dir='ltr'><strong>autumat</strong></span> 
     </span>
    </p>
   </div>
   <div class='ocr_carea' id='block_1_80' title="bbox 450 4961 2014 5032">
    <p class='ocr_par' dir='ltr' id='par_1_80' title="bbox 450 4961 2014 5032">
     <span class='ocr_line' id='line_1_81' title="bbox 450 4961 2014 5032; baseline 0.001 -17"><span class='ocrx_word' id='word_1_569' title='bbox 450 4961 963 5030; x_wconf 86' lang='lat' dir='ltr'><strong>restarejudicium,</strong></span> <span class='ocrx_word' id='word_1_570' title='bbox 997 4972 1052 5017; x_wconf 93' lang='lat' dir='ltr'><strong>et</strong></span> <span class='ocrx_word' id='word_1_571' title='bbox 1078 4961 1197 5016; x_wconf 88' lang='lat' dir='ltr'><strong>sine</strong></span> <span class='ocrx_word' id='word_1_572' title='bbox 1231 4962 1549 5017; x_wconf 88' lang='lat' dir='ltr'><strong>discrimine</strong></span> <span class='ocrx_word' id='word_1_573' title='bbox 1573 4962 1756 5032; x_wconf 90' lang='lat' dir='ltr'><strong>aliquo</strong></span> <span class='ocrx_word' id='word_1_574' title='bbox 1794 4965 2014 5017; x_wconf 87' lang='lat' dir='ltr'><strong>merito-</strong></span> 
     </span>
    </p>
   </div>
   <div class='ocr_carea' id='block_1_81' title="bbox 447 5052 2013 5124">
    <p class='ocr_par' dir='ltr' id='par_1_81' title="bbox 447 5052 2013 5124">
     <span class='ocr_line' id='line_1_82' title="bbox 447 5052 2013 5124; baseline -0.001 -17"><span class='ocrx_word' id='word_1_575' title='bbox 447 5067 590 5115; x_wconf 88' lang='lat' dir='ltr'><strong>rum,</strong></span> <span class='ocrx_word' id='word_1_576' title='bbox 629 5067 819 5107; x_wconf 88' lang='lat' dir='ltr'><strong>omnes</strong></span> <span class='ocrx_word' id='word_1_577' title='bbox 845 5052 1056 5108; x_wconf 86' lang='lat' dir='ltr'><strong>animas</strong></span> <span class='ocrx_word' id='word_1_578' title='bbox 1090 5063 1211 5122; x_wconf 89' lang='lat' dir='ltr'><strong>post</strong></span> <span class='ocrx_word' id='word_1_579' title='bbox 1264 5067 1492 5124; x_wconf 89' lang='lat' dir='ltr'><strong>corpora</strong></span> <span class='ocrx_word' id='word_1_580' title='bbox 1547 5055 1834 5124; x_wconf 84' lang='lat' dir='ltr'><strong>aequaliter</strong></span> <span class='ocrx_word' id='word_1_581' title='bbox 1880 5055 2013 5109; x_wconf 88' lang='lat' dir='ltr'><strong>ferri</strong></span> 
     </span>
    </p>
   </div>
   <div class='ocr_carea' id='block_1_82' title="bbox 447 5145 2015 5214">
    <p class='ocr_par' dir='ltr' id='par_1_82' title="bbox 447 5145 2015 5214">
     <span class='ocr_line' id='line_1_83' title="bbox 447 5145 2015 5214; baseline 0.002 -15"><span class='ocrx_word' id='word_1_582' title='bbox 447 5146 747 5199; x_wconf 88' lang='lat' dir='ltr'><strong>arbitratur</strong></span> <span class='ocrx_word' id='word_1_583' title='bbox 775 5145 838 5198; x_wconf 86' lang='lat' dir='ltr'><strong>ad</strong></span> <span class='ocrx_word' id='word_1_584' title='bbox 873 5145 1091 5200; x_wconf 73' lang='lat' dir='ltr'><strong>cmlum.</strong></span> <span class='ocrx_word' id='word_1_585' title='bbox 1146 5145 1300 5210; x_wconf 87' lang='lat' dir='ltr'><strong>Quod</strong></span> <span class='ocrx_word' id='word_1_586' title='bbox 1346 5145 1482 5200; x_wconf 88' lang='lat' dir='ltr'><strong>adeo</strong></span> <span class='ocrx_word' id='word_1_587' title='bbox 1514 5160 1609 5214; x_wconf 93' lang='lat' dir='ltr'><strong>pro</strong></span> <span class='ocrx_word' id='word_1_588' title='bbox 1644 5160 1772 5201; x_wconf 89' lang='lat' dir='ltr'><strong>vero</strong></span> <span class='ocrx_word' id='word_1_589' title='bbox 1828 5157 2015 5202; x_wconf 79' lang='lat' dir='ltr'><strong>tenue-</strong></span> 
     </span>
    </p>
   </div>
   <div class='ocr_carea' id='block_1_83' title="bbox 448 5235 2018 5306">
    <p class='ocr_par' dir='ltr' id='par_1_83' title="bbox 448 5235 2018 5306">
     <span class='ocr_line' id='line_1_84' title="bbox 448 5235 2018 5306; baseline 0.003 -18"><span class='ocrx_word' id='word_1_590' title='bbox 448 5245 597 5300; x_wconf 83' lang='lat' dir='ltr'><strong>runt,</strong></span> <span class='ocrx_word' id='word_1_591' title='bbox 627 5244 682 5289; x_wconf 89' lang='lat' dir='ltr'><strong>et</strong></span> <span class='ocrx_word' id='word_1_592' title='bbox 714 5235 794 5290; x_wconf 89' lang='lat' dir='ltr'><strong>sic</strong></span> <span class='ocrx_word' id='word_1_593' title='bbox 829 5235 947 5290; x_wconf 87' lang='lat' dir='ltr'><strong>illos</strong></span> <span class='ocrx_word' id='word_1_594' title='bbox 970 5249 1158 5290; x_wconf 90' lang='lat' dir='ltr'><strong>omnes</strong></span> <span class='ocrx_word' id='word_1_595' title='bbox 1185 5235 1365 5291; x_wconf 68' lang='lat' dir='ltr'><strong>saeculi</strong></span> <span class='ocrx_word' id='word_1_596' title='bbox 1397 5237 1672 5306; x_wconf 89' lang='lat' dir='ltr'><strong>sapientes</strong></span> <span class='ocrx_word' id='word_1_597' title='bbox 1695 5253 1798 5291; x_wconf 88' lang='lat' dir='ltr'><strong>una</strong></span> <span class='ocrx_word' id='word_1_598' title='bbox 1825 5237 2018 5292; x_wconf 89' lang='lat' dir='ltr'><strong>nebula</strong></span> 
     </span>
    </p>
   </div>
   <div class='ocr_carea' id='block_1_84' title="bbox 445 5325 2014 5396">
    <p class='ocr_par' dir='ltr' id='par_1_84' title="bbox 445 5325 2014 5396">
     <span class='ocr_line' id='line_1_85' title="bbox 445 5325 2014 5396; baseline 0.001 -15"><span class='ocrx_word' id='word_1_599' title='bbox 445 5325 608 5395; x_wconf 82' lang='lat' dir='ltr'><strong>hujus</strong></span> <span class='ocrx_word' id='word_1_600' title='bbox 634 5330 836 5382; x_wconf 89' lang='lat' dir='ltr'><strong>erroris</strong></span> <span class='ocrx_word' id='word_1_601' title='bbox 870 5327 1101 5382; x_wconf 85' lang='lat' dir='ltr'><strong>involvit</strong></span> <span class='ocrx_word' id='word_1_602' title='bbox 1129 5343 1148 5381; x_wconf 90' lang='lat'><strong><em>:</em></strong></span> <span class='ocrx_word' id='word_1_603' title='bbox 1186 5338 1243 5382; x_wconf 90' lang='lat' dir='ltr'><strong>ut</strong></span> <span class='ocrx_word' id='word_1_604' title='bbox 1267 5335 1322 5382; x_wconf 91' lang='lat' dir='ltr'><strong>et</strong></span> <span class='ocrx_word' id='word_1_605' title='bbox 1353 5328 1466 5396; x_wconf 88' lang='lat' dir='ltr'><strong>ipse</strong></span> <span class='ocrx_word' id='word_1_606' title='bbox 1519 5336 1630 5382; x_wconf 91' lang='lat' dir='ltr'><strong>tam</strong></span> <span class='ocrx_word' id='word_1_607' title='bbox 1698 5328 2014 5391; x_wconf 89' lang='lat' dir='ltr'><strong>laudabilis,</strong></span> 
     </span>
    </p>
   </div>
   <div class='ocr_carea' id='block_1_85' title="bbox 447 5420 2015 5490">
    <p class='ocr_par' dir='ltr' id='par_1_85' title="bbox 447 5420 2015 5490">
     <span class='ocr_line' id='line_1_86' title="bbox 447 5420 2015 5490; baseline 0.001 -18"><span class='ocrx_word' id='word_1_608' title='bbox 447 5430 509 5473; x_wconf 87' lang='lat' dir='ltr'><strong>ut</strong></span> <span class='ocrx_word' id='word_1_609' title='bbox 536 5431 748 5489; x_wconf 86' lang='lat' dir='ltr'><strong>putant,</strong></span> <span class='ocrx_word' id='word_1_610' title='bbox 815 5421 1007 5476; x_wconf 89' lang='lat' dir='ltr'><strong>doctor</strong></span> <span class='ocrx_word' id='word_1_611' title='bbox 1065 5420 1364 5484; x_wconf 89' lang='lat' dir='ltr'><strong>homicida,</strong></span> <span class='ocrx_word' id='word_1_612' title='bbox 1414 5422 1589 5490; x_wconf 89' lang='lat' dir='ltr'><strong>ipsum</strong></span> <span class='ocrx_word' id='word_1_613' title='bbox 1642 5437 1701 5476; x_wconf 88' lang='lat' dir='ltr'><strong>se</strong></span> <span class='ocrx_word' id='word_1_614' title='bbox 1758 5421 2015 5487; x_wconf 82' lang='lat' dir='ltr'><strong>privatim</strong></span> 
     </span>
    </p>
   </div>
   <div class='ocr_carea' id='block_1_86' title="bbox 449 5512 2006 5582">
    <p class='ocr_par' dir='ltr' id='par_1_86' title="bbox 449 5512 2006 5582">
     <span class='ocr_line' id='line_1_87' title="bbox 449 5512 2006 5582; baseline 0.001 -18"><span class='ocrx_word' id='word_1_615' title='bbox 449 5528 517 5566; x_wconf 89' lang='lat' dir='ltr'><strong>ne</strong></span> <span class='ocrx_word' id='word_1_616' title='bbox 544 5513 757 5578; x_wconf 91' lang='lat' dir='ltr'><strong>publice</strong></span> <span class='ocrx_word' id='word_1_617' title='bbox 784 5512 1149 5575; x_wconf 85' lang='lat' dir='ltr'><strong>occideretur,</strong></span> <span class='ocrx_word' id='word_1_618' title='bbox 1178 5513 1462 5567; x_wconf 89' lang='lat' dir='ltr'><strong>occiderit.</strong></span> <span class='ocrx_word' id='word_1_619' title='bbox 1489 5512 1578 5566; x_wconf 88' lang='lat' dir='ltr'><strong>Sic</strong></span> <span class='ocrx_word' id='word_1_620' title='bbox 1607 5527 1822 5582; x_wconf 89' lang='lat' dir='ltr'><strong>quoque</strong></span> <span class='ocrx_word' id='word_1_621' title='bbox 1852 5514 2006 5577; x_wconf 56' lang='lat' dir='ltr'><strong>(dato,</strong></span> 
     </span>
    </p>
   </div>
   <div class='ocr_carea' id='block_1_87' title="bbox 447 5601 2010 5665">
    <p class='ocr_par' dir='ltr' id='par_1_87' title="bbox 447 5601 2010 5665">
     <span class='ocr_line' id='line_1_88' title="bbox 447 5601 2010 5665; baseline 0 -13"><span class='ocrx_word' id='word_1_622' title='bbox 447 5602 589 5654; x_wconf 84' lang='lat' dir='ltr'><strong>lecto</strong></span> <span class='ocrx_word' id='word_1_623' title='bbox 628 5602 678 5653; x_wconf 84' lang='lat' dir='ltr'><strong>iu</strong></span> <span class='ocrx_word' id='word_1_624' title='bbox 713 5612 868 5654; x_wconf 86' lang='lat' dir='ltr'><strong>nocte</strong></span> <span class='ocrx_word' id='word_1_625' title='bbox 926 5603 988 5654; x_wconf 89' lang='lat' dir='ltr'><strong>ad</strong></span> <span class='ocrx_word' id='word_1_626' title='bbox 1032 5603 1284 5656; x_wconf 86' lang='lat' dir='ltr'><strong>lucernas</strong></span> <span class='ocrx_word' id='word_1_627' title='bbox 1309 5601 1550 5655; x_wconf 81' lang='lat' dir='ltr'><strong>Platonis</strong></span> <span class='ocrx_word' id='word_1_628' title='bbox 1580 5605 1740 5665; x_wconf 88' lang='lat' dir='ltr'><strong>libro,</strong></span> <span class='ocrx_word' id='word_1_629' title='bbox 1779 5603 1869 5664; x_wconf 89' lang='lat' dir='ltr'><strong>qui</strong></span> <span class='ocrx_word' id='word_1_630' title='bbox 1907 5604 2010 5653; x_wconf 83' lang='lat' dir='ltr'><strong>iiii-</strong></span> 
     </span>
    </p>
   </div>
   <div class='ocr_carea' id='block_1_88' title="bbox 2120 3221 3691 3290">
    <p class='ocr_par' dir='ltr' id='par_1_88' title="bbox 2120 3221 3691 3290">
     <span class='ocr_line' id='line_1_89' title="bbox 2120 3221 3691 3290; baseline -0.001 -17"><span class='ocrx_word' id='word_1_631' title='bbox 2120 3221 2262 3288; x_wconf 90' lang='lat' dir='ltr'><strong>quod</strong></span> <span class='ocrx_word' id='word_1_632' title='bbox 2301 3235 2398 3273; x_wconf 89' lang='lat' dir='ltr'><strong>nec</strong></span> <span class='ocrx_word' id='word_1_633' title='bbox 2426 3223 2616 3274; x_wconf 77' lang='lat' dir='ltr'><strong>animae</strong></span> <span class='ocrx_word' id='word_1_634' title='bbox 2640 3221 2738 3290; x_wconf 88' lang='lat' dir='ltr'><strong>ipsi</strong></span> <span class='ocrx_word' id='word_1_635' title='bbox 2767 3225 3027 3290; x_wconf 80' lang='lat' dir='ltr'><strong>competit</strong></span> <span class='ocrx_word' id='word_1_636' title='bbox 3063 3239 3078 3277; x_wconf 88' lang='lat'><strong>:</strong></span> <span class='ocrx_word' id='word_1_637' title='bbox 3119 3233 3216 3276; x_wconf 89' lang='lat' dir='ltr'><strong>aut</strong></span> <span class='ocrx_word' id='word_1_638' title='bbox 3261 3224 3303 3277; x_wconf 90' lang='lat' dir='ltr'><strong>si</strong></span> <span class='ocrx_word' id='word_1_639' title='bbox 3333 3235 3481 3277; x_wconf 87' lang='lat' dir='ltr'><strong>certe</strong></span> <span class='ocrx_word' id='word_1_640' title='bbox 3509 3221 3691 3290; x_wconf 80' lang='lat' dir='ltr'><strong>singu-</strong></span> 
     </span>
    </p>
   </div>
   <div class='ocr_carea' id='block_1_89' title="bbox 2121 3310 3690 3382">
    <p class='ocr_par' dir='ltr' id='par_1_89' title="bbox 2121 3310 3690 3382">
     <span class='ocr_line' id='line_1_90' title="bbox 2121 3310 3690 3382; baseline 0 -17"><span class='ocrx_word' id='word_1_641' title='bbox 2121 3310 2185 3365; x_wconf 68' lang='lat' dir='ltr'><strong>la:</strong></span> <span class='ocrx_word' id='word_1_642' title='bbox 2225 3311 2430 3364; x_wconf 80' lang='lat' dir='ltr'><strong>caelesti</strong></span> <span class='ocrx_word' id='word_1_643' title='bbox 2455 3321 2721 3380; x_wconf 88' lang='lat' dir='ltr'><strong>potestate</strong></span> <span class='ocrx_word' id='word_1_644' title='bbox 2748 3311 2903 3368; x_wconf 86' lang='lat' dir='ltr'><strong>factae</strong></span> <span class='ocrx_word' id='word_1_645' title='bbox 2950 3324 3097 3380; x_wconf 87' lang='lat' dir='ltr'><strong>sunt,</strong></span> <span class='ocrx_word' id='word_1_646' title='bbox 3127 3324 3181 3368; x_wconf 93' lang='lat' dir='ltr'><strong>et</strong></span> <span class='ocrx_word' id='word_1_647' title='bbox 3205 3330 3270 3368; x_wconf 82' lang='lat' dir='ltr'><strong>ex</strong></span> <span class='ocrx_word' id='word_1_648' title='bbox 3332 3315 3464 3382; x_wconf 88' lang='lat' dir='ltr'><strong>ipsis</strong></span> <span class='ocrx_word' id='word_1_649' title='bbox 3527 3323 3690 3366; x_wconf 70' lang='lat' dir='ltr'><strong>caete-</strong></span> 
     </span>
    </p>
   </div>
   <div class='ocr_carea' id='block_1_90' title="bbox 2121 3406 3692 3471">
    <p class='ocr_par' dir='ltr' id='par_1_90' title="bbox 2121 3406 3692 3471">
     <span class='ocr_line' id='line_1_91' title="bbox 2121 3406 3692 3471; baseline 0.002 -15"><span class='ocrx_word' id='word_1_650' title='bbox 2121 3416 2193 3456; x_wconf 75' lang='lat' dir='ltr'><strong>ra:</strong></span> <span class='ocrx_word' id='word_1_651' title='bbox 2225 3415 2364 3453; x_wconf 76' lang='lat' dir='ltr'><strong>natre</strong></span> <span class='ocrx_word' id='word_1_652' title='bbox 2400 3413 2548 3466; x_wconf 91' lang='lat' dir='ltr'><strong>sunt,</strong></span> <span class='ocrx_word' id='word_1_653' title='bbox 2604 3414 2780 3471; x_wconf 89' lang='lat' dir='ltr'><strong>potest</strong></span> <span class='ocrx_word' id='word_1_654' title='bbox 2810 3419 2873 3458; x_wconf 81' lang='lat' dir='ltr'><strong>ex</strong></span> <span class='ocrx_word' id='word_1_655' title='bbox 2905 3421 3009 3458; x_wconf 86' lang='lat' dir='ltr'><strong>una</strong></span> <span class='ocrx_word' id='word_1_656' title='bbox 3042 3406 3171 3460; x_wconf 69' lang='lat' dir='ltr'><strong>Adae</strong></span> <span class='ocrx_word' id='word_1_657' title='bbox 3224 3407 3409 3458; x_wconf 87' lang='lat' dir='ltr'><strong>anima</strong></span> <span class='ocrx_word' id='word_1_658' title='bbox 3435 3406 3692 3460; x_wconf 81' lang='lat' dir='ltr'><strong>credibile</strong></span> 
     </span>
    </p>
   </div>
   <div class='ocr_carea' id='block_1_91' title="bbox 2123 3492 3691 3568">
    <p class='ocr_par' dir='ltr' id='par_1_91' title="bbox 2123 3492 3691 3568">
     <span class='ocr_line' id='line_1_92' title="bbox 2123 3492 3691 3568; baseline 0.005 -26"><span class='ocrx_word' id='word_1_659' title='bbox 2123 3492 2291 3545; x_wconf 83' lang='lat' dir='ltr'><strong>videri</strong></span> <span class='ocrx_word' id='word_1_660' title='bbox 2328 3502 2557 3547; x_wconf 62' lang='lat' dir='ltr'><strong>creterras</strong></span> <span class='ocrx_word' id='word_1_661' title='bbox 2611 3495 2762 3549; x_wconf 83' lang='lat' dir='ltr'><strong>nasci</strong></span> <span class='ocrx_word' id='word_1_662' title='bbox 2797 3496 2940 3550; x_wconf 83' lang='lat' dir='ltr'><strong>:sed</strong></span> <span class='ocrx_word' id='word_1_663' title='bbox 2971 3512 3077 3551; x_wconf 91' lang='lat' dir='ltr'><strong>non</strong></span> <span class='ocrx_word' id='word_1_664' title='bbox 3112 3497 3388 3561; x_wconf 84' lang='lat' dir='ltr'><strong>convenit,</strong></span> <span class='ocrx_word' id='word_1_665' title='bbox 3421 3497 3546 3568; x_wconf 87' lang='lat' dir='ltr'><strong>quia</strong></span> <span class='ocrx_word' id='word_1_666' title='bbox 3591 3497 3691 3552; x_wconf 89' lang='lat' dir='ltr'><strong>soli</strong></span> 
     </span>
    </p>
   </div>
   <div class='ocr_carea' id='block_1_92' title="bbox 2125 3583 3692 3659">
    <p class='ocr_par' dir='ltr' id='par_1_92' title="bbox 2125 3583 3692 3659">
     <span class='ocr_line' id='line_1_93' title="bbox 2125 3583 3692 3659; baseline 0.006 -25"><span class='ocrx_word' id='word_1_667' title='bbox 2125 3583 2232 3637; x_wconf 88' lang='lat' dir='ltr'><strong>Deo</strong></span> <span class='ocrx_word' id='word_1_668' title='bbox 2264 3586 2363 3637; x_wconf 90' lang='lat' dir='ltr'><strong>hoc</strong></span> <span class='ocrx_word' id='word_1_669' title='bbox 2393 3585 2650 3652; x_wconf 81' lang='lat' dir='ltr'><strong>possibile</strong></span> <span class='ocrx_word' id='word_1_670' title='bbox 2708 3585 2830 3654; x_wconf 88' lang='lat' dir='ltr'><strong>fuit,</strong></span> <span class='ocrx_word' id='word_1_671' title='bbox 2866 3599 2923 3640; x_wconf 91' lang='lat' dir='ltr'><strong>ut</strong></span> <span class='ocrx_word' id='word_1_672' title='bbox 2956 3590 3184 3658; x_wconf 82' lang='lat' dir='ltr'><strong>simplex</strong></span> <span class='ocrx_word' id='word_1_673' title='bbox 3249 3597 3562 3659; x_wconf 78' lang='lat' dir='ltr'><strong>generaret,</strong></span> <span class='ocrx_word' id='word_1_674' title='bbox 3593 3606 3692 3643; x_wconf 84' lang='lat' dir='ltr'><strong>nee</strong></span> 
     </span>
    </p>
   </div>
   <div class='ocr_carea' id='block_1_93' title="bbox 2123 3681 3690 3753">
    <p class='ocr_par' dir='ltr' id='par_1_93' title="bbox 2123 3681 3690 3753">
     <span class='ocr_line' id='line_1_94' title="bbox 2123 3681 3690 3753; baseline 0.002 -20"><span class='ocrx_word' id='word_1_675' title='bbox 2123 3681 2333 3733; x_wconf 65' lang='lat' dir='ltr'><strong>caeteris</strong></span> <span class='ocrx_word' id='word_1_676' title='bbox 2368 3682 2782 3746; x_wconf 82' lang='lat' dir='ltr'><strong>concederetur,</strong></span> <span class='ocrx_word' id='word_1_677' title='bbox 2843 3683 2987 3752; x_wconf 88' lang='lat' dir='ltr'><strong>quod</strong></span> <span class='ocrx_word' id='word_1_678' title='bbox 3039 3693 3144 3738; x_wconf 88' lang='lat' dir='ltr'><strong>tam</strong></span> <span class='ocrx_word' id='word_1_679' title='bbox 3183 3687 3470 3753; x_wconf 83' lang='lat' dir='ltr'><strong>mysticum</strong></span> <span class='ocrx_word' id='word_1_680' title='bbox 3502 3695 3586 3739; x_wconf 82' lang='lat' dir='ltr'><strong>est</strong></span> <span class='ocrx_word' id='word_1_681' title='bbox 3636 3686 3690 3737; x_wconf 93' lang='lat' dir='ltr'><strong>in</strong></span> 
     </span>
    </p>
   </div>
   <div class='ocr_carea' id='block_1_94' title="bbox 2123 3770 3691 3845">
    <p class='ocr_par' dir='ltr' id='par_1_94' title="bbox 2123 3770 3691 3845">
     <span class='ocr_line' id='line_1_95' title="bbox 2123 3770 3691 3845; baseline 0.003 -20"><span class='ocrx_word' id='word_1_682' title='bbox 2123 3787 2288 3825; x_wconf 84' lang='lat' dir='ltr'><strong>causa</strong></span> <span class='ocrx_word' id='word_1_683' title='bbox 2328 3770 2626 3827; x_wconf 84' lang='lat' dir='ltr'><strong>Saivatoris</strong></span> <span class='ocrx_word' id='word_1_684' title='bbox 2661 3791 2673 3826; x_wconf 88' lang='lat'><strong>:</strong></span> <span class='ocrx_word' id='word_1_685' title='bbox 2712 3785 2770 3828; x_wconf 94' lang='lat' dir='ltr'><strong>ut</strong></span> <span class='ocrx_word' id='word_1_686' title='bbox 2823 3791 2926 3828; x_wconf 92' lang='lat' dir='ltr'><strong>non</strong></span> <span class='ocrx_word' id='word_1_687' title='bbox 2964 3776 3138 3830; x_wconf 89' lang='lat' dir='ltr'><strong>solum</strong></span> <span class='ocrx_word' id='word_1_688' title='bbox 3163 3791 3190 3828; x_wconf 89' lang='lat' dir='ltr'><strong>a</strong></span> <span class='ocrx_word' id='word_1_689' title='bbox 3241 3777 3371 3831; x_wconf 89' lang='lat' dir='ltr'><strong>solis</strong></span> <span class='ocrx_word' id='word_1_690' title='bbox 3401 3777 3691 3845; x_wconf 76' lang='lat' dir='ltr'><strong>gentilibus</strong></span> 
     </span>
    </p>
   </div>
   <div class='ocr_carea' id='block_1_95' title="bbox 2125 3861 3692 3936">
    <p class='ocr_par' dir='ltr' id='par_1_95' title="bbox 2125 3861 3692 3936">
     <span class='ocr_line' id='line_1_96' title="bbox 2125 3861 3692 3936; baseline 0.003 -20"><span class='ocrx_word' id='word_1_691' title='bbox 2125 3863 2207 3917; x_wconf 87' lang='lat' dir='ltr'><strong>vel</strong></span> <span class='ocrx_word' id='word_1_692' title='bbox 2259 3861 2485 3928; x_wconf 76' lang='lat' dir='ltr'><strong>Judaeis,</strong></span> <span class='ocrx_word' id='word_1_693' title='bbox 2524 3881 2709 3918; x_wconf 83' lang='lat' dir='ltr'><strong>verum</strong></span> <span class='ocrx_word' id='word_1_694' title='bbox 2743 3867 2903 3919; x_wconf 88' lang='lat' dir='ltr'><strong>etiam</strong></span> <span class='ocrx_word' id='word_1_695' title='bbox 2935 3868 2999 3920; x_wconf 90' lang='lat' dir='ltr'><strong>ab</strong></span> <span class='ocrx_word' id='word_1_696' title='bbox 3056 3868 3187 3936; x_wconf 89' lang='lat' dir='ltr'><strong>ipsis</strong></span> <span class='ocrx_word' id='word_1_697' title='bbox 3216 3867 3306 3936; x_wconf 89' lang='lat' dir='ltr'><strong>qui</strong></span> <span class='ocrx_word' id='word_1_698' title='bbox 3350 3867 3692 3921; x_wconf 82' lang='lat' dir='ltr'><strong>Christianos</strong></span> 
     </span>
    </p>
   </div>
   <div class='ocr_carea' id='block_1_96' title="bbox 2123 3956 3690 4026">
    <p class='ocr_par' dir='ltr' id='par_1_96' title="bbox 2123 3956 3690 4026">
     <span class='ocr_line' id='line_1_97' title="bbox 2123 3956 3690 4026; baseline 0.002 -17"><span class='ocrx_word' id='word_1_699' title='bbox 2123 3967 2184 4009; x_wconf 85' lang='lat' dir='ltr'><strong>se</strong></span> <span class='ocrx_word' id='word_1_700' title='bbox 2238 3956 2444 4019; x_wconf 87' lang='lat' dir='ltr'><strong>dicunt,</strong></span> <span class='ocrx_word' id='word_1_701' title='bbox 2498 3956 2816 4012; x_wconf 90' lang='lat' dir='ltr'><strong>incredibile</strong></span> <span class='ocrx_word' id='word_1_702' title='bbox 2868 3967 3110 4026; x_wconf 88' lang='lat' dir='ltr'><strong>putetur.</strong></span> <span class='ocrx_word' id='word_1_703' title='bbox 3172 3959 3481 4012; x_wconf 85' lang='lat' dir='ltr'><strong>Pliotiniaui</strong></span> <span class='ocrx_word' id='word_1_704' title='bbox 3541 3959 3690 4013; x_wconf 90' lang='lat' dir='ltr'><strong>enim</strong></span> 
     </span>
    </p>
   </div>
   <div class='ocr_carea' id='block_1_97' title="bbox 2125 4047 3690 4118">
    <p class='ocr_par' dir='ltr' id='par_1_97' title="bbox 2125 4047 3690 4118">
     <span class='ocr_line' id='line_1_98' title="bbox 2125 4047 3690 4118; baseline 0.004 -20"><span class='ocrx_word' id='word_1_705' title='bbox 2125 4047 2266 4100; x_wconf 90' lang='lat' dir='ltr'><strong>hanc</strong></span> <span class='ocrx_word' id='word_1_706' title='bbox 2299 4047 2457 4101; x_wconf 88' lang='lat' dir='ltr'><strong>fidem</strong></span> <span class='ocrx_word' id='word_1_707' title='bbox 2478 4060 2762 4115; x_wconf 90' lang='lat' dir='ltr'><strong>spernunt,</strong></span> <span class='ocrx_word' id='word_1_708' title='bbox 2796 4064 2899 4102; x_wconf 83' lang='lat' dir='ltr'><strong>non</strong></span> <span class='ocrx_word' id='word_1_709' title='bbox 2924 4049 3153 4104; x_wconf 85' lang='lat' dir='ltr'><strong>credunt</strong></span> <span class='ocrx_word' id='word_1_710' title='bbox 3181 4049 3347 4103; x_wconf 88' lang='lat' dir='ltr'><strong>Deum</strong></span> <span class='ocrx_word' id='word_1_711' title='bbox 3380 4064 3690 4118; x_wconf 79' lang='lat' dir='ltr'><strong>generasse.</strong></span> 
     </span>
    </p>
   </div>
   <div class='ocr_carea' id='block_1_98' title="bbox 2124 4136 3695 4211">
    <p class='ocr_par' dir='ltr' id='par_1_98' title="bbox 2124 4136 3695 4211">
     <span class='ocr_line' id='line_1_99' title="bbox 2124 4136 3695 4211; baseline 0.004 -21"><span class='ocrx_word' id='word_1_712' title='bbox 2124 4136 2257 4192; x_wconf 86' lang='lat' dir='ltr'><strong>Nam</strong></span> <span class='ocrx_word' id='word_1_713' title='bbox 2290 4139 2334 4192; x_wconf 88' lang='lat' dir='ltr'><strong>si</strong></span> <span class='ocrx_word' id='word_1_714' title='bbox 2369 4154 2435 4192; x_wconf 91' lang='lat' dir='ltr'><strong>eo</strong></span> <span class='ocrx_word' id='word_1_715' title='bbox 2467 4148 2713 4206; x_wconf 86' lang='lat' dir='ltr'><strong>tempore</strong></span> <span class='ocrx_word' id='word_1_716' title='bbox 2745 4156 2853 4210; x_wconf 91' lang='lat' dir='ltr'><strong>quo</strong></span> <span class='ocrx_word' id='word_1_717' title='bbox 2884 4142 3186 4196; x_wconf 89' lang='lat' dir='ltr'><strong>seminatur</strong></span> <span class='ocrx_word' id='word_1_718' title='bbox 3220 4157 3437 4211; x_wconf 84' lang='lat' dir='ltr'><strong>corpus,</strong></span> <span class='ocrx_word' id='word_1_719' title='bbox 3471 4153 3526 4196; x_wconf 93' lang='lat' dir='ltr'><strong>et</strong></span> <span class='ocrx_word' id='word_1_720' title='bbox 3578 4144 3695 4196; x_wconf 81' lang='lat' dir='ltr'><strong>ani-</strong></span> 
     </span>
    </p>
   </div>
   <div class='ocr_carea' id='block_1_99' title="bbox 2123 4233 3686 4299">
    <p class='ocr_par' dir='ltr' id='par_1_99' title="bbox 2123 4233 3686 4299">
     <span class='ocr_line' id='line_1_100' title="bbox 2123 4233 3686 4299; baseline 0.003 -15"><span class='ocrx_word' id='word_1_721' title='bbox 2123 4247 2210 4285; x_wconf 89' lang='lat' dir='ltr'><strong>ma</strong></span> <span class='ocrx_word' id='word_1_722' title='bbox 2239 4240 2526 4297; x_wconf 82' lang='lat' dir='ltr'><strong>generatur</strong></span> <span class='ocrx_word' id='word_1_723' title='bbox 2555 4246 2619 4286; x_wconf 83' lang='lat' dir='ltr'><strong>ex</strong></span> <span class='ocrx_word' id='word_1_724' title='bbox 2654 4233 2852 4299; x_wconf 88' lang='lat' dir='ltr'><strong>anima,</strong></span> <span class='ocrx_word' id='word_1_725' title='bbox 2884 4233 2954 4286; x_wconf 89' lang='lat' dir='ltr'><strong>de</strong></span> <span class='ocrx_word' id='word_1_726' title='bbox 2980 4233 3149 4288; x_wconf 86' lang='lat' dir='ltr'><strong>Adam</strong></span> <span class='ocrx_word' id='word_1_727' title='bbox 3187 4235 3203 4265; x_wconf 84' lang='grc'><strong><em>³</em></strong></span> <span class='ocrx_word' id='word_1_728' title='bbox 3237 4243 3446 4288; x_wconf 89' lang='lat' dir='ltr'><strong>costam</strong></span> <span class='ocrx_word' id='word_1_729' title='bbox 3499 4235 3686 4290; x_wconf 88' lang='lat' dir='ltr'><strong>subla-</strong></span> 
     </span>
    </p>
   </div>
   <div class='ocr_carea' id='block_1_100' title="bbox 2125 4322 3690 4389">
    <p class='ocr_par' dir='ltr' id='par_1_100' title="bbox 2125 4322 3690 4389">
     <span class='ocr_line' id='line_1_101' title="bbox 2125 4322 3690 4389; baseline 0.004 -15"><span class='ocrx_word' id='word_1_730' title='bbox 2125 4331 2232 4374; x_wconf 89' lang='lat' dir='ltr'><strong>tam</strong></span> <span class='ocrx_word' id='word_1_731' title='bbox 2265 4322 2494 4389; x_wconf 82' lang='lat' dir='ltr'><strong>legimus</strong></span> <span class='ocrx_word' id='word_1_732' title='bbox 2529 4340 2542 4378; x_wconf 89' lang='lat'><strong>:</strong></span> <span class='ocrx_word' id='word_1_733' title='bbox 2569 4337 2674 4376; x_wconf 90' lang='lat' dir='ltr'><strong>non</strong></span> <span class='ocrx_word' id='word_1_734' title='bbox 2707 4332 2885 4376; x_wconf 89' lang='lat' dir='ltr'><strong>tamen</strong></span> <span class='ocrx_word' id='word_1_735' title='bbox 2917 4325 3151 4377; x_wconf 90' lang='lat' dir='ltr'><strong>animam</strong></span> <span class='ocrx_word' id='word_1_736' title='bbox 3177 4334 3356 4377; x_wconf 87' lang='lat' dir='ltr'><strong>natam</strong></span> <span class='ocrx_word' id='word_1_737' title='bbox 3390 4338 3455 4378; x_wconf 79' lang='lat' dir='ltr'><strong>ex</strong></span> <span class='ocrx_word' id='word_1_738' title='bbox 3488 4326 3690 4381; x_wconf 88' lang='lat' dir='ltr'><strong>anima.</strong></span> 
     </span>
    </p>
   </div>
   <div class='ocr_carea' id='block_1_101' title="bbox 2126 4413 3692 4486">
    <p class='ocr_par' dir='ltr' id='par_1_101' title="bbox 2126 4413 3692 4486">
     <span class='ocr_line' id='line_1_102' title="bbox 2126 4413 3692 4486; baseline 0.002 -19"><span class='ocrx_word' id='word_1_739' title='bbox 2126 4413 2231 4468; x_wconf 82' lang='lat' dir='ltr'><strong>Sed</strong></span> <span class='ocrx_word' id='word_1_740' title='bbox 2279 4417 2323 4468; x_wconf 90' lang='lat' dir='ltr'><strong>si</strong></span> <span class='ocrx_word' id='word_1_741' title='bbox 2353 4425 2502 4468; x_wconf 77' lang='lat' dir='ltr'><strong>costa</strong></span> <span class='ocrx_word' id='word_1_742' title='bbox 2545 4429 2728 4469; x_wconf 90' lang='lat' dir='ltr'><strong>secum</strong></span> <span class='ocrx_word' id='word_1_743' title='bbox 2765 4415 2959 4469; x_wconf 88' lang='lat' dir='ltr'><strong>habuit</strong></span> <span class='ocrx_word' id='word_1_744' title='bbox 2991 4418 3226 4470; x_wconf 89' lang='lat' dir='ltr'><strong>animam</strong></span> <span class='ocrx_word' id='word_1_745' title='bbox 3255 4433 3269 4472; x_wconf 89' lang='lat'><strong>:</strong></span> <span class='ocrx_word' id='word_1_746' title='bbox 3294 4418 3400 4486; x_wconf 81' lang='lat' dir='ltr'><strong>jam</strong></span> <span class='ocrx_word' id='word_1_747' title='bbox 3428 4433 3533 4470; x_wconf 90' lang='lat' dir='ltr'><strong>non</strong></span> <span class='ocrx_word' id='word_1_748' title='bbox 3565 4430 3692 4472; x_wconf 77' lang='lat' dir='ltr'><strong>nata</strong></span> 
     </span>
    </p>
   </div>
   <div class='ocr_carea' id='block_1_102' title="bbox 2125 4506 3695 4578">
    <p class='ocr_par' dir='ltr' id='par_1_102' title="bbox 2125 4506 3695 4578">
     <span class='ocr_line' id='line_1_103' title="bbox 2125 4506 3695 4578; baseline 0.007 -18"><span class='ocrx_word' id='word_1_749' title='bbox 2125 4517 2226 4570; x_wconf 83' lang='lat' dir='ltr'><strong>est,</strong></span> <span class='ocrx_word' id='word_1_750' title='bbox 2262 4506 2504 4578; x_wconf 67' lang='lat' dir='ltr'><strong>sedlAl.</strong></span> <span class='ocrx_word' id='word_1_751' title='bbox 2539 4507 2609 4578; x_wconf 80' lang='lat' dir='ltr'><strong>si]</strong></span> <span class='ocrx_word' id='word_1_752' title='bbox 2643 4507 2887 4562; x_wconf 80' lang='lat' dir='ltr'><strong>detracta</strong></span> <span class='ocrx_word' id='word_1_753' title='bbox 2948 4510 3000 4563; x_wconf 91' lang='lat' dir='ltr'><strong>in</strong></span> <span class='ocrx_word' id='word_1_754' title='bbox 3046 4521 3278 4578; x_wconf 89' lang='lat' dir='ltr'><strong>partem.</strong></span> <span class='ocrx_word' id='word_1_755' title='bbox 3317 4513 3421 4566; x_wconf 83' lang='lat' dir='ltr'><strong>Sed</strong></span> <span class='ocrx_word' id='word_1_756' title='bbox 3456 4530 3554 4568; x_wconf 87' lang='lat' dir='ltr'><strong>nec</strong></span> <span class='ocrx_word' id='word_1_757' title='bbox 3589 4516 3695 4571; x_wconf 86' lang='lat' dir='ltr'><strong>hoc</strong></span> 
     </span>
    </p>
   </div>
   <div class='ocr_carea' id='block_1_103' title="bbox 2124 4589 3694 4668">
    <p class='ocr_par' dir='ltr' id='par_1_103' title="bbox 2124 4589 3694 4668">
     <span class='ocr_line' id='line_1_104' title="bbox 2124 4589 3694 4668; baseline 0.006 -17"><span class='ocrx_word' id='word_1_758' title='bbox 2124 4601 2383 4666; x_wconf 81' lang='lat' dir='ltr'><strong>scripturn</strong></span> <span class='ocrx_word' id='word_1_759' title='bbox 2409 4609 2491 4652; x_wconf 90' lang='lat' dir='ltr'><strong>est</strong></span> <span class='ocrx_word' id='word_1_760' title='bbox 2523 4617 2536 4652; x_wconf 86' lang='lat'><strong>:</strong></span> <span class='ocrx_word' id='word_1_761' title='bbox 2573 4601 2830 4668; x_wconf 86' lang='lat' dir='ltr'><strong>propheta</strong></span> <span class='ocrx_word' id='word_1_762' title='bbox 2857 4603 3006 4655; x_wconf 88' lang='lat' dir='ltr'><strong>enim</strong></span> <span class='ocrx_word' id='word_1_763' title='bbox 3043 4603 3332 4658; x_wconf 80' lang='lat' dir='ltr'><strong>Zacharias</strong></span> <span class='ocrx_word' id='word_1_764' title='bbox 3362 4589 3500 4658; x_wconf 82' lang='lat' dir='ltr'><strong>inter</strong></span> <span class='ocrx_word' id='word_1_765' title='bbox 3531 4617 3694 4660; x_wconf 87' lang='lat' dir='ltr'><strong>ca-te-</strong></span> 
     </span>
    </p>
   </div>
   <div class='ocr_carea' id='block_1_104' title="bbox 2124 4690 3692 4762">
    <p class='ocr_par' dir='ltr' id='par_1_104' title="bbox 2124 4690 3692 4762">
     <span class='ocr_line' id='line_1_105' title="bbox 2124 4690 3692 4762; baseline 0.004 -18"><span class='ocrx_word' id='word_1_766' title='bbox 2124 4708 2180 4744; x_wconf 87' lang='lat' dir='ltr'><strong>ra</strong></span> <span class='ocrx_word' id='word_1_767' title='bbox 2216 4709 2228 4745; x_wconf 92' lang='lat'><strong>:</strong></span> <span class='ocrx_word' id='word_1_768' title='bbox 2266 4690 2368 4755; x_wconf 74' lang='lat' dir='ltr'><strong>Qui</strong></span> <span class='ocrx_word' id='word_1_769' title='bbox 2400 4691 2655 4759; x_wconf 80' lang='lat' dir='ltr'><strong>plasmas,</strong></span> <span class='ocrx_word' id='word_1_770' title='bbox 2717 4693 2917 4762; x_wconf 86' lang='lat' dir='ltr'><strong>inquit,</strong></span> <span class='ocrx_word' id='word_1_771' title='bbox 2955 4696 3189 4748; x_wconf 85' lang='lat' dir='ltr'><strong>animam</strong></span> <span class='ocrx_word' id='word_1_772' title='bbox 3225 4696 3448 4751; x_wconf 72' lang='lat' dir='ltr'><strong>hominis</strong></span> <span class='ocrx_word' id='word_1_773' title='bbox 3484 4698 3539 4750; x_wconf 84' lang='lat' dir='ltr'><strong>in</strong></span> <span class='ocrx_word' id='word_1_774' title='bbox 3570 4714 3692 4751; x_wconf 83' lang='lat' dir='ltr'><strong>eum</strong></span> 
     </span>
    </p>
   </div>
   <div class='ocr_carea' id='block_1_105' title="bbox 2123 4782 3692 4852">
    <p class='ocr_par' dir='ltr' id='par_1_105' title="bbox 2123 4782 3692 4852">
     <span class='ocr_line' id='line_1_106' title="bbox 2123 4782 3692 4852; baseline 0.007 -18"><span class='ocrx_word' id='word_1_775' title='bbox 2123 4782 2312 4850; x_wconf 84' lang='lat' dir='ltr'><strong>(Zaclt.</strong></span> <span class='ocrx_word' id='word_1_776' title='bbox 2346 4800 2445 4846; x_wconf 78' lang='lat' dir='ltr'><strong>Sil.</strong></span> <span class='ocrx_word' id='word_1_777' title='bbox 2472 4785 2544 4848; x_wconf 81' lang='grc'><strong>1).</strong></span> <span class='ocrx_word' id='word_1_778' title='bbox 2574 4784 2684 4840; x_wconf 84' lang='lat' dir='ltr'><strong>Nec</strong></span> <span class='ocrx_word' id='word_1_779' title='bbox 2745 4787 2911 4842; x_wconf 84' lang='lat' dir='ltr'><strong>Isaias</strong></span> <span class='ocrx_word' id='word_1_780' title='bbox 2946 4789 3015 4841; x_wconf 84' lang='lat' dir='ltr'><strong>ab</strong></span> <span class='ocrx_word' id='word_1_781' title='bbox 3063 4789 3148 4843; x_wconf 85' lang='lat' dir='ltr'><strong>bis</strong></span> <span class='ocrx_word' id='word_1_782' title='bbox 3184 4791 3530 4852; x_wconf 86' lang='lat' dir='ltr'><strong>dissentiens,</strong></span> <span class='ocrx_word' id='word_1_783' title='bbox 3566 4793 3642 4844; x_wconf 87' lang='lat' dir='ltr'><strong>ait</strong></span> <span class='ocrx_word' id='word_1_784' title='bbox 3675 4809 3692 4845; x_wconf 91' lang='lat'><strong>:</strong></span> 
     </span>
    </p>
   </div>
   <div class='ocr_carea' id='block_1_106' title="bbox 2123 4875 3697 4951">
    <p class='ocr_par' dir='ltr' id='par_1_106' title="bbox 2123 4875 3697 4951">
     <span class='ocr_line' id='line_1_107' title="bbox 2123 4875 3697 4951; baseline 0.005 -22"><span class='ocrx_word' id='word_1_785' title='bbox 2123 4875 2210 4929; x_wconf 86' lang='lat' dir='ltr'><strong>Sic</strong></span> <span class='ocrx_word' id='word_1_786' title='bbox 2263 4877 2389 4929; x_wconf 77' lang='lat' dir='ltr'><strong>dicit</strong></span> <span class='ocrx_word' id='word_1_787' title='bbox 2425 4875 2677 4932; x_wconf 85' lang='lat' dir='ltr'><strong>Dominus</strong></span> <span class='ocrx_word' id='word_1_788' title='bbox 2708 4879 2846 4932; x_wconf 81' lang='lat' dir='ltr'><strong>Deus</strong></span> <span class='ocrx_word' id='word_1_789' title='bbox 2869 4884 2956 4949; x_wconf 86' lang='lat' dir='ltr'><strong>qui</strong></span> <span class='ocrx_word' id='word_1_790' title='bbox 2993 4882 3116 4951; x_wconf 72' lang='lat' dir='ltr'><strong>fecit</strong></span> <span class='ocrx_word' id='word_1_791' title='bbox 3169 4894 3237 4948; x_wconf 87' lang='lat' dir='ltr'><strong>te,</strong></span> <span class='ocrx_word' id='word_1_792' title='bbox 3273 4893 3321 4936; x_wconf 86' lang='lat' dir='ltr'><strong>et</strong></span> <span class='ocrx_word' id='word_1_793' title='bbox 3357 4883 3514 4951; x_wconf 75' lang='lat' dir='ltr'><strong>ﬁnxit</strong></span> <span class='ocrx_word' id='word_1_794' title='bbox 3566 4886 3697 4937; x_wconf 81' lang='lat' dir='ltr'><strong>tein</strong></span> 
     </span>
    </p>
   </div>
   <div class='ocr_carea' id='block_1_107' title="bbox 2123 4970 3687 5046">
    <p class='ocr_par' dir='ltr' id='par_1_107' title="bbox 2123 4970 3687 5046">
     <span class='ocr_line' id='line_1_108' title="bbox 2123 4970 3687 5046; baseline 0.006 -26"><span class='ocrx_word' id='word_1_795' title='bbox 2123 4980 2266 5022; x_wconf 86' lang='lat' dir='ltr'><strong>utero</strong></span> <span class='ocrx_word' id='word_1_796' title='bbox 2305 4970 2434 5040; x_wconf 80' lang='lat' dir='ltr'><strong>(Isa.</strong></span> <span class='ocrx_word' id='word_1_797' title='bbox 2479 4987 2623 5037; x_wconf 68' lang='grc' dir='ltr'><strong>κων,</strong></span> <span class='ocrx_word' id='word_1_798' title='bbox 2654 4971 2734 5040; x_wconf 67' lang='lat'><strong>9).</strong></span> <span class='ocrx_word' id='word_1_799' title='bbox 2799 4975 2857 5028; x_wconf 88' lang='lat' dir='ltr'><strong>Si</strong></span> <span class='ocrx_word' id='word_1_800' title='bbox 2885 4991 3016 5044; x_wconf 79' lang='lat' dir='ltr'><strong>ergo</strong></span> <span class='ocrx_word' id='word_1_801' title='bbox 3049 4977 3098 5030; x_wconf 92' lang='lat' dir='ltr'><strong>in</strong></span> <span class='ocrx_word' id='word_1_802' title='bbox 3136 4986 3286 5031; x_wconf 89' lang='lat' dir='ltr'><strong>utero</strong></span> <span class='ocrx_word' id='word_1_803' title='bbox 3308 4977 3548 5046; x_wconf 80' lang='lat' dir='ltr'><strong>fingitur,</strong></span> <span class='ocrx_word' id='word_1_804' title='bbox 3571 4977 3687 5045; x_wconf 81' lang='lat' dir='ltr'><strong>jam</strong></span> 
     </span>
    </p>
   </div>
   <div class='ocr_carea' id='block_1_108' title="bbox 2127 5057 3696 5128">
    <p class='ocr_par' dir='ltr' id='par_1_108' title="bbox 2127 5057 3696 5128">
     <span class='ocr_line' id='line_1_109' title="bbox 2127 5057 3696 5128; baseline 0.005 -18"><span class='ocrx_word' id='word_1_805' title='bbox 2127 5057 2360 5112; x_wconf 87' lang='lat' dir='ltr'><strong>formato</strong></span> <span class='ocrx_word' id='word_1_806' title='bbox 2391 5061 2609 5128; x_wconf 83' lang='lat' dir='ltr'><strong>corpori</strong></span> <span class='ocrx_word' id='word_1_807' title='bbox 2648 5063 2924 5118; x_wconf 91' lang='lat' dir='ltr'><strong>tribuitur.</strong></span> <span class='ocrx_word' id='word_1_808' title='bbox 2957 5064 3092 5118; x_wconf 87' lang='lat' dir='ltr'><strong>Cum</strong></span> <span class='ocrx_word' id='word_1_809' title='bbox 3123 5067 3268 5118; x_wconf 90' lang='lat' dir='ltr'><strong>enitn</strong></span> <span class='ocrx_word' id='word_1_810' title='bbox 3295 5069 3475 5119; x_wconf 92' lang='lat' dir='ltr'><strong>omnia</strong></span> <span class='ocrx_word' id='word_1_811' title='bbox 3524 5083 3696 5120; x_wconf 89' lang='lat' dir='ltr'><strong>mem-</strong></span> 
     </span>
    </p>
   </div>
   <div class='ocr_carea' id='block_1_109' title="bbox 2129 5149 3691 5225">
    <p class='ocr_par' dir='ltr' id='par_1_109' title="bbox 2129 5149 3691 5225">
     <span class='ocr_line' id='line_1_110' title="bbox 2129 5149 3691 5225; baseline 0.006 -24"><span class='ocrx_word' id='word_1_812' title='bbox 2129 5150 2221 5202; x_wconf 88' lang='lat' dir='ltr'><strong>bra</strong></span> <span class='ocrx_word' id='word_1_813' title='bbox 2252 5149 2440 5218; x_wconf 83' lang='lat' dir='ltr'><strong>implet</strong></span> <span class='ocrx_word' id='word_1_814' title='bbox 2471 5152 2740 5220; x_wconf 89' lang='lat' dir='ltr'><strong>corporis,</strong></span> <span class='ocrx_word' id='word_1_815' title='bbox 2791 5155 3022 5223; x_wconf 72' lang='lat' dir='ltr'><strong>figurata</strong></span> <span class='ocrx_word' id='word_1_816' title='bbox 3070 5156 3272 5210; x_wconf 87' lang='lat' dir='ltr'><strong>dicitur</strong></span> <span class='ocrx_word' id='word_1_817' title='bbox 3299 5157 3352 5209; x_wconf 92' lang='lat' dir='ltr'><strong>in</strong></span> <span class='ocrx_word' id='word_1_818' title='bbox 3407 5172 3637 5225; x_wconf 86' lang='lat' dir='ltr'><strong>corpore</strong></span> <span class='ocrx_word' id='word_1_819' title='bbox 3672 5173 3691 5211; x_wconf 90' lang='lat'><strong>:</strong></span> 
     </span>
    </p>
   </div>
   <div class='ocr_carea' id='block_1_110' title="bbox 2127 5241 3694 5314">
    <p class='ocr_par' dir='ltr' id='par_1_110' title="bbox 2127 5241 3694 5314">
     <span class='ocr_line' id='line_1_111' title="bbox 2127 5241 3694 5314; baseline 0.006 -21"><span class='ocrx_word' id='word_1_820' title='bbox 2127 5249 2183 5293; x_wconf 92' lang='lat' dir='ltr'><strong>ut</strong></span> <span class='ocrx_word' id='word_1_821' title='bbox 2212 5241 2353 5294; x_wconf 91' lang='lat' dir='ltr'><strong>sicut</strong></span> <span class='ocrx_word' id='word_1_822' title='bbox 2388 5255 2526 5311; x_wconf 89' lang='lat' dir='ltr'><strong>aqua</strong></span> <span class='ocrx_word' id='word_1_823' title='bbox 2554 5258 2677 5297; x_wconf 88' lang='lat' dir='ltr'><strong>cum</strong></span> <span class='ocrx_word' id='word_1_824' title='bbox 2709 5243 2781 5298; x_wconf 88' lang='lat' dir='ltr'><strong>sit</strong></span> <span class='ocrx_word' id='word_1_825' title='bbox 2807 5246 2928 5300; x_wconf 86' lang='lat' dir='ltr'><strong>sine</strong></span> <span class='ocrx_word' id='word_1_826' title='bbox 2978 5245 3175 5314; x_wconf 72' lang='lat' dir='ltr'><strong>efﬁgie,</strong></span> <span class='ocrx_word' id='word_1_827' title='bbox 3215 5248 3380 5301; x_wconf 86' lang='lat' dir='ltr'><strong>missa</strong></span> <span class='ocrx_word' id='word_1_828' title='bbox 3430 5259 3606 5301; x_wconf 89' lang='lat' dir='ltr'><strong>tamen</strong></span> <span class='ocrx_word' id='word_1_829' title='bbox 3633 5248 3694 5302; x_wconf 91' lang='lat' dir='ltr'><strong>in</strong></span> 
     </span>
    </p>
   </div>
   <div class='ocr_carea' id='block_1_111' title="bbox 2122 5332 3695 5402">
    <p class='ocr_par' dir='ltr' id='par_1_111' title="bbox 2122 5332 3695 5402">
     <span class='ocr_line' id='line_1_112' title="bbox 2122 5332 3695 5402; baseline 0.006 -18"><span class='ocrx_word' id='word_1_830' title='bbox 2122 5347 2238 5396; x_wconf 85' lang='lat' dir='ltr'><strong>vas,</strong></span> <span class='ocrx_word' id='word_1_831' title='bbox 2274 5332 2499 5402; x_wconf 78' lang='lat' dir='ltr'><strong>ﬁgurata</strong></span> <span class='ocrx_word' id='word_1_832' title='bbox 2533 5336 2748 5390; x_wconf 84' lang='lat' dir='ltr'><strong>videtur</strong></span> <span class='ocrx_word' id='word_1_833' title='bbox 2784 5352 2801 5392; x_wconf 87' lang='lat'><strong>:</strong></span> <span class='ocrx_word' id='word_1_834' title='bbox 2846 5337 2919 5391; x_wconf 87' lang='lat' dir='ltr'><strong>ita</strong></span> <span class='ocrx_word' id='word_1_835' title='bbox 2949 5347 3003 5393; x_wconf 89' lang='lat' dir='ltr'><strong>et</strong></span> <span class='ocrx_word' id='word_1_836' title='bbox 3033 5339 3214 5393; x_wconf 88' lang='lat' dir='ltr'><strong>anima</strong></span> <span class='ocrx_word' id='word_1_837' title='bbox 3244 5353 3368 5394; x_wconf 87' lang='lat' dir='ltr'><strong>cum</strong></span> <span class='ocrx_word' id='word_1_838' title='bbox 3397 5340 3468 5394; x_wconf 93' lang='lat' dir='ltr'><strong>sit</strong></span> <span class='ocrx_word' id='word_1_839' title='bbox 3496 5351 3695 5394; x_wconf 85' lang='lat' dir='ltr'><strong>natura</strong></span> 
     </span>
    </p>
   </div>
   <div class='ocr_carea' id='block_1_112' title="bbox 2118 5423 3700 5498">
    <p class='ocr_par' dir='ltr' id='par_1_112' title="bbox 2118 5423 3700 5498">
     <span class='ocr_line' id='line_1_113' title="bbox 2118 5423 3700 5498; baseline 0.005 -20"><span class='ocrx_word' id='word_1_840' title='bbox 2118 5423 2438 5494; x_wconf 90' lang='lat' dir='ltr'><strong>incorporea</strong></span> <span class='ocrx_word' id='word_1_841' title='bbox 2466 5435 2519 5480; x_wconf 91' lang='lat' dir='ltr'><strong>et</strong></span> <span class='ocrx_word' id='word_1_842' title='bbox 2559 5426 2811 5495; x_wconf 81' lang='lat' dir='ltr'><strong>simplex,</strong></span> <span class='ocrx_word' id='word_1_843' title='bbox 2873 5430 3139 5484; x_wconf 83' lang='lat' dir='ltr'><strong>formatur</strong></span> <span class='ocrx_word' id='word_1_844' title='bbox 3199 5431 3253 5484; x_wconf 92' lang='lat' dir='ltr'><strong>in</strong></span> <span class='ocrx_word' id='word_1_845' title='bbox 3299 5445 3544 5498; x_wconf 85' lang='lat' dir='ltr'><strong>corpore,</strong></span> <span class='ocrx_word' id='word_1_846' title='bbox 3579 5432 3700 5486; x_wconf 81' lang='lat' dir='ltr'><strong>sin-</strong></span> 
     </span>
    </p>
   </div>
   <div class='ocr_carea' id='block_1_113' title="bbox 2118 5514 3696 5592">
    <p class='ocr_par' dir='ltr' id='par_1_113' title="bbox 2118 5514 3696 5592">
     <span class='ocr_line' id='line_1_114' title="bbox 2118 5514 3696 5592; baseline 0.006 -26"><span class='ocrx_word' id='word_1_847' title='bbox 2118 5514 2239 5584; x_wconf 76' lang='lat' dir='ltr'><strong>gula</strong></span> <span class='ocrx_word' id='word_1_848' title='bbox 2277 5518 2516 5570; x_wconf 85' lang='lat' dir='ltr'><strong>membra</strong></span> <span class='ocrx_word' id='word_1_849' title='bbox 2553 5517 2832 5574; x_wconf 86' lang='lat' dir='ltr'><strong>vivificans</strong></span> <span class='ocrx_word' id='word_1_850' title='bbox 2857 5537 2871 5575; x_wconf 89' lang='lat'><strong>:</strong></span> <span class='ocrx_word' id='word_1_851' title='bbox 2900 5521 3042 5589; x_wconf 90' lang='lat' dir='ltr'><strong>quod</strong></span> <span class='ocrx_word' id='word_1_852' title='bbox 3070 5522 3284 5592; x_wconf 88' lang='lat' dir='ltr'><strong>quidem</strong></span> <span class='ocrx_word' id='word_1_853' title='bbox 3336 5521 3549 5592; x_wconf 79' lang='lat' dir='ltr'><strong>Moyses</strong></span> <span class='ocrx_word' id='word_1_854' title='bbox 3574 5537 3696 5576; x_wconf 83' lang='lat' dir='ltr'><strong>ma-</strong></span> 
     </span>
    </p>
   </div>
   <div class='ocr_carea' id='block_1_114' title="bbox 2121 5605 3693 5683">
    <p class='ocr_par' dir='ltr' id='par_1_114' title="bbox 2121 5605 3693 5683">
     <span class='ocr_line' id='line_1_115' title="bbox 2121 5605 3693 5683; baseline 0.008 -27"><span class='ocrx_word' id='word_1_855' title='bbox 2121 5605 2374 5659; x_wconf 86' lang='lat' dir='ltr'><strong>nifestius</strong></span> <span class='ocrx_word' id='word_1_856' title='bbox 2421 5607 2668 5673; x_wconf 83' lang='lat' dir='ltr'><strong>tradidit,</strong></span> <span class='ocrx_word' id='word_1_857' title='bbox 2693 5609 2883 5665; x_wconf 87' lang='lat' dir='ltr'><strong>dicens</strong></span> <span class='ocrx_word' id='word_1_858' title='bbox 2913 5631 2927 5666; x_wconf 90' lang='lat'><strong>:</strong></span> <span class='ocrx_word' id='word_1_859' title='bbox 2965 5613 3022 5667; x_wconf 86' lang='lat' dir='ltr'><strong>Si</strong></span> <span class='ocrx_word' id='word_1_860' title='bbox 3056 5615 3176 5683; x_wconf 76' lang='lat' dir='ltr'><strong>quia</strong></span> <span class='ocrx_word' id='word_1_861' title='bbox 3229 5617 3543 5683; x_wconf 74' lang='lat' dir='ltr'><strong>percusserit</strong></span> <span class='ocrx_word' id='word_1_862' title='bbox 3575 5631 3693 5670; x_wconf 69' lang='lat' dir='ltr'><strong>mu-</strong></span> 
     </span>
    </p>
   </div>
   <div class='ocr_carea' id='block_1_115' title="bbox 523 5758 2964 5844">
    <p class='ocr_par' dir='ltr' id='par_1_115' title="bbox 523 5758 2964 5844">
     <span class='ocr_line' id='line_1_116' title="bbox 523 5758 2964 5844; baseline 0.006 -33"><span class='ocrx_word' id='word_1_863' title='bbox 523 5760 538 5790; x_wconf 82' lang='grc'>¹</span> <span class='ocrx_word' id='word_1_864' title='bbox 566 5758 690 5812; x_wconf 72' lang='lat' dir='ltr'><strong>H.130</strong></span> <span class='ocrx_word' id='word_1_865' title='bbox 725 5761 905 5824; x_wconf 86' lang='lat' dir='ltr'><strong>verba,</strong></span> <span class='ocrx_word' id='word_1_866' title='bbox 965 5772 1243 5829; x_wconf 80' lang='lat' dir='ltr'><strong>generatur</strong></span> <span class='ocrx_word' id='word_1_867' title='bbox 1280 5777 1343 5816; x_wconf 81' lang='lat' dir='ltr'><strong>ea:</strong></span> <span class='ocrx_word' id='word_1_868' title='bbox 1373 5773 1574 5828; x_wconf 76' lang='lat' dir='ltr'><strong>anima,</strong></span> <span class='ocrx_word' id='word_1_869' title='bbox 1607 5776 1669 5817; x_wconf 80' lang='lat' dir='ltr'><strong>ac</strong></span> <span class='ocrx_word' id='word_1_870' title='bbox 1699 5764 1912 5844; x_wconf 64' lang='lat' dir='ltr'><strong>_.4tlom,</strong></span> <span class='ocrx_word' id='word_1_871' title='bbox 1953 5769 2007 5817; x_wconf 84' lang='lat' dir='ltr'><strong>tu</strong></span> <span class='ocrx_word' id='word_1_872' title='bbox 2048 5778 2248 5833; x_wconf 86' lang='lat' dir='ltr'><strong>nupera</strong></span> <span class='ocrx_word' id='word_1_873' title='bbox 2285 5765 2524 5822; x_wconf 86' lang='lat' dir='ltr'><strong>editione</strong></span> <span class='ocrx_word' id='word_1_874' title='bbox 2560 5768 2964 5826; x_wconf 87' lang='lat' dir='ltr'><strong>desiderantur.</strong></span> 
     </span>
    </p>
   </div>
  </div>
