4012 6188
298 311 409 373 273

1081 312 1455 377 EPISTOLA
1497 316 1802 380 XXXVII.
1853 319 1950 379 DE
1991 316 2323 380 ORIGlNE
2359 316 2814 380 ANIMARUM.

3443 313 3549 375 274

305 423 485 484 tierent
516 427 573 482 in
600 436 749 483 utero
795 430 1089 497 habentem,
1114 441 1163 486 et
1219 435 1526 488 abortiverit
1561 437 1646 498 ;si
1678 435 1877 503 forma-
1913 446 1956 499 Α
1987 448 2052 489 ac
2087 434 2356 489 disserere
2403 448 2510 490 non
2540 436 2806 507 graveris.
2842 431 3082 501 Quaestio
3109 433 3177 488 de
3206 428 3386 488 anima
3415 430 3551 485 nuit-

306 529 415 575 tunt
444 520 631 589 fuerit,
669 520 758 574 det
793 522 1027 576 animam
1087 539 1182 592 pro
1216 525 1395 579 animo
1435 543 1452 581 :
1484 527 1531 579 si
1566 538 1741 581 nutent
1795 529 1881 582 in-

306 614 595 681 formatum
641 616 824 684 fuerit,
878 616 1159 671 rnulctetur
1203 620 1427 688 pecunia
1490 620 1705 690 (Exod.
1757 636 1875 684 xxr,

303 702 505 773 θεὲ-25)
531 720 546 768 ;
580 713 638 757 ut
660 707 915 772 probaret
947 722 1051 762 non
1082 707 1262 765 inesse
1292 711 1530 765 animam
1582 726 1877 783 antequam

308 795 561 849 formam.
594 794 780 866 Itaque
804 797 851 852 si
872 795 986 866 jam
1020 795 1253 854 formato
1285 802 1498 870 corpori
1530 802 1713 871 datur,
1768 818 1878 859 non

307 888 363 942 in
385 897 655 958 conceptu
682 891 929 960 corporis
951 890 1195 945 nascitur
1216 906 1340 949 cum
1362 896 1570 949 semine
1593 895 1875 951 derivata:

308 994 433 1032 nam
462 979 510 1034 si
570 994 694 1034 cum
742 979 951 1035 semine
983 989 1038 1036 et
1096 982 1277 1038 anima
1310 984 1495 1040 existit
1544 1001 1609 1040 ex
1669 987 1873 1055 anima,

308 1070 494 1125 multa:
519 1071 716 1125 anima:
763 1072 1010 1142 quelidie
1036 1082 1268 1143 pereunt
1294 1090 1308 1129 :
1332 1090 1457 1130 eum
1505 1091 1692 1133 semen
1727 1076 1878 1135 ﬂuxu

308 1161 549 1229 quodam
577 1176 682 1216 non
708 1162 926 1230 prolicit
946 1164 1241 1218 uativitati.

377 1251 476 1305 1X.
507 1253 614 1308 Sed
642 1253 689 1307 si
726 1254 877 1323 prius
905 1256 1282 1324 respiciamus,
1316 1257 1622 1314 videbimus
1642 1259 1772 1328 quid
1794 1274 1880 1315 se-

305 1346 397 1412 qui
452 1344 768 1400 debeamus.
822 1345 1264 1416 Contetnplemur
1297 1348 1567 1407 facturam
1596 1352 1728 1408 Adae
1761 1370 1777 1409 :
1821 1354 1879 1408 in

306 1436 478 1489 Adam
533 1437 678 1491 enim
711 1439 1013 1507 exemplum
1044 1428 1229 1496 datum
1260 1450 1367 1510 est,
1398 1453 1456 1497 ut
1490 1459 1555 1499 ex
1582 1459 1647 1501 eo
1681 1446 1881 1502 intelli-

307 1536 489 1596 gatur,
538 1530 667 1599 quia
691 1529 803 1599 jam
828 1530 1121 1586 formatum
1144 1547 1342 1599 corpus
1367 1538 1580 1606 accepit
1614 1538 1877 1595 animam.

306 1618 443 1675 Nam
476 1629 689 1688 poterat
721 1620 865 1677 Deus
922 1622 1157 1677 animam
1192 1624 1321 1679 limo
1355 1635 1514 1683 terra:
1545 1630 1876 1697 admiscere,

307 1722 367 1768 et
388 1715 471 1768 sic
498 1716 740 1768 formare
768 1729 993 1785 corpus.
1026 1716 1131 1773 Sed
1177 1719 1320 1774 ratio
1368 1718 1696 1789 infirmatur,
1748 1723 1875 1792 quia

1978 535 2064 582 tos
2099 534 2304 592 movet,
2346 526 2400 581 in
2452 526 2650 596 quibus
2689 537 2742 582 et
2787 541 2874 582 me
2903 539 3024 583 esse
3054 524 3321 580 conliteor
3358 539 3374 578 :
3422 537 3550 577 nam

1979 615 2111 685 quid
2141 617 2208 672 de
2225 616 2404 672 anima
2436 616 2747 675 ﬁrmissime
2771 628 3007 684 teneam,
3034 630 3143 672 non
3166 615 3376 672 tacebo.

2052 706 2435 780 Hieronymus.
2472 709 2678 766 Metiris
2703 725 2801 767 nos
2832 711 3125 766 virtutibus
3158 709 3267 766 tuis
3293 727 3308 764 :
3338 720 3395 765 et
3425 724 3552 780 par-

1984 813 2083 855 vos
2114 815 2343 869 magnus
2375 801 2611 864 extollis,
2654 800 3010 870 ultimamque
3053 808 3261 871 partem
3310 800 3549 856 convivii

1979 904 2237 961 occupas,
2270 903 2327 948 ut
2361 892 2776 963 patrisfamilias
2802 893 3010 963 judicio
3040 892 3383 964 proveharis.
3437 891 3543 948 Sed

1983 979 2118 1035 velle
2156 980 2351 1046 fateor,
2389 984 2483 1038 sed
2512 985 2643 1039 eniti
2677 984 2927 1054 pratfero,
2954 984 3271 1054 magistrum
3296 997 3548 1046 renuens,

1980 1074 2235 1129 comitem
2261 1073 2502 1142 spondeo
2533 1073 2646 1147 [Αι.
2674 1072 3105 1146 respondendo].
3131 1075 3336 1145 petenti
3366 1075 3550 1140 datur,

1981 1162 2219 1232 pulsanti
2269 1164 2534 1233 aperitur,
2574 1181 2826 1235 quaerens
2875 1166 3129 1223 invenit:
3166 1167 3440 1221 discamus
3496 1167 3552 1219 in

1980 1263 2144 1319 terra,
2183 1270 2418 1325 quorum
2454 1257 2616 1312 nobis
2668 1257 2900 1313 scientia
2934 1267 3241 1327 perseveret
3283 1257 3337 1311 in
3388 1256 3549 1312 ctelo.

2053 1344 2408 1415 Augustinus.
2432 1345 2630 1401 Certus
2661 1348 2825 1402 etiam
2851 1362 2970 1402 sum
2995 1350 3254 1411 animam,
3276 1346 3420 1401 nulla
3455 1346 3549 1401 Dei

1980 1436 2163 1506 culpa,
2217 1439 2364 1492 nulla
2396 1436 2488 1493 Dei
2524 1438 2875 1503 necessitate,
2917 1439 3002 1493 vel
3031 1454 3148 1506 sua,
3194 1439 3287 1493 sed
3329 1439 3552 1507 propria

1983 1528 2260 1585 voluntate
2298 1531 2349 1584 in
2381 1538 2664 1597 peccatum
2696 1545 2817 1586 esse
2842 1530 3136 1601 collapsam
3162 1547 3179 1586 :
3212 1544 3311 1585 nec
3333 1530 3552 1585 liberari

1982 1635 2143 1691 posse
2182 1623 2247 1677 de
2300 1636 2530 1692 corpore
2564 1624 2756 1678 mortis
2788 1622 2975 1693 hujus,
3001 1621 3087 1678 vel
3123 1637 3233 1677 sua:
3262 1622 3555 1676 voluntatis

1983 1715 2206 1779 virtute,
2245 1722 2504 1783 tanquam
2534 1713 2637 1769 sibi
2674 1715 2737 1768 ad
2763 1712 2865 1769 hoc
2897 1713 3223 1778 suilicicnte,
3264 1712 3345 1767 vel
3382 1711 3554 1781 ipsius

310 1807 549 1878 primum
584 1782 1111 1872 oporlehalidomum
1152 1808 1543 1879 compaginari’
1576 1820 1631 1866 et
1669 1782 1849 1868 s'ic.ha
1872 1845 1883 1856 .
1907 1782 1954 1843 Β
1983 1804 2227 1873 corporis
2256 1782 2433 1859 morte
2458 1823 2471 1860 :
2502 1806 2594 1862 sed
2619 1805 2790 1875 gratia
2821 1804 2914 1859 Dei
2941 1820 3035 1877 per
3058 1802 3243 1862 Iesum
3265 1803 3553 1859 Dominum

312 1900 604 1954 bitatorem
646 1897 851 1952 induci.
894 1899 1086 1954 Anima
1118 1910 1290 1965 certe,
1327 1904 1453 1971 quia
1494 1904 1725 1971 spiritus
1771 1916 1878 1972 est,

310 1990 365 2044 in
422 1990 574 2044 sicco
616 1986 865 2044 habitare
913 2005 1023 2044 non
1076 2002 1275 2061 potest,
1336 1992 1460 2050 ideo
1511 1995 1567 2051 in
1616 1998 1881 2068 sanguine

312 2078 502 2133 fertur.
576 2079 712 2134 Cum
765 2092 894 2150 ergo
942 2083 1193 2152 corporis
1224 2080 1543 2140 liniamenta
1596 2095 1878 2157 compacta

317 2188 421 2227 non
469 2172 695 2239 fuerint,
756 2175 845 2229 ubi
897 2176 1003 2230 erit
1046 2175 1389 2232 anima‘lAn
1426 2176 1573 2234 foras
1630 2190 1878 2249 vagatur,

312 2265 569 2332 quamdiu
595 2265 943 2333 immittatur,
970 2281 1092 2322 cum
1124 2270 1262 2323 ratio
1286 2268 1464 2326 tradat
1497 2273 1576 2325 sic
1600 2272 1881 2340 darieam,

312 2363 370 2409 nt
398 2356 580 2410 anima
619 2359 671 2411 in
700 2371 901 2428 corpus
931 2372 1036 2413 non
1058 2360 1232 2415 otiosa
1268 2370 1511 2431 vagetur.
1533 2361 1643 2419 Sed
1675 2377 1740 2418 ex
1771 2377 1882 2434 quo

314 2446 497 2510 detur,
534 2447 745 2512 dicant,
796 2449 889 2518 qui
936 2449 1081 2504 aliud
1136 2459 1349 2520 putant,
1376 2466 1443 2506 ex
1469 2466 1641 2519 mare,
1706 2469 1771 2507 an
1809 2468 1879 2508 ex

316 2536 511 2591 femina
562 2536 776 2610 [suppL
812 2555 877 2610 ex
922 2539 1211 2613 femina]?
1264 2541 1384 2596 Non
1417 2546 1692 2608 convenit,
1752 2546 1880 2615 quia

312 2627 459 2682 aliud
514 2631 570 2682 in
634 2630 885 2699 exemplo
945 2641 1068 2685 est:
1104 2642 1416 2702 proponunt
1451 2636 1594 2688 enim
1660 2650 1727 2691 ex
1761 2638 1880 2692 viro

311 2734 437 2774 cum
479 2713 633 2775 costa
663 2723 842 2776 datam
874 2729 931 2778 et
956 2725 1221 2790 animam,
1252 2727 1397 2793 quod
1427 2727 1610 2782 multis
1642 2730 1879 2784 rationi-

311 2812 415 2866 bus
439 2812 706 2868 inﬁrmari
735 2815 1039 2871 docuimus.
1106 2814 1259 2871 Unde
1288 2815 1431 2873 forte
1485 2819 1735 2874 videatur
1759 2821 1879 2878 dari

311 2918 376 2957 ex
446 2904 670 2969 femina,
730 2908 965 2963 maxime
1021 2920 1242 2979 propter
1297 2908 1633 2966 Salvatorem
1668 2924 1684 2966 :
1720 2928 1879 2984 quem

310 2998 520 3054 scimus
550 2999 671 3052 sine
717 3000 1003 3066 complexu
1068 3001 1273 3067 carnis,
1323 3004 1388 3058 de
1428 3004 1634 3073 Spiritu
1691 3018 1882 3065 saneto

1983 1907 2252 1952 nostrum.

2054 1986 2429 2057 Hieronymus.
2494 1988 2689 2042 Anima
2751 1985 3101 2052 immortalis,
3162 1984 3452 2040 invisibilis
3499 1993 3554 2038 et

1982 2079 2345 2149 incorporalis
2371 2077 2487 2135 ést:
2509 2079 2806 2135 secundum
2825 2078 3150 2133 crassiorem
3170 2077 3292 2131 dico
3311 2077 3555 2145 corporis

1983 2170 2151 2225 nostri
2185 2170 2549 2225 substantiam
2584 2188 2601 2225 :
2635 2169 2762 2225 dico
2801 2169 2886 2224 vel
2915 2181 2982 2224 eo
3008 2178 3156 2223 certe
3188 2175 3430 2239 tempore
3456 2185 3556 2238 pu«

1984 2263 2186 2326 nietur,
2213 2274 2265 2316 et
2298 2260 2623 2331 supplicium
2655 2261 2871 2327 sentiet,
2897 2260 3113 2329 quando
3140 2260 3403 2331 pristinus
3434 2276 3553 2316 cor-

1983 2366 2084 2422 pus
2112 2352 2379 2422 receperit
2409 2391 2427 2419 ,
2456 2362 2512 2408 ut
2543 2366 2669 2407 cum
2713 2365 2824 2422 quo
2858 2351 3128 2420 peccavit,
3155 2365 3279 2409 cum
3318 2353 3434 2420 ipso
3457 2368 3555 2422 pu-

1986 2445 2193 2500 uiator.

2052 2536 2403 2606 Augustinus.
2438 2535 2645 2591 Dicitur
2679 2537 2962 2603 conceptio
2992 2536 3228 2591 humana
3257 2534 3337 2590 sic
3362 2548 3561 2606 procee

1983 2626 2133 2691 dere,
2158 2636 2215 2681 ut
2245 2626 2435 2697 primis
2455 2642 2548 2682 sex
2581 2627 2777 2683 diebus
2801 2626 2958 2697 quasi
2992 2626 3153 2681 lactis
3180 2625 3381 2680 habeat
3404 2626 3558 2679 simi-

1986 2716 2295 2782 litudinem,
2335 2718 2692 2787 sequentibus
2723 2732 2913 2772 novem
2963 2717 3155 2772 diebus
3200 2727 3555 2772 convertatur

1986 2807 2042 2862 in
2083 2811 2431 2879 sanguinem.
2471 2809 2672 2864 Deinde
2694 2810 2978 2865 duodecim
3015 2809 3205 2866 diebus
3237 2810 3505 2865 solidetur
3537 2826 3553 2864 z

1983 2900 2207 2969 reliQuis
2263 2901 2578 2971 quindecim
2636 2902 2905 2956 formetur
2970 2915 3145 2970 usque
3195 2902 3261 2956 ad
3310 2902 3554 2969 perfecta

1981 2991 2312 3046 lineamenta
2363 2993 2608 3046 omnium
2658 2994 3028 3047 tuetnbtorum
3082 3008 3098 3048 :
3160 3002 3215 3047 ct
3266 2994 3391 3047 hinc
3444 2995 3555 3063 jam

316 3098 507 3142 ,ηιιηη
546 3104 613 3144 εχ
649 3090 846 3144 rem.”
879 3108 895 3148 ε
923 3092 1063 3159 quod
1101 3093 1148 3147 si
1205 3094 1558 3162 adquam"...
1586 3096 1708 3167 plus
1754 3099 1885 3155 dam
1914 3118 1953 3173 ο
1988 3083 2197 3173 reliquo
2235 3092 2476 3150 tempore
2509 3099 2680 3154 usque
2713 3082 2779 3139 ad
2812 3094 3026 3154 tempus
3055 3092 3262 3154 partus,
3289 3085 3558 3153 ninguitur-

316 3177 539 3234 feminis
567 3195 581 3243 ;
614 3181 997 3236 auctoritatem
1033 3182 1180 3238 eitim
1209 3185 1313 3239 viri
1365 3196 1580 3241 mutant
1616 3188 1668 3242 in
1725 3189 1883 3246 femi-
1922 3170 1947 3173 ﬂ
1988 3170 2116 3226 dine
2150 3185 2440 3243 θυεοειιυτο

314 3284 463 3325 nam.
526 3269 660 3324 Cum
700 3272 844 3325 enim
872 3283 978 3328 tam
1010 3276 1254 3343 corporis
1294 3291 1455 3346 quam
1488 3278 1682 3335 animm
1718 3282 1884 3351 origi-

313 3376 439 3415 nem
472 3375 539 3416 ex
572 3363 687 3417 viro
722 3364 922 3429 dicant,
956 3378 1279 3422 convertunt
1305 3384 1384 3433 se,
1421 3378 1478 3425 ut
1505 3371 1557 3425 id
1610 3374 1751 3442 quod
1782 3388 1881 3443 po-

310 3454 427 3505 tius
452 3462 557 3520 cst,
585 3469 655 3509 ex
693 3456 922 3512 muliere
944 3457 1150 3526 dicant,
1185 3459 1238 3512 id
1278 3471 1382 3524 est,
1413 3463 1648 3517 animum
1688 3481 1703 3519 :
1736 3466 1881 3534 quod

310 3557 451 3597 vero
480 3544 684 3610 minus,
713 3561 779 3600 ex
803 3550 1074 3617 masculo,
1115 3551 1167 3605 id
1191 3562 1296 3615 est,
1329 3567 1532 3622 corpus
1564 3571 1579 3619 ;
1624 3571 1744 3611 cum
1771 3555 1882 3627 [ΑΙ.

312 3644 421 3686 tae.
454 3634 603 3706 cum]
637 3636 980 3692 manifestum
1035 3640 1110 3696 sit
1157 3638 1412 3697 ordinem'
1439 3648 1681 3716 “exempli
1714 3661 1743 3698 a
1777 3648 1883 3702 Deo

310 3722 580 3781 traditum
617 3727 893 3782 immutari
933 3744 1037 3784 non
1072 3746 1250 3801 posse.
1284 3733 1384 3800 Qui
1420 3750 1550 3805 ergo
1575 3739 1789 3792 animas
1814 3753 1880 3792 ex

309 3830 421 3870 una
456 3819 746 3887 propagari
800 3832 1074 3887 asserunt,
1105 3833 1159 3878 et
1207 3838 1309 3880 non
1359 3825 1413 3879 in
1444 3840 1672 3895 corpora
1728 3828 1882 3898 juxta

304 3909 627 3976 exemplum
657 3911 815 3979 primi
855 3914 1094 3971 hominis
1126 3928 1155 3969 a
1176 3914 1286 3973 Deo
1307 3918 1551 3986 quotidie
1577 3918 1715 3984 fieri,
1752 3934 1886 3973 ana.

306 4004 498 4059 thema
531 4004 663 4060 sint.
1541 4080 1547 4085 Ι

383 4095 733 4163 Augustinus.
766 4096 966 4156 Sancte
1006 4100 1176 4156 frater
1210 4100 1558 4175 Hieronyme,
1592 4107 1886 4163 consulens

302 4195 363 4241 te
395 4186 467 4240 de
493 4188 581 4242 his
626 4205 745 4258 quae
788 4194 996 4254 nescio,
1055 4209 1152 4247 ιιι-ο
1196 4195 1388 4262 Deum,
1439 4206 1495 4251 ut
1540 4196 1880 4255 fructuosum

303 4290 437 4332 esse
466 4278 625 4334 nobis
646 4280 769 4336 velit
803 4281 911 4354 [ΑΙ.
944 4284 1123 4357 velis].
1159 4286 1481 4357 Quanquam
1535 4291 1677 4345 enim
1720 4293 1797 4346 sis
1825 4300 1882 4345 tu

308 4370 514 4435 multo,
546 4386 707 4441 quam
739 4389 840 4445 ego
874 4377 892 4408 ⁸
921 4377 1045 4443 sim,
1075 4387 1231 4433 aetate
1267 4381 1460 4450 major,
1489 4390 1671 4437 tamen
1710 4384 1875 4440 etiam
1916 4416 1926 4450 ς

1918 4446 1971 4506 Β
1999 4451 2242 4519 eligenda
2263 4453 2451 4521 Opinio
2489 4453 2631 4507 scire
2648 4454 2917 4508 desidero.

308 4464 438 4533 ipse
477 4465 591 4534 jam
626 4480 790 4522 senex
826 4470 1051 4525 consulo
1084 4487 1100 4529 :
1134 4474 1228 4527 sed
1281 4475 1348 4526 ad
1377 4474 1697 4530 discendum
1744 4479 1885 4545 quod

307 4568 457 4625 opus
484 4566 593 4622 est,
626 4557 769 4612 nulla
801 4559 932 4614 mihi
963 4569 1095 4616 aetas
1122 4576 1244 4617 sera
1288 4563 1455 4619 videri
1486 4574 1661 4632 potest
1699 4582 1713 4619 :
1757 4568 1883 4635 quia

304 4646 418 4700 etsi
454 4661 617 4700 senes
639 4651 811 4719 magis
833 4651 987 4705 decet
1012 4653 1206 4708 docere
1235 4667 1399 4723 quam
1427 4655 1643 4713 discere
1673 4673 1686 4711 :
1714 4658 1887 4729 magis

303 4744 499 4789 tamen
529 4737 765 4805 discere,
790 4755 952 4807 quam
987 4740 1115 4809 quid
1145 4741 1377 4797 doceant
1410 4744 1685 4811 ignorare.

382 4825 768 4898 Hieronymus.
811 4828 978 4886 Beate
1010 4846 1145 4902 papa
1181 4833 1502 4902 Augustine,
1538 4836 1591 4889 in
1632 4835 1882 4905 Scriptu-

302 4931 532 4981 rarum,
564 4920 609 4973 si
640 4918 838 4988 placet,
859 4934 1075 4991 eampo,
1099 4922 1216 4977 sine
1239 4932 1427 4978 nostro
1444 4924 1673 4980 invicem
1695 4926 1883 4981 dolore

304 5009 591 5063 ludamus.
623 5009 743 5066 Noli
783 5011 957 5082 igitur
982 5028 1253 5069 annorum
1300 5016 1612 5073 existimare
1657 5033 1753 5072 nos
1783 5034 1885 5073 nu-

300 5115 470 5156 rnero
500 5116 521 5157 :
553 5114 651 5157 nec
681 5104 1002 5173 sapientiam
1058 5121 1226 5162 canos
1279 5117 1513 5175 reputes,
1563 5110 1662 5164 sed
1719 5124 1886 5165 canos

298 5190 663 5261 sapientiam,
683 5191 963 5262 Scriptura
994 5202 1226 5251 testante
1263 5211 1278 5253 :
1308 5195 1442 5252 Cani
1469 5198 1719 5263 hominis,
1755 5215 1888 5268 pru-

297 5283 496 5337 dentia
522 5284 639 5352 ejus
671 5283 821 5353 (Sep.
856 5300 930 5350 tv,
968 5285 1046 5357 8).
1079 5285 1226 5351 Noli,
1273 5287 1518 5358 inquam,
1559 5290 1720 5345 ﬁdem
1757 5304 1889 5358 pcn-

294 5388 441 5431 nare
467 5375 805 5444 temporibus
837 5392 853 5431 :
888 5390 989 5431 nec
1014 5391 1100 5433 nte
1136 5377 1340 5434 idcirco
1381 5379 1658 5435 meliorem
1707 5391 1888 5447 putes,

292 5468 463 5536 quod
495 5468 645 5535 prior
678 5469 733 5522 in
778 5468 984 5523 Christi
1025 5470 1267 5524 exercitu
1303 5473 1565 5542 cmperim
1628 5472 1886 5528 militare.

378 5558 741 5628 Augustinus.
771 5561 974 5631 Accipe
1004 5562 1170 5629 igitur
1194 5577 1316 5631 qua:
1346 5564 1477 5617 mitti
1519 5575 1642 5633 peto
1666 5566 1889 5632 aperiri,

2062 3262 2437 3334 Hieronymus.
2466 3263 2618 3319 Sicut
2648 3264 2830 3320 nescis
2858 3263 2999 3318 viam
3026 3262 3251 3334 spiritus
3280 3271 3335 3319 et
3363 3264 3559 3317 animae

1990 3356 2346 3425 ingredientis
2402 3357 2455 3409 in
2519 3354 2824 3433 parvulum,
2879 3365 2934 3411 et
2991 3357 3207 3425 ignoras
3262 3357 3465 3411 ossium
3504 3365 3560 3410 et

1992 3460 2251 3500 venarum
2281 3446 2576 3502 varietates
2599 3447 2651 3501 in
2680 3455 2870 3503 ventre
2897 3447 3255 3518 praegnantis,
3286 3447 3558 3515 quomodo

1991 3550 2059 3590 ex
2093 3535 2184 3590 vili
2209 3537 2477 3592 elemento
2503 3552 2703 3608 corpus
2734 3538 2968 3595 hominis
2993 3539 3049 3594 in
3077 3541 3323 3594 diversas
3350 3539 3559 3609 efﬁgies

1995 3639 2255 3698 artusque
2298 3631 2560 3698 varietur,
2588 3642 2642 3687 et
2674 3630 2743 3686 de
2775 3632 2963 3686 eodem
3000 3632 3213 3688 semine
3244 3632 3391 3686 aliud
3425 3635 3559 3686 mol-

1990 3718 2163 3775 lescat
2192 3720 2247 3774 in
2271 3721 2550 3787 carnibus,
2591 3722 2739 3776 aliud
2769 3722 2996 3777 duretur
3024 3722 3077 3776 in
3126 3721 3361 3785 ossibus,
3412 3721 3559 3775 aliud

1994 3811 2050 3866 in
2084 3813 2237 3867 venis
2271 3812 2515 3882 palpitet,
2561 3811 2703 3867 aliud
2730 3811 2958 3867 duretur
2996 3813 3050 3866 in
3083 3813 3267 3868 nervis
3305 3827 3322 3869 :
3353 3811 3426 3865 ita
3460 3811 3559 3868 Dei

1992 3915 2153 3972 opera
2176 3902 2314 3956 scire
2348 3917 2455 3956 non
2493 3901 2722 3972 poteris,
2754 3904 2849 3973 qui
2870 3903 3042 3960 factor
3069 3911 3152 3959 est
3186 3906 3449 3957 omnium.

2063 3992 2410 4061 Augustinus.
2432 3991 2506 4046 De
2542 3992 2737 4047 animo:
2762 3992 3138 4049 incarnatione
3165 4003 3344 4047 utrum
3371 4008 3436 4047 ex
3468 3992 3557 4046 illa

1995 4096 2100 4137 una
2131 4098 2250 4153 quae
2272 4084 2449 4153 primo
2475 4082 2678 4138 homini
2710 4084 2834 4139 data
2863 4093 2971 4150 est,
3012 4085 3095 4140 sic
3129 4094 3340 4140 eceterae
3368 4100 3562 4153 propa-

1992 4177 2225 4247 gentur?
2270 4192 2335 4231 an
2370 4176 2599 4247 singulis
2650 4178 2959 4248 quibusque
3011 4193 3163 4234 nova:
3206 4179 3367 4233 etiam
3400 4180 3561 4233 modo

1992 4270 2123 4323 liant
2153 4284 2169 4325 :
2203 4286 2270 4324 an
2304 4270 2505 4326 alicubi
2531 4270 2641 4341 jam
2678 4273 2976 4326 existentes
3004 4271 3083 4326 vel
3115 4273 3397 4326 mittantur
3424 4272 3563 4326 divi-

1986 4361 2154 4427 nitus,
2190 4361 2273 4415 vel
2307 4371 2497 4431 Sponte
2527 4361 2778 4416 labantur
2805 4363 2859 4416 in
2886 4363 3157 4433 corpora?
3200 4378 3448 4433 quaenam
3486 4366 3561 4418 sit

2066 4541 2443 4613 Hieronymus.
2488 4541 2662 4613 Super
2693 4546 2887 4600 animae
2932 4555 3076 4599 statu
3112 4546 3330 4600 memini
3367 4556 3559 4601 vestra:

2001 4634 2434 4705 quaestiunculas,
2470 4636 2579 4690 imo
2631 4638 2878 4692 maximae
2898 4639 3281 4693 ecclesiasticis
3306 4642 3561 4708 quaestio-

1994 4726 2101 4782 nis.
2143 4724 2334 4781 Utrum
2369 4727 2515 4794 lapsa
2553 4729 2620 4782 de
2650 4728 2786 4783 caelo
2808 4730 2900 4794 sit,
2938 4738 2996 4785 ut
3024 4728 3355 4802 Pythagoras
3386 4733 3563 4801 philo-

1994 4818 2220 4886 sophus,
2251 4832 2552 4888 omnesque
2590 4817 2878 4887 Platonici,
2920 4829 2976 4876 et
3012 4819 3277 4891 Origenes
3311 4833 3500 4893 putant
3541 4843 3555 4876 :

1993 4927 2060 4966 an
2088 4928 2117 4966 a
2146 4913 2362 4982 propria
2397 4912 2490 4967 Dei
2525 4915 2855 4980 substantia,
2887 4927 2946 4970 ut
2969 4917 3160 4981 Stoici,
3208 4916 3557 4980 Manicltwtts,

1991 5017 2046 5062 et
2084 5009 2272 5064 insana
2316 5007 2641 5064 Priscilliani
2675 5012 2898 5066 lucresis
2944 5011 3294 5081 suspicantur
3332 5033 3345 5067 :
3386 5028 3453 5065 an
3504 5012 3556 5064 in

1995 5101 2251 5156 thesauro
2297 5100 2392 5156 Dei
2426 5101 2731 5157 habeantur
2759 5104 2888 5157 olim
2942 5104 3193 5170 conditae,
3227 5113 3284 5157 ut
3338 5104 3558 5172 quidam

2000 5192 2367 5249 Ecclesiastici
2389 5195 2556 5250 stulta
2594 5198 2945 5264 persuasione
2974 5200 3248 5252 conliduut
3282 5218 3295 5253 :
3326 5212 3393 5251 an
3424 5213 3560 5267 quo-

1997 5288 2126 5343 tidie
2149 5302 2176 5341 a
2213 5288 2319 5342 Deo
2344 5290 2495 5350 liant,
2524 5298 2578 5343 et
2600 5289 2884 5344 mittantur
2912 5292 2964 5345 in
2989 5306 3236 5359 corpora,
3260 5293 3556 5346 secundum

1994 5378 2129 5433 illud
2171 5381 2313 5447 quod
2356 5380 2409 5433 in
2470 5380 2764 5449 Evangelio
2795 5390 2880 5435 est
2948 5399 2962 5436 :
2996 5380 3162 5437 Pater
3213 5399 3355 5436 meus
3397 5399 3559 5453 usque

1995 5474 2149 5526 modo
2180 5481 2451 5541 operatur,
2485 5482 2535 5526 et
2578 5490 2670 5542 ego
2699 5489 2884 5539 operor
2912 5489 2931 5527 :
2957 5490 3026 5528 au
3047 5484 3195 5528 certe
3222 5489 3285 5528 ex
3316 5479 3558 5544 traduce,

1995 5580 2056 5622 ut
2126 5566 2518 5630 Tertullianus,
2575 5568 2965 5636 Apollinarius,
3014 5577 3066 5622 et
3139 5570 3375 5625 maxima
3437 5586 3563 5642 pars

388 5723 411 5752 ι
446 5719 647 5777 Eadem
680 5722 812 5778 edit.
856 5721 1174 5791 Quanquam
1218 5724 1357 5780 enim
1406 5735 1454 5781 te
1480 5725 1664 5792 multo,
1709 5743 1865 5795 quam
1908 5743 1998 5797 ego
2023 5729 2139 5797 sint,
2168 5742 2319 5786 artati:
2350 5731 2622 5801 majorum,
2662 5741 2856 5798 tamen,
2884 5740 2991 5788 etc.
