4012 6188
468 289 576 350 275

1384 297 1443 360 s.
1488 296 1939 362 HiERONYMI
1984 303 2303 368 OI’EBUM
2345 288 2758 374 MAN'rtSSA}

3632 306 3737 371 176

465 407 900 465 Occidentalium
959 416 1270 480 autumant,
1308 424 1367 472 ut
1400 417 1677 487 quomodo
1724 433 1923 489 corpus
1978 438 2043 477 es
2075 432 2117 487 Α
2151 427 2360 479 invocat
2390 428 2445 481 in
2502 444 2620 482 uoce
2649 437 3051 484 cataractarum
3082 443 3305 484 suarum
3326 427 3493 498 (Psal.
3524 443 3634 489 xu,
3659 432 3738 483 εκ.

464 512 714 570 corpore,
772 501 854 556 sic
883 501 1061 557 anima
1115 514 1375 560 nascatur
1405 520 1470 561 ex
1526 508 1708 564 anima
1747 526 1763 566 :
1795 516 1851 566 et
1880 511 2044 567 simili

465 606 588 643 cum
616 591 792 647 brutis
812 591 1183 650 animantibus
1207 597 1523 654 conditione
1548 600 1831 659 subsistat.

537 682 887 751 Augustinus.
929 682 1043 738 Hoc
1071 698 1218 743 certe
1246 691 1434 757 sentis,
1475 692 1620 761 quod
1657 694 1899 763 singulas
1924 696 2047 751 ani-

465 789 584 829 mas
611 775 839 842 singulis
885 780 1234 834 nascentibus
1280 782 1445 834 etiam
1495 785 1656 838 modo
1684 783 1826 839 Deus
1857 785 2044 842 faciat.

464 867 564 920 Cui
594 871 879 924 sententia:
925 886 994 925 ne
1021 872 1326 940 obiiciatur,
1364 877 1508 944 quod
1537 890 1728 933 omnes
1766 888 2047 934 creaturas

469 972 623 1013 sexto
668 963 751 1016 die
780 965 1242 1018 consummaverit
1287 965 1450 1029 Deus,
1479 978 1532 1023 et
1571 972 1802 1039 septimo
1830 972 2045 1040 requie-

466 1053 624 1117 verit,
683 1055 913 1109 avlbibcs
970 1059 1337 1112 testimonium
1379 1074 1444 1115 ex
1495 1060 1789 1133 Evangelia
1824 1064 2047 1133 :jPater

466 1162 613 1201 meus
644 1163 809 1216 usque
834 1165 971 1202 nunc
1004 1160 1276 1208 oneratur.

538 1234 916 1315 Hieronymus.
947 1243 1082 1307 Quid
1106 1244 1249 1297 enim
1274 1242 1642 1315 ambiguitatis
1667 1245 1720 1300 in
1752 1247 1898 1302 dicto
1915 1259 1998 1304 est
2027 1267 2042 1304 :

464 1337 523 1382 ut
555 1330 783 1387 diversae
802 1313 1188 1403 intelligentia:
1211 1313 1486 1392 tribuatur
1509 1343 1729 1395 occasio
1752 1340 1775 1395 ἲ
1795 1342 2044 1411 Consmt,

464 1428 520 1475 et
547 1437 712 1493 super
749 1425 855 1479 hoc
886 1427 1034 1481 nulla
1061 1430 1335 1485 contentio
1351 1440 1455 1487 est.

535 1514 887 1584 Augustinus.
918 1517 1061 1572 Doce
1087 1535 1237 1590 ergo,
1255 1537 1461 1593 quaeso,
1480 1540 1600 1595 quae
1622 1525 1850 1582 doceam
1872 1547 1888 1585 :
1909 1528 2046 1585 doce

467 1609 611 1673 quod
651 1619 883 1665 teneam.
916 1610 983 1665 Et
1022 1612 1109 1668 die
1137 1614 1289 1681 mihi,
1326 1616 1368 1685 si
1401 1619 1596 1673 anima:
1648 1620 1962 1690 singillatim
1992 1622 2043 1676 in

466 1699 699 1769 singulis
727 1702 1003 1774 hodieque
1031 1709 1386 1764 nascentibus
1418 1710 1574 1775 ﬁunt,
1600 1712 1690 1766 ubi
1719 1714 1771 1767 in
1809 1713 2047 1784 parvulis

2157 517 2333 572 Cerno
2369 534 2480 589 quo
2534 529 2623 574 tua
2696 520 2869 576 tendit
2909 519 3144 576 assertio
3207 537 3223 574 :
3284 520 3380 575 sed
3415 520 3484 575 de
3518 519 3625 575 hoc
3681 521 3734 575 in

2155 611 2552 681 posterioribus
2574 612 2949 669 disserendum
2979 620 3089 677 est,
3136 626 3205 667 ne
3251 614 3378 667 dum
3433 612 3733 667 miscemus

2154 704 2558 772 quaestionibus
2616 706 2971 774 quastiones,
3029 708 3317 762 obscuram
3379 705 3734 761 audientibus

2155 794 2569 866 intelligentiam
2595 796 2984 866 relinquamus.

2228 886 2580 957 Augustinus.
2645 886 2867 953 Verum,
2931 889 3074 959 quod
3127 902 3157 941 a
3218 885 3385 942 rebus
3446 902 3567 954 qua:
3625 901 3732 941 nou

2155 990 2312 1035 erant
2351 979 2698 1035 instituendis
2745 980 3012 1050 requievit
3061 998 3076 1034 :
3126 988 3181 1035 et
3230 980 3335 1034 hoc
3389 994 3578 1035 verum
3624 989 3734 1045 est,

2154 1074 2296 1143 quod
2332 1088 2435 1126 non
2471 1073 2645 1127 solum
2670 1073 3025 1141 gubernando
3045 1088 3163 1142 qure
3182 1072 3330 1139 fecit,
3349 1089 3535 1128 verum
3560 1074 3728 1128 etiam

2153 1164 2358 1234 aliquid
2413 1179 2523 1219 nou
2557 1164 2700 1233 quod
2742 1165 2980 1219 nondum
3021 1174 3127 1228 est,
3167 1166 3264 1221 sed
3309 1175 3416 1231 est,
3456 1164 3553 1221 sed
3588 1165 3731 1232 quod

2145 1260 2257 1330 jam
2308 1266 2592 1313 creaverat
2644 1257 2991 1311 numerosius
3050 1259 3310 1322 creando,
3360 1271 3529 1323 usque
3588 1270 3732 1311 nunc

2153 1360 2432 1419 operatur.
2491 1348 2587 1403 Vel
2630 1349 2712 1403 sic
2764 1362 2917 1416 ergo,
2978 1347 3063 1400 vel
3100 1348 3204 1401 alio
3268 1347 3513 1414 quolibet
3564 1347 3729 1399 modo

2152 1441 2366 1497 eximus
2401 1439 2469 1495 ab
2521 1454 2610 1504 eo,
2642 1439 2788 1507 quod
2841 1437 2997 1493 nobis
3020 1438 3280 1506 objicitur
3310 1436 3376 1491 de
3409 1437 3598 1502 requie
3632 1435 3729 1490 Dei

2150 1534 2219 1588 ab
2268 1531 2528 1604 operibus
2581 1545 2613 1589 ::
2639 1545 2706 1587 ne
2754 1543 3038 1601 propterea
3091 1544 3196 1584 non
3260 1528 3548 1584 credamus
3583 1541 3728 1581 nunc

2152 1639 2326 1696 usque
2351 1626 2468 1680 lteri
2495 1625 2703 1678 animas
2726 1636 2916 1687 novas,
2949 1635 3057 1675 non
3085 1636 3153 1674 ex
3191 1619 3281 1674 illa
3313 1635 3442 1682 una,
3467 1619 3560 1673 sed
3587 1620 3728 1673 sicut

2152 1717 2298 1772 illam
2341 1732 2523 1771 unam.
2556 1714 2687 1770 Nam
2718 1717 2864 1786 quod
2887 1714 3110 1779 dicitur,
3156 1712 3337 1778 Quare
3362 1712 3490 1765 facit
3519 1710 3730 1765 animas

468 1802 715 1859 peccent,
749 1803 809 1848 ut
846 1795 1124 1865 indigeant
1160 1811 1513 1856 sacramento
1569 1800 1797 1868 Christi,
1854 1806 2049 1860 remis—
2076 1795 2125 1856 Β
2151 1810 2232 1865 eis
2257 1823 2393 1878 quos
2411 1806 2559 1862 novit
2585 1807 2691 1862 cito
2725 1803 3057 1860 morituros?
3085 1817 3376 1873 possumus
3399 1799 3730 1870 respondere

468 1884 622 1939 sione
648 1887 878 1956 peccati,
927 1897 1218 1956 peccantes
1261 1891 1313 1946 in
1345 1893 1628 1957 Adam,ex
1655 1911 1769 1966 quo
1794 1912 1924 1953 caro
1961 1910 2046 1957 est

466 1985 761 2046 pr0pagata
796 1981 1003 2047 peceati
1037 1997 1053 2037 :
1089 1992 1182 2035 aut
1217 1982 1261 2036 si
1292 2000 1401 2039 non
1424 1996 1671 2055 peccant,
1705 2004 1811 2059 qua
1836 1989 2046 2059 justitia

465 2068 746 2127 Creatoris
775 2074 844 2127 ita
866 2086 1088 2141 peccato
1107 2077 1420 2147 obligentur
1445 2080 1663 2137 alieno?
1681 2081 1818 2138 Cum
1848 2087 2049 2142 exinde

464 2165 780 2231 propagatis
800 2166 1064 2222 membris
1086 2169 1417 2226 mortalibus
1451 2173 1769 2230 inseruntur
1802 2194 1816 2231 :
1855 2183 1914 2232 ut
1933 2193 2048 2246 eas,

466 2251 567 2306 nisi
590 2268 685 2321 per
708 2253 1005 2311 Ecclesiam
1034 2261 1363 2319 subventum
1394 2261 1585 2331 fuerit,
1614 2266 1895 2323 damnatio
1923 2283 2052 2323 con-

467 2357 729 2415 sequatur
766 2362 782 2401 :
812 2365 936 2402 cum
979 2351 1030 2403 in
1064 2366 1250 2406 earum
1300 2365 1575 2422 potestate
1604 2373 1713 2412 non
1745 2359 1837 2423 sit,
1874 2368 1932 2415 ut
1968 2360 2050 2416 eis

468 2435 643 2502 possit
682 2438 853 2504 gratia
886 2437 1232 2506 baptismatis
1261 2444 1573 2498 subvenire.

541 2525 923 2596 Hieronymus.
976 2532 1212 2585 Alienati
1253 2544 1374 2586 sunt
1428 2546 1731 2601 peccatores
1765 2556 1796 2592 a
1835 2540 1988 2595 vulva
2029 2557 2050 2597 :

470 2631 778 2672 erraverunt
803 2620 868 2673 ab
902 2633 1048 2675 utero
1083 2637 1103 2675 :
1155 2623 1320 2677 locuti
1355 2637 1475 2679 sunt
1512 2626 1653 2695 falsa
1702 2628 1873 2699 (Psol.
1907 2644 2045 2696 Lvtt,

468 2711 575 2783 4):
626 2711 809 2766 statim
862 2721 921 2766 ut
963 2714 1072 2768 uati
1128 2727 1273 2778 sunt,
1323 2717 1648 2787 subjacuere
1700 2733 1946 2788 peccato,
1997 2724 2050 2778 in

468 2806 869 2860 similitudinem
905 2809 1362 2877 prwvaricationis
1411 2813 1566 2879 Adin,
1615 2816 1705 2885 qui
1751 2826 1826 2870 est
1879 2817 2052 2887 {arma

469 2897 833 2968 futuii(Rom.
859 2917 911 2966 v,
946 2901 1057 2971 14).
1092 2900 1224 2957 Illud
1253 2921 1470 2974 quoque
1513 2912 1658 2975 quod
1688 2909 1739 2960 in
1782 2909 2053 2965 volumine

467 2988 573 3044 Job
634 2994 894 3061 Scriptum
950 3002 1029 3047 est
1085 3008 1105 3047 :
1160 2993 1434 3059 Numquid
1483 2998 1708 3050 mundus
1747 2999 1846 3051 erit
1897 3000 2052 3054 homo

468 3096 646 3136 rorant
669 3081 798 3146 Deo,
831 3092 926 3137 aut
954 3085 1007 3138 in
1028 3086 1266 3153 oneribus
1291 3088 1400 3141 suis
1427 3089 1901 3159 irrrpreltensibilis
1926 3091 2008 3144 vir
2028 3091 2057 3145 τ’

468 3172 529 3229 Si
562 3176 811 3229 adversus
834 3175 1063 3242 famulos
1080 3192 1199 3230 suos
1218 3194 1321 3231 non
1349 3179 1512 3232 credit
1536 3196 1555 3235 :
1572 3189 1621 3231 et
1645 3192 1828 3232 contra
1842 3181 2053 3251 angelos

468 3281 592 3321 suos
620 3252 840 3334 probum
872 3267 998 3334 quid
1044 3269 1232 3334 reperit
1268 3284 1288 3323 :
1323 3283 1522 3339 quanto
1559 3271 1727 3341 magis
1761 3273 1813 3324 in
1842 3271 1924 3325 Itis
1964 3273 2055 3342 qui

471 3360 713 3414 habitant
748 3360 928 3414 domos
955 3360 1124 3415 luteas
1155 3361 1277 3432 (Job
1310 3377 1388 3427 tv,
1422 3362 1611 3431 t7-l9,
1649 3380 1663 3417 :
1713 3378 1744 3418 e
1776 3365 1976 3432 quibus
2002 3376 2056 3420 et

474 3467 572 3506 nos
598 3451 666 3505 de
687 3453 875 3505 eodem
902 3451 1017 3506 luto
1038 3453 1263 3508 sumus?
1305 3453 1501 3508 Nullus
1547 3456 1685 3508 enim
1720 3455 1912 3525 absque
1938 3472 2048 3525 pec~

474 3554 613 3611 cato,
644 3560 707 3598 ne
746 3545 791 3597 si
824 3544 976 3599 unius
1018 3546 1222 3616 quidem
1263 3544 1371 3599 diei
1409 3546 1570 3616 fuerit
1610 3548 1715 3600 vita
1770 3548 1884 3616 ejus
1911 3547 2052 3618 (Job.

476 3650 590 3699 xiv,
624 3636 703 3706 ι).
739 3633 800 3688 Si
864 3636 1004 3687 enim
1044 3634 1226 3688 stella:
1273 3651 1379 3689 non
1430 3644 1552 3689 sunt
1601 3640 1812 3690 munda:
1842 3639 1895 3690 in
1927 3653 2054 3692 cou-

476 3736 656 3797 spectu
688 3725 807 3787 Dei,
844 3738 1043 3799 quanto
1103 3728 1271 3799 magis
1313 3730 1502 3783 vermis
1543 3738 1593 3782 et
1656 3731 1877 3798 putredo
1910 3728 2052 3802 (Job.

477 3836 603 3884 xxv,
625 3820 720 3889 5);
759 3830 811 3876 et
852 3820 905 3874 bi
941 3822 1033 3887 qui
1071 3830 1291 3886 peccato
1307 3820 1633 3876 olleudentis
1654 3821 1827 3875 ﬁdam
1862 3832 2054 3875 tenen-

479 3920 569 3969 tur
592 3913 810 3968 obnoxii
844 3912 857 3965 !

553 4007 907 4078 Augustinus.
945 4005 1184 4062 Obsecro
1213 4006 1578 4078 te,quomodo
1610 4007 1723 4060 have
1754 4005 1937 4077 Opinio
1959 4005 2054 4060 de-

480 4100 741 4168 fenditur,
770 4115 875 4171 qua
905 4101 1199 4156 creduntur
1233 4102 1428 4155 animae
1450 4115 1553 4154 non
1576 4114 1638 4153 ex
1673 4099 1762 4153 illa
1795 4115 1902 4154 una
1944 4100 2058 4167 pri-

480 4195 555 4250 mi
595 4192 834 4248 hominis
853 4192 969 4247 lieri
1001 4207 1191 4247 omnes
1227 4210 1242 4249 ;
1275 4192 1368 4247 sed
1391 4193 1533 4247 sicut
1574 4191 1663 4246 illa
1695 4207 1797 4245 una
1834 4191 1947 4258 nui,
1981 4196 2054 4246 ita

482 4285 711 4356 singulis
729 4286 980 4355 singulae.
1008 4285 1080 4339 Ea
1128 4298 1259 4337 vero
1287 4299 1407 4352 qua:
1440 4283 1700 4338 dicuntur
1729 4282 1833 4337 alia
1865 4292 2054 4337 contra

481 4378 626 4434 hanc
682 4376 1014 4445 opinionem,
1079 4375 1235 4430 facile
1276 4389 1361 4431 me
1404 4383 1533 4443 puto
1559 4390 1719 4444 posse
1763 4375 2053 4430 refellere:

2152 1910 2441 1971 parentum
2475 1900 2601 1955 hinc
2632 1906 2874 1969 peccata,
2908 1895 2994 1951 vel
3014 1895 3289 1959 convinci,
3323 1894 3406 1949 vel
3436 1892 3725 1963 ﬂagellari.

2224 1989 2599 2059 Hieronymus.
2644 1978 2816 2056 Super
2843 2000 2953 2057 quo
3002 1988 3131 2056 quid
3168 1985 3297 2039 mibi
3335 1985 3633 2046 videretur,
3672 1984 3728 2038 in

2152 2082 2432 2153 opusculis
2461 2088 2650 2136 contra
2690 2078 2946 2135 Rufinum
2985 2077 3111 2132 olim
3135 2076 3423 2148 scripsisse
3456 2090 3543 2129 me
3576 2074 3728 2138 novi,

2153 2175 2440 2231 adversum
2491 2188 2616 2230 eum
2670 2171 2909 2226 libellum
2969 2185 3131 2241 quem
3186 2179 3387 2223 sanctae
3448 2169 3726 2222 memoriae

2151 2267 2439 2322 Anasmsio
2464 2267 2717 2335 episcopo
2753 2264 3012 2319 Romana:
3040 2260 3299 2317 Ecclesiae
3329 2261 3497 2314 dedit.
3530 2258 3586 2313 In
3621 2274 3729 2328 quo

2153 2359 2364 2415 lubrica
2398 2368 2452 2413 et
2487 2359 2652 2413 stulta
2680 2372 2744 2412 ac
2766 2356 2995 2413 subdola
3034 2353 3402 2415 confessione,
3427 2353 3551 2405 dum
3577 2351 3732 2405 audio

2154 2464 2330 2509 torum
2383 2450 2724 2522 simplicitati
2775 2450 3002 2506 illudere
3035 2449 3250 2512 nititur,
3293 2459 3406 2501 suae
3434 2443 3581 2510 ﬁdei,
3618 2444 3730 2499 imo

2154 2544 2400 2618 perﬁdia:
2430 2544 2623 2599 illusit.

2227 2638 2578 2707 Augustinus.
2613 2633 2768 2700 Quod
2799 2632 2852 2688 in
2879 2631 3020 2686 libro
3049 2630 3312 2685 adversus
3345 2629 3597 2683 Ruﬁnum
3633 2639 3731 2694 po-

2154 2728 2315 2784 suisti
2360 2730 2622 2798 quosdam
2672 2724 2799 2780 huic
2848 2725 3133 2779 sententia:
3186 2721 3535 2782 calumniari,
3586 2717 3731 2788 quod

2158 2819 2325 2874 Deum
2363 2818 2495 2872 dare
2530 2818 2741 2871 animas
2758 2815 3080 2871 adulterinis
3100 2813 3452 2880 conceptibus
3483 2813 3733 2864 videatur

2156 2912 2440 2981 indignum
2474 2925 2491 2968 :
2522 2908 2666 2964 unde
2709 2918 2982 2963 conantur
3012 2915 3257 2960 astruere
3307 2901 3518 2957 meritis
3565 2909 3731 2971 gesta:

2158 3012 2282 3057 ante
2309 3015 2532 3054 carnem
2565 3000 2712 3067 vitae,
2737 2999 2951 3052 animas
2982 2996 3137 3066 quasi
3177 2995 3243 3049 ad
3273 2994 3545 3064 ergastula
3570 2990 3731 3059 hujus

2159 3093 2344 3147 mundi
2373 3091 2519 3162 juste
2553 3106 2711 3160 posse
2764 3089 2985 3159 perduci
3016 3104 3032 3144 :
3068 3103 3175 3141 non
3206 3100 3294 3140 me
3326 3095 3505 3138 movet
3559 3084 3731 3136 multa

2158 3182 2513 3250 cogitantem,
2552 3180 2749 3249 quibus
2790 3180 2903 3233 hinc
2932 3186 3116 3247 potest
3161 3174 3430 3230 calumnia
3482 3172 3725 3229 refutari.

2158 3273 2227 3327 Et
2251 3273 2395 3342 quod
2431 3272 2546 3341 ipse
2578 3271 2930 3339 respondisti,
2967 3285 3072 3323 non
3110 3283 3228 3323 esse
3250 3267 3439 3321 vitium
3468 3265 3731 3319 sementis

2158 3365 2212 3419 in
2245 3367 2452 3430 tritico,
2482 3367 2625 3434 quod
2649 3363 2796 3418 furto
2821 3364 3023 3417 dicitur
3051 3376 3173 3416 esse
3205 3359 3476 3415 sublatum
3504 3372 3522 3413 :
3554 3356 3649 3411 sed
3675 3356 3729 3410 in

2157 3473 2224 3513 eo
2246 3459 2337 3526 qui
2385 3457 2661 3511 frumenta
2709 3455 2921 3509 furatus
2945 3465 3064 3519 est;
3120 3468 3220 3508 nec
3269 3452 3475 3506 idcirco
3505 3460 3728 3511 terram,

2159 3564 2265 3603 non
2300 3547 2555 3603 debuisse
2607 3547 2816 3616 gremio
2848 3559 2949 3599 suo
2999 3543 3206 3598 semina
3244 3541 3565 3602 conticvere,
3601 3539 3730 3608 quia

2158 3652 2308 3697 sator
2339 3639 2708 3694 innuunda-ea
2760 3637 3052 3708 projecerit
3102 3651 3285 3695 tuaiau,
3326 3632 3729 3701 elegantissima

2159 3732 2457 3788 similitudo
2493 3740 2597 3794 est,
2638 3747 2798 3801 quam
2833 3737 2887 3783 et
2914 3738 3204 3797 antequam
3254 3726 3511 3798 legerem,
3551 3727 3737 3778 nullas

2161 3824 2293 3878 tnibi
2314 3823 2547 3891 obiectio
2580 3824 2677 3876 ista
2705 3823 2770 3876 de
2795 3821 3115 3875 adulterinis
3156 3821 3354 3875 Ictibus
3387 3819 3438 3870 in
3468 3818 3569 3871 hac
3587 3829 3738 3881 quat—

2170 3916 2348 3970 Stione
2379 3915 2615 3968 iaciebat
2634 3915 2931 3984 angustias,
2954 3911 3280 3982 generaliter
3307 3908 3535 3963 intuenti
3566 3906 3736 3961 multa

2160 4004 2299 4058 bona
2323 4004 2493 4057 Deum
2524 4003 2727 4068 facere,
2758 4005 2922 4057 etiam
2945 4004 3013 4055 de
3043 4003 3243 4055 nostris
3270 3999 3427 4054 malis
3445 3997 3737 4066 pravis-que

2160 4096 2399 4168 peccatis
2425 4112 2438 4151 :
2485 4094 2734 4149 animalis
2751 4104 2929 4148 autem
2951 4091 3218 4162 cujusque
3235 4092 3443 4147 crcatio
3460 4091 3505 4144 si
3535 4088 3737 4142 haheat

2162 4187 2479 4255 prudentem
2533 4186 2795 4254 piumque
2851 4184 3343 4263 consideratorcm,
3403 4178 3734 4234 ineffabilem

2161 4279 2408 4334 Creatori
2440 4277 2655 4331 laudem
2682 4278 2879 4331 excitat
2903 4293 2920 4343 ;
2949 4288 3157 4345 quanto
3193 4277 3363 4342 magis
3392 4273 3597 4327 creatio
3626 4286 3736 4325 non

2162 4370 2450 4443 cujuslibet
2486 4370 2762 4432 animalis,
2814 4370 2908 4425 sed
2949 4368 3219 4422 hominis!
3268 4365 3323 4419 Si
3358 4377 3537 4419 autem
3569 4377 3736 4418 causa

483 4471 622 4527 sicut
658 4482 743 4525 est
764 4470 918 4535 illud,
944 4468 1082 4539 quod
1116 4469 1336 4539 quidam
1388 4468 1491 4523 sibi
1524 4484 1645 4524 eam
1677 4468 1931 4523 videntur
1961 4484 2055 4523 ur-
2090 4489 2134 4545 ο
2163 4464 2383 4519 creandi
2418 4464 2703 4532 quaeritur,
2740 4462 2884 4517 nulla
2919 4462 3080 4517 citius
3111 4469 3165 4515 et
3202 4461 3399 4515 melius
3443 4458 3739 4526 nspende-

483 4576 633 4633 gere,
661 4561 937 4630 quomodo
985 4561 1445 4614 consummaverit
1497 4557 1639 4615 Deus
1671 4559 1850 4613 omnia
1896 4574 2058 4629 opera

482 4669 581 4709 sua
621 4662 776 4708 sexto
809 4653 915 4717 die,
949 4662 1004 4707 et
1033 4652 1263 4722 septimo
1301 4651 1390 4706 die
1423 4651 1792 4721 requieverit,
1821 4651 1867 4707 si
1888 4665 2060 4707 novas

486 4745 664 4799 adhuc
682 4745 894 4799 animas
922 4744 1105 4799 creat?
1157 4743 1364 4809 Quibus
1396 4744 1441 4797 si
1472 4744 1786 4808 dixerimus,
1826 4742 1971 4810 quod
1994 4757 2062 4798 ex

486 4834 782 4908 Evangelia
818 4852 977 4907 supra
1013 4835 1239 4906 posuisti
1286 4852 1301 4895 ;
1353 4834 1515 4890 Pater
1543 4852 1687 4892 meus
1722 4852 1884 4907 usque
1925 4851 2063 4890 nunc

485 4943 743 5000 operatur
770 4944 789 4983 :
823 4930 1149 4998 respondent
1196 4927 1484 4994 :Operatur
1516 4929 1718 4983 dictum
1768 4938 1872 4994 est,
1903 4929 2065 4985 iusti-

486 5028 632 5076 tutas
658 5018 1112 5086 administrando,
1163 5034 1272 5075 non
1303 5034 1469 5074 novas
1492 5018 1848 5074 instituendo.

559 5108 941 5180 Hieronymus.
974 5108 1071 5165 ilic
1106 5110 1260 5165 locus
1289 5111 1427 5179 apud
1471 5111 1760 5180 imperitos
1795 5120 1851 5167 et
1883 5110 2057 5169 'Scri-

485 5209 768 5272 pturarum
829 5212 1137 5258 sanctarum
1208 5204 1619 5257 meditationem
1700 5219 1967 5274 usumque
2009 5212 2064 5260 et

487 5295 772 5351 scientiam
800 5310 908 5350 non
942 5293 1237 5362 habentes,
1259 5293 1474 5348 videtur
1497 5293 1740 5363 Opinioni
1761 5305 1866 5350 tuan
1888 5296 2064 5365 prima

488 5390 669 5442 fronte
700 5386 953 5441 blandiri.
982 5387 1253 5441 Caeterum
1280 5387 1559 5440 discussus
1578 5384 1733 5441 facile
1771 5387 2001 5443 solvitur
2043 5404 2058 5442 :

489 5487 694 5533 etcum
721 5478 1031 5534 testimonia
1059 5477 1469 5547 Scripturarum
1506 5478 1626 5534 aliis
1660 5481 2064 5549 comparaveris

491 5570 842 5636 testimoniis,
884 5585 950 5624 ne
982 5569 1084 5625 sibi
1121 5570 1360 5640 Spiritus
1395 5579 1619 5625 sanctus
1678 5586 1775 5642 pro
1800 5574 2063 5641 qualitate

488 5661 737 5715 locorum
768 5671 824 5716 et
882 5668 1188 5732 temporum
1243 5661 1490 5718 videatur
1533 5678 1655 5718 esse
1702 5668 2008 5719 contrarius
2049 5680 2063 5720 :

487 5752 786 5808 secundum
814 5753 943 5810 illud
975 5755 1117 5824 quod
1141 5757 1399 5828 scriptum
1418 5768 1500 5816 est
1531 5775 1544 5813 :
1569 5759 1798 5829 Abyssus
1817 5760 2067 5829 abyssum

2168 4570 2277 4624 tur,
2306 4558 2406 4612 nisi
2432 4557 2557 4626 quia
2594 4556 2773 4611 omnis
2808 4566 3056 4609 creatura
3087 4554 3180 4609 Dei
3207 4555 3343 4608 bona
3371 4566 3475 4607 est.
3506 4554 3573 4608 Et
3606 4555 3741 4621 quid

2165 4649 2403 4721 dignius,
2449 4663 2610 4717 quam
2666 4658 2727 4701 ut
2767 4649 2908 4704 bona
2958 4647 3125 4702 faciat
3173 4647 3319 4702 Deus
3370 4648 3565 4711 bonus,
3615 4662 3743 4717 quae

2166 4757 2330 4797 nemo
2361 4750 2537 4810 potest
2566 4741 2749 4796 facere
2780 4739 2885 4794 nisi
2906 4739 3088 4795 Deus?
3108 4739 3235 4794 meo
3260 4747 3314 4793 et
3339 4737 3443 4793 alia
3475 4753 3595 4807 qua:
3615 4753 3745 4808 pos-

2167 4850 2312 4898 sum,
2340 4844 2395 4891 et
2420 4836 2563 4889 sicut
2594 4847 2836 4905 possum,
2869 4830 2990 4886 dico
3029 4830 3316 4885 adversum
3339 4843 3457 4909 eos,
3489 4828 3580 4898 qui
3615 4827 3740 4894 opi-

2165 4931 2386 4984 nionem
2433 4929 2595 4992 hanc,
2627 4942 2735 4997 qua
2763 4925 3060 4981 creduntur
3088 4925 3282 4979 anima:
3315 4925 3453 4981 sicut
3499 4922 3588 4977 illa
3632 4936 3744 4979 una

2166 5021 2396 5091 singulis
2427 5020 2567 5085 tieri,
2600 5020 2931 5077 labefactare
2962 5029 3251 5075 conantur.

2242 5114 2633 5184 Hieronymus.
2664 5114 2960 5178 Antonius,
2982 5119 3169 5167 orator
3198 5109 3471 5180 egregius,
3503 5109 3555 5163 in
3586 5105 3747 5176 cujus

2165 5208 2424 5265 laudibus
2476 5208 2689 5264 Tullius
2721 5215 3004 5275 personat,
3040 5205 3274 5261 disertos
3313 5217 3372 5259 se
3414 5204 3495 5257 ait
3540 5202 3747 5256 vidisse

2169 5301 2393 5367 multos,
2428 5299 2775 5370 eloquentem
2827 5298 3007 5353 adhuc
3071 5295 3366 5353 nemiuem.
3408 5293 3527 5350 Noli
3575 5295 3749 5364 igitur

2170 5393 2302 5448 mihi
2341 5399 2645 5456 oratorum,
2704 5400 2757 5445 et
2799 5405 2909 5445 non
2969 5388 3075 5442 tuis
3107 5385 3336 5443 ﬂoribus
3380 5387 3589 5452 ludere,
3643 5400 3750 5456 per

2167 5500 2304 5555 quos
2361 5484 2535 5539 solent
2583 5484 2963 5551 imperitorum
3013 5491 3180 5550 atque
3231 5473 3521 5549 puerorum
3580 5494 3753 5537 aures

2169 5577 2345 5648 decipi
2377 5594 2393 5632 :
2421 5578 2515 5632 sed
2542 5577 2860 5645 simpliciter
2885 5575 2974 5631 dic
3003 5573 3132 5644 quid
3158 5572 3383 5630 sentias.

2238 5667 2587 5737 Augustinus.
2615 5668 2750 5722 Cum
2777 5666 2841 5721 ad
2883 5680 3075 5736 poenas
3106 5673 3330 5719 ventum
3374 5670 3458 5718 est
3487 5660 3748 5732 parvulo-

2171 5773 2313 5825 rum,
2354 5757 2582 5830 magnis,
2615 5757 2748 5813 mihi
2782 5760 2969 5825 crede,
2997 5764 3250 5812 coarctor
3274 5753 3542 5825 angustiis
3576 5772 3593 5812 :
3638 5768 3752 5811 nec
