4004 6192
309 293 406 360 277

1070 283 1447 350 EPISTOLA
1492 284 1791 350 XXXVII.
1834 285 1934 348 DE
1974 287 2311 351 ORIGINE
2354 290 2800 353 ANIMARUM.

3462 289 3570 352 2'78

308 407 437 475 quid
464 402 851 474 respondeam,
882 416 1109 470 prorsus
1144 401 1386 457 invenio.
1420 400 1539 455 Non
1576 400 1751 456 solum
1794 414 1889 456 eas
1916 406 1960 464 Α
1994 403 2159 458 tionis
2208 403 2409 460 reverti
2463 404 2637 462 lineas
2672 424 2685 459 :
2719 407 2827 462 hoc
2869 403 3014 460 enim
3046 403 3205 476 longa
3238 403 3571 459 dissertione

310 513 500 570 pennas
547 497 694 561 dico,
727 510 865 565 quas
891 495 1051 550 habet
1087 503 1209 565 post
1242 495 1382 549 hanc
1408 496 1573 546 vitam
1607 493 1695 547 illa
1736 495 1889 548 dam-

310 592 475 653 natio,
528 603 636 657 qua
692 596 919 642 necesse
967 597 1053 641 est
1096 585 1407 651 trahantur,
1458 586 1502 639 si
1547 585 1616 639 de
1661 599 1891 653 corpore

313 681 542 737 exierint
572 680 695 735 sine
729 678 1063 733 Christianae
1102 677 1294 748 gratia:
1342 684 1693 732 sacramento
1743 691 1759 732 :
1796 676 1890 729 sed

313 790 400 827 eas
424 774 572 841 ipsas
594 786 716 839 quae
739 772 792 822 iu
824 771 928 824 hac
955 771 1063 824 vita
1090 769 1401 825 dolentibus
1422 770 1579 823 nobis
1603 777 1891 821 versantur

316 873 433 917 ante
462 862 837 930 oculos,quas
854 873 1184 913 enumerare
1206 857 1253 912 si
1275 858 1458 923 velim,
1491 859 1640 927 prius
1672 868 1891 925 tempus

314 969 471 1022 quam
505 954 754 1017 exempla
806 951 1092 1006 deﬁcient.
1134 950 1521 1020 Laugueecuut
1544 948 1892 1019 aegritudini-

319 1044 435 1110 bus,
456 1054 782 1114 torquentur
809 1044 1117 1107 doloribus,
1152 1041 1297 1096 fatue
1334 1050 1391 1095 et
1424 1041 1512 1095 siti
1545 1041 1890 1105 cruciantur,

314 1138 665 1192 debilitantur
692 1137 981 1199 membris,
1009 1135 1294 1205 privautur
1322 1134 1598 1200 sensibus,
1625 1142 1895 1187 vexantur

316 1229 381 1285 ab
400 1229 706 1285 immundis
735 1229 1047 1299 spiritibus.
1075 1224 1570 1282 Demonstrandum
1595 1233 1678 1279 est
1711 1224 1898 1294 itaque

317 1320 588 1389 quomodo
638 1323 741 1375 ista
802 1321 922 1374 sine
964 1320 1059 1373 illa
1096 1318 1180 1374 sui
1214 1318 1357 1373 mala
1392 1332 1559 1372 causa
1597 1316 1746 1387 justo
1796 1329 1897 1386 pa-

320 1412 540 1468 tiantur.
578 1412 695 1466 Non
738 1412 889 1467 enim
920 1410 1031 1468 dici
1074 1411 1155 1465 ias
1203 1418 1311 1476 est,
1343 1417 1438 1463 aut
1468 1408 1568 1464 ista
1606 1409 1896 1479 ignorante

321 1501 428 1557 Deo
456 1501 599 1566 ﬁeri,
628 1510 724 1556 aut
749 1519 874 1557 eum
918 1518 1028 1556 non
1057 1513 1215 1571 posse
1250 1499 1509 1555 resistere
1542 1496 1895 1563 facientibus,

318 1605 408 1649 aut
436 1593 640 1664 injuste
667 1597 769 1650 ista
803 1596 889 1651 Vel
920 1594 1123 1656 facere.
1155 1594 1241 1649 vel
1277 1593 1612 1661 permittere.

379 1688 756 1758 Hieronymus.
807 1686 1046 1743 Diversis
1101 1686 1434 1742 testimoniis
1486 1684 1895 1752 Scripturarum

1997 494 2302 550 diSCllSsllln
2340 504 2444 550 est.

2065 589 2418 657 Augustinus.
2452 588 2828 644 Damnationis
2855 588 2909 642 in
2953 585 3209 658 parvulos
3237 601 3456 641 causam
3487 602 3577 640 re-

1995 678 2154 747 quiro
2187 697 2200 733 :
2240 681 2365 747 quia
2398 693 2576 747 neque
2609 678 2939 744 animarum,
2964 677 3009 733 si
3045 691 3196 732 nova:
3226 676 3359 729 fiunt
3388 677 3575 743 singu-

1996 770 2061 825 lis
2091 771 2340 841 singuhe,
2376 770 2536 825 video
2572 784 2695 825 esse
2724 769 2929 823 nullum
2962 769 3014 823 in
3064 770 3165 824 hac
3197 780 3358 825 etate
3388 785 3575 837 pecca-

1997 873 2131 927 tum,
2161 879 2261 918 nec
2292 878 2320 918 a
2353 865 2460 918 Deo
2489 863 2736 918 damnari
2761 862 2998 932 aliquam
3027 863 3215 923 credo,
3242 879 3402 931 quam
3430 863 3577 916 videt

1997 954 2201 1008 nultum
2236 954 2437 1009 habere
2467 967 2768 1024 peccatum.
2793 956 2875 1009 An
2898 952 3040 1008 forte
3066 954 3355 1010 dieeudum
3386 964 3491 1016 est,
3519 954 3573 1007 in

1997 1047 2226 1115 parvulo
2277 1062 2496 1102 carnem
2553 1048 2724 1103 solam
2760 1062 2882 1102 esse
2920 1050 3129 1118 peccati
3167 1062 3183 1105 :
3217 1062 3408 1100 novam
3447 1062 3577 1101 vero

1999 1137 2076 1193 illi
2138 1138 2374 1194 animam
2429 1141 2567 1204 iicri,
2621 1155 2726 1209 qua
2798 1141 3101 1194 secundum
3159 1139 3249 1193 Dei
3306 1149 3573 1208 pra-cepta

1997 1229 2216 1283 vivente
2249 1230 2300 1282 in
2346 1230 2618 1295 adjutorio
2674 1231 2860 1299 gratia:
2905 1228 3134 1291 Christi,
3165 1244 3215 1280 et
3266 1229 3366 1296 ipsi
3423 1230 3579 1283 carni

1997 1321 2249 1375 edomita:
2266 1339 2327 1374 ac
2351 1323 2652 1393 subiugata:
2681 1325 2853 1393 possit
2878 1323 3302 1393 iucorruptionis
3323 1326 3575 1378 meritum

2000 1428 2343 1483 comparare.

2068 1501 2452 1577 Hieronymus.
2506 1504 2708 1561 Demus
2754 1521 2976 1576 operam
3020 1516 3080 1560 ιιι
3117 1506 3589 1576 perniciosissima

2002 1598 2228 1653 Interesis
2260 1597 2328 1653 de
2359 1598 2601 1654 Ecclesia
2644 1598 2947 1664 auferatur,
2972 1613 3089 1666 quas
3120 1614 3336 1669 semper
3361 1600 3581 1654 simulat

2003 1689 2402 1759 pmuitentiam,
2432 1702 2489 1744 ut
2527 1690 2761 1746 docendi
2790 1691 2841 1745 in
2873 1691 3135 1746 Ecclesiis
3165 1690 3361 1744 haheat
3405 1689 3582 1745 facul-

319 1779 504 1834 eadem
535 1780 589 1833 in
620 1779 925 1849 qmestione
947 1779 1120 1833 uteris
1139 1779 1192 1833 iu
1221 1775 1520 1833 theatrales
1542 1776 1889 1847 prastigias:
1920 1758 1969 1819 Β
1999 1790 2185 1843 tatem.
2214 1799 2281 1837 ne
2313 1785 2355 1838 si
2383 1795 2572 1852 aperta
2605 1800 2663 1839 se
2692 1785 2814 1840 luce
2841 1783 3161 1854 prodiderit,
3193 1783 3339 1837 foras
3359 1784 3583 1854 expulsa

320 1872 600 1941 quiuuum
634 1872 1000 1939 eumdemque
1034 1869 1334 1936 hominem,
1388 1882 1752 1939 personarum
1806 1881 1899 1920 vs-

324 1968 509 2020 rirtate
534 1973 768 2029 mutata,
792 1965 850 2019 in
886 1964 1111 2019 Nartem
1139 1961 1521 2039 Veneremque
1547 1963 1855 2031 producunt
1880 1978 1895 2013 :

324 2068 375 2110 ut
427 2059 520 2125 qui
568 2061 721 2127 prius
780 2058 987 2126 rigidus
1046 2065 1103 2110 et
1168 2056 1514 2111 truculentus
1573 2056 1897 2119 incesserat,

324 2160 503 2218 postea
548 2147 873 2203 solvaturiu
907 2146 1189 2201 mollitiem
1226 2145 1580 2200 feudnarum.

389 2243 735 2312 Augustinus.
788 2240 926 2297 Cum
981 2250 1033 2295 te
1066 2241 1263 2294 iratum
1296 2252 1544 2302 sensero,
1583 2233 1716 2290 nihil
1750 2231 1900 2287 aliud

323 2350 477 2399 quam
518 2335 731 2388 veniam
756 2332 1107 2402 deprecabor.

394 2426 771 2496 Hieronymus.
824 2424 1022 2491 Quarso
1074 2432 1133 2477 ut
1178 2424 1450 2493 patienter
1508 2423 1747 2480 audias:
1788 2438 1901 2479 non

323 2523 462 2574 enim
497 2520 565 2572 de
596 2518 918 2573 adversario
950 2517 1261 2584 victoriam,
1293 2518 1388 2572 sed
1430 2523 1621 2571 contra
1673 2517 1902 2572 utenda-

326 2613 465 2665 cium
494 2612 793 2679 qumrimus
828 2610 1143 2663 veritatem.

392 2699 737 2763 Augustinus.
781 2694 1186 2766 Numquidnam
1218 2698 1360 2753 sicut
1387 2696 1645 2751 animalia
1677 2697 1901 2751 ενι-ειιίος

325 2791 524 2844 nabilia
551 2800 697 2845 recte
726 2789 967 2845 dicimus
995 2789 1046 2844 iu
1084 2805 1216 2845 usus
1246 2790 1363 2844 dari
1398 2791 1607 2844 naturis
1636 2780 1906 2846 excellen-

332 2883 582 2944 tioribus.
632 2883 736 2937 etsi
786 2883 1023 2949 vitiosis,
1076 2882 1223 2938 sicut
1260 2882 1607 2952 apertissime
1636 2883 1689 2935 iu
1726 2881 1905 2937 Evan-

329 2976 473 3043 gelio
516 2975 785 3042 videmus,
813 2989 1012 3045 porcos
1048 2977 1113 3030 ad
1149 2991 1305 3030 usum
1353 2975 1722 3031 desideratum
1774 2989 1906 3032 con-

326 3084 511 3124 cessas
562 3084 684 3124 esse
718 3070 1059 3123 dannonihus
1093 3084 1108 3121 :
1157 3067 1261 3122 hoc
1291 3077 1345 3123 et
1379 3069 1448 3123 de
1495 3067 1713 3122 homine
1754 3077 1905 3121 recte

322 3176 614 3232 pessumus
668 3161 890 3216 dicere?
917 3159 1121 3215 animal
1149 3167 1235 3215 est
1261 3158 1429 3224 enim,
1480 3159 1578 3213 sed
1611 3158 1899 3222 rationale,

320 3254 432 3309 etsi
462 3255 708 3309 mortale.
740 3254 933 3309 Anima
957 3264 1045 3309 est
1065 3253 1353 3308 rationalis
1378 3255 1430 3306 in
1466 3250 1572 3305 illis
1606 3248 1895 3313 membris,

326 3360 453 3415 quas
482 3345 645 3401 tantis
694 3343 1078 3400 afﬂictionibus
1104 3358 1297 3413 pmnas
1344 3341 1470 3397 luit.
1528 3341 1670 3396 Deus
1728 3341 1904 3395 bonus

324 3447 439 3503 cat,
470 3436 604 3493 Deus
647 3437 833 3506 justus
872 3446 981 3502 est,
1034 3435 1180 3491 Deus
1226 3434 1576 3505 omnipotens
1626 3442 1712 3496 est
1752 3427 1906 3488 :hoc

328 3531 577 3585 dubitare
612 3530 845 3584 omnino
899 3528 1175 3584 dementis
1232 3538 1337 3582 est.
1399 3526 1700 3581 Tantorum
1772 3539 1905 3595 ergo

328 3620 616 3686 malorum,
678 3634 801 3690 qua:
865 3619 1001 3672 ﬁunt
1048 3619 1102 3671 iit
1158 3615 1398 3686 parvitlis
1447 3630 1611 3671 causa
1670 3615 1903 3670 dicatur.

331 3711 469 3766 Nam
500 3728 620 3768 cum
656 3712 894 3779 majores
930 3711 1033 3766 ista
1070 3709 1371 3778 patiantur,
1414 3707 1653 3763 solemus
1697 3706 1905 3771 dicere,

327 3815 433 3859 aut
474 3806 607 3859 sicut
656 3805 713 3859 in
746 3803 848 3858 Job
891 3803 1086 3857 merita
1145 3800 1475 3866 examinari,
1527 3809 1621 3853 aut
1672 3800 1813 3853 sicut
1852 3799 1905 3852 in

326 3895 547 3952 llerode
586 3904 809 3966 peccata
836 3893 1019 3963 puniri
1050 3911 1067 3950 :
1100 3903 1158 3948 et
1185 3894 1253 3949 de
1271 3892 1596 3962 quibusdam
1623 3890 1907 3961 exemplis,

324 4003 453 4056 qua:
482 3988 618 4042 Deus
656 3985 945 4040 manifesta
982 3999 1106 4041 esse
1138 3983 1333 4049 voluit,
1365 3983 1472 4037 alia
1514 3997 1637 4052 qua:
1677 3982 1908 4036 obscura

324 4088 482 4144 sunt,
516 4080 797 4133 hominum
846 4079 1180 4147 conjecturae
1241 4074 1640 4137 conceduntur,
1673 4074 1768 4128 sed
1805 4074 1909 4128 hoc

328 4173 391 4226 in
415 4172 727 4243 majoribus.
753 4171 830 4226 De
848 4169 1087 4241 parvolis
1107 4178 1286 4223 autem
1308 4168 1437 4237 quid
1456 4165 1907 4236 respondeamus,

328 4266 596 4330 edissere,
619 4265 664 4319 si
698 4262 866 4317 tantis
889 4262 1067 4332 pteuis
1100 4261 1242 4316 nulla
1282 4261 1336 4315 in
1368 4261 1449 4315 eis
1482 4269 1609 4315 sunt
1638 4257 1910 4326 punienda

332 4365 577 4422 peccata.
633 4353 771 4410 Nam
839 4354 1027 4424 utique
1086 4353 1231 4408 nulla
1261 4362 1347 4408 est
1393 4352 1448 4407 in
1485 4351 1596 4407 illis
1656 4352 1911 4407 :etatibus

331 4447 693 4501 examinanda
720 4446 957 4516 iustitia.

413 4536 783 4607 Hieronymus.
835 4536 993 4591 Dedit
1042 4534 1403 4591 Ecclesiastes
1446 4532 1625 4605 primo
1669 4532 1910 4586 omnium

334 4639 571 4687 mentem
607 4647 762 4686 suam
798 4632 867 4684 ad
897 4630 1218 4700 sapientiam
1252 4628 1660 4699 requirendam,
1692 4634 1748 4681 et
1773 4625 1914 4680 ultra

336 4722 548 4777 licitum
580 4738 638 4778 se
667 4723 988 4788 extendens,
1016 4721 1186 4775 voluit
1213 4736 1408 4776 causas
1438 4719 1793 4788 rationesque
1818 4731 1914 4772 cu-

335 4832 601 4885 gnoscere
626 4835 643 4873 :
676 4817 859 4884 Quare
892 4818 1101 4889 parvuli
1130 4816 1538 4887 corripereutur
1567 4831 1596 4870 a
1623 4815 1871 4870 daemone
1899 4831 1915 4872 ε

334 4910 454 4965 Cur
474 4910 755 4984 naufragia
772 4912 958 4982 justos
985 4921 1035 4967 et
1062 4913 1258 4980 impios
1285 4913 1488 4980 pariter
1513 4910 1871 4966 ahsorberent
1898 4922 1918 4965 :

340 5000 535 5058 Utrum
586 5013 644 5058 et
695 5004 813 5060 haec
869 5016 925 5060 et
978 5004 1066 5061 his
1118 5005 1318 5060 similia
1351 5019 1479 5059 casu
1513 5004 1816 5069 evenirent,
1848 5018 1919 5056 an

335 5095 547 5163 judicio
578 5094 669 5149 Dei
698 5095 724 5148 i
748 5095 816 5150 Et
844 5096 889 5151 si
914 5112 1066 5161 casu,
1085 5098 1173 5150 ubi
1201 5094 1583 5168 proﬁdentia?
1612 5093 1667 5149 Si
1686 5094 1917 5166 judicio.

342 5186 441 5239 sibi
462 5186 665 5255 justitia
696 5186 791 5242 Dei
813 5188 841 5242 ἲ

423 5278 765 5352 Augustinus.
797 5278 939 5334 Dore
961 5279 1146 5349 igitur,
1174 5278 1301 5350 quid
1327 5276 1526 5344 dicere,
1554 5278 1683 5347 quid
1716 5279 1922 5333 sentire

334 5368 659 5439 drbcamus,
690 5383 751 5427 ut
780 5379 998 5427 constet
1027 5370 1183 5425 nobis
1238 5370 1376 5427 ratio
1407 5353 1668 5425 novarum
1702 5374 1920 5423 anima-

342 5476 491 5527 nun,
553 5462 783 5533 singulis
848 5462 1175 5531 corporibus
1238 5460 1666 5531 singillatimque
1744 5457 1921 5514 iacta-

342 5568 487 5608 runt.

423 5646 793 5719 Hieronymus.
850 5647 1065 5704 Videris
1124 5647 1255 5703 mihi
1311 5647 1610 5701 obliviosus
1670 5632 1922 5711 esse,"

330 5742 495 5809 quasi
539 5742 675 5798 nihil
714 5756 877 5815 septa
919 5742 1133 5799 dictum
1169 5743 1260 5809 sit,
1294 5756 1392 5813 per
1426 5742 1645 5796 easdem
1682 5742 1922 5810 disputa-

2000 1876 2288 1929 moriatur.

2072 1967 2422 2038 Augustinus.
2450 1968 2752 2036 Quaerenda
2781 1985 2947 2027 causa
2974 1979 3137 2040 atque
3170 1970 3443 2024 reddenda
3475 1978 3582 2033 est,

1999 2076 2174 2131 quare
2208 2061 2543 2115 damnentur
2599 2064 2816 2130 animae,
2846 2078 2967 2133 quae
2997 2077 3152 2117 novre
3182 2073 3443 2117 creantur
3474 2061 3587 2117 siu-

2001 2153 2140 2224 gulis
2170 2151 2477 2223 quibusque
2530 2154 2903 2219 nascentibus,
2934 2156 2977 2209 si
3031 2163 3230 2224 pra'ter
3258 2152 3463 2209 Christi
3494 2168 3584 2206 sa-

2000 2242 2344 2298 cramentum
2387 2242 2596 2311 parvuli
2640 2242 2967 2299 moriantur.
3003 2239 3256 2295 Damnari
3292 2242 3434 2292 enim
3466 2252 3583 2304 eas,

2002 2333 2046 2390 si
2087 2334 2168 2389 sic
2205 2334 2271 2389 de
2306 2348 2537 2404 corpore
2596 2333 2871 2397 exierunt,
2921 2344 2976 2388 et
3024 2341 3212 2388 sancta
3275 2330 3577 2399 Scriptura,

2002 2433 2057 2481 et
2084 2433 2273 2479 sancta
2305 2434 2389 2479 est
2414 2424 2573 2480 testis
2601 2423 2868 2480 Ecclesia.
2899 2423 3050 2479 Unde
3072 2424 3160 2478 illa
3183 2424 3252 2477 de
3278 2423 3581 2477 animarum

2004 2533 2269 2573 novarum
2301 2517 2585 2572 creatione
2617 2517 2912 2581 sententia,
2941 2516 2987 2572 si
3026 2517 3165 2570 hanc
3200 2514 3357 2569 ﬁdem
3390 2513 3586 2569 funda-

2006 2610 2272 2664 tissimam
2313 2625 2418 2664 nun
2455 2618 2757 2680 oppugnat,
2782 2608 2851 2664 sit
2904 2619 2956 2663 et
2995 2622 3113 2662 mea
3144 2623 3162 2664 :
3203 2608 3248 2661 si
3283 2621 3584 2676 oppugnat,

2006 2718 2114 2758 non
2141 2703 2212 2756 sit
2243 2711 2297 2756 et
2328 2712 2441 2757 tua.
2480 2701 2614 2756 Nolo
2647 2701 2777 2756 mihi
2810 2703 3024 2756 dicatur
3056 2717 3153 2770 pro
3184 2703 3285 2755 hac
3315 2700 3585 2754 sententia

2006 2794 2208 2850 debere
2227 2794 2398 2860 accipi
2428 2793 2571 2863 quod
2604 2795 2864 2861 scriptum
2892 2801 2974 2846 est
3001 2811 3012 2846 :
3041 2791 3146 2857 Qui
3166 2791 3321 2861 ﬁnxit
3345 2792 3588 2856 spiritum

2006 2884 2231 2939 hominis
2261 2885 2314 2937 in
2340 2885 2474 2954 ipso,
2509 2895 2558 2938 et
2587 2885 2677 2953 qui
2706 2884 2856 2952 ﬁngit
2895 2882 3168 2951 sigillatim
3202 2883 3361 2935 corda
3402 2896 3585 2933 eorum

2009 2977 2196 3048 (Zach.
2227 2993 2322 3042 an,
2362 2977 2435 3047 i).
2463 2976 2680 3047 Aliquid
2707 2975 3060 3031 fortissimum
3095 2987 3259 3044 atque
3290 2975 3589 3029 invictissi-

1929 3109 1973 3166 Β
2009 3086 2156 3126 mum
2189 3069 2575 3139 requirendum
2608 3076 2714 3129 est,
2747 3070 2890 3137 quod
2945 3082 3042 3121 nos
3071 3081 3175 3120 non
3221 3080 3382 3136 cogat
3416 3064 3584 3121 Deum

2006 3162 2235 3216 credere
2264 3161 2496 3216 ullarum
2525 3161 2831 3214 animarum
2877 3160 2995 3214 sine
3021 3158 3179 3228 culpa
3208 3158 3388 3229 aliqua
3431 3161 3591 3212 dam-

2006 3262 2276 3308 natorem.
2327 3251 2464 3307 Nam
2504 3253 2588 3308 vel
2624 3253 2964 3308 tantumdem
3013 3253 3178 3316 valet,
3208 3252 3295 3306 vel
3335 3252 3457 3321 plus
3506 3258 3593 3304 est

2007 3344 2239 3399 forsitan
2271 3357 2462 3399 creare
2498 3359 2662 3413 quam
2723 3341 2929 3411 lingere
2956 3361 2970 3399 :
3002 3355 3056 3397 et
3111 3352 3289 3396 tamen
3326 3341 3588 3410 scriptum

2007 3445 2131 3493 est:
2165 3435 2274 3490 Cor
2332 3437 2584 3491 mundum
2637 3452 2758 3490 crea
2802 3438 2858 3490 in
2898 3452 2998 3499 me,
3032 3437 3169 3490 Deus
3207 3435 3376 3503 (Psni.
3414 3447 3591 3497 xxxii,

2013 3529 2125 3597 15).
2155 3528 2266 3583 Nec
2298 3529 2420 3584 ideo
2451 3529 2632 3599 putari
2684 3539 2857 3601 potc5t
2897 3532 3079 3583 anima
3119 3530 3219 3582 hoc
3253 3529 3372 3580 loco
3402 3538 3595 3594 optare

1992 3632 2070 3675 'se
2121 3620 2240 3675 ﬁeri
2300 3620 2618 3693 priusquam
2672 3620 2877 3688 aliquid
2932 3631 3100 3674 esset.
3135 3619 3289 3672 Sicut
3321 3632 3450 3685 ergo
3479 3615 3591 3685 jam

2010 3713 2256 3768 existens
2286 3725 2506 3766 creatur
2536 3713 2888 3767 innovatione
2937 3712 3183 3779 iustit'se,
3211 3710 3289 3763 sic
3324 3708 3436 3774 jam
3477 3708 3598 3762 exi-

2012 3812 2165 3859 stens
2220 3802 2446 3871 ﬁngitur
2497 3803 2916 3857 conﬁrmatione
2963 3804 3243 3855 doctrinae.
3303 3798 3412 3853 Nec
3462 3799 3595 3853 illud

2014 3895 2158 3964 quod
2194 3893 2247 3948 in
2284 3893 2609 3948 Ecclesiaste
2641 3895 2906 3963 scriptum
2942 3904 3059 3949 est:
3095 3891 3241 3946 Tum:
3267 3898 3598 3945 convertatur

2015 3986 2070 4041 in
2106 3997 2304 4040 terram
2341 3985 2512 4056 pulvis
2540 3986 2673 4041 sicut
2704 3987 2828 4055 fuit,
2873 3995 2922 4040 rt
2968 3993 3254 4040 revertetur
3278 3984 3495 4044 spiritus
3526 3982 3595 4036 ad

2017 4078 2299 4134 Dominum
2334 4081 2423 4149 qui
2450 4079 2593 4133 dedit
2628 4078 2780 4132 illum
2809 4077 3011 4147 (lictis.
3036 4094 3133 4143 xu,
3165 4077 3241 4147 7),
3279 4077 3437 4132 istaut
3470 4092 3600 4130 cou-

2020 4171 2200 4226 lirtnat
2257 4172 2607 4234 sententiam,
2642 4186 2804 4241 quam
2860 4172 3108 4226 volumus
3155 4186 3278 4225 esse
3324 4181 3599 4228 nostram.

2016 4260 2145 4316 Plus
2174 4261 2320 4316 enim
2376 4263 2483 4316 hoc
2532 4259 2868 4330 suﬂragatur
2897 4261 3000 4326 eis,
3033 4260 3125 4329 qui
3157 4275 3223 4314 ex
3259 4276 3363 4313 una
3399 4267 3601 4328 putant

2020 4370 2209 4410 omnes
2225 4368 2343 4409 esse
2363 4354 2594 4408 animas.
2618 4351 2751 4407 Nam
2775 4352 2918 4407 sicut
2938 4353 3297 4418 convertitur,
3320 4352 3600 4421 inquiunt,

1943 4450 1991 4508 Β
2020 4445 2197 4514 pulvis
2224 4445 2279 4499 in
2313 4454 2517 4499 terram
2559 4445 2703 4499 sicut
2734 4445 2852 4508 fuit,
2879 4454 2935 4500 et
2981 4454 3158 4497 tamen
3196 4458 3347 4507 caro,
3380 4445 3446 4498 de
3493 4456 3601 4513 qua

2022 4538 2126 4593 hoc
2152 4538 2355 4592 dictum
2381 4547 2485 4602 est,
2513 4539 2579 4590 ad
2608 4536 2881 4591 hominem
2915 4552 3021 4590 non
3057 4537 3368 4598 revertitur,
3399 4551 3463 4590 es
3493 4550 3602 4603 quo

2019 4642 2316 4703 propagata
2371 4640 2475 4694 est,
2511 4628 2607 4685 sed
2641 4628 2707 4683 ad
2757 4638 2960 4683 terram
2998 4629 3142 4684 unde
3192 4628 3401 4699 primus
3437 4626 3605 4680 homo

2019 4726 2199 4782 factus
2248 4735 2370 4780 est:
2409 4725 2485 4779 sic
2516 4731 2571 4777 et
2605 4723 2830 4811 spiritus
2863 4738 2930 4776 ex
2971 4721 3141 4791 ipsius
3199 4721 3361 4774 unius
3410 4718 3603 4788 spiritu

2022 4827 2375 4890 propagatus,
2403 4833 2509 4871 non
2560 4827 2742 4870 tamen
2785 4815 2851 4868 ad
2885 4829 3008 4869 eum
3052 4815 3363 4876 revertitur,
3390 4814 3484 4866 sed
3534 4811 3603 4864 ad

2027 4911 2339 4973 Dominum,
2388 4923 2419 4963 a
2470 4922 2581 4975 quo
2632 4905 2706 4961 illi
2744 4906 2902 4960 datus
2943 4913 3055 4960 est.
3108 4902 3303 4959 Verum
3337 4903 3464 4972 quia
3500 4905 3606 4955 hoc

2025 4984 2394 5057 testimonium
2448 5001 2520 5054 ita
2574 5014 2674 5070 pro
2725 5001 2848 5054 istis
2901 5009 3082 5065 sonat,
3112 5007 3171 5051 ut
3222 5008 3327 5051 non
3376 4993 3606 5049 omnino

2023 5094 2150 5149 huic
2204 5093 2473 5163 opinioni,
2515 5106 2677 5162 quam
2737 5092 2955 5147 defendi
3007 5092 3149 5153 volo,
3186 5089 3431 5142 rideatur
3482 5102 3603 5143 esse

2024 5189 2358 5242 contrarium
2396 5203 2412 5244 :
2444 5187 2840 5242 admonendam
2882 5194 3091 5241 tantum
3124 5181 3329 5237 credidi
3361 5183 3605 5251 pruden-

2027 5281 2157 5334 tiam
2220 5294 2390 5347 tuam,
2422 5297 2491 5333 ne.
2532 5280 2727 5335 talibus
2761 5278 3092 5333 testimoniis
3115 5292 3183 5331 ex
3214 5275 3302 5331 his
3335 5275 3604 5346 angustiis

2028 5388 2116 5427 me
2144 5373 2362 5428 coneris
2392 5386 2618 5430 eruere.
2642 5370 2774 5424 Nam
2803 5370 2928 5426 licet
2954 5384 3113 5424 nemo
3149 5367 3314 5422 iaciat
3343 5367 3606 5437 optando,

2028 5474 2088 5517 ut
2119 5480 2308 5518 verum
2348 5466 2419 5518 sit
2469 5465 2613 5534 quod
2650 5479 2834 5519 verum
2897 5477 3003 5515 non
3060 5471 3163 5526 est,
3195 5471 3379 5515 tamen
3409 5459 3453 5514 si
3489 5459 3607 5514 ﬁeri

2030 5568 2230 5627 pos~el,
2260 5567 2507 5623 Optarem
2545 5567 2605 5612 tit
2660 5559 2773 5613 haec
2800 5556 3071 5613 sententia
3113 5569 3239 5608 vera
3273 5562 3440 5616 esset,
3472 5551 3615 5606 sicut

2030 5662 2180 5718 0pm,
2211 5660 2269 5703 ut
2308 5650 2351 5704 si
2392 5666 2517 5705 vera
2548 5659 2656 5719 est,
2683 5653 2779 5708 abs
2804 5660 2859 5708 te
2891 5648 3253 5721 liquidissimc
3283 5659 3444 5719 atque
3476 5646 3618 5703 invio

2028 5743 2272 5797 cli-sime
2307 5744 2649 5800 defendatur.
