4004 6192
425 264 534 326 9ἷ9

1337 271 1375 329 s
1441 249 1883 332 I—IIERONYUI
1924 273 2243 339 OPERUM
2285 281 2698 344 uau'rtssa.

3568 288 3676 352 980

509 381 889 450 Hieronymus.
922 381 1262 453 Proposuisti
1299 385 1628 448 testimonia,
1655 401 1771 454 quae
1804 402 1912 442 non
1941 389 2007 444 de
2040 414 2076 464 Α
2113 397 2249 460 dari,
2290 406 2568 467 totumque
2600 417 2816 458 cursum
2859 401 2978 473 ejus
3010 404 3246 461 breviter
3273 406 3420 471 licet,
3455 408 3678 462 saltibus

439 475 664 530 alterius
700 475 994 546 Scriptura:
1025 477 1168 538 loco,
1198 476 1292 532 scd
1341 478 1404 531 de
1443 479 1682 548 propriis
1719 479 1872 535 libris
1902 482 1999 535 ab-

433 567 612 620 soluta
648 577 774 623 sunt
804 585 816 621 :
851 567 1164 622 Revertatur
1189 569 1355 636 pulvis
1377 570 1430 621 in
1453 578 1649 624 terram
1673 587 1847 638 suam,
1871 573 2004 627 unde

435 670 677 726 sumptus
701 668 776 712 est
807 674 826 712 :
858 671 904 712 et
959 661 1178 728 spiritus
1231 670 1523 713 revertatur
1572 663 1642 713 ad
1699 660 2002 729 Dominum,

437 753 525 819 qui
563 751 704 804 dedit
734 749 904 804 illum.
936 751 1013 804 Ex
1044 766 1150 819 quo
1177 753 1310 806 satis
1352 761 1482 806 sunt
1511 753 1742 818 ridendi,
1778 754 1868 822 qui
1906 769 2006 823 pu-

439 852 557 898 tant
585 845 794 898 animas
823 859 944 899 cum
976 844 1289 914 corporibus
1321 846 1457 908 ﬁeri,
1483 853 1538 899 et
1560 862 1664 900 non
1693 861 1721 899 a
1748 845 1879 910 Deo,
1908 847 2003 903 sed

435 953 463 989 a
496 953 780 1006 corporum
814 945 1058 1006 parente.
1082 938 1214 992 Cum
1255 937 1399 992 enim
1436 951 1564 992 caro
1588 945 1892 992 revertatur
1950 937 2003 990 in

363 1091 371 1101 .
436 1040 658 1095 terram,
703 1041 758 1082 et
785 1031 1011 1099 Spiritus
1049 1031 1236 1085 redeat
1290 1032 1355 1086 ad
1395 1032 1563 1084 Deum
1607 1031 1697 1100 qui
1749 1030 1893 1084 dedit
1939 1029 2008 1082 il-

435 1121 565 1186 lum,
605 1119 950 1176 manifestum
990 1132 1071 1177 est
1119 1121 1287 1178 Deum
1337 1131 1614 1193 parentem
1653 1134 1772 1177 esse
1793 1121 2008 1175 anima-

437 1229 578 1275 rtttn,
620 1229 724 1266 non
757 1213 1026 1268 homines.

509 1307 856 1372 Augustinus.
895 1306 1040 1358 Illam
1087 1319 1214 1358 vero
1263 1305 1600 1374 Opinionem,
1631 1305 1772 1372 quod
1801 1320 1866 1358 ex
1900 1319 2004 1357 una

443 1397 575 1448 ﬁant
606 1411 793 1450 omnes
825 1397 1038 1461 animae,
1066 1412 1162 1452 nec
1192 1397 1466 1451 discutere
1497 1396 1617 1451 volo
1649 1396 1750 1448 nisi
1788 1408 2006 1449 necesse

439 1489 532 1541 sit.
585 1489 761 1556 Atque
795 1488 1002 1541 utinam
1056 1491 1157 1542 ista
1218 1489 1284 1542 de
1324 1503 1426 1558 qua
1487 1503 1633 1541 nunc
1687 1486 1920 1555 agimus,
1959 1485 2004 1538 si

439 1595 567 1632 vera
604 1590 707 1643 est,
734 1581 812 1633 sic
847 1581 945 1636 abs
980 1589 1031 1636 te
1059 1580 1394 1644 defendatur,
1427 1588 1485 1634 ut
1515 1579 1618 1634 hoc
1647 1593 1868 1633 necesse
1898 1577 2004 1645 jam

440 1685 547 1723 non
603 1672 690 1724 sit.
739 1671 999 1736 Quamvis
1035 1679 1213 1725 autem
1257 1669 1584 1734 desiderem,
1612 1683 1820 1738 rogem,
1870 1667 2008 1721 votis

2111 489 2308 557 potius,
2348 490 2391 544 si
2430 493 2533 544 dici
2590 494 2667 547 fas
2698 503 2804 558 est,
2842 509 3000 562 quam
3038 495 3288 564 passibus
3333 511 3431 565 pro
3461 498 3681 552 festina-

2113 581 2258 635 tione
2289 583 2356 636 ad
2391 583 2549 638 (litem
2581 601 2748 654 usque
2788 587 3012 654 perduxi
3045 603 3062 643 :
3095 595 3256 658 atque
3284 604 3383 658 pro
3417 591 3679 646 tenuitate

2113 673 2364 740 ingenioli
2397 675 2499 728 mei
2535 691 2632 743 per
2663 686 2885 732 cunctos
2917 678 3175 733 Ecclesia:
3205 679 3511 750 magistros,
3539 659 3712 750 prae-i

2108 763 2297 816 sertim
2354 778 2449 832 per
2496 764 2629 820 duos
2677 767 3026 836 piuguedinis
3073 768 3261 834 libros,
3311 770 3676 837 Augustinum

2109 851 2359 908 videlicet
2384 864 2436 908 et
2463 853 2854 927 Hieronymum
2880 859 3222 922 assistentes,
3250 875 3414 913 aureo
3449 860 3676 914 dextera

2109 944 2348 1013 laevaque
2371 948 2713 1014 candelabro,
2739 950 2914 1002 instar
2939 951 3162 1004 duorum
3183 951 3301 1005 caeli
3327 951 3673 1005 luminarium

2109 1036 2403 1105 cognitioni
2454 1039 2521 1091 ad
2556 1038 2816 1108 liquidum
2876 1042 3070 1096 tradidi
3100 1058 3117 1098 :
3149 1043 3214 1097 de
3262 1042 3674 1110 quamplurimis

2110 1141 2298 1181 eorum
2339 1131 2635 1198 epusculis,
2682 1146 2777 1186 sua
2810 1133 2888 1186 cis
2936 1133 3120 1188 solerti
3166 1134 3466 1202 vigilantia,
3497 1145 3548 1188 ct
3586 1150 3676 1188 sa-

2110 1221 2228 1289 gaci
2265 1225 2654 1292 perquisitione
2707 1225 3032 1294 investigata
3085 1227 3373 1282 restituens
3406 1229 3567 1290 dicta,
3596 1229 3676 1281 lo-

2112 1313 2204 1380 qui
2237 1314 2400 1367 veluti
2433 1326 2728 1384 prmsentes
2758 1316 2984 1372 alternis
3017 1319 3224 1372 vicibus
3254 1318 3378 1373 feci.
3402 1319 3540 1382 Quid
3565 1329 3674 1372 tam

2111 1413 2340 1470 rectum,
2388 1406 2517 1475 quid
2576 1416 2684 1461 tam
2723 1423 2931 1475 verum,
2984 1410 3111 1477 quid
3168 1419 3276 1462 tam
3323 1409 3676 1472 catholicum,

2111 1494 2238 1562 quid
2267 1496 2380 1551 sole
2413 1497 2635 1562 clarius,
2663 1503 2728 1554 ad
2761 1501 3177 1556 instructionem
3228 1501 3467 1554 omnium
3502 1502 3676 1568 magis

2113 1583 2262 1650 utile,
2298 1585 2379 1640 vel
2415 1596 2604 1641 contra
2657 1591 2940 1644 haereticos
2975 1599 3140 1648 certe.
3173 1589 3262 1656 qui
3313 1588 3533 1641 inimica
3577 1589 3672 1639 ad-

2113 1691 2326 1732 versum
2377 1694 2478 1733 nos
2519 1691 2698 1734 mente
2751 1681 3069 1745 desaeviunt,
3102 1681 3226 1748 quid
3284 1690 3390 1734 tam
3442 1682 3676 1747 irrcpre-

441 1762 850 1816 ardentioribus
902 1772 1150 1827 exoptem
1207 1768 1260 1814 et
1312 1769 1640 1827 exspectem,
1687 1766 1746 1811 ut
1804 1770 1898 1827 per
1953 1764 2004 1811 te

2114 1769 2424 1822 bensihile?
2459 1767 2569 1825 Vos
2619 1786 2749 1839 ergo
2806 1773 3203 1826 catholicorum
3236 1773 3475 1825 virorum
3536 1785 3679 1840 prte-

444 1854 576 1907 mihi
601 1853 860 1907 Dominus
890 1854 1048 1921 hujus
1084 1855 1159 1908 rei
1207 1852 1416 1905 auferat
1476 1850 1837 1919 ignorantiam
1871 1866 1883 1900 :
1919 1855 2005 1900 ta-

441 1960 589 2008 men,
623 1946 691 2009 si,
723 1945 867 2014 quod
915 1944 1079 2008 absit,
1121 1944 1346 1998 minime
1378 1955 1647 1999 meruero.
1692 1938 2004 2007 patientiam

442 2037 570 2088 mibi
609 2048 781 2103 petam
816 2052 844 2090 a
877 2037 1103 2090 Domino
1139 2045 1350 2090 nostro.

512 2129 561 2182 11
569 2130 885 2199 ieronymus.
909 2127 1063 2183 Juxta
1084 2129 1298 2182 beatum
1321 2128 1664 2197 Apostolum,
1717 2125 1758 2180 U
1770 2124 2009 2193 nusquis-

439 2240 536 2293 que
564 2224 616 2275 in
647 2239 742 2276 suo
775 2239 932 2276 sensu
962 2223 1195 2275 abundat
1229 2221 1403 2290 (Rom.
1428 2237 1539 2283 xrv,
1569 2219 1624 2288 5)
1655 2235 1671 2287 ;
1724 2219 1861 2272 alius
1892 2218 2008 2287 qui-

441 2317 560 2369 dem
598 2316 694 2380 sic,
721 2315 857 2368 aiius
888 2324 1066 2368 autent
1095 2314 1170 2366 sic
1206 2313 1254 2382 (1
1285 2312 1415 2366 Cor.
1447 2327 1539 2378 vtt,
1565 2312 1640 2379 7).
1667 2311 1827 2364 Certe
1851 2310 2011 2378 quid-

440 2410 568 2478 quid
600 2408 701 2462 dici
731 2407 922 2474 potuit,
951 2417 1002 2459 et
1035 2405 1249 2458 sublimi
1277 2403 1491 2471 ingenio
1519 2404 1585 2455 de
1603 2402 2007 2469 Scripturarum

440 2509 752 2553 sanctarum
820 2495 1028 2550 hauriri
1075 2494 1336 2560 fontibus,
1390 2509 1417 2546 a
1474 2503 1523 2546 te
1562 2491 1794 2559 positutn
1849 2499 2008 2556 atque

443 2590 733 2644 dissertum
776 2597 876 2642 est.
906 2587 1012 2644 Sed
1062 2601 1244 2655 quaeso
1284 2586 1638 2639 reverentiam
1693 2581 1799 2656 [ΑΙ.
1849 2596 2007 2635 ναι-ρ·

443 2679 724 2752 cundiam]
763 2691 932 2746 tuam,
963 2692 1254 2748 parumper
1310 2679 1534 2745 patiaris
1565 2691 1648 2731 me
1695 2686 1846 2729 tuum
1886 2674 2008 2727 lau-

443 2771 575 2824 dare
631 2771 924 2841 ingenium.
982 2766 1089 2822 Nos
1147 2767 1289 2821 enim
1349 2768 1490 2820 inter
1539 2781 1636 2820 uos
1686 2764 2010 2819 eruditionis

443 2875 606 2916 causa
643 2861 985 2914 disserimus.
1011 2859 1275 2912 Craterum
1304 2857 1507 2923 aemuli,
1545 2867 1598 2910 et
1627 2857 1858 2909 maxime
1901 2857 2009 2908 ha:-

442 2953 622 3019 rctiei,
649 2968 767 3007 cum
799 2955 1039 3006 diversas
1088 2951 1226 3003 inter
1273 2965 1368 3003 nos
1419 2948 1716 3003 sententias
1751 2947 2005 3012 viderint,

439 3049 506 3101 de
531 3047 695 3100 animi
743 3044 1216 3098 caiumniabuntur
1251 3055 1471 3096 raucore
1505 3041 1853 3098 descendere.
1878 3039 2006 3092 Mihi

441 3149 622 3193 autent
651 3138 925 3193 decretura
953 3146 1036 3191 est
1066 3146 1118 3190 te
1147 3150 1350 3199 amare,
1384 3136 1668 3203 suSpicere
1699 3131 1808 3204 [ΑΙ.
1831 3132 2003 3185 susci-

439 3229 616 3302 pere],
643 3231 842 3298 colere,
877 3229 1088 3296 mirari,
1119 3236 1318 3297 tuaque
1358 3227 1500 3280 dicta
1549 3224 1704 3295 quasi
1760 3237 1876 3278 mea
1911 3224 2003 3277 de.

443 3325 687 3378 tendere.

514 3414 865 3484 Augustinus.
905 3412 1006 3478 Qui
1040 3411 1250 3465 animas
1285 3424 1347 3465 ex
1383 3425 1486 3463 una
1523 3408 1803 3478 propagari
1856 3422 2004 3462 asse-

443 3513 592 3568 runt,
627 3519 786 3570 quam
824 3505 966 3556 Deus
995 3502 1198 3556 homini
1226 3501 1400 3570 primo
1426 3500 1591 3564 dedit,
1616 3508 1775 3566 atque
1808 3499 1878 3551 ita
1911 3513 2005 3552 eas

443 3613 506 3648 ex
544 3595 860 3664 parentibus
884 3595 1021 3647 trahi
1049 3594 1258 3654 dicunt,
1283 3591 1329 3644 si
1357 3588 1672 3645 Tertulliani
1697 3589 2004 3658 Opinionem

447 3697 766 3760 sequuntur,
799 3686 1038 3754 profecto
1073 3700 1166 3740 eas
1213 3699 1317 3739 nou
1354 3683 1602 3751 spiritus,
1635 3684 1727 3736 sed
1777 3697 2006 3750 corpora

441 3796 562 3836 esse
588 3780 945 3844 eontenduut,
977 3787 1026 3832 et
1059 3777 1392 3845 corpulentis
1425 3774 1725 3829 seminibus
1759 3775 1960 3827 exoriri
1990 3789 2006 3827 :

441 3889 548 3942 quo
581 3873 890 3940 prrversius
918 3871 1046 3939 quid
1087 3878 1263 3938 potest
1294 3867 1439 3921 dici?

519 3966 888 4033 Hieronymus.
943 3962 1044 4028 Qui
1101 3961 1290 4015 dicunt
1361 3959 1508 4028 prius
1569 3959 1778 4012 animas
1841 3958 2008 4014 fuisse

437 4073 599 4125 quam
631 4066 770 4109 nate
805 4065 952 4118 sunt,
985 4063 1038 4107 et
1079 4068 1183 4107 non
1218 4052 1430 4120 corpori
1468 4052 1765 4106 secundum
1819 4065 2006 4104 exem-

438 4151 582 4218 plum
613 4147 774 4219 primi
805 4146 1040 4201 hominis
1075 4158 1104 4198 a
1139 4146 1245 4200 Deo
1274 4143 1516 4213 quotidie
1550 4145 1686 4209 ﬁeri,
1717 4144 2006 4198 anathema

437 4242 566 4294 sint.

506 4333 857 4403 Augustinus.
887 4330 1019 4396 Quis
1045 4339 1199 4399 negat
1222 4344 1325 4383 non
1350 4329 1508 4385 unius
1527 4337 1756 4394 tantum,
1780 4328 1872 4385 sed
1895 4345 2009 4384 om-

2112 1875 2264 1929 cepta
2299 1862 2557 1916 tenaciter
2603 1865 2962 1931 assequendo,
3001 1863 3132 1930 juSti
3188 1865 3446 1926 baaredes,
3473 1862 3566 1916 sed
3625 1871 3680 1916 et

2113 1955 2404 2008 necessarii
2440 1955 2782 2008 inveniemiui
2818 1970 2832 2009 :
2864 1955 2956 2024 qui
2991 1955 3198 2009 Latiali"
3231 1955 3445 2023 eloquio
3475 1955 3682 2020 pollen-

2115 2053 2217 2109 tes,
2246 2043 2666 2113 sapientioribus
2695 2045 3055 2112 praeferamini
3088 2066 3098 2099 :
3132 2053 3186 2098 et
3222 2061 3326 2098 non
3360 2043 3533 2112 magis
3561 2042 3677 2096 stil-

2113 2136 2278 2190 lantis
2308 2135 2553 2205 liquoris,
2586 2137 2723 2190 sicut
2745 2137 3060 2205 prtefatione
3085 2137 3490 2205 comprehendi,
3513 2153 3676 2204 quam

2114 2227 2491 2280 inundantium
2547 2227 2834 2284 fluviorum
2870 2230 3114 2285 ubertate
3147 2230 3330 2300 rigati,
3365 2229 3683 2284 redundetis

2111 2319 2328 2374 ﬂuentis
2367 2329 2698 2374 sanctorum.

2243 2478 2558 2536 MONITUM
2589 2478 2658 2533 ΙΝ
2685 2479 2865 2548 SEQU
2879 2480 3105 2535 ENTEM
3141 2478 3547 2535 EPISTULA“.

2187 2596 2395 2663 Saepius
2428 2597 2525 2649 hoc
2555 2597 2708 2649 titulo
2738 2599 2875 2663 apud
2906 2597 3064 2649 medii
3089 2598 3186 2649 arvi
3217 2606 3540 2650 tractaturos
3575 2595 3678 2648 ho-

2113 2665 2277 2720 ntilin:
2345 2676 2662 2718 occurrunt.
2718 2667 2863 2719 llane
2921 2683 2949 2718 e
3008 2668 3196 2734 primis
3255 2667 3435 2720 Statim
3499 2666 3685 2716 verbis

2113 2735 2354 2801 agnoscit
2392 2734 2635 2787 Oudiuus
2668 2751 2788 2789 esse
2824 2735 3005 2789 Fausti
3040 2736 3360 2804 libegieusis
3413 2734 3678 2801 episcopi,

2112 2806 2202 2869 qui
2236 2808 2335 2858 sub
2371 2805 2588 2858 nomine
2637 2805 2852 2859 Eusebii
2885 2807 3154 2859 Emisseui
3199 2809 3458 2858 hactenus
3495 2805 3678 2856 latuit.

2114 2873 2355 2928 llabetur
2387 2875 2550 2928 etiam
2584 2879 2724 2928 inter
2755 2876 2912 2942 hujus
2946 2877 3196 2929 bomilias
3227 2877 3513 2942 impressa.

2558 3025 2894 3082 EPISTOLA
2928 3025 3218 3093 xxxviii,

2215 3135 2311 3175 ειῖο
2345 3135 2562 3176 HOMlllA
2585 3136 2650 3174 DE
2695 3136 2928 3176 CORPORE
2958 3139 3022 3176 Εἰ·
3049 3136 3303 3176 SANGUINE
3342 3136 3574 3175 CHRISTI.

2181 3233 2221 3287 l.
2243 3232 2553 3302 Magnitudo
2613 3235 2913 3288 caelestium
2970 3234 3350 3288 beneﬁciorum
3394 3232 3688 3302 angustias

2111 3327 2363 3380 humana:
2399 3326 2595 3379 mentis
2622 3326 2834 3381 excedit
2864 3345 2877 3380 :
2911 3336 2963 3380 et
2994 3338 3274 3396 propterea
3305 3327 3578 3380 ordinavit
3609 3327 3687 3379 ita

2111 3419 2292 3472 divina
2347 3417 2706 3486 providentia,
2737 3426 2797 3471 ut
2830 3419 2976 3487 quod
3010 3433 3205 3484 capere
3256 3419 3306 3471 in
3347 3418 3497 3472 nobis
3541 3421 3688 3471 ratio

2112 3523 2289 3562 rerum
2333 3509 2472 3562 mole
2507 3509 2649 3562 victa
2690 3524 2794 3563 non
2831 3517 3062 3579 poterat,
3091 3509 3224 3563 ﬁdes
3251 3510 3448 3562 devota
3496 3514 3692 3562 conci-

2112 3611 2285 3670 peret,
2339 3611 2393 3655 et
2436 3601 2769 3655 intellectum
2816 3600 3113 3655 credulitas
3165 3604 3384 3655 robusta
3422 3603 3685 3655 nutriret.

2111 3693 2245 3746 Cum
2274 3706 2403 3759 ergo
2438 3702 2658 3761 propter
2681 3693 3169 3761 transgressionem
3198 3692 3345 3754 Adae,
3391 3693 3587 3760 origini
3628 3702 3690 3745 et

2113 3783 2270 3835 morti
2298 3791 2608 3837 teneremur
2637 3781 2857 3836 obnoxii
2893 3799 2908 3838 :
2938 3784 3275 3851 prospiciens
3296 3798 3357 3836 ex
3382 3783 3491 3836 alto
3513 3784 3687 3846 Deus,

2109 3891 2176 3929 ex
2208 3890 2314 3944 quo
2362 3891 2603 3931 essemus
2632 3878 2778 3946 gravi
2834 3878 3307 3944 debitores,juxta
3358 3877 3688 3942 qualitatem

2111 3966 2462 4036 captivitatis,
2512 3968 2780 4036 reparavit
2816 3983 3009 4022 munus
3051 3968 3459 4036 redemptionis,
3487 3968 3539 4020 id
3572 3978 3689 4031 est,

2112 4066 2167 4109 ut
2201 4070 2296 4124 pro
2337 4056 2520 4110 debita
2575 4067 2749 4111 morte
2805 4056 3025 4110 otl‘crret
3081 4057 3398 4123 indebitam,
3423 4058 3550 4126 quia
3581 4073 3693 4111 nec

2111 4162 2210 4200 nos
2271 4147 2602 4202 habebamus
2654 4149 2794 4202 unde
2847 4149 3171 4214 viveremus,
3235 4163 3332 4203 nec
3384 4151 3483 4202 istc
3533 4147 3695 4203 unde
3761 4212 3771 4222 ~

2111 4249 2434 4294 moreretur.
2495 4239 2773 4293 Materiam
2842 4253 2974 4310 ergo
3044 4243 3110 4296 de
3175 4249 3360 4295 nostra
3425 4242 3696 4294 mortali-

2113 4338 2224 4384 tate
2286 4331 2545 4398 suscepit,
2613 4339 2672 4384 ut
2731 4331 2797 4385 de
2853 4345 2948 4384 sua
3004 4332 3407 4386 immortalitate
3457 4331 3693 4394 collata,

442 4425 531 4479 nis
561 4426 756 4479 animae
803 4433 1103 4478 creatorem
1153 4421 1526 4488 factorumque
1559 4421 1746 4485 Deum,
1775 4422 1875 4476 nisi
1913 4422 2006 4491 qui
2043 4443 2083 4495 ι)
2118 4421 2252 4474 mori
2284 4421 2456 4488 possit
2513 4422 2623 4474 vita
2688 4436 2788 4490 pro
2861 4422 3114 4475 mortuis.
3174 4421 3240 4474 Et
3296 4423 3418 4492 quia
3484 4438 3700 4491 corpus

443 4516 563 4585 ejus
613 4515 843 4583 eloquiis
897 4513 1237 4582 apertissime
1302 4511 1658 4581 refragatur?
1716 4511 1845 4566 Sine
1903 4512 2008 4565 ulla

443 4610 643 4678 quippe
673 4607 1026 4675 ambiguitate
1058 4620 1153 4673 per
1203 4605 1529 4673 prophetam
1569 4604 1703 4659 dixit
1734 4619 1748 4656 :
1787 4603 2007 4656 Omnem

443 4702 630 4771 [latum
659 4715 750 4768 ego
781 4699 905 4768 feci,
935 4699 1145 4753 animas
1173 4697 1382 4762 scilicet
1413 4693 1636 4765 intelligi
1665 4695 1876 4750 volens.

515 4792 888 4860 Hieronymus.
953 4791 1216 4844 Dominus
1280 4791 1332 4843 in
1394 4787 1732 4856 Evangelio;
1808 4786 2008 4852 Videte,

437 4885 641 4954 inquit,
669 4900 730 4938 ne
787 4884 1132 4936 contemnatis
1181 4899 1343 4935 unum
1388 4899 1450 4936 ex
1480 4883 1560 4935 Itis
1611 4881 1839 4950 pusillis.
1879 4882 2008 4934 Dico

442 4980 580 5032 enim
615 4977 775 5043 vobis,
803 4979 927 5049 quia
952 4977 1125 5046 angeli
1155 4991 1334 5029 eorum
1364 4992 1561 5043 semper
1606 4976 1778 5028 vident
1822 4975 2010 5041 faciem

440 5072 628 5128 Patris
663 5073 764 5126 mei
789 5071 877 5140 qui
905 5071 960 5124 in
992 5072 1132 5124 castis
1166 5078 1240 5124 est
1268 5068 1478 5136 (Matth.
1504 5083 1654 5132 xvtu,
1678 5068 1788 5136 10).
1817 5066 2006 5132 Magna

440 5167 679 5236 dignitas
709 5165 1038 5228 animarum,
1078 5173 1132 5215 ut
1169 5176 1502 5232 unaquaetpte
1546 5161 1739 5214 habent
1771 5159 1839 5212 ab
1883 5170 2003 5212 ortu

436 5260 749 5314 nativitatis
791 5259 844 5311 in
877 5257 1178 5312 Custodiam
1229 5254 1310 5306 sui
1358 5252 1603 5320 angelum
1639 5249 2004 5317 designatum.

445 5351 691 5406 Sufﬁciat
723 5349 877 5404 uobis
903 5356 1200 5403 memorata
1227 5343 1555 5398 credulitas:
1590 5350 1642 5395 et
1677 5349 1858 5394 nostra
1885 5349 2006 5392 tan-

393 5433 398 5438 ’
443 5445 567 5498 dem
611 5441 826 5498 ﬁniatur
865 5441 1059 5493 oratio.
1094 5437 1254 5500 Ecce,
1313 5435 1420 5488 Dco
1456 5432 1688 5497 favente,
1733 5431 1832 5486 feci
1863 5431 2007 5500 quod

440 5536 718 5606 ﬂagitasti,
752 5537 857 5589 imo
890 5533 1030 5602 quod
1086 5531 1276 5596 potui:
1312 5526 1571 5581 rationem
1617 5526 1810 5578 anima:
1855 5525 2002 5593 juxta

437 5625 744 5694 exemplum
776 5624 933 5693 primi
985 5621 1243 5687 hominis,
1283 5628 1335 5672 ct
1369 5617 1590 5671 verbum
1650 5615 1944 5669 Salvatoris
1978 5633 2004 5668 a

443 5717 670 5771 Domino
701 5717 810 5771 Deo
855 5718 1091 5786 quotidie
1122 5714 1234 5769 ficri
1265 5713 1479 5782 jamque
1518 5709 1750 5766 formato
1786 5711 1999 5777 corpori

2126 4524 2468 4582 assumptum
2526 4514 2801 4570 ablaturus
2859 4525 2978 4569 erat
3025 4516 3092 4569 ab
3137 4517 3304 4571 oculis
3358 4517 3586 4582 nostris,
3637 4529 3703 4570 et

2112 4607 2378 4660 sideribus
2427 4605 2695 4670 illaturus,
2726 4608 3090 4661 necessarium
3145 4616 3364 4673 erat,nt
3420 4608 3583 4660 nobis
3633 4609 3696 4660 in

2121 4697 2222 4750 hac
2253 4695 2337 4748 die
2369 4705 2762 4749 sacramentqu
2795 4697 3036 4763 corporis
3060 4705 3112 4752 et
3143 4696 3424 4766 sanguinis
3446 4698 3528 4750 sui
3555 4713 3700 4751 cou-

2119 4798 2381 4849 secraret,
2410 4796 2467 4840 ut
2501 4787 2780 4842 coleretur
2819 4789 2899 4841 vel
2927 4786 3147 4858 jugiter,
3173 4789 3294 4856 jure
3327 4803 3425 4857 per
3476 4801 3672 4858 myste
3696 4822 3709 4831 -

2116 4879 2258 4933 rium
2291 4881 2434 4947 quod
2490 4879 2654 4934 semel
2707 4879 3037 4935 offerebatur
3071 4881 3123 4935 in
3154 4882 3383 4950 pretium
3411 4898 3425 4944 ;
3462 4890 3523 4934 ut
3557 4885 3708 4951 quia

2119 4973 2430 5041 quotidiana
2461 4985 2512 5026 et
2548 4971 2818 5027 indefessa
2851 4973 3111 5029 currebat
3150 4988 3249 5042 pro
3287 4973 3569 5027 hominum
3603 4991 3712 5030 sa-

2117 5066 2231 5120 lute
2264 5065 2582 5134 redemptio,
2615 5075 2872 5136 perpetua
2909 5074 3056 5121 esset
3086 5065 3248 5120 etiam
3292 5067 3711 5134 redemptionis

2116 5159 2339 5223 oblatio,
2369 5167 2422 5212 et
2466 5158 2719 5227 perennis
2750 5157 2837 5210 illa
2870 5158 3086 5212 victima
3129 5158 3335 5212 viveret
3392 5158 3445 5209 in
3477 5173 3713 5213 memo-

2117 5253 2221 5315 ria,
2261 5262 2312 5307 et
2348 5267 2584 5314 praesens
2615 5265 2830 5321 semper
2862 5259 3005 5306 esset
3043 5251 3095 5304 in
3125 5252 3318 5318 gratia.
3353 5248 3492 5304 Vera
3523 5253 3711 5307 unica

2121 5353 2176 5397 et
2211 5343 2450 5412 perfecta
2504 5342 2704 5407 hostia,
2757 5341 2858 5397 ﬁde
2901 5341 3288 5406 existimanda,
3317 5357 3420 5396 non
3450 5344 3654 5409 specie
3693 5362 3713 5398 :

2121 5449 2222 5489 nec
2249 5433 2534 5487 exterioris
2569 5435 2836 5488 censenda
2880 5433 2995 5486 visu
3048 5433 3301 5495 hominis,
3332 5434 3423 5486 sed
3459 5433 3720 5491 interio-

2120 5530 2194 5581 ris
2226 5527 2437 5581 ailectu.
2467 5527 2622 5581 Unde
2655 5526 2849 5580 merito
2901 5525 3135 5579 cmlcstis
3173 5525 3459 5581 confirmat
3489 5539 3716 5583 aucto-

2117 5619 2269 5681 ritas,
2304 5616 2425 5684 Quia
2457 5615 2594 5670 Caro
2627 5632 2737 5669 mea
2773 5633 2887 5670 vere
2909 5626 2983 5670 est
3007 5617 3174 5683 cibus,
3211 5624 3258 5668 ct
3288 5614 3503 5684 sanguis
3533 5630 3718 5675 mella

2117 5724 2228 5761 t'rrc
2261 5716 2332 5758 cst
2372 5721 2522 5773 porus
2549 5708 2722 5775 (lonn.
2765 5722 2833 5772 vi,
2872 5706 2980 5775 56).
