4004 6192
342 240 451 303 231

843 242 1215 304 EPISTOLA
1262 243 1607 308 XXXVIII.
1652 246 1754 307 DE
1793 246 2149 312 CORI‘ORE
2191 248 2285 310 ET
2321 249 2725 313 SANGUINE
2764 252 3097 315 CHRISTI.

3525 254 3631 326 282

429 352 497 410 ll.
532 352 771 408 Recedat
816 369 948 422 ergo
995 368 1160 408 omne
1208 353 1548 410 iniidelitatis
1600 355 1937 425 ambiguum,
1970 371 2013 428 Α
2045 354 2136 411 hic
2168 356 2474 412 benedictio
2501 371 2760 425 operetur
2788 362 2843 416 in
2872 364 3147 419 sensibus.
3188 360 3269 418 Ad
3298 378 3630 433 cognoscen-

349 446 795 515 quandoquidem
830 447 924 515 qui
984 457 1178 502 auctor
1233 458 1318 501 est
1378 448 1644 512 muneris,
1688 448 1804 518 ipse
1846 459 1933 505 est

350 538 515 590 etiam
544 539 700 591 testis
729 537 1000 594 veritatis.
1040 538 1174 592 Nam
1210 539 1444 594 visibilis
1493 542 1774 605 sacerdos,
1804 538 1934 593 visi-

346 626 488 683 biles
513 637 796 683 creaturas
838 630 895 683 in
928 629 1293 686 substantiam
1343 632 1590 700 corporis
1619 642 1673 687 et
1707 633 1932 703 sangui-

349 718 437 773 nis
465 720 572 787 sni,
621 721 790 775 verbo
819 736 921 777 suo
953 732 1165 776 secreta
1217 731 1486 790 potestate
1525 723 1817 787 convertit,
1854 723 1929 777 ita

348 811 537 864 dicens
567 828 584 866 :
618 811 853 882 Accipite
878 821 932 868 et
972 815 1245 879 comedite,
1273 814 1371 868 hoc
1417 825 1492 870 est
1527 822 1713 883 corpus
1756 830 1929 867 meum

348 900 574 969 (Matth.
606 917 757 966 xxvi,
789 904 908 974 26).
937 902 1002 958 Et
1051 906 1484 961 sanctiﬁcatione
1519 908 1743 977 repetita
1780 924 1795 964 :
1828 909 1933 962 Ac-

346 992 530 1061 cipite,
571 994 767 1064 inquit,
787 1006 838 1049 et
872 995 1050 1063 bibite,
1072 997 1159 1050 hic
1209 1007 1289 1051 est
1322 1000 1537 1067 sanguis
1582 1014 1746 1052 meus.
1784 999 1929 1067 Ergo

348 1094 405 1135 ut
437 1084 506 1138 ad
538 1096 726 1139 nutum
753 1088 1119 1155 principientis
1151 1086 1390 1154 Domini,
1417 1101 1636 1157 repente
1664 1105 1729 1142 ex
1757 1090 1928 1143 nihilo

341 1176 711 1231 substiterunt
745 1178 960 1231 excelsa
991 1178 1291 1243 ,‘cmlnruni,
1321 1179 1586 1247 profunda
1638 1178 1923 1245 ﬂuctuum,

344 1276 498 1321 vasta
536 1277 803 1322 terrarum
838 1287 854 1323 :
891 1268 962 1323 ita
999 1284 1185 1338 parem
1239 1272 1534 1340 potentiam
1576 1272 1631 1326 in
1668 1272 1930 1341 spiritua-

346 1357 490 1411 libus
514 1359 879 1414 sacramentis
910 1361 1091 1416 verbis
1125 1361 1328 1431 praebet
1376 1366 1572 1427 virtus,
1607 1375 1658 1417 et
1694 1363 1769 1417 rei
1803 1379 1922 1419 ser-

341 1448 690 1505 vit‘elfectus.
716 1449 925 1516 Quanta
976 1451 1161 1523 itaque
1190 1464 1245 1510 et
1274 1470 1433 1524 quam
1484 1456 1807 1512 celebranda
1842 1458 1927 1515 vis

344 1539 544 1597 divinae
585 1542 982 1599 benedictionis
1039 1555 1347 1614 operetur:
1394 1555 1450 1602 et
1501 1551 1771 1619 quomodo
1826 1551 1922 1606 tibi

342 1644 544 1684 novum
600 1642 655 1685 et
710 1631 1056 1703 impossibile
1089 1637 1266 1693 videri
1302 1656 1407 1694 non
1438 1639 1659 1707 debeat,
1691 1643 1836 1712 quod
1869 1645 1921 1700 in

2042 447 2170 500 dum
2197 458 2250 500 et
2277 449 2682 518 percipiendum
2716 453 3043 509 sacrificium
3068 454 3187 509 veri
3212 456 3480 512 Dontinici
3499 473 3623 514 eor-

2041 541 2211 607 poris,
2251 540 2365 610 ipsa
2426 551 2477 596 te
2533 545 2758 599 roborct
2819 546 3060 615 potentia
3098 549 3517 619 consecratoris,
3566 560 3627 606 et

2039 631 2133 699 qui
2165 638 2299 686 tunc
2327 631 2487 687 latuit
2512 636 2891 704 praeﬁguralus
2918 638 2973 693 in
2999 653 3222 707 manna,
3245 641 3320 697 sit
3350 640 3449 697 tibi
3479 657 3630 700 nunc

2038 721 2419 779 manilestatus
2455 724 2507 779 in
2540 730 2739 796 gratia.

2108 813 2173 868 ν.
2205 814 2384 882 Ipsum
2420 826 2602 872 autem
2641 818 2814 875 fuisse
2862 820 2915 875 in
2962 836 3176 877 manna:
3231 822 3381 880 illius
3439 825 3629 896 specie

2039 911 2462 981 praaliguratum,
2499 912 2663 967 etiam
2708 913 2979 985 Pmpheta
3022 918 3309 973 evidenter
3355 921 3623 987 ostendit,

2037 1003 2226 1056 dicens
2266 1016 2282 1056 :
2318 1000 2519 1055 Panem
2562 1004 2678 1057 caeli
2708 1006 2854 1059 dedit
2883 1008 2958 1060 eis
3012 1022 3032 1060 :
3078 1023 3267 1077 panem
3316 1008 3624 1077 angelorum

2037 1087 3126 1163 manducauitImmo(Psal.Lxxvu,25).
3175 1097 3241 1149 Et
3267 1098 3410 1165 tquis
3463 1098 3623 1167 panis

2035 1190 2122 1236 est
2143 1182 2461 1252 angelorum
2488 1185 2592 1238 nisi
2618 1185 2888 1247 Christus,
2917 1188 3013 1257 qui
3044 1189 3167 1242 cibo
3194 1203 3308 1243 suae
3333 1188 3622 1245 charitatis

2035 1280 2090 1325 et
2118 1271 2323 1326 lumine
2341 1272 2609 1328 claritatis
2638 1289 2738 1330 nos
2773 1277 2980 1331 satiat?
3007 1277 3071 1332 Et
3100 1282 3246 1333 hunc
3277 1280 3370 1333 dat
3395 1294 3615 1348 panem,

2036 1362 2253 1419 dicente
2288 1365 2559 1434 Propheta
2591 1383 2609 1424 :
2639 1367 2806 1423 Sexta
2832 1372 2918 1424 die
2942 1372 3158 1441 duplum
3181 1374 3396 1444 colliges
3415 1374 3617 1442 (Exod.

2036 1470 2147 1519 xvt,
2182 1454 2261 1525 5).
2300 1456 2439 1511 Dum
2479 1458 2831 1530 eninipriino
2878 1475 2908 1514 a
2948 1460 3227 1517 Dontinica
3272 1464 3359 1519 die
3403 1464 3455 1519 in
3501 1467 3617 1534 lege

2038 1546 2318 1611 tribuitur,
2343 1556 2398 1602 et
2427 1548 2483 1602 in
2513 1550 2630 1605 solo
2652 1550 2883 1606 sabbato
2912 1551 3215 1621 denegatur
3264 1571 3282 1610 :
3321 1554 3434 1623 jam
3486 1565 3617 1611 tunc

2033 1622 2281 1693 ChriStus
2311 1638 2383 1692 ab
2409 1637 2672 1707 Ecclesia,
2708 1642 2793 1696 cui
2828 1643 3165 1697 Dominicutn
3190 1622 3616 1702 resurrectionis

342 1720 547 1777 Citriin
579 1722 943 1779 substantiam
979 1735 1193 1782 terrena
1226 1737 1282 1782 et
1306 1729 1554 1784 mortalia
1579 1741 1923 1787 commutan-
1957 1750 2001 1813 Β
2033 1727 2176 1782 diem
2214 1731 2579 1796 consecratil.
2611 1733 2962 1801 ΐθοὶβὶεῐιόυε
2983 1734 3332 1794 ostenditur:
3362 1744 3417 1789 et
3445 1749 3613 1806 syna-
3676 1724 3691 1739 ’

346 1823 470 1870 tur:
512 1815 770 1881 teipsum,
801 1816 893 1886 qui
932 1816 1047 1887 jam
1083 1819 1137 1875 in
1186 1819 1406 1877 Christo
1434 1834 1493 1875 es
1544 1833 1921 1893 regeneratus,

344 1907 643 1979 interroga.

412 1997 504 2056 ΙΙΙ.
552 2001 765 2057 Dudum
801 2002 1015 2058 alienus
1047 2018 1078 2057 a
1117 2003 1249 2070 vita,
1283 2006 1605 2075 peregrinus
1642 2020 1672 2061 a
1710 2008 1923 2064 miseri-

342 2092 550 2157 cordia,
589 2107 622 2148 a
651 2095 844 2151 salutis
879 2096 988 2163 via,
1015 2095 1351 2152 intrinsecus
1405 2107 1648 2155 mortuus
1704 2101 1921 2156 exsula-

341 2185 439 2240 bas
467 2199 485 2242 ς
512 2186 693 2242 subito
725 2187 972 2243 initiatus
1002 2187 1206 2244 Christi
1254 2189 1484 2261 legibus,
1505 2200 1563 2245 et
1588 2191 1922 2250 salutaribus

342 2279 624 2345 mysteriis
678 2279 993 2345 innovatus,
1043 2280 1097 2334 in
1149 2294 1347 2348 corpus
1385 2280 1639 2337 Ecclesia:
1676 2298 1782 2336 non
1835 2282 1915 2336 vi-

341 2367 546 2434 dendo,
579 2370 672 2424 sed
703 2371 976 2425 credendo
1006 2371 1254 2427 transisti
1286 2388 1301 2425 :
1335 2383 1392 2427 et
1421 2375 1488 2427 de
1514 2372 1628 2427 lilio
1658 2375 1924 2443 perditio-

342 2463 450 2527 nis,
474 2464 764 2533 adoptivus
788 2464 881 2521 Dei
902 2465 1019 2520 lieri
1046 2467 1266 2522 occulta
1291 2468 1531 2538 puritate
1562 2469 1837 2534 meruisti,
1865 2472 1918 2525 in

344 2568 596 2609 mensura
628 2554 830 2610 visibili
863 2571 1214 2625 permanens,
1242 2557 1419 2627 major
1444 2557 1622 2613 factus
1646 2574 1707 2614 es
1740 2561 1922 2631 teipse

341 2646 633 2702 visibilitcr
661 2648 780 2703 sine
813 2649 1136 2718 quantitatis
1180 2659 1496 2720 augmento,
1525 2666 1651 2705 cum
1687 2653 1803 2721 ipse
1833 2664 1921 2707 at-

342 2752 446 2807 que
472 2738 615 2793 idem
645 2753 817 2806 esses,
845 2741 1016 2795 multo
1040 2740 1200 2797 aliter
1227 2741 1349 2796 lldei
1377 2743 1730 2812 processibtrs
1754 2746 1921 2800 exsu-

343 2829 475 2884 tisti.
506 2828 567 2883 lu
614 2833 887 2887 exteriore
931 2833 1069 2888 nihil
1125 2834 1371 2889 additum
1421 2845 1626 2891 est:et
1654 2844 1825 2891 totum
1866 2838 1917 2891 in

339 2920 603 2975 interiore
635 2931 903 2978 mutatum
937 2933 1042 2993 est,
1074 2939 1140 2980 ac
1168 2926 1250 2981 sic
1281 2927 1445 2982 homo
1489 2928 1691 2983 Clit-isti
1750 2929 1920 2984 Filius

338 3012 586 3082 eﬂectus,
631 3024 687 3070 et
739 3014 989 3072 ChrSstus
1048 3019 1105 3072 in
1143 3018 1384 3074 hominis
1429 3030 1611 3075 mente
1653 3021 1919 3077 formatus

2032 1834 2205 1889 gogaz,
2233 1821 2300 1874 ad
2333 1837 2495 1891 quam
2520 1823 2704 1878 cultus
2728 1823 2951 1879 Sabbati
2973 1824 3303 1895 pertinebat,
3333 1825 3613 1895 negandus

2023 1926 2148 1966 esse
2205 1915 2518 1982 praecipitur
2576 1931 2593 1970 :
2648 1917 2775 1971 dum
2836 1918 2954 1972 dies
3010 1919 3103 1986 qui
3174 1927 3259 1973 est
3320 1921 3612 1988 septimus.

2023 2003 2271 2059 caelestis
2299 2009 2457 2076 panis
2487 2007 2690 2063 fraude
2720 2009 3037 2074 mnlctatur,
3063 2010 3129 2063 de
3158 2024 3269 2080 quo
3285 2026 3422 2081 pane
3454 2019 3612 2065 vetus

2026 2104 2216 2150 narrat
2246 2098 2470 2154 historia
2497 2117 2514 2159 :
2548 2100 2661 2155 Nec
2696 2102 2787 2170 qui
2812 2100 2932 2169 plus
2965 2101 3247 2171 collegerat
3278 2103 3463 2157 habuit
3490 2118 3609 2155 am-

2023 2189 2161 2260 plius
2193 2205 2214 2243 :
2247 2207 2339 2245 nec
2375 2194 2468 2263 qui
2496 2193 2672 2247 minus
2698 2202 2999 2261 paraverat,
3022 2195 3215 2261 reperit
3244 2196 3415 2248 minus
3445 2195 3609 2267 (Ibid.

2024 2275 2152 2346 18);
2184 2291 2250 2332 eo
2271 2280 2415 2349 quod
2450 2277 2812 2335 Eucharistize
2849 2281 3126 2349 perceptio
3154 2297 3261 2338 non
3296 2283 3350 2336 in
3391 2287 3610 2352 quanti-

2023 2380 2156 2435 tate,
2181 2372 2277 2425 sed
2311 2371 2365 2424 in
2393 2372 2596 2428 virtute
2623 2374 2889 2428 consistat
2921 2391 2937 2428 :
2969 2377 3111 2443 quod
3142 2390 3341 2444 corpus
3369 2375 3608 2439 Domini,

2023 2464 2309 2518 sacerdote
2334 2463 2708 2535 dispensante,
2732 2474 2945 2519 tantum
2973 2479 3055 2520 est
3094 2467 3311 2537 exiguo,
3342 2478 3607 2536 quantum

2022 2567 2145 2609 esse
2178 2564 2393 2610 constat
2431 2557 2483 2611 in
2529 2566 2663 2613 toto.
2704 2557 2860 2624 Quod
2902 2574 3022 2613 cum
3062 2559 3310 2614 Eet‘lesia
3366 2560 3608 2616 ﬁdelium

2022 2646 2191 2701 sumit
2225 2664 2239 2700 :
2267 2648 2405 2702 sicut
2428 2647 2716 2718 plenumin
2745 2650 3047 2715 universis,
3081 2651 3154 2706 ita
3190 2653 3459 2722 intcgrqu
3484 2668 3612 2711 esse

2022 2738 2283 2806 probatur
2316 2739 2368 2793 in
2401 2734 2653 2809 singulis.
2689 2740 2766 2794 De
2800 2757 2910 2811 quo
2942 2756 3109 2796 sensu
3138 2744 3444 2812 apostolica
3477 2759 3608 2801 sen-

2024 2830 2190 2882 tentia
2230 2830 2472 2882 derivata
2523 2840 2610 2884 est
2652 2831 2888 2888 dicens:
2937 2831 3041 2894 Qui
3081 2831 3251 2886 multa
3306 2833 3458 2887 habet
3503 2850 3612 2888 non

2022 2920 2329 2986 abundavit,
2351 2932 2401 2974 et
2428 2922 2520 2992 qui
2541 2924 2806 2976 modicum
2835 2924 3014 2986 habet,
3049 2941 3157 2977 non
3200 2926 3482 2980 minorabit
3525 2925 3612 2996 (II

2022 3010 2149 3069 Cor.
2185 3027 2306 3079 vin,
2335 3013 2448 3083 l5).
2482 3015 2599 3069 Non
2632 3018 2777 3069 enim
2820 3016 2885 3069 dc
2917 3018 3190 3070 communi
3247 3033 3385 3087 pane
3432 3018 3608 3086 accipi

337 3116 440 3160 est.
468 3106 623 3161 Sicut
649 3123 780 3176 ergo
809 3109 930 3165 sine
974 3112 1244 3203 egi-parati
1276 3126 1460 3168 sensu.
1494 3114 1767 3182 praeterita
1795 3116 1917 3168 vili-
1945 3086 1992 3150 ο
2024 3106 2227 3161 dictum
2264 3116 2467 3177 potest.
2497 3123 2660 3177 quem
2702 3108 2749 3162 si
2782 3109 2925 3162 forte
2962 3111 3335 3164 esurientibus
3366 3125 3608 3181 appone-

336 3204 448 3254 tate
474 3201 745 3269 deposita,
781 3202 963 3257 subito
992 3201 1133 3259 nova
1170 3204 1396 3260 indutus
1430 3218 1491 3261 es
1521 3206 1829 3277 dignitate:
1864 3220 1919 3262 ct

338 3292 479 3349 sicut
501 3293 624 3350 haec
661 3285 783 3365 quae
814 3296 869 3350 in
902 3305 956 3352 te
999 3297 1141 3354 Deus
1186 3298 1313 3353 laesa
1341 3301 1577 3367 curavit,
1602 3298 1802 3355 infecta
1831 3300 1918 3355 di-

336 3383 452 3448 luit,
482 3386 759 3442 maculata
789 3386 1039 3455 detersit,
1070 3403 1181 3445 non
1218 3398 1349 3445 sunt
1384 3390 1577 3457 oculis,
1603 3405 1704 3445 nec
1736 3392 1918 3446 sensi-

336 3476 436 3532 bus
474 3478 586 3532 tuis
622 3478 827 3534 credita
863 3494 879 3534 :
909 3480 983 3534 ita
1010 3494 1134 3535 cum
1171 3480 1471 3536 reverendo
1491 3480 1654 3535 altari
1683 3481 1919 3536 ctelesti-

339 3567 437 3625 bus
459 3569 602 3625 cibis
632 3570 911 3625 satiandns
949 3570 1187 3637 accedis,
1214 3585 1431 3626 sacrum
1471 3568 1567 3626 Dei
1600 3570 1677 3626 tui
1717 3584 1918 3641 corpus

335 3672 387 3715 et
415 3663 737 3730 sanguinem
783 3660 1015 3731 respice,
1042 3662 1276 3730 honora,
1304 3663 1529 3731 mirare,
1566 3672 1750 3719 mente
1782 3677 1916 3719 con-

336 3754 502 3824 tinge,
526 3754 709 3810 cordis
736 3770 901 3809 manu
924 3755 1138 3826 suscipe
1163 3770 1180 3812 :
1205 3764 1262 3813 et
1282 3756 1522 3813 maxime
1549 3756 1746 3814 haustu
1777 3755 1917 3812 inte-

333 3842 462 3897 riori
491 3857 739 3900 assume.

400 3939 493 3995 ιν.
526 3941 685 4007 Quod
736 3943 781 3996 si
824 3941 970 3997 illius
1002 3942 1205 3998 veteris
1250 3941 1386 4012 legis
1440 3956 1657 4011 manna,
1695 3943 1765 4001 de
1804 3958 1915 4015 quo

332 4033 572 4105 legitur:
612 4033 758 4089 Pluit
797 4039 873 4090 eis
906 4051 1102 4091 manna
1151 4047 1208 4091 ut
1239 4036 1449 4092 ederent
1482 4035 1658 4108 (Psal.
1700 4052 1912 4105 Lxxvil,

329 4126 442 4197 2i),
475 4128 581 4183 hoc
615 4130 904 4198 unicuique
937 4129 1191 4200 sapiebat
1218 4128 1363 4199 quod
1389 4131 1676 4186 desideriis
1704 4146 1913 4187 concu-

333 4221 509 4288 pierat
538 4235 554 4276 ;
581 4219 837 4289 aliudque
871 4230 992 4274 erat
1037 4218 1183 4290 quod
1230 4218 1568 4284 sumebatur,
1593 4216 1741 4274 aliud
1766 4221 1913 4288 quod

334 4312 619 4365 videbatur
643 4326 659 4369 :
686 4311 1138 4382 invisibiliterque
1167 4325 1332 4381 sapor
1363 4310 1451 4367 ille
1482 4311 1537 4366 in
1572 4311 1911 4381 singulorum

2022 3212 2228 3265 remus,
2267 3216 2372 3253 non
2410 3215 2477 3253 ex
2507 3210 2623 3253 toto
2668 3201 2979 3269 perveniret
3032 3200 3099 3256 ad
3154 3202 3439 3270 singulos;
3483 3202 3607 3271 quia

2020 3292 2389 3362 particulatim
2423 3299 2477 3346 et
2513 3293 2824 3346 minutatim
2861 3307 2963 3361 pro
2994 3293 3252 3362 portione
3309 3308 3407 3347 sua
3435 3309 3605 3349 unus-

2020 3381 2257 3453 quisque
2286 3393 2665 3452 praesumeret.
2695 3382 2769 3439 De
2798 3382 2903 3439 hoc
2936 3398 3068 3440 vero
3105 3396 3247 3454 pane
3271 3399 3397 3439 eum
3447 3398 3606 3438 assu-

2021 3473 2212 3540 mitur,
2242 3473 2376 3529 nihil
2410 3475 2592 3529 minns
2623 3474 2827 3531 habent
2861 3475 3060 3545 singuli
3099 3490 3265 3545 quam
3324 3476 3608 3545 universi;

2022 3577 2194 3622 totum
2226 3583 2388 3634 unus,
2420 3578 2592 3624 totum
2621 3571 2751 3637 duo,
2777 3580 2955 3626 totum
2990 3571 3178 3640 plures
3210 3572 3331 3626 sine
3362 3571 3606 3624 diminu-

2020 3661 2170 3715 tione
2207 3661 2518 3730 accipiunt;
2551 3664 2679 3732 quia
2710 3662 3022 3717 benedictio
3062 3661 3228 3732 hujus
3270 3664 3607 3717 sacramenti

2018 3753 2122 3809 scit
2160 3753 2435 3820 distribui,
2477 3767 2579 3808 nec
2607 3755 2715 3809 scit
2743 3754 3129 3809 distributione
3163 3755 3435 3808 consumi.

2089 3845 2181 3900 Vl.
2217 3845 2563 3902 Sacratnenti
2604 3848 2789 3915 itaque
2830 3846 2992 3915 hujus
3038 3847 3291 3912 formam,
3340 3848 3506 3900 etiam
3548 3846 3605 3901 in

2016 3935 2327 3994 Iudaeorum
2377 3939 2589 4008 paginis
2631 3939 2878 3993 videmus
2929 3952 3241 4008 expressam
3297 3955 3313 3992 :
3359 3953 3485 3992 nam
3539 3940 3610 3993 de

2017 4030 2376 4089 Melchisedec
2410 4032 2460 4084 itt
2494 4030 2692 4086 Genesi
2725 4030 2953 4100 legimus
2985 4047 2999 4083 :
3041 4028 3106 4082 Et
3139 4028 3479 4083 Melchisedec
3512 4045 3605 4083 rex

2017 4124 2196 4181 Solem
2225 4123 2415 4179 obtulit
2446 4140 2634 4194 partem
2661 4134 2708 4179 et
2744 4127 2948 4188 vinum,
2983 4134 3032 4177 et
3067 4124 3331 4178 benedixit
3352 4124 3602 4177 Abi-alue.

2016 4215 2147 4272 Fuit
2198 4230 2375 4273 autem
2415 4218 2663 4273 sacerdos
2708 4216 2805 4271 Dei
2859 4214 3114 4271 altissimi
3166 4214 3324 4285 (Ceu.
3376 4231 3486 4280 xw,
3538 4218 3607 4269 18

2016 4311 2225 4382 εοᾳᾳ.);
2259 4311 2497 4380 dumque
2522 4324 2553 4363 a
2596 4306 2887 4380 praeputio,
2917 4307 2968 4363 id
3007 4318 3115 4371 est,
3159 4322 3188 4360 a
3239 4306 3450 4377 gentili,
3493 4307 3602 4361 cir.

334 4405 588 4459 sensibus
640 4403 983 4459 iormabatur
1014 4418 1033 4459 :
1069 4402 1115 4457 si
1173 4418 1305 4474 ergo
1351 4403 1482 4459 illud
1527 4404 1727 4459 veteris
1776 4405 1911 4474 legis
1940 4419 1991 4481 ι)
2015 4403 2282 4458 eumcisio
2303 4403 2487 4458 futura
2514 4403 2883 4469 benedicitur,
2916 4401 3178 4457 Ecclesia:
3198 4401 3374 4470 gloria
3409 4400 3604 4469 prmiti—

335 4513 557 4560 manna,
575 4498 794 4554 emtitus
816 4497 1064 4568 elapsum
1094 4512 1190 4569 per
1221 4495 1571 4552 multimodas
1593 4498 1910 4559 suavitates,

332 4600 537 4642 natura:
583 4603 694 4644 sua:
746 4587 997 4643 meritum
1027 4595 1082 4644 et
1110 4586 1327 4657 generis
1362 4586 1445 4640 sui
1493 4585 1795 4641 excedebat
1827 4585 1911 4640 in-

334 4682 639 4736 tuitum:et
672 4679 720 4734 si
752 4687 1061 4735 creaturam
1108 4691 1261 4733 suam
1302 4677 1637 4745 diSpensatio
1683 4669 1909 4748 largito-

334 4773 409 4827 ris
466 4769 759 4840 tnultiplici
799 4769 1119 4825 diversitate
1177 4769 1518 4837 condiderat,
1551 4776 1612 4824 ut
1645 4772 1910 4839 praeberet

332 4874 546 4933 gustus.
579 4865 722 4934 quod
761 4864 1044 4936 ignorabat
1097 4871 1351 4932 aspectus
1382 4879 1396 4916 :
1431 4863 1557 4931 quia
1583 4862 1738 4932 juxta
1764 4862 1909 4916 reci-

328 4959 531 5027 pientis
561 4958 915 5023 desiderium,
955 4971 1095 5013 escae
1131 4956 1277 5011 illius
1325 4955 1546 5012 novitas
1573 4966 1629 5011 et
1675 4955 1911 5025 dignitas

330 5050 707 5106 nascebatur:
754 5063 1195 5121 unumquemque
1243 5049 1385 5104 enim
1430 5045 1594 5102 variis
1625 5055 1680 5101 et
1714 5045 1911 5102 alienis

326 5145 619 5212 saporibus
676 5142 959 5199 reﬁciebat
992 5140 1309 5197 mellilluum
1373 5139 1571 5211 pluviae
1628 5138 1775 5193 illius
1812 5139 1912 5191 do-

330 5252 483 5301 num,
514 5247 575 5292 et
627 5235 911 5306 multiplex
948 5234 1080 5292 sicci
1132 5234 1329 5290 imbris
1386 5231 1711 5302 obsequium
1743 5246 1758 5284 :
1789 5245 1909 5301 quae

328 5344 452 5382 cum
476 5329 552 5383 ita
585 5329 717 5393 sint,
753 5327 899 5397 quod
934 5328 1045 5383 illic
1082 5327 1316 5381 aviditas
1352 5325 1613 5393 iaciebat,
1644 5326 1732 5380 hic
1775 5326 1911 5380 lides

332 5420 495 5475 lactat
516 5435 536 5476 ι
558 5429 612 5472 et
641 5421 782 5475 sicut
806 5421 858 5475 in
880 5434 1110 5487 corpore
1130 5421 1287 5476 cibus
1310 5418 1583 5489 sapiebat,
1614 5419 1664 5471 in
1692 5430 1913 5487 pectore

326 5510 471 5565 Deus
516 5511 841 5567 credulitate
893 5510 1140 5582 proﬁciat
1168 5528 1183 5566 :
1215 5511 1359 5566 sicut
1389 5509 1661 5578 legimus:
1690 5509 1910 5563 Accedet

329 5601 487 5656 homo
513 5601 586 5655 ad
606 5618 697 5657 cor
726 5603 916 5670 altum,
943 5612 991 5657 et
1021 5603 1353 5658 excitabitur
1380 5601 1523 5656 Deus
1548 5599 1722 5672 (Paul.
1755 5617 1907 5666 uin,

328 5696 407 5765 7).
434 5694 560 5753 ideo
589 5697 733 5767 quod
768 5697 842 5753 ibi
874 5698 1165 5755 delectatio
1218 5696 1496 5754 obtinebat
1526 5696 1576 5750 in
1634 5696 1904 5759 faucibus,

2023 4504 2182 4551 catur
2213 4511 2228 4551 :
2262 4504 2315 4551 et
2335 4510 2622 4567 synagogas
2649 4495 2853 4549 inﬁdeli
2880 4496 3114 4565 papulas
3142 4508 3210 4548 ex
3238 4493 3493 4563 gentibus
3517 4508 3607 4545 ac-

2015 4590 2256 4661 quisitus
2281 4593 2633 4659 praeponitur.
2659 4585 2833 4654 Hujus
2857 4600 2988 4655 ergo
3017 4584 3378 4639 Melcltlsedee
3409 4596 3608 4651 genea-

2014 4682 2157 4752 logia
2193 4683 2280 4736 vel
2305 4682 2461 4751 origo
2491 4681 2740 4735 notitiam
2771 4680 2916 4734 illius
2958 4676 3221 4748 temporis
3274 4677 3431 4729 latuit
3486 4690 3500 4727 :
3551 4683 3605 4726 et

2014 4775 2291 4829 oblatione
2312 4775 2471 4843 panis
2500 4782 2556 4827 et
2581 4773 2716 4835 vini,
2750 4770 2857 4825 hoc
2894 4770 3096 4824 Christi
3116 4766 3445 4824 sacrilicium
3471 4780 3606 4835 prae-

2013 4866 2291 4937 ﬁguravit,
2309 4867 2375 4921 de
2398 4881 2506 4934 quo
2531 4865 2795 4936 prephcta
2815 4864 3133 4934 pronuntiat
3162 4880 3178 4917 :
3214 4862 3292 4916 Tu
3326 4878 3378 4916 es
3412 4859 3607 4916 Sacer-

2015 4960 2110 5014 dos
2126 4960 2180 5013 in
2212 4967 2470 5014 (sternunt
2488 4963 2778 5013 secundum
2802 4955 3039 5011 ordinem
3058 4953 3397 5010 Mclcbisedec
3424 4952 3602 5022 (l’sal.

2011 5064 2122 5117 (ιιι,
2153 5052 2234 5117 4).

2085 5139 2201 5197 Vll.
2235 5139 2367 5195 Nam
2393 5152 2448 5196 ct
2487 5142 2702 5213 Moyses
2733 5140 2802 5196 de
2834 5155 2899 5196 eo
2937 5139 3197 5211 mysterio
3230 5142 3479 5208 loquens,
3514 5141 3600 5194 vi-

2014 5252 2145 5291 num
2174 5246 2231 5292 et
2253 5238 2580 5309 sanguinem
2614 5238 2714 5294 sub
2748 5252 2857 5293 una
2890 5236 3259 5307 appellatione
3282 5236 3553 5303 signiticat
3582 5251 3596 5287 :

2014 5335 2072 5380 et
2101 5326 2154 5381 in
2188 5326 2575 5382 benedictione
2606 5327 2934 5397 patriarchae
2985 5325 3323 5379 Dotninicam
3376 5324 3600 5392 passio-

2016 5433 2140 5472 nem
2168 5418 2339 5474 multo
2373 5419 2607 5487 amplius
2631 5422 2992 5483 demonsu-at,
3064 5416 3138 5470 ita
3164 5416 3415 5486 inquiens
3447 5435 3459 5470 :
3496 5414 3603 5468 La-

2016 5513 2155 5566 uabit
2177 5514 2233 5565 in
2254 5514 2371 5566 vino
2388 5511 2578 5566 stolam
2595 5528 2770 5575 suam,
2796 5519 2846 5565 et
2876 5512 2930 5564 in
2951 5510 3209 5579 sanguine
3243 5523 3354 5561 uta:
3379 5506 3601 5576 pallium

2017 5620 2172 5659 suum
2201 5603 2357 5674 (Gen.
2396 5606 2597 5671 xuxyl
2617 5605 2684 5674 Ι).
2711 5604 2949 5658 Advorte
2980 5617 3139 5672 quam
3164 5603 3447 5657 evidenter
3475 5614 3607 5650 con-

2018 5706 2145 5760 stat,
2188 5698 2294 5750 \‘llti
2338 5706 2671 5763 creaturam,
2710 5694 2913 5751 Christi
2950 5694 3271 5765 sanguinem
3323 5706 3605 5755 nuneupa-
