4004 6192
368 283 474 347 283

1310 279 1372 339 s.
1413 277 1857 338 IIIERONYMI
1901 278 2224 339 OPERUM
2268 265 2669 338 MANTISSA.

3515 271 3625 337 284

376 410 506 451 tam.
541 394 607 450 Et
633 394 762 465 quid
787 394 967 450 adhuc
995 394 1061 450 de
1091 395 1193 450 hac
1228 394 1428 464 duplici
1461 395 1640 463 specie
1669 395 1948 460 inquirere
1977 403 2019 456 Α
2050 392 2266 461 signare
2289 391 2638 460 populorum.
2663 390 2813 447 Sicut
2839 389 2982 444 enim
3006 388 3334 444 frumentum
3355 389 3495 454 quod
3516 389 3624 439 sola

375 487 591 552 debeas,
619 486 736 555 ipso
761 487 990 540 Domino
1013 495 1328 550 attestante,
1357 502 1622 556 cognosce
1648 503 1660 538 :
1692 486 1833 548 Nisi,
1861 488 1943 538 in-

375 579 511 644 quit,
547 576 989 629 manducaueritis
1014 591 1223 630 carnem
1241 577 1341 643 ﬁlii
1367 577 1674 637 hominis,et
1713 577 1946 630 biberitis

375 667 488 732 ejus
515 667 845 734 sanguinem,
881 681 981 716 non
1011 665 1264 719 habebitis
1295 668 1459 720 vitam
1495 667 1547 717 in
1582 667 1720 718 vobis
1761 665 1943 735 (Joau.

379 772 452 818 γι,
482 755 593 824 53).
631 755 784 821 Quod
818 757 1189 810 testitttOninnt
1227 770 1416 811 contra
1453 758 1654 826 Pelagii
1698 759 1948 827 blaSphe-

379 847 515 900 mias
549 846 1024 901 evidentissimum
1067 859 1232 915 atqtte
1271 849 1670 904 validissimum
1706 863 1806 914 est,
1857 852 1947 918 qui

379 951 625 1007 asserere
657 949 874 1005 arrepta
909 937 1184 1006 impietate
1218 941 1520 1004 praemittit,
1575 955 1679 993 non
1730 952 1952 1010 prepter

378 1027 566 1088 vitam,
610 1029 699 1079 sed
737 1036 955 1095 propter
1006 1043 1228 1097 regnum
1283 1030 1567 1090 cmlornm,
1629 1033 1948 1099 baptismum

379 1116 616 1180 parvulis
658 1114 1067 1169 conferendum.
1107 1115 1220 1170 Sub
1269 1119 1351 1170 his
1412 1124 1553 1171 enim
1610 1119 1702 1173 Dvi
1751 1122 1950 1185 verbis,

377 1205 574 1268 quibus
601 1203 945 1272 Evangelista
970 1207 1288 1273 pronuntiat
1317 1224 1330 1258 :
1358 1204 1481 1268 Non
1506 1206 1758 1260 habebitis
1790 1207 1951 1259 vitam

377 1296 432 1347 in
489 1295 628 1348 vobis
685 1312 704 1350 :
751 1310 936 1364 aperte
985 1297 1391 1366 intelligendum
1449 1307 1550 1363 cst,
1600 1301 1742 1368 quod
1775 1304 1953 1354 omnis

376 1385 552 1438 anima
601 1401 827 1442 munere
868 1388 1127 1456 baptismi
1177 1402 1366 1452 vacua,
1412 1403 1519 1443 non
1563 1391 1734 1443 solum
1778 1394 1949 1461 gloria

377 1485 587 1540 careat,
633 1478 726 1530 sed
757 1487 811 1531 et
845 1480 976 1532 vita.

451 1565 588 1621 VIII.
624 1567 737 1622 Hoc
764 1569 948 1637 itaque
981 1567 1250 1624 Dominici
1289 1573 1569 1642 sanguinis
1598 1573 1781 1626 vinum
1812 1588 1950 1643 aqua

377 1676 501 1718 esse
527 1664 886 1730 miscendum,
917 1682 1021 1719 non
1054 1666 1229 1720 solum
1257 1668 1567 1730 traditione,
1596 1669 1687 1720 sed
1723 1668 1840 1735 ipso
1861 1683 1954 1736 ge-

2049 484 2328 552 purgantis
2356 484 2716 537 sollicitudine
2747 483 2814 536 ad
2851 483 3134 536 candidam
3179 480 3411 550 Speciem
3456 481 3628 534 mola-

2049 589 2166 628 rmn
2202 573 2383 628 labore
2417 573 2721 642 perﬁcitur,
2751 589 2814 625 ac
2864 589 2960 642 per
3005 588 3198 640 aquam
3259 581 3311 623 et
3350 572 3527 640 ignem
3575 573 3627 624 in

2048 667 2208 719 unius
2235 666 2390 734 panis
2415 666 2717 728 substantia
2753 672 3116 732 congregatur
3143 680 3156 717 :
3197 665 3275 718 sic
3307 666 3467 715 vari:e
3503 679 3630 731 gen-

2052 767 2150 817 tes.
2171 757 2512 824 diversaeque
2540 757 2811 816 nationes,
2832 756 2884 806 in
2917 771 3079 808 unam
3107 753 3266 808 ﬁdem
3297 756 3635 807 convenien-

2047 851 2152 909 tes,
2179 859 2344 896 unum
2362 843 2430 897 de
2447 859 2505 897 se
2532 843 2735 896 Christi
2763 858 2960 910 corpus
2977 841 3214 895 elliciunt
3245 857 3259 894 ;
3286 851 3334 896 et
3369 840 3634 895 Christia-

2053 950 2154 986 nus
2184 935 2432 1002 populus,
2477 933 2628 999 quasi
2665 932 2829 986 tritici
2887 947 3055 1001 grana
3107 932 3525 984 innumerabilia
3576 934 3630 982 in

2053 1026 2332 1094 sacrilegis
2357 1025 2670 1076 nationibus
2695 1024 2794 1076 ﬁde
2814 1035 3039 1091 purgata
3063 1031 3224 1089 atque
3243 1022 3500 1083 crihrata,
3533 1022 3636 1074 dis-

2053 1118 2316 1170 cernitur.
2342 1113 2405 1167 Et
2423 1116 2474 1166 iit
2508 1130 2695 1178 unum,
2715 1115 2868 1180 quasi
2892 1113 3186 1166 inﬁdeliutn
3209 1113 3334 1166 lolio
3355 1123 3632 1179 pertrans-

2055 1216 2240 1268 cunte,
2261 1205 2537 1272 colligitur
2568 1223 2581 1256 :
2611 1207 2911 1257 etduorttm
2931 1203 3405 1256 Testamentorum
3435 1205 3636 1256 instru-

2055 1297 2252 1360 ctioue,
2305 1297 2452 1349 velut
2505 1296 2835 1348 frumentum
2881 1297 3096 1365 gemino
3154 1297 3419 1348 molarum
3471 1309 3634 1361 opere

2054 1399 2304 1444 curatum
2335 1388 2569 1446 nitescit.
2595 1400 2646 1442 et
2668 1389 2720 1440 in
2750 1388 2894 1440 illam
2921 1389 3110 1457 prima:
3137 1388 3370 1454 originis
3399 1387 3636 1455 dignita-

2056 1490 2161 1535 tem
2185 1483 2371 1534 nativo
2394 1482 2630 1533 candore
2654 1490 2912 1542 mutatur,
2933 1495 2996 1533 ac
3011 1496 3106 1548 per
3127 1495 3323 1548 aquam
3353 1479 3632 1546 baptismi,

2009 1643 2014 1647 _
2056 1571 2141 1626 vel
2177 1584 2272 1638 per
2299 1569 2477 1639 ignem
2517 1567 2755 1638 Spiritus
2798 1569 2996 1631 sancti,
3046 1571 3233 1621 attenti
3286 1569 3429 1621 illius
3479 1569 3634 1637 panis

2057 1676 2254 1727 corpus
2288 1659 2542 1713 elﬁcitur.

379 1769 506 1805 nere
536 1755 808 1819 passionis
842 1763 997 1808 osten
1021 1758 1081 1808 lit
1112 1774 1128 1810 :
1161 1772 1227 1810 ex
1258 1757 1410 1824 cujus
1437 1773 1594 1812 sacro
1621 1759 1786 1812 latere
1823 1775 1949 1813 san-
1984 1755 2024 1810 Β
2124 1749 2219 1804 XI.
2240 1749 2533 1818 Sicutergo
2561 1749 2800 1814 separari
2822 1764 2991 1817 grana
3023 1749 3090 1802 ah
3111 1750 3254 1801 illius
3289 1749 3636 1802 conti-ctione

377 1845 500 1911 guis
527 1857 580 1898 et
603 1861 738 1912 aqua
763 1849 1212 1904 lancea'illisione
1243 1851 1534 1918 proﬂuxit;
1567 1852 1709 1904 sicut
1738 1860 1791 1904 et
1819 1850 1950 1903 Pro-

378 1935 539 2002 phcta
579 1937 748 1991 multo
778 1951 904 1991 ante
924 1942 1166 2006 przecinit
1199 1943 1383 1995 dii-cus
1409 1961 1424 1996 :
1460 1943 1720 1997 Percussit
1745 1957 1949 2011 petram

375 2035 422 2076 et
445 2027 746 2095 eﬂlnxerunt
766 2046 917 2098 aqua:
941 2031 1110 2094 (Psal.
1143 2049 1376 2094 cxxxvtt,
1397 2035 1506 2102 ‘20).
1532 2035 1596 2086 Et
1615 2038 1902 2104 Apustolns
1933 2055 1946 2091 :

376 2118 655 2181 Bibebant,
695 2124 886 2190 inquit,
919 2126 983 2176 de
1013 2136 1356 2193 consequente
1395 2143 1481 2180 eos
1517 2139 1666 2194 petra
1721 2127 1772 2199 (1
1825 2128 1948 2182 Cor.

375 2225 435 2274 κ,
475 2213 552 2277 4).
591 2211 756 2267 Vides
787 2220 931 2283 quod
962 2220 1050 2285 qui
1086 2218 1282 2270 biberit
1317 2221 1384 2273 de
1407 2219 1606 2274 Christi
1638 2224 1833 2290 gratia.
1866 2238 1953 2276 se-

375 2304 562 2369 quitur
597 2320 720 2358 eum
755 2305 960 2360 Christi
999 2309 1392 2364 misericordia.
1433 2310 1536 2365 Sed
1570 2314 1621 2365 in
1657 2312 1950 2367 Salomone

377 2396 443 2445 de
477 2395 592 2462 ipso
624 2396 734 2450 Deo
762 2400 1075 2466 praedictum
1112 2403 1381 2469 legimus:
1419 2404 1716 2473 Sapientia.
1752 2408 1950 2472 inquit,

377 2489 663 2554 trtlt'ﬁcaeit
695 2491 796 2542 sibi
827 2494 1040 2544 domum
1079 2493 1258 2560 (Prov.
1294 2512 1369 2556 nt,
1407 2499 1475 2565 l),
1509 2498 1560 2548 id
1607 2507 1708 2561 est,
1753 2514 1953 2566 corpus

381 2577 614 2630 hominis
652 2584 950 2647 assumpsit
985 2602 999 2634 :
1041 2585 1091 2634 in
1124 2599 1231 2651 quo
1263 2584 1471 2638 habitat
1507 2589 1786 2654 plenitudo
1817 2590 1952 2642 divi-

381 2668 566 2721 nitatis
629 2686 644 2721 :
717 2669 931 2724 Excidit
980 2674 1251 2728 columnas
1302 2691 1521 2745 septem,
1605 2680 1729 2746 quia
1797 2681 1946 2734 illum

380 2760 686 2813 benedictio
740 2763 926 2830 gratite
978 2766 1309 2833 semiformis
1372 2770 1636 2835 implevit,
1695 2775 1950 2826 mactavit

378 2851 578 2903 hostias
635 2869 809 2905 suas:
859 2859 1064 2908 miscuit
1105 2859 1158 2912 in
1186 2871 1388 2914 cratere
1445 2864 1621 2916 vinum
1671 2879 1848 2925 suum,
1901 2877 1950 2918 et

375 2945 581 3006 paravit
617 2959 848 2996 mensam
877 2962 1027 2998 suam
1057 2948 1216 3017 (Ibid.
1245 2951 1323 3020 2).
1355 2953 1418 3007 ΕΙ.
1445 2954 1494 3005 in
1529 2941 1772 3022 sequenti
1801 2973 1818 3008 :
1856 2954 1954 3007 Ve-

377 3034 500 3096 nite,
545 3047 588 3084 ct
619 3033 755 3087 edite
788 3036 852 3087 de
889 3042 1012 3090 meis
1048 3041 1295 3106 panibus,
1333 3055 1378 3096 et
1416 3043 1568 3096 bibite
1603 3046 1774 3099 vinum
1808 3048 1947 3115 quod

2057 1845 2214 1911 panis
2231 1840 2561 1894 adunatione
2583 1855 2686 1891 non
2715 1852 2942 1908 possunt
2979 1857 2994 1908 ;
3021 1853 3072 1894 et
3097 1843 3234 1892 sicut
3256 1855 3408 1906 aqua?
3426 1845 3489 1891 ad
3517 1857 3638 1908 pto-

2061 1935 2235 2005 priam
2276 1933 2452 1988 redire
2481 1935 2844 1987 substantiam
2876 1934 2928 1984 in
2963 1936 3148 2006 vinum
3185 1937 3477 1999 perinist.t-,
3523 1939 3636 2001 iam

2060 2043 2166 2080 non
2198 2037 2426 2094 possunt
2462 2042 2478 2082 :
2511 2028 2592 2080 sic
2619 2037 2675 2080 et
2707 2027 2893 2080 ﬁdeles
2923 2029 3126 2096 quique
3157 2038 3322 2096 atque
3341 2029 3636 2096 sapientes,

2059 2119 2152 2187 qui
2169 2118 2477 2188 redemptos
2502 2133 2561 2172 se
2583 2118 2788 2172 Christi
2805 2119 3066 2188 sanguine
3091 2129 3142 2172 et
3165 2119 3419 2189 passione
3439 2134 3638 2187 mgnu-

2061 2219 2238 2272 scunt.
2277 2212 2346 2264 ita
2378 2211 2577 2264 debent
2603 2212 2760 2280 quasi
2779 2210 3170 2279 inscparahilia
3198 2210 3435 2262 membra
3473 2211 3637 2277 capiti

2061 2319 2183 2366 suo,
2217 2304 2339 2358 ﬁdei
2365 2304 2746 2358 observatione
2771 2311 2825 2356 et
2849 2303 3229 2357 ardentissima
3267 2303 3526 2370 religione
3548 2322 3638 2354 so-

2061 2396 2216 2460 ciari,
2232 2405 2288 2448 ttt
2309 2380 2376 2448 ai)
2399 2411 2464 2448 e0
2481 2410 2585 2449 non
2605 2396 2904 2457 voluntate,
2922 2409 3026 2447 nou
3053 2399 3376 2449 necessitate
3407 2410 3446 2447 ες
3462 2394 3638 2464 juugi,

2064 2503 2170 2541 non
2201 2487 2305 2540 ulla
2334 2498 2563 2541 terrenae
2596 2489 2708 2555 spei
2742 2487 3058 2552 ambitione,
3102 2502 3210 2539 non
3254 2486 3487 2554 denique
3519 2487 3637 2554 ipsa

2064 2582 2276 2648 possint
2296 2589 2469 2633 morte
2498 2580 2704 2632 divelli.
2727 2576 2840 2632 Nec
2869 2579 3407 2649 dubitetqnisqnznn,
3437 2581 3637 2643 prima-

2065 2677 2173 2726 rias
2215 2683 2526 2732 creaturas,
2580 2681 2707 2724 nutu
2763 2671 2963 2724 divinae
3013 2673 3289 2740 potentiaz,
3351 2671 3638 2740 praesentia

2063 2778 2290 2818 Summa:
2307 2763 2603 2830 majestatis
2619 2765 2667 2814 in
2689 2760 2952 2817 Dominici
2973 2763 3216 2832 corporis
3236 2765 3461 2814 transire
3480 2777 3640 2829 posse

2062 2866 2334 2916 staturam,
2372 2869 2492 2906 cum
2521 2855 2694 2920 ipsum
2727 2855 2998 2907 hominem
3027 2856 3206 2906 videat
3228 2854 3459 2907 artiﬁcio
3477 2855 3639 2906 cccle-

2063 2949 2161 3002 stis
2195 2947 2576 2999 misericordia:
2601 2944 2803 2998 Christi
2837 2959 3033 3013 corpus
3062 2944 3332 2997 eiicetum.

2140 3037 2254 3092 XII.
2283 3037 2439 3090 Sicut
2460 3049 2638 3090 autent
2671 3039 3004 3106 quicumque
3025 3039 3089 3089 ad
3121 3036 3274 3089 ﬁdem
3306 3037 3507 3090 Christi
3543 3052 3639 3089 ve-

378 3124 568 3177 miscai
593 3127 752 3180 vobis.
787 3127 951 3197 (Ibid.
992 3132 1068 3200 5).
1110 3104 1413 3188 Adntistum
1443 3152 1573 3206 ergo
1610 3154 1745 3206 aqua
1776 3104 1953 3193 vinum

2067 3128 2220 3182 niens
2249 3140 2372 3181 ante
2405 3131 2565 3180 verba
2599 3127 2848 3196 baptismi
2877 3130 3054 3180 adhuc
3081 3129 3132 3179 in
3162 3127 3375 3180 vinculo
3394 3137 3642 3179 «δεμ-ειε-

379 3214 636 3282 legimus.

452 3304 544 3359 XI.
581 3306 740 3362 Nunc
767 3323 1012 3376 causam,
1045 3329 1215 3382 quare
1247 3324 1532 3383 utramque
1567 3318 1829 3373 Dominus
1864 3321 1962 3372 tui-

377 3395 522 3447 svcri
568 3397 818 3461 voluerit,
872 3402 1236 3469 inquiramus.
1278 3405 1508 3470 Quando
1557 3408 1609 3460 in
1649 3407 1957 3464 Judatoruut

378 3487 628 3540 convivio
658 3493 885 3558 nuptiali
911 3494 1113 3553 vinum.
1150 3496 1200 3547 id
1237 3508 1338 3562 est,
1373 3499 1502 3550 tides
1531 3501 1585 3553 in
1618 3502 1699 3554 eis
1733 3502 1957 3555 delicio-

376 3575 471 3629 bat
506 3594 518 3628 :
558 3577 761 3643 Vinum,
795 3582 989 3650 inquit,
1035 3584 1309 3650 deﬁciebat
1365 3584 1549 3654 (Joan.
1596 3604 1655 3650 ll,
1702 3590 1780 3655 '5),
1832 3594 1957 3658 Quia

378 3669 533 3721 vinea
568 3671 800 3724 fructum
836 3679 1096 3742 negabat;
1137 3675 1204 3729 de
1231 3693 1336 3745 qua
1374 3679 1571 3732 dicitur
1604 3678 1741 3748 (lsa.
1781 3698 1831 3746 v,
1859 3683 1912 3752 4)
1943 3701 1956 3736 :

377 3757 763 3826 Exspectabam
819 3774 874 3817 ut
926 3767 1122 3834 faceret
1174 3784 1323 3834 uvas,
1383 3771 1504 3840 fecit
1557 3785 1732 3826 autem
1780 3776 1958 3840 spinas

375 3854 546 3918 (unde
575 3864 628 3908 et
667 3869 872 3910 sertum
917 3860 1166 3926 spineum
1207 3863 1370 3930 capiti
1419 3864 1796 3930 Redemptoris
1851 3868 1958 3920 im-

375 3947 603 4015 posuit),
647 3953 866 4015 quando
897 3951 1156 4004 Dominus
1189 3955 1418 4022 nuptiali
1452 3973 1719 4026 tetupore,
1759 3961 1810 4012 id
1844 3973 1951 4024 est,

373 4040 596 4102 quando
636 4055 872 4106 sponsus
904 4057 962 4095 se
994 4043 1256 4100 Ecclesia:
1290 4063 1402 4100 sua:
1432 4050 1671 4116 paschali
1709 4054 1956 4106 exsulta-

379 4139 525 4181 tione
557 4129 856 4199 jungeudo,
899 4149 1072 4202 aquas
1107 4137 1158 4188 in
1198 4139 1383 4190 vinum
1413 4142 1682 4192 convertit
1712 4157 1726 4195 :
1777 4145 1954 4197 mani-

376 4218 518 4272 feste
540 4221 897 4290 prwﬁgurans
929 4227 1302 4282 multitudines
1323 4233 1562 4298 gentium
1583 4231 1651 4285 de
1675 4236 1955 4302 sanguinis

377 4311 461 4363 sui
503 4316 674 4380 gratia
713 4330 836 4370 esse
880 4328 1157 4373 venturas.
1199 4320 1304 4374 Per
1339 4337 1508 4390 aquas
1537 4327 1678 4378 enim
1732 4329 1953 4397 populos

2065 3220 2141 3273 ris
2183 3219 2369 3282 debiti,
2414 3219 2498 3272 his
2534 3225 2660 3272 vero
2705 3221 3042 3284 memoratis,
3083 3234 3202 3272 mox
3240 3234 3342 3272 eiu
3371 3229 3456 3270 tur
3489 3219 3638 3270 omni

2065 3311 2196 3366 face
2228 3312 2435 3380 peccati
2466 3328 2483 3366 ε⁴
2517 3313 2586 3363 ita
2617 3310 2834 3378 quando
2879 3313 3256 3365 henediccudze
3288 3314 3467 3364 verbis
3523 3324 3642 3363 ca:-

2064 3403 2286 3456 lestibus
2315 3412 2576 3454 creatura:
2601 3403 2775 3455 sacris
2800 3403 3064 3455 altaribus
3091 3404 3464 3471 impOnnntur,
3489 3413 3643 3453 ante-

2063 3511 2222 3564 quam
2256 3493 2601 3548 invocatione
2639 3497 2722 3547 sui
2765 3494 3003 3548 nominis
3036 3503 3450 3555 consecrantur,
3512 3493 3641 3546 sub-

2063 3588 2256 3640 stantia
2292 3586 2401 3640 illic
2421 3597 2503 3640 est
2541 3586 2695 3654 panis
2727 3594 2780 3639 et
2817 3585 2946 3648 vini,
2986 3596 3107 3654 post
3132 3586 3291 3639 verba
3318 3594 3495 3637 autem
3520 3598 3643 3635 cor-

2064 3695 2163 3748 pus
2188 3689 2242 3732 et
2281 3679 2503 3746 sanguis
2531 3686 2619 3731 est
2647 3677 2871 3731 Christi.
2903 3677 3042 3742 Quid
3074 3688 3250 3730 autem
3288 3681 3482 3729 mirum
3532 3687 3638 3737 est,

2061 3772 2106 3825 si
2139 3787 2199 3824 ea
2236 3787 2354 3840 qua:
2387 3771 2554 3824 verbo
2587 3771 2755 3838 potttit
2792 3785 3002 3833 creare,
3041 3772 3206 3822 verho
3248 3779 3416 3834 passu
3455 3780 3641 3820 creata

2059 3862 2550 3918 convertere?|tuo
2581 3864 2694 3926 jam
2737 3862 2961 3914 minoris
2997 3861 3205 3914 videtur
3223 3877 3343 3914 csse
3369 3862 3644 3925 miraculi,

2060 3955 2106 4009 si
2138 3957 2186 4006 id
2213 3955 2354 4023 quod
2381 3954 2446 4007 de
2474 3954 2645 4006 nihilo
2677 3955 2992 4019 agnoscitur
3016 3953 3346 4015 condidisse,
3375 3951 3482 4019 jam
3511 3967 3643 4004 euu—

2058 4045 2230 4100 dttuni
2265 4048 2316 4098 itt
2343 4045 2534 4097 melius
2568 4045 2742 4096 valeat
2771 4056 3129 4096 commutare.
3163 4042 3404 4110 Requirc
3435 4046 3565 4110 quid
3587 4047 3640 4098 ei

2059 4137 2230 4207 pOssit
2260 4152 2378 4191 esse
2409 4137 2644 4200 diﬁicile,
2679 4137 2767 4189 cui
2797 4136 2954 4188 facile
2988 4135 3087 4186 fuit
3119 4135 3390 4188 Itumiuem
3423 4139 3486 4188 de
3519 4137 3634 4188 litui

2058 4231 2286 4282 materia
2325 4230 2607 4296 ﬁgurare:
2656 4229 2942 4297 imaginem
2991 4229 3154 4278 etiam
3189 4241 3298 4278 suae
3340 4226 3638 4280 divinitatis

2059 4323 2304 4384 induere,
2326 4323 2410 4372 cui
2436 4329 2744 4387 promptum
2769 4329 2851 4369 est
2883 4334 3006 4368 eum
3042 4333 3259 4370 rursum
3292 4333 3546 4370 revocare
3569 4317 3639 4370 de

373 4403 692 4472 signiﬁcari,
729 4409 901 4460 sacris
939 4412 1182 4477 aperitur
1219 4411 1485 4480 eloquiis;
1521 4415 1658 4468 sicut
1689 4418 1886 4485 legitur
1935 4435 1948 4473 ;
1986 4436 2029 4492 ο
2061 4411 2272 4474 inferis,
2307 4409 2598 4464 restituere
2628 4413 2694 4461 de
2727 4409 3054 4475 perditione,
3111 4423 3367 4476 reparare
3416 4411 3480 4460 de
3527 4406 3648 4475 pul-

375 4495 540 4562 Aqua!
567 4496 682 4548 ista:
707 4514 838 4564 quas
862 4501 1056 4563 vidisti,
1092 4504 1274 4570 papuli
1307 4514 1430 4557 sunt
1466 4518 1514 4560 et
1548 4519 1721 4577 gentes
1747 4519 1796 4562 et
1849 4512 1954 4564 lin-

369 4601 494 4653 gua:
520 4591 708 4656 (Apoc.
735 4606 868 4656 xvn,
916 4593 1026 4660 l5).
1062 4591 1214 4650 Unde
1244 4607 1298 4650 ct
1339 4600 1674 4655 advortimus
1706 4602 1757 4655 in
1799 4605 1955 4672 aquis

376 4681 606 4745 tiguram
631 4681 869 4747 gentium
892 4684 1280 4746 demonstrari.
1303 4687 1353 4739 in
1383 4689 1509 4741 vino
1536 4699 1714 4744 autem
1736 4697 1956 4762 sangui-

377 4785 500 4822 nem
531 4768 822 4825 Domimca:
849 4776 1119 4842 paSsiOnis
1165 4777 1401 4831 ostendi.
1421 4781 1498 4834 Ac
1527 4783 1607 4836 sic
1634 4798 1754 4836 cum
1788 4784 1841 4837 in
1871 4801 1952 4838 sa-

373 4868 676 4921 cramentis
709 4868 838 4924 vino
863 4885 999 4940 aqua
1028 4874 1306 4935 miscetur.
1331 4873 1554 4930 Christo
1581 4877 1755 4932 ﬁdelis
1790 4895 1957 4948 popu-

377 4957 462 5011 lus
498 4958 876 5028 incorporatur
905 4971 956 5016 et
983 4963 1251 5033 jungitur,
1290 4977 1344 5019 et
1384 4969 1619 5037 quadam
1671 4973 1719 5026 ci
1765 4975 1955 5042 copula

373 5050 632 5119 perfecta:
674 5053 957 5106 charitatis
1005 5059 1219 5124 unitnr,
1273 5068 1332 5113 ut
1377 5062 1551 5128 possit
1598 5064 1781 5118 dicere
1833 5083 1955 5119 cum

375 5146 636 5210 Apostolo
675 5163 688 5200 :
734 5146 864 5212 Quis
893 5164 987 5200 nos
1023 5151 1286 5211 separabit
1339 5168 1370 5202 a
1416 5151 1672 5206 cltaritate
1724 5157 1962 5209 Christi?

375 5236 671 5300 tribulatio,
696 5256 764 5290 an
783 5242 1050 5308 angustia,
1071 5256 1140 5293 an
1159 5244 1448 5307 persecutio
1474 5243 1652 5307 (Rom.
1679 5261 1794 5308 vut,
1824 5247 1962 5315 55)?

376 5338 432 5378 ct
461 5329 690 5396 reliqua.
721 5330 860 5383 Deus
886 5348 1067 5385 antem
1110 5331 1315 5385 homini
1349 5346 1600 5402 suscepta
1649 5341 1960 5389 sanctiﬁca-

379 5419 824 5486 ti0netniscctur,
845 5438 1006 5488 quant
1040 5421 1176 5477 ﬁdes
1210 5423 1263 5476 itt
1288 5423 1407 5492 ipso
1427 5434 1706 5493 peceatore
1733 5427 1962 5481 aﬂecms

371 5510 620 5578 justitiat,
659 5515 1028 5568 misericordia
1063 5516 1280 5582 pietatis
1317 5516 1571 5569 infundit.

452 5601 516 5656 Χ.
552 5603 723 5657 Etiam
759 5608 809 5658 iu
853 5608 954 5661 hoc
983 5610 1124 5676 ipso,
1150 5610 1290 5676 quod
1342 5607 1394 5661 in
1446 5625 1752 5664 numerosis
1797 5613 1958 5666 tritici

373 5699 567 5762 granis
591 5713 780 5764 panem
809 5701 1000 5755 CtiltiiCl
1037 5703 1307 5766 novimus,
1338 5702 1599 5755 unitatcnt
1635 5713 1851 5758 constat
1875 5721 1964 5760 as-

2060 4519 2206 4566 vere,
2231 4502 2296 4555 de
2327 4513 2467 4556 terra
2498 4499 2552 4553 in
2589 4501 2788 4554 εωιιιιιι
2819 4500 3022 4560 levare,
3053 4501 3118 4552 de
3147 4486 3364 4550 homine
3387 4499 3642 4562 angelum

2061 4595 2258 4658 facere,
2284 4607 2477 4659 corpus
2503 4595 2796 4644 humanum
2823 4595 3102 4644 coniot‘tne
3121 4589 3334 4656 Corpori
3357 4607 3465 4641 sine
3483 4590 3649 4641 clari-

2063 4689 2188 4740 tatis
2218 4687 2465 4749 reddere,
2497 4684 2808 4753 ﬁgmentum
2841 4699 2996 4735 suom
3035 4683 3085 4732 in
3125 4685 3266 4748 rt-gni
3295 4684 3376 4733 sui
3411 4697 3643 4733 consor-

2063 4781 2139 4832 tio
2196 4779 2488 4831 sublimare
2544 4793 2558 4830 ε
2615 4786 2668 4828 ut
2723 4776 2812 4842 qui
2852 4789 3052 4841 corpus
3101 4784 3297 4825 ltOSlla‘.
3333 4773 3646 4840 fragilitatis

2061 4881 2456 4940 asSutnpserat,
2483 4869 2650 4924 ttosin
2676 4884 2872 4938 corpus
2899 4883 3010 4920 suae
3036 4866 3462 4919 immortalitatis
3487 4881 3648 4916 assu-

2063 4977 2174 5020 mat
2209 4982 2224 5021 :
2257 4965 2324 5018 ad
2369 4981 2530 5033 quam
2580 4963 2872 5032 gloriosam
2899 4963 3349 5014 resurrectionem
3401 4959 3503 5026 piis
3543 4973 3648 5010 nos

2062 5059 2322 5129 cperibus
2348 5071 2657 5126 praeparare
2687 5056 2954 5123 dignetur,
2986 5053 3076 5121 qui
3108 5052 3238 5104 vivit
3265 5061 3318 5105 et
3346 5059 3536 5118 regnat
3587 5051 3647 5103 iu

2064 5167 2168 5204 sate
2193 5151 2259 5204 .la
2291 5149 2637 5203 smculoruan.
2671 5149 2862 5199 Amen.

2205 5305 2524 5362 MONI'I‘UM
2560 5306 2628 5361 IN
2667 5304 3056 5360 EPISTOLAM
3093 5303 3538 5371 SEQUENTEM.

2136 5427 2238 5492 Atq
2251 5438 2316 5475 ue
2337 5423 2477 5474 hanc
2493 5421 2740 5474 Oudinus
2759 5422 3032 5473 contendit
3051 5436 3171 5475 esse
3187 5419 3368 5476 Fausti
3383 5421 3658 5490 Rhegion-

2065 5499 2162 5556 sis,
2188 5494 2685 5546 hominislahorant
2710 5492 3475 5560 ssemipelagianismo,quem
3500 5507 3658 5548 visus

2066 5574 2148 5617 est
2172 5566 2266 5624 illi,
2287 5565 2499 5626 callide,
2528 5573 2582 5612 ut
2604 5562 2758 5620 alias,
2783 5565 3075 5614 insmuare.
3097 5560 3364 5613 Caeterum
3389 5571 3440 5612 ct
3463 5563 3656 5619 debita

2067 5633 2427 5685 t-nm‘insioi'te
2455 5641 2717 5684 tractatus
2742 5631 2826 5683 hic
2855 5641 3026 5694 Caret,
3048 5641 3099 5682 ct
3121 5631 3434 5698 prolixiorts
3459 5649 3659 5700 upt'r.s

2069 5707 2426 5770 lragmentum
2468 5704 2695 5754 videtur.
