  <div class='ocr_page' id='page_1' title='image "/cluster/home/n/w/nwhite01/storage/ocr_20150623/30/hvd.32044096580527/148.png"; bbox 0 0 4012 6188; ppageno 0'>
   <div class='ocr_carea' id='block_1_1' title="bbox 388 285 501 349">
    <p class='ocr_par' dir='ltr' id='par_1_1' title="bbox 388 285 501 349">
     <span class='ocr_line' id='line_1_1' title="bbox 388 285 501 349; baseline 0 -1"><span class='ocrx_word' id='word_1_1' title='bbox 388 285 501 349; x_wconf 68' lang='grc' dir='ltr'><strong>ι,285</strong></span> 
     </span>
    </p>
   </div>
   <div class='ocr_carea' id='block_1_2' title="bbox 897 401 1488 472">
    <p class='ocr_par' dir='ltr' id='par_1_2' title="bbox 897 401 1488 472">
     <span class='ocr_line' id='line_1_2' title="bbox 897 401 1488 472; baseline 0.017 -17"><span class='ocrx_word' id='word_1_2' title='bbox 897 401 1230 459; x_wconf 79' lang='lat' dir='ltr'><strong>EPISTOLA</strong></span> <span class='ocrx_word' id='word_1_3' title='bbox 1250 406 1488 472; x_wconf 76' lang='lat' dir='ltr'><strong>XXXIX,</strong></span> 
     </span>
    </p>
   </div>
   <div class='ocr_carea' id='block_1_3' title="bbox 608 507 1768 557">
    <p class='ocr_par' dir='ltr' id='par_1_3' title="bbox 608 507 1768 557">
     <span class='ocr_line' id='line_1_3' title="bbox 608 507 1768 557; baseline 0.009 -12"><span class='ocrx_word' id='word_1_4' title='bbox 608 507 704 546; x_wconf 79' lang='lat' dir='ltr'><strong>SEU</strong></span> <span class='ocrx_word' id='word_1_5' title='bbox 721 507 940 548; x_wconf 74' lang='lat' dir='ltr'><strong>BOIILIA</strong></span> <span class='ocrx_word' id='word_1_6' title='bbox 963 512 1126 550; x_wconf 73' lang='lat' dir='ltr'><strong>SUPER</strong></span> <span class='ocrx_word' id='word_1_7' title='bbox 1141 513 1474 555; x_wconf 69' lang='lat' dir='ltr'><strong>BVANGELIUH</strong></span> <span class='ocrx_word' id='word_1_8' title='bbox 1493 517 1768 557; x_wconf 70' lang='grc' dir='ltr'><strong>ΙΔττιΕΙ.</strong></span> 
     </span>
    </p>
   </div>
   <div class='ocr_carea' id='block_1_4' title="bbox 468 581 1985 656">
    <p class='ocr_par' dir='ltr' id='par_1_4' title="bbox 468 581 1985 656">
     <span class='ocr_line' id='line_1_4' title="bbox 468 581 1985 656; baseline 0.012 -23"><span class='ocrx_word' id='word_1_9' title='bbox 468 581 512 636; x_wconf 82' lang='grc' dir='ltr'><strong>Ι.</strong></span> <span class='ocrx_word' id='word_1_10' title='bbox 537 581 773 638; x_wconf 84' lang='lat' dir='ltr'><strong>Sanctus</strong></span> <span class='ocrx_word' id='word_1_11' title='bbox 796 587 1130 656; x_wconf 79' lang='lat' dir='ltr'><strong>evangelista</strong></span> <span class='ocrx_word' id='word_1_12' title='bbox 1147 591 1304 644; x_wconf 88' lang='lat' dir='ltr'><strong>docet</strong></span> <span class='ocrx_word' id='word_1_13' title='bbox 1331 609 1428 646; x_wconf 90' lang='lat' dir='ltr'><strong>nos</strong></span> <span class='ocrx_word' id='word_1_14' title='bbox 1453 599 1839 652; x_wconf 70' lang='lat' dir='ltr'><strong>necessitatem</strong></span> <span class='ocrx_word' id='word_1_15' title='bbox 1866 599 1985 651; x_wconf 89' lang='lat' dir='ltr'><strong>ino-</strong></span> 
     </span>
    </p>
   </div>
   <div class='ocr_carea' id='block_1_5' title="bbox 393 674 1982 758">
    <p class='ocr_par' dir='ltr' id='par_1_5' title="bbox 393 674 1982 758">
     <span class='ocr_line' id='line_1_5' title="bbox 393 674 1982 758; baseline 0.014 -37"><span class='ocrx_word' id='word_1_16' title='bbox 393 675 496 742; x_wconf 65' lang='lat' dir='ltr'><strong>piae</strong></span> <span class='ocrx_word' id='word_1_17' title='bbox 527 674 849 738; x_wconf 87' lang='lat' dir='ltr'><strong>tolerantes.</strong></span> <span class='ocrx_word' id='word_1_18' title='bbox 885 679 1112 734; x_wconf 78' lang='lat' dir='ltr'><strong>subsidii</strong></span> <span class='ocrx_word' id='word_1_19' title='bbox 1149 696 1308 734; x_wconf 89' lang='lat' dir='ltr'><strong>causa</strong></span> <span class='ocrx_word' id='word_1_20' title='bbox 1341 685 1575 738; x_wconf 88' lang='lat' dir='ltr'><strong>amicum</strong></span> <span class='ocrx_word' id='word_1_21' title='bbox 1604 690 1799 743; x_wconf 82' lang='lat' dir='ltr'><strong>debere</strong></span> <span class='ocrx_word' id='word_1_22' title='bbox 1856 705 1982 758; x_wconf 91' lang='lat' dir='ltr'><strong>per-</strong></span> 
     </span>
    </p>
   </div>
   <div class='ocr_carea' id='block_1_6' title="bbox 394 765 1979 850">
    <p class='ocr_par' dir='ltr' id='par_1_6' title="bbox 394 765 1979 850">
     <span class='ocr_line' id='line_1_6' title="bbox 394 765 1979 850; baseline 0.012 -34"><span class='ocrx_word' id='word_1_23' title='bbox 394 765 634 834; x_wconf 73' lang='lat' dir='ltr'><strong>qttirert&#39;.</strong></span> <span class='ocrx_word' id='word_1_24' title='bbox 666 779 716 820; x_wconf 89' lang='lat' dir='ltr'><strong>et</strong></span> <span class='ocrx_word' id='word_1_25' title='bbox 755 769 805 820; x_wconf 91' lang='lat' dir='ltr'><strong>id</strong></span> <span class='ocrx_word' id='word_1_26' title='bbox 837 772 978 836; x_wconf 90' lang='lat' dir='ltr'><strong>quod</strong></span> <span class='ocrx_word' id='word_1_27' title='bbox 1012 772 1164 824; x_wconf 89' lang='lat' dir='ltr'><strong>deest</strong></span> <span class='ocrx_word' id='word_1_28' title='bbox 1204 773 1270 826; x_wconf 90' lang='lat' dir='ltr'><strong>ad</strong></span> <span class='ocrx_word' id='word_1_29' title='bbox 1327 776 1684 832; x_wconf 71' lang='lat' dir='ltr'><strong>refectionem</strong></span> <span class='ocrx_word' id='word_1_30' title='bbox 1735 782 1979 850; x_wconf 82' lang='lat' dir='ltr'><strong>alterius,</strong></span> 
     </span>
    </p>
   </div>
   <div class='ocr_carea' id='block_1_7' title="bbox 391 863 1982 942">
    <p class='ocr_par' dir='ltr' id='par_1_7' title="bbox 391 863 1982 942">
     <span class='ocr_line' id='line_1_7' title="bbox 391 863 1982 942; baseline 0.008 -29"><span class='ocrx_word' id='word_1_31' title='bbox 391 873 648 927; x_wconf 81' lang='lat' dir='ltr'><strong>Oportere</strong></span> <span class='ocrx_word' id='word_1_32' title='bbox 676 863 850 916; x_wconf 85' lang='lat' dir='ltr'><strong>altero</strong></span> <span class='ocrx_word' id='word_1_33' title='bbox 884 867 1136 919; x_wconf 87' lang='lat' dir='ltr'><strong>tuutuari.</strong></span> <span class='ocrx_word' id='word_1_34' title='bbox 1171 867 1228 920; x_wconf 85' lang='lat' dir='ltr'><strong>lit</strong></span> <span class='ocrx_word' id='word_1_35' title='bbox 1263 878 1468 923; x_wconf 87' lang='lat' dir='ltr'><strong>tantunt</strong></span> <span class='ocrx_word' id='word_1_36' title='bbox 1499 880 1676 925; x_wconf 89' lang='lat' dir='ltr'><strong>autem</strong></span> <span class='ocrx_word' id='word_1_37' title='bbox 1705 877 1770 925; x_wconf 89' lang='lat' dir='ltr'><strong>ad</strong></span> <span class='ocrx_word' id='word_1_38' title='bbox 1797 885 1982 942; x_wconf 75' lang='lat' dir='ltr'><strong>postu~</strong></span> 
     </span>
    </p>
   </div>
   <div class='ocr_carea' id='block_1_8' title="bbox 393 952 1985 1030">
    <p class='ocr_par' dir='ltr' id='par_1_8' title="bbox 393 952 1985 1030">
     <span class='ocr_line' id='line_1_8' title="bbox 393 952 1985 1030; baseline 0.009 -25"><span class='ocrx_word' id='word_1_39' title='bbox 393 952 615 1006; x_wconf 88' lang='lat' dir='ltr'><strong>landum</strong></span> <span class='ocrx_word' id='word_1_40' title='bbox 640 959 977 1023; x_wconf 67' lang='lat' dir='ltr'><strong>pervicacem</strong></span> <span class='ocrx_word' id='word_1_41' title='bbox 1009 973 1132 1013; x_wconf 73' lang='lat' dir='ltr'><strong>esse</strong></span> <span class='ocrx_word' id='word_1_42' title='bbox 1158 960 1320 1014; x_wconf 89' lang='lat' dir='ltr'><strong>voluit</strong></span> <span class='ocrx_word' id='word_1_43' title='bbox 1347 966 1657 1030; x_wconf 82' lang='lat' dir='ltr'><strong>petitorem,</strong></span> <span class='ocrx_word' id='word_1_44' title='bbox 1686 974 1743 1018; x_wconf 92' lang='lat' dir='ltr'><strong>ut</strong></span> <span class='ocrx_word' id='word_1_45' title='bbox 1784 982 1850 1019; x_wconf 93' lang='lat' dir='ltr'><strong>ne</strong></span> <span class='ocrx_word' id='word_1_46' title='bbox 1891 983 1985 1018; x_wconf 89' lang='lat' dir='ltr'><strong>no-</strong></span> 
     </span>
    </p>
   </div>
   <div class='ocr_carea' id='block_1_9' title="bbox 391 1047 1985 1119">
    <p class='ocr_par' dir='ltr' id='par_1_9' title="bbox 391 1047 1985 1119">
     <span class='ocr_line' id='line_1_9' title="bbox 391 1047 1985 1119; baseline 0.007 -21"><span class='ocrx_word' id='word_1_47' title='bbox 391 1047 603 1098; x_wconf 82' lang='lat' dir='ltr'><strong>(turnis</strong></span> <span class='ocrx_word' id='word_1_48' title='bbox 621 1050 765 1100; x_wconf 82' lang='lat' dir='ltr'><strong>horis</strong></span> <span class='ocrx_word' id='word_1_49' title='bbox 790 1049 1002 1118; x_wconf 88' lang='lat' dir='ltr'><strong>pulsare</strong></span> <span class='ocrx_word' id='word_1_50' title='bbox 1024 1053 1187 1105; x_wconf 88' lang='lat' dir='ltr'><strong>amici</strong></span> <span class='ocrx_word' id='word_1_51' title='bbox 1208 1052 1426 1119; x_wconf 87' lang='lat' dir='ltr'><strong>jauuam</strong></span> <span class='ocrx_word' id='word_1_52' title='bbox 1455 1055 1688 1118; x_wconf 77' lang='lat' dir='ltr'><strong>desinat,</strong></span> <span class='ocrx_word' id='word_1_53' title='bbox 1713 1073 1815 1110; x_wconf 90' lang='lat' dir='ltr'><strong>nec</strong></span> <span class='ocrx_word' id='word_1_54' title='bbox 1837 1059 1985 1110; x_wconf 76' lang='lat' dir='ltr'><strong>exci-</strong></span> 
     </span>
    </p>
   </div>
   <div class='ocr_carea' id='block_1_10' title="bbox 393 1142 1981 1210">
    <p class='ocr_par' dir='ltr' id='par_1_10' title="bbox 393 1142 1981 1210">
     <span class='ocr_line' id='line_1_10' title="bbox 393 1142 1981 1210; baseline 0.006 -18"><span class='ocrx_word' id='word_1_55' title='bbox 393 1149 510 1192; x_wconf 82' lang='lat' dir='ltr'><strong>tare</strong></span> <span class='ocrx_word' id='word_1_56' title='bbox 539 1156 664 1194; x_wconf 80' lang='lat' dir='ltr'><strong>eum</strong></span> <span class='ocrx_word' id='word_1_57' title='bbox 689 1142 901 1196; x_wconf 80' lang='lat' dir='ltr'><strong>dubitet</strong></span> <span class='ocrx_word' id='word_1_58' title='bbox 924 1145 1296 1210; x_wconf 75' lang='lat' dir='ltr'><strong>quiescentem</strong></span> <span class='ocrx_word' id='word_1_59' title='bbox 1326 1163 1340 1200; x_wconf 88' lang='lat'><strong>:</strong></span> <span class='ocrx_word' id='word_1_60' title='bbox 1372 1148 1440 1198; x_wconf 84' lang='lat' dir='ltr'><strong>ita</strong></span> <span class='ocrx_word' id='word_1_61' title='bbox 1465 1147 1652 1208; x_wconf 87' lang='lat' dir='ltr'><strong>etiam,</strong></span> <span class='ocrx_word' id='word_1_62' title='bbox 1681 1157 1738 1200; x_wconf 86' lang='grc' dir='ltr'><strong>ιιι</strong></span> <span class='ocrx_word' id='word_1_63' title='bbox 1767 1150 1981 1202; x_wconf 66' lang='lat' dir='ltr'><strong>taedium</strong></span> 
     </span>
    </p>
   </div>
   <div class='ocr_carea' id='block_1_11' title="bbox 392 1236 1978 1308">
    <p class='ocr_par' dir='ltr' id='par_1_11' title="bbox 392 1236 1978 1308">
     <span class='ocr_line' id='line_1_11' title="bbox 392 1236 1978 1308; baseline 0.004 -19"><span class='ocrx_word' id='word_1_64' title='bbox 392 1236 660 1300; x_wconf 75' lang='lat' dir='ltr'><strong>inferens,</strong></span> <span class='ocrx_word' id='word_1_65' title='bbox 693 1238 1024 1305; x_wconf 70' lang='lat' dir='ltr'><strong>impudentia</strong></span> <span class='ocrx_word' id='word_1_66' title='bbox 1063 1250 1359 1302; x_wconf 81' lang='lat' dir='ltr'><strong>mereatur,</strong></span> <span class='ocrx_word' id='word_1_67' title='bbox 1396 1244 1540 1308; x_wconf 93' lang='lat' dir='ltr'><strong>quod</strong></span> <span class='ocrx_word' id='word_1_68' title='bbox 1580 1243 1822 1296; x_wconf 81' lang='lat' dir='ltr'><strong>amicitia</strong></span> <span class='ocrx_word' id='word_1_69' title='bbox 1873 1258 1978 1296; x_wconf 89' lang='lat' dir='ltr'><strong>non</strong></span> 
     </span>
    </p>
   </div>
   <div class='ocr_carea' id='block_1_12' title="bbox 396 1331 1982 1400">
    <p class='ocr_par' dir='ltr' id='par_1_12' title="bbox 396 1331 1982 1400">
     <span class='ocr_line' id='line_1_12' title="bbox 396 1331 1982 1400; baseline 0.002 -18"><span class='ocrx_word' id='word_1_70' title='bbox 396 1343 659 1392; x_wconf 82' lang='lat' dir='ltr'><strong>meretur,</strong></span> <span class='ocrx_word' id='word_1_71' title='bbox 693 1341 742 1382; x_wconf 89' lang='lat' dir='ltr'><strong>et</strong></span> <span class='ocrx_word' id='word_1_72' title='bbox 767 1331 1320 1385; x_wconf 82' lang='lat' dir='ltr'><strong>communicationem</strong></span> <span class='ocrx_word' id='word_1_73' title='bbox 1349 1333 1502 1400; x_wconf 90' lang='lat' dir='ltr'><strong>panis</strong></span> <span class='ocrx_word' id='word_1_74' title='bbox 1525 1345 1844 1400; x_wconf 81' lang='lat' dir='ltr'><strong>extorqueat</strong></span> <span class='ocrx_word' id='word_1_75' title='bbox 1880 1335 1982 1386; x_wconf 49' lang='lat' dir='ltr'><strong>ima</strong></span> 
     </span>
    </p>
   </div>
   <div class='ocr_carea' id='block_1_13' title="bbox 394 1423 1979 1490">
    <p class='ocr_par' dir='ltr' id='par_1_13' title="bbox 394 1423 1979 1490">
     <span class='ocr_line' id='line_1_13' title="bbox 394 1423 1979 1490; baseline 0.003 -16"><span class='ocrx_word' id='word_1_76' title='bbox 394 1424 724 1489; x_wconf 88' lang='lat' dir='ltr'><strong>portunitas,</strong></span> <span class='ocrx_word' id='word_1_77' title='bbox 743 1437 902 1488; x_wconf 85' lang='lat' dir='ltr'><strong>quam</strong></span> <span class='ocrx_word' id='word_1_78' title='bbox 925 1438 1029 1476; x_wconf 90' lang='lat' dir='ltr'><strong>non</strong></span> <span class='ocrx_word' id='word_1_79' title='bbox 1049 1423 1302 1490; x_wconf 86' lang='lat' dir='ltr'><strong>impetret</strong></span> <span class='ocrx_word' id='word_1_80' title='bbox 1322 1426 1650 1480; x_wconf 88' lang='lat' dir='ltr'><strong>lmmanitas.</strong></span> <span class='ocrx_word' id='word_1_81' title='bbox 1673 1427 1762 1479; x_wconf 79' lang='lat' dir='ltr'><strong>Ait</strong></span> <span class='ocrx_word' id='word_1_82' title='bbox 1788 1426 1932 1479; x_wconf 85' lang='lat' dir='ltr'><strong>enim</strong></span> <span class='ocrx_word' id='word_1_83' title='bbox 1965 1443 1979 1478; x_wconf 91' lang='lat'><strong>:</strong></span> 
     </span>
    </p>
   </div>
   <div class='ocr_carea' id='block_1_14' title="bbox 399 1514 1980 1580">
    <p class='ocr_par' dir='ltr' id='par_1_14' title="bbox 399 1514 1980 1580">
     <span class='ocr_line' id='line_1_14' title="bbox 399 1514 1980 1580; baseline 0.006 -16"><span class='ocrx_word' id='word_1_84' title='bbox 399 1514 532 1576; x_wconf 85' lang='lat' dir='ltr'><strong>Quis</strong></span> <span class='ocrx_word' id='word_1_85' title='bbox 561 1524 788 1566; x_wconf 83' lang='lat' dir='ltr'><strong>vestram</strong></span> <span class='ocrx_word' id='word_1_86' title='bbox 820 1515 1022 1567; x_wconf 78' lang='lat' dir='ltr'><strong>habebit</strong></span> <span class='ocrx_word' id='word_1_87' title='bbox 1049 1516 1300 1580; x_wconf 84' lang='lat' dir='ltr'><strong>amicum,</strong></span> <span class='ocrx_word' id='word_1_88' title='bbox 1331 1529 1376 1568; x_wconf 92' lang='lat' dir='ltr'><strong>et</strong></span> <span class='ocrx_word' id='word_1_89' title='bbox 1401 1517 1493 1570; x_wconf 90' lang='lat' dir='ltr'><strong>ibit</strong></span> <span class='ocrx_word' id='word_1_90' title='bbox 1526 1520 1594 1578; x_wconf 85' lang='lat' dir='ltr'><strong>ad</strong></span> <span class='ocrx_word' id='word_1_91' title='bbox 1621 1517 1771 1572; x_wconf 86' lang='lat' dir='ltr'><strong>illum</strong></span> <span class='ocrx_word' id='word_1_92' title='bbox 1806 1521 1980 1574; x_wconf 86' lang='lat' dir='ltr'><strong>media</strong></span> 
     </span>
    </p>
   </div>
   <div class='ocr_carea' id='block_1_15' title="bbox 392 1603 1096 1672">
    <p class='ocr_par' dir='ltr' id='par_1_15' title="bbox 392 1603 1096 1672">
     <span class='ocr_line' id='line_1_15' title="bbox 392 1603 1096 1672; baseline 0.004 -14"><span class='ocrx_word' id='word_1_93' title='bbox 392 1615 545 1658; x_wconf 71' lang='lat' dir='ltr'><strong>nocte</strong></span> <span class='ocrx_word' id='word_1_94' title='bbox 579 1603 732 1672; x_wconf 81' lang='lat' dir='ltr'><strong>(Luc.</strong></span> <span class='ocrx_word' id='word_1_95' title='bbox 775 1622 852 1668; x_wconf 75' lang='lat' dir='ltr'><strong>XI,</strong></span> <span class='ocrx_word' id='word_1_96' title='bbox 876 1605 930 1669; x_wconf 79' lang='lat'><strong>5)</strong></span> <span class='ocrx_word' id='word_1_97' title='bbox 955 1608 1096 1661; x_wconf 74' lang='lat' dir='ltr'><strong>ietc.</strong></span> 
     </span>
    </p>
   </div>
   <div class='ocr_carea' id='block_1_16' title="bbox 471 1697 1982 1773">
    <p class='ocr_par' dir='ltr' id='par_1_16' title="bbox 471 1697 1982 1773">
     <span class='ocr_line' id='line_1_16' title="bbox 471 1697 1982 1773; baseline 0.007 -25"><span class='ocrx_word' id='word_1_98' title='bbox 471 1697 533 1752; x_wconf 94' lang='lat' dir='ltr'><strong>II.</strong></span> <span class='ocrx_word' id='word_1_99' title='bbox 575 1697 803 1752; x_wconf 78' lang='lat' dir='ltr'><strong>Videtur</strong></span> <span class='ocrx_word' id='word_1_100' title='bbox 834 1715 971 1768; x_wconf 85' lang='lat' dir='ltr'><strong>ergo</strong></span> <span class='ocrx_word' id='word_1_101' title='bbox 1005 1701 1307 1756; x_wconf 89' lang='lat' dir='ltr'><strong>secundum</strong></span> <span class='ocrx_word' id='word_1_102' title='bbox 1343 1702 1584 1758; x_wconf 83' lang='lat' dir='ltr'><strong>litteram</strong></span> <span class='ocrx_word' id='word_1_103' title='bbox 1617 1705 1819 1772; x_wconf 83' lang='lat' dir='ltr'><strong>aliquid</strong></span> <span class='ocrx_word' id='word_1_104' title='bbox 1859 1721 1982 1773; x_wconf 90' lang='lat' dir='ltr'><strong>per-</strong></span> 
     </span>
    </p>
   </div>
   <div class='ocr_carea' id='block_1_17' title="bbox 400 1775 2056 1864">
    <p class='ocr_par' dir='ltr' id='par_1_17' title="bbox 400 1775 2056 1864">
     <span class='ocr_line' id='line_1_17' title="bbox 400 1775 2056 1864; baseline 0.005 -19"><span class='ocrx_word' id='word_1_105' title='bbox 400 1792 660 1850; x_wconf 79' lang='lat' dir='ltr'><strong>Snadere.</strong></span> <span class='ocrx_word' id='word_1_106' title='bbox 696 1801 754 1845; x_wconf 91' lang='lat' dir='ltr'><strong>ut</strong></span> <span class='ocrx_word' id='word_1_107' title='bbox 791 1792 970 1846; x_wconf 87' lang='lat' dir='ltr'><strong>media</strong></span> <span class='ocrx_word' id='word_1_108' title='bbox 1009 1804 1168 1848; x_wconf 89' lang='lat' dir='ltr'><strong>nocte</strong></span> <span class='ocrx_word' id='word_1_109' title='bbox 1188 1797 1491 1864; x_wconf 88' lang='lat' dir='ltr'><strong>quiescenti</strong></span> <span class='ocrx_word' id='word_1_110' title='bbox 1520 1799 1697 1851; x_wconf 89' lang='lat' dir='ltr'><strong>amico</strong></span> <span class='ocrx_word' id='word_1_111' title='bbox 1722 1798 1980 1852; x_wconf 86' lang='lat' dir='ltr'><strong>etclauso</strong></span> <span class='ocrx_word' id='word_1_112' title='bbox 2018 1775 2056 1830; x_wconf 73' lang='grc' dir='ltr'><strong>Β</strong></span> 
     </span>
    </p>
   </div>
   <div class='ocr_carea' id='block_1_18' title="bbox 399 1885 1978 1946">
    <p class='ocr_par' dir='ltr' id='par_1_18' title="bbox 399 1885 1978 1946">
     <span class='ocr_line' id='line_1_18' title="bbox 399 1885 1978 1946; baseline 0.004 -7"><span class='ocrx_word' id='word_1_113' title='bbox 399 1885 676 1946; x_wconf 85' lang='lat' dir='ltr'><strong>cubiculo,</strong></span> <span class='ocrx_word' id='word_1_114' title='bbox 703 1886 996 1940; x_wconf 88' lang='lat' dir='ltr'><strong>dormienti</strong></span> <span class='ocrx_word' id='word_1_115' title='bbox 1024 1889 1238 1944; x_wconf 85' lang='lat' dir='ltr'><strong>molesti</strong></span> <span class='ocrx_word' id='word_1_116' title='bbox 1262 1904 1383 1944; x_wconf 67' lang='lat' dir='ltr'><strong>eSse</strong></span> <span class='ocrx_word' id='word_1_117' title='bbox 1402 1891 1623 1945; x_wconf 88' lang='lat' dir='ltr'><strong>minime</strong></span> <span class='ocrx_word' id='word_1_118' title='bbox 1646 1892 1978 1946; x_wconf 88' lang='lat' dir='ltr'><strong>desinamus.</strong></span> 
     </span>
    </p>
   </div>
   <div class='ocr_carea' id='block_1_19' title="bbox 403 1978 1980 2054">
    <p class='ocr_par' dir='ltr' id='par_1_19' title="bbox 403 1978 1980 2054">
     <span class='ocr_line' id='line_1_19' title="bbox 403 1978 1980 2054; baseline 0.006 -24"><span class='ocrx_word' id='word_1_119' title='bbox 403 1978 509 2031; x_wconf 76' lang='lat' dir='ltr'><strong>Sui</strong></span> <span class='ocrx_word' id='word_1_120' title='bbox 541 1980 586 2032; x_wconf 92' lang='lat' dir='ltr'><strong>si</strong></span> <span class='ocrx_word' id='word_1_121' title='bbox 621 1978 690 2032; x_wconf 87' lang='lat' dir='ltr'><strong>ad</strong></span> <span class='ocrx_word' id='word_1_122' title='bbox 716 1979 1600 2054; x_wconf 82' lang='lat' dir='ltr'><strong>spirituaiemttosintelligentiam</strong></span> <span class='ocrx_word' id='word_1_123' title='bbox 1631 2001 1980 2051; x_wconf 88' lang='lat' dir='ltr'><strong>revocemus,</strong></span> 
     </span>
    </p>
   </div>
   <div class='ocr_carea' id='block_1_20' title="bbox 397 2070 1986 2146">
    <p class='ocr_par' dir='ltr' id='par_1_20' title="bbox 397 2070 1986 2146">
     <span class='ocr_line' id='line_1_20' title="bbox 397 2070 1986 2146; baseline 0.006 -23"><span class='ocrx_word' id='word_1_124' title='bbox 397 2070 744 2125; x_wconf 78' lang='lat' dir='ltr'><strong>inveniemus</strong></span> <span class='ocrx_word' id='word_1_125' title='bbox 779 2086 883 2126; x_wconf 92' lang='lat' dir='ltr'><strong>non</strong></span> <span class='ocrx_word' id='word_1_126' title='bbox 913 2074 1051 2127; x_wconf 89' lang='lat' dir='ltr'><strong>dure</strong></span> <span class='ocrx_word' id='word_1_127' title='bbox 1085 2073 1396 2140; x_wconf 88' lang='lat' dir='ltr'><strong>Dominum,</strong></span> <span class='ocrx_word' id='word_1_128' title='bbox 1421 2079 1516 2131; x_wconf 89' lang='lat' dir='ltr'><strong>sed</strong></span> <span class='ocrx_word' id='word_1_129' title='bbox 1548 2078 1754 2130; x_wconf 88' lang='lat' dir='ltr'><strong>utiliter</strong></span> <span class='ocrx_word' id='word_1_130' title='bbox 1781 2093 1986 2146; x_wconf 68' lang='lat' dir='ltr'><strong>praece-</strong></span> 
     </span>
    </p>
   </div>
   <div class='ocr_carea' id='block_1_21' title="bbox 397 2163 1978 2235">
    <p class='ocr_par' dir='ltr' id='par_1_21' title="bbox 397 2163 1978 2235">
     <span class='ocr_line' id='line_1_21' title="bbox 397 2163 1978 2235; baseline 0.007 -21"><span class='ocrx_word' id='word_1_131' title='bbox 397 2165 564 2234; x_wconf 85' lang='lat' dir='ltr'><strong>pisse.</strong></span> <span class='ocrx_word' id='word_1_132' title='bbox 601 2163 734 2217; x_wconf 84' lang='lat' dir='ltr'><strong>Nam</strong></span> <span class='ocrx_word' id='word_1_133' title='bbox 769 2169 960 2234; x_wconf 91' lang='lat' dir='ltr'><strong>utique</strong></span> <span class='ocrx_word' id='word_1_134' title='bbox 1000 2180 1288 2235; x_wconf 85' lang='lat' dir='ltr'><strong>postquam</strong></span> <span class='ocrx_word' id='word_1_135' title='bbox 1326 2169 1624 2233; x_wconf 52' lang='lat' dir='ltr'><strong>discipulos</strong></span> <span class='ocrx_word' id='word_1_136' title='bbox 1677 2173 1978 2226; x_wconf 88' lang='lat' dir='ltr'><strong>orationem</strong></span> 
     </span>
    </p>
   </div>
   <div class='ocr_carea' id='block_1_22' title="bbox 405 2255 1985 2327">
    <p class='ocr_par' dir='ltr' id='par_1_22' title="bbox 405 2255 1985 2327">
     <span class='ocr_line' id='line_1_22' title="bbox 405 2255 1985 2327; baseline 0.005 -21"><span class='ocrx_word' id='word_1_137' title='bbox 405 2255 742 2307; x_wconf 84' lang='lat' dir='ltr'><strong>Dutuinicam</strong></span> <span class='ocrx_word' id='word_1_138' title='bbox 774 2256 982 2319; x_wconf 67' lang='lat' dir='ltr'><strong>deruit,</strong></span> <span class='ocrx_word' id='word_1_139' title='bbox 1010 2257 1152 2311; x_wconf 90' lang='lat' dir='ltr'><strong>hanc</strong></span> <span class='ocrx_word' id='word_1_140' title='bbox 1188 2258 1418 2327; x_wconf 86' lang='lat' dir='ltr'><strong>subjecit</strong></span> <span class='ocrx_word' id='word_1_141' title='bbox 1449 2259 1786 2326; x_wconf 80' lang='lat' dir='ltr'><strong>parabolatn,</strong></span> <span class='ocrx_word' id='word_1_142' title='bbox 1821 2270 1878 2312; x_wconf 90' lang='grc' dir='ltr'><strong>ιιι</strong></span> <span class='ocrx_word' id='word_1_143' title='bbox 1901 2261 1985 2314; x_wconf 87' lang='lat' dir='ltr'><strong>in-</strong></span> 
     </span>
    </p>
   </div>
   <div class='ocr_carea' id='block_1_23' title="bbox 399 2348 1980 2417">
    <p class='ocr_par' dir='ltr' id='par_1_23' title="bbox 399 2348 1980 2417">
     <span class='ocr_line' id='line_1_23' title="bbox 399 2348 1980 2417; baseline 0.004 -19"><span class='ocrx_word' id='word_1_144' title='bbox 399 2348 770 2415; x_wconf 81' lang='lat' dir='ltr'><strong>teltigercmus</strong></span> <span class='ocrx_word' id='word_1_145' title='bbox 806 2351 1146 2417; x_wconf 68' lang='lat' dir='ltr'><strong>importunus</strong></span> <span class='ocrx_word' id='word_1_146' title='bbox 1184 2365 1286 2404; x_wconf 90' lang='lat' dir='ltr'><strong>nos</strong></span> <span class='ocrx_word' id='word_1_147' title='bbox 1335 2353 1542 2406; x_wconf 88' lang='lat' dir='ltr'><strong>amicos</strong></span> <span class='ocrx_word' id='word_1_148' title='bbox 1592 2368 1714 2406; x_wconf 85' lang='lat' dir='ltr'><strong>esse</strong></span> <span class='ocrx_word' id='word_1_149' title='bbox 1756 2353 1980 2417; x_wconf 87' lang='lat' dir='ltr'><strong>debere,</strong></span> 
     </span>
    </p>
   </div>
   <div class='ocr_carea' id='block_1_24' title="bbox 397 2441 1981 2513">
    <p class='ocr_par' dir='ltr' id='par_1_24' title="bbox 397 2441 1981 2513">
     <span class='ocr_line' id='line_1_24' title="bbox 397 2441 1981 2513; baseline 0.003 -20"><span class='ocrx_word' id='word_1_150' title='bbox 397 2457 505 2493; x_wconf 91' lang='lat' dir='ltr'><strong>non</strong></span> <span class='ocrx_word' id='word_1_151' title='bbox 542 2441 969 2509; x_wconf 71' lang='lat' dir='ltr'><strong>exspostulando</strong></span> <span class='ocrx_word' id='word_1_152' title='bbox 1003 2443 1228 2511; x_wconf 89' lang='lat' dir='ltr'><strong>aliquid,</strong></span> <span class='ocrx_word' id='word_1_153' title='bbox 1258 2444 1349 2498; x_wconf 87' lang='lat' dir='ltr'><strong>sed</strong></span> <span class='ocrx_word' id='word_1_154' title='bbox 1378 2447 1556 2511; x_wconf 81' lang='lat' dir='ltr'><strong>potius</strong></span> <span class='ocrx_word' id='word_1_155' title='bbox 1588 2447 1858 2513; x_wconf 86' lang='lat' dir='ltr'><strong>precando</strong></span> <span class='ocrx_word' id='word_1_156' title='bbox 1885 2465 1898 2500; x_wconf 88' lang='lat'><strong>:</strong></span> <span class='ocrx_word' id='word_1_157' title='bbox 1930 2447 1981 2499; x_wconf 94' lang='lat' dir='ltr'><strong>id</strong></span> 
     </span>
    </p>
   </div>
   <div class='ocr_carea' id='block_1_25' title="bbox 397 2532 1979 2606">
    <p class='ocr_par' dir='ltr' id='par_1_25' title="bbox 397 2532 1979 2606">
     <span class='ocr_line' id='line_1_25' title="bbox 397 2532 1979 2606; baseline 0.003 -20"><span class='ocrx_word' id='word_1_158' title='bbox 397 2543 502 2594; x_wconf 83' lang='lat' dir='ltr'><strong>est,</strong></span> <span class='ocrx_word' id='word_1_159' title='bbox 544 2532 822 2586; x_wconf 85' lang='lat' dir='ltr'><strong>Christum</strong></span> <span class='ocrx_word' id='word_1_160' title='bbox 865 2551 971 2588; x_wconf 93' lang='lat' dir='ltr'><strong>nou</strong></span> <span class='ocrx_word' id='word_1_161' title='bbox 1013 2536 1218 2588; x_wconf 79' lang='lat' dir='ltr'><strong>earuali</strong></span> <span class='ocrx_word' id='word_1_162' title='bbox 1257 2553 1415 2588; x_wconf 87' lang='lat' dir='ltr'><strong>manu</strong></span> <span class='ocrx_word' id='word_1_163' title='bbox 1454 2541 1826 2606; x_wconf 82' lang='lat' dir='ltr'><strong>percutienda,</strong></span> <span class='ocrx_word' id='word_1_164' title='bbox 1885 2539 1979 2592; x_wconf 89' lang='lat' dir='ltr'><strong>sed</strong></span> 
     </span>
    </p>
   </div>
   <div class='ocr_carea' id='block_1_26' title="bbox 397 2625 1986 2696">
    <p class='ocr_par' dir='ltr' id='par_1_26' title="bbox 397 2625 1986 2696">
     <span class='ocr_line' id='line_1_26' title="bbox 397 2625 1986 2696; baseline 0.006 -22"><span class='ocrx_word' id='word_1_165' title='bbox 397 2625 672 2692; x_wconf 79' lang='lat' dir='ltr'><strong>spirituali</strong></span> <span class='ocrx_word' id='word_1_166' title='bbox 712 2629 960 2679; x_wconf 89' lang='lat' dir='ltr'><strong>oratione</strong></span> <span class='ocrx_word' id='word_1_167' title='bbox 988 2629 1271 2693; x_wconf 80' lang='lat' dir='ltr'><strong>pulsando.</strong></span> <span class='ocrx_word' id='word_1_168' title='bbox 1301 2627 1418 2696; x_wconf 89' lang='lat' dir='ltr'><strong>Ipse</strong></span> <span class='ocrx_word' id='word_1_169' title='bbox 1445 2631 1617 2690; x_wconf 87' lang='lat' dir='ltr'><strong>enim,</strong></span> <span class='ocrx_word' id='word_1_170' title='bbox 1650 2629 1694 2684; x_wconf 89' lang='lat' dir='ltr'><strong>si</strong></span> <span class='ocrx_word' id='word_1_171' title='bbox 1729 2640 1875 2684; x_wconf 90' lang='lat' dir='ltr'><strong>recte</strong></span> <span class='ocrx_word' id='word_1_172' title='bbox 1903 2631 1986 2683; x_wconf 82' lang='lat' dir='ltr'><strong>vi-</strong></span> 
     </span>
    </p>
   </div>
   <div class='ocr_carea' id='block_1_27' title="bbox 399 2719 1982 2789">
    <p class='ocr_par' dir='ltr' id='par_1_27' title="bbox 399 2719 1982 2789">
     <span class='ocr_line' id='line_1_27' title="bbox 399 2719 1982 2789; baseline 0.006 -24"><span class='ocrx_word' id='word_1_173' title='bbox 399 2719 598 2781; x_wconf 83' lang='lat' dir='ltr'><strong>vimus,</strong></span> <span class='ocrx_word' id='word_1_174' title='bbox 635 2723 842 2772; x_wconf 87' lang='lat' dir='ltr'><strong>amicus</strong></span> <span class='ocrx_word' id='word_1_175' title='bbox 872 2731 1063 2772; x_wconf 85' lang='lat' dir='ltr'><strong>uoster</strong></span> <span class='ocrx_word' id='word_1_176' title='bbox 1096 2730 1202 2773; x_wconf 92' lang='lat' dir='ltr'><strong>est.</strong></span> <span class='ocrx_word' id='word_1_177' title='bbox 1236 2721 1370 2772; x_wconf 82' lang='lat' dir='ltr'><strong>Nam</strong></span> <span class='ocrx_word' id='word_1_178' title='bbox 1408 2724 1532 2789; x_wconf 82' lang='lat' dir='ltr'><strong>quis</strong></span> <span class='ocrx_word' id='word_1_179' title='bbox 1567 2725 1796 2776; x_wconf 88' lang='lat' dir='ltr'><strong>amicior</strong></span> <span class='ocrx_word' id='word_1_180' title='bbox 1825 2722 1982 2775; x_wconf 86' lang='lat' dir='ltr'><strong>nobis</strong></span> 
     </span>
    </p>
   </div>
   <div class='ocr_carea' id='block_1_28' title="bbox 398 2812 1985 2885">
    <p class='ocr_par' dir='ltr' id='par_1_28' title="bbox 398 2812 1985 2885">
     <span class='ocr_line' id='line_1_28' title="bbox 398 2812 1985 2885; baseline 0.005 -25"><span class='ocrx_word' id='word_1_181' title='bbox 398 2824 504 2876; x_wconf 87' lang='lat' dir='ltr'><strong>est,</strong></span> <span class='ocrx_word' id='word_1_182' title='bbox 531 2828 690 2878; x_wconf 77' lang='lat' dir='ltr'><strong>qu.tltt</strong></span> <span class='ocrx_word' id='word_1_183' title='bbox 721 2812 807 2865; x_wconf 82' lang='lat' dir='ltr'><strong>ille</strong></span> <span class='ocrx_word' id='word_1_184' title='bbox 831 2813 922 2881; x_wconf 91' lang='lat' dir='ltr'><strong>qui</strong></span> <span class='ocrx_word' id='word_1_185' title='bbox 953 2815 1129 2881; x_wconf 89' lang='lat' dir='ltr'><strong>pretio</strong></span> <span class='ocrx_word' id='word_1_186' title='bbox 1155 2816 1240 2868; x_wconf 90' lang='lat' dir='ltr'><strong>sui</strong></span> <span class='ocrx_word' id='word_1_187' title='bbox 1265 2817 1547 2885; x_wconf 89' lang='lat' dir='ltr'><strong>sanguinis</strong></span> <span class='ocrx_word' id='word_1_188' title='bbox 1577 2832 1676 2868; x_wconf 87' lang='lat' dir='ltr'><strong>nos</strong></span> <span class='ocrx_word' id='word_1_189' title='bbox 1709 2816 1985 2869; x_wconf 83' lang='lat' dir='ltr'><strong>redemit?</strong></span> 
     </span>
    </p>
   </div>
   <div class='ocr_carea' id='block_1_29' title="bbox 397 2902 1984 2974">
    <p class='ocr_par' dir='ltr' id='par_1_29' title="bbox 397 2902 1984 2974">
     <span class='ocr_line' id='line_1_29' title="bbox 397 2902 1984 2974; baseline 0.003 -19"><span class='ocrx_word' id='word_1_190' title='bbox 397 2902 539 2970; x_wconf 79' lang='lat' dir='ltr'><strong>Ipse,</strong></span> <span class='ocrx_word' id='word_1_191' title='bbox 569 2905 808 2973; x_wconf 85' lang='lat' dir='ltr'><strong>inquam,</strong></span> <span class='ocrx_word' id='word_1_192' title='bbox 839 2907 1067 2958; x_wconf 88' lang='lat' dir='ltr'><strong>amicior</strong></span> <span class='ocrx_word' id='word_1_193' title='bbox 1089 2909 1344 2960; x_wconf 88' lang='lat' dir='ltr'><strong>omuilms</strong></span> <span class='ocrx_word' id='word_1_194' title='bbox 1373 2916 1453 2960; x_wconf 85' lang='lat' dir='ltr'><strong>est</strong></span> <span class='ocrx_word' id='word_1_195' title='bbox 1480 2923 1498 2961; x_wconf 89' lang='lat'><strong><em>:</em></strong></span> <span class='ocrx_word' id='word_1_196' title='bbox 1524 2908 1616 2974; x_wconf 85' lang='lat' dir='ltr'><strong>qui</strong></span> <span class='ocrx_word' id='word_1_197' title='bbox 1642 2925 1761 2962; x_wconf 91' lang='lat' dir='ltr'><strong>cum</strong></span> <span class='ocrx_word' id='word_1_198' title='bbox 1784 2909 1854 2962; x_wconf 89' lang='lat' dir='ltr'><strong>sit</strong></span> <span class='ocrx_word' id='word_1_199' title='bbox 1883 2907 1984 2960; x_wconf 84' lang='lat' dir='ltr'><strong>Do-</strong></span> 
     </span>
    </p>
   </div>
   <div class='ocr_carea' id='block_1_30' title="bbox 401 2991 1979 3066">
    <p class='ocr_par' dir='ltr' id='par_1_30' title="bbox 401 2991 1979 3066">
     <span class='ocr_line' id='line_1_30' title="bbox 401 2991 1979 3066; baseline 0.008 -27"><span class='ocrx_word' id='word_1_200' title='bbox 401 2991 600 3047; x_wconf 70' lang='lat' dir='ltr'><strong>minus,</strong></span> <span class='ocrx_word' id='word_1_201' title='bbox 630 2992 838 3044; x_wconf 75' lang='lat' dir='ltr'><strong>andcus</strong></span> <span class='ocrx_word' id='word_1_202' title='bbox 877 3008 998 3046; x_wconf 81' lang='lat' dir='ltr'><strong>esse</strong></span> <span class='ocrx_word' id='word_1_203' title='bbox 1027 2995 1301 3061; x_wconf 86' lang='lat' dir='ltr'><strong>dignatur,</strong></span> <span class='ocrx_word' id='word_1_204' title='bbox 1335 2995 1525 3050; x_wconf 81' lang='lat' dir='ltr'><strong>dlCcttS</strong></span> <span class='ocrx_word' id='word_1_205' title='bbox 1557 2998 1623 3050; x_wconf 89' lang='lat' dir='ltr'><strong>ad</strong></span> <span class='ocrx_word' id='word_1_206' title='bbox 1657 2998 1934 3066; x_wconf 86' lang='lat' dir='ltr'><strong>apostolos</strong></span> <span class='ocrx_word' id='word_1_207' title='bbox 1964 3015 1979 3052; x_wconf 91' lang='lat'><strong>:</strong></span> 
     </span>
    </p>
   </div>
   <div class='ocr_carea' id='block_1_31' title="bbox 981 289 3113 374">
    <p class='ocr_par' dir='ltr' id='par_1_31' title="bbox 981 289 3113 374">
     <span class='ocr_line' id='line_1_31' title="bbox 981 289 3113 374; baseline 0.012 -27"><span class='ocrx_word' id='word_1_208' title='bbox 981 289 1357 350; x_wconf 76' lang='lat' dir='ltr'><strong>EI’ISTOLA</strong></span> <span class='ocrx_word' id='word_1_209' title='bbox 1404 291 1683 354; x_wconf 80' lang='lat' dir='ltr'><strong>XXXIX.</strong></span> <span class='ocrx_word' id='word_1_210' title='bbox 1735 295 1836 355; x_wconf 85' lang='lat' dir='ltr'><strong>DE</strong></span> <span class='ocrx_word' id='word_1_211' title='bbox 1880 297 2525 366; x_wconf 68' lang='lat' dir='ltr'><strong>PERFEI&#39;ERIINTIA</strong></span> <span class='ocrx_word' id='word_1_212' title='bbox 2569 308 2651 365; x_wconf 79' lang='lat' dir='ltr'><strong>IN</strong></span> <span class='ocrx_word' id='word_1_213' title='bbox 2692 308 3113 374; x_wconf 77' lang='lat' dir='ltr'><strong>ORATIONE.</strong></span> 
     </span>
    </p>
   </div>
   <div class='ocr_carea' id='block_1_32' title="bbox 3570 321 3677 382">
    <p class='ocr_par' dir='ltr' id='par_1_32' title="bbox 3570 321 3677 382">
     <span class='ocr_line' id='line_1_32' title="bbox 3570 321 3677 382; baseline 0 0"><span class='ocrx_word' id='word_1_214' title='bbox 3570 321 3677 382; x_wconf 75' lang='lat' dir='ltr'><strong>28&#39;i</strong></span> 
     </span>
    </p>
   </div>
   <div class='ocr_carea' id='block_1_33' title="bbox 2021 417 3677 498">
    <p class='ocr_par' dir='ltr' id='par_1_33' title="bbox 2021 417 3677 498">
     <span class='ocr_line' id='line_1_33' title="bbox 2021 417 3677 498; baseline 0.01 -32"><span class='ocrx_word' id='word_1_215' title='bbox 2021 425 2066 481; x_wconf 72' lang='grc' dir='ltr'>Α</span> <span class='ocrx_word' id='word_1_216' title='bbox 2096 425 2148 468; x_wconf 78' lang='lat' dir='ltr'><strong>et</strong></span> <span class='ocrx_word' id='word_1_217' title='bbox 2184 417 2354 471; x_wconf 86' lang='lat' dir='ltr'><strong>media</strong></span> <span class='ocrx_word' id='word_1_218' title='bbox 2388 428 2546 473; x_wconf 92' lang='lat' dir='ltr'><strong>nocte</strong></span> <span class='ocrx_word' id='word_1_219' title='bbox 2581 421 2876 490; x_wconf 82' lang='lat' dir='ltr'><strong>pulsentus,</strong></span> <span class='ocrx_word' id='word_1_220' title='bbox 2917 441 2984 478; x_wconf 91' lang='lat' dir='ltr'><strong>ne</strong></span> <span class='ocrx_word' id='word_1_221' title='bbox 3017 427 3197 494; x_wconf 78' lang='lat' dir='ltr'><strong>gravis</strong></span> <span class='ocrx_word' id='word_1_222' title='bbox 3220 441 3318 480; x_wconf 91' lang='lat' dir='ltr'><strong>nos</strong></span> <span class='ocrx_word' id='word_1_223' title='bbox 3355 427 3423 482; x_wconf 88' lang='lat' dir='ltr'><strong>ad</strong></span> <span class='ocrx_word' id='word_1_224' title='bbox 3451 427 3677 498; x_wconf 82' lang='lat' dir='ltr'><strong>vigilan-</strong></span> 
     </span>
    </p>
   </div>
   <div class='ocr_carea' id='block_1_34' title="bbox 2090 507 3671 586">
    <p class='ocr_par' dir='ltr' id='par_1_34' title="bbox 2090 507 3671 586">
     <span class='ocr_line' id='line_1_34' title="bbox 2090 507 3671 586; baseline 0.009 -26"><span class='ocrx_word' id='word_1_225' title='bbox 2090 507 2214 560; x_wconf 84' lang='lat' dir='ltr'><strong>dum</strong></span> <span class='ocrx_word' id='word_1_226' title='bbox 2235 521 2578 575; x_wconf 80' lang='lat' dir='ltr'><strong>peccatorum</strong></span> <span class='ocrx_word' id='word_1_227' title='bbox 2594 527 2820 567; x_wconf 89' lang='lat' dir='ltr'><strong>somnus</strong></span> <span class='ocrx_word' id='word_1_228' title='bbox 2847 514 3099 580; x_wconf 79' lang='lat' dir='ltr'><strong>invadat;</strong></span> <span class='ocrx_word' id='word_1_229' title='bbox 3124 519 3382 584; x_wconf 90' lang='lat' dir='ltr'><strong>quoniam</strong></span> <span class='ocrx_word' id='word_1_230' title='bbox 3408 519 3671 586; x_wconf 78' lang='lat' dir='ltr'><strong>scriptum</strong></span> 
     </span>
    </p>
   </div>
   <div class='ocr_carea' id='block_1_35' title="bbox 2086 598 3675 673">
    <p class='ocr_par' dir='ltr' id='par_1_35' title="bbox 2086 598 3675 673">
     <span class='ocr_line' id='line_1_35' title="bbox 2086 598 3675 673; baseline 0.008 -23"><span class='ocrx_word' id='word_1_231' title='bbox 2086 608 2201 651; x_wconf 89' lang='lat' dir='ltr'><strong>est:</strong></span> <span class='ocrx_word' id='word_1_232' title='bbox 2257 598 2413 652; x_wconf 87' lang='lat' dir='ltr'><strong>Beati</strong></span> <span class='ocrx_word' id='word_1_233' title='bbox 2460 603 2595 655; x_wconf 77' lang='lat' dir='ltr'><strong>servi</strong></span> <span class='ocrx_word' id='word_1_234' title='bbox 2639 619 2768 673; x_wconf 87' lang='lat' dir='ltr'><strong>quos</strong></span> <span class='ocrx_word' id='word_1_235' title='bbox 2831 621 2947 658; x_wconf 85' lang='lat' dir='ltr'><strong>cum</strong></span> <span class='ocrx_word' id='word_1_236' title='bbox 2991 609 3188 659; x_wconf 77' lang='lat' dir='ltr'><strong>venerit</strong></span> <span class='ocrx_word' id='word_1_237' title='bbox 3237 607 3492 660; x_wconf 82' lang='lat' dir='ltr'><strong>Dominus</strong></span> <span class='ocrx_word' id='word_1_238' title='bbox 3534 609 3675 662; x_wconf 73' lang='lat' dir='ltr'><strong>inue-</strong></span> 
     </span>
    </p>
   </div>
   <div class='ocr_carea' id='block_1_36' title="bbox 2089 691 3666 761">
    <p class='ocr_par' dir='ltr' id='par_1_36' title="bbox 2089 691 3666 761">
     <span class='ocr_line' id='line_1_36' title="bbox 2089 691 3666 761; baseline 0.008 -20"><span class='ocrx_word' id='word_1_239' title='bbox 2089 691 2223 742; x_wconf 85' lang='lat' dir='ltr'><strong>nerit</strong></span> <span class='ocrx_word' id='word_1_240' title='bbox 2252 691 2528 760; x_wconf 68' lang='lat' dir='ltr'><strong>vigilantes</strong></span> <span class='ocrx_word' id='word_1_241' title='bbox 2559 693 2712 756; x_wconf 89' lang='lat' dir='ltr'><strong>(Luc.</strong></span> <span class='ocrx_word' id='word_1_242' title='bbox 2746 710 2846 761; x_wconf 79' lang='lat' dir='ltr'><strong>xu,</strong></span> <span class='ocrx_word' id='word_1_243' title='bbox 2918 697 3030 761; x_wconf 76' lang='lat'><strong>37).</strong></span> <span class='ocrx_word' id='word_1_244' title='bbox 3080 695 3196 751; x_wconf 32' lang='lat' dir='ltr'><strong>I‘loc</strong></span> <span class='ocrx_word' id='word_1_245' title='bbox 3231 708 3414 752; x_wconf 87' lang='lat' dir='ltr'><strong>autem</strong></span> <span class='ocrx_word' id='word_1_246' title='bbox 3467 702 3666 752; x_wconf 84' lang='lat' dir='ltr'><strong>ostium</strong></span> 
     </span>
    </p>
   </div>
   <div class='ocr_carea' id='block_1_37' title="bbox 2083 783 3669 856">
    <p class='ocr_par' dir='ltr' id='par_1_37' title="bbox 2083 783 3669 856">
     <span class='ocr_line' id='line_1_37' title="bbox 2083 783 3669 856; baseline 0.004 -20"><span class='ocrx_word' id='word_1_247' title='bbox 2083 783 2283 851; x_wconf 72' lang='lat' dir='ltr'><strong>aperiri</strong></span> <span class='ocrx_word' id='word_1_248' title='bbox 2319 783 2420 836; x_wconf 86' lang='lat' dir='ltr'><strong>sibi</strong></span> <span class='ocrx_word' id='word_1_249' title='bbox 2449 783 2737 853; x_wconf 84' lang='lat' dir='ltr'><strong>Apostolus</strong></span> <span class='ocrx_word' id='word_1_250' title='bbox 2778 788 3046 856; x_wconf 75' lang='lat' dir='ltr'><strong>expOscit,</strong></span> <span class='ocrx_word' id='word_1_251' title='bbox 3083 804 3188 841; x_wconf 90' lang='lat' dir='ltr'><strong>non</strong></span> <span class='ocrx_word' id='word_1_252' title='bbox 3221 790 3394 841; x_wconf 90' lang='lat' dir='ltr'><strong>solum</strong></span> <span class='ocrx_word' id='word_1_253' title='bbox 3421 793 3545 853; x_wconf 91' lang='lat' dir='ltr'><strong>tuis,</strong></span> <span class='ocrx_word' id='word_1_254' title='bbox 3572 790 3669 844; x_wconf 87' lang='lat' dir='ltr'><strong>sed</strong></span> 
     </span>
    </p>
   </div>
   <div class='ocr_carea' id='block_1_38' title="bbox 2083 873 3667 947">
    <p class='ocr_par' dir='ltr' id='par_1_38' title="bbox 2083 873 3667 947">
     <span class='ocr_line' id='line_1_38' title="bbox 2083 873 3667 947; baseline 0.003 -21"><span class='ocrx_word' id='word_1_255' title='bbox 2083 873 2245 926; x_wconf 86' lang='lat' dir='ltr'><strong>etiam</strong></span> <span class='ocrx_word' id='word_1_256' title='bbox 2273 878 2508 943; x_wconf 73' lang='lat' dir='ltr'><strong>propriis</strong></span> <span class='ocrx_word' id='word_1_257' title='bbox 2531 878 2872 930; x_wconf 72' lang='lat' dir='ltr'><strong>orationibus</strong></span> <span class='ocrx_word' id='word_1_258' title='bbox 2902 883 3202 934; x_wconf 78' lang='lat' dir='ltr'><strong>obsecrans</strong></span> <span class='ocrx_word' id='word_1_259' title='bbox 3233 895 3292 932; x_wconf 91' lang='lat' dir='ltr'><strong>se</strong></span> <span class='ocrx_word' id='word_1_260' title='bbox 3320 880 3528 947; x_wconf 86' lang='lat' dir='ltr'><strong>juvari,</strong></span> <span class='ocrx_word' id='word_1_261' title='bbox 3580 881 3667 934; x_wconf 85' lang='lat' dir='ltr'><strong>di-</strong></span> 
     </span>
    </p>
   </div>
   <div class='ocr_carea' id='block_1_39' title="bbox 2082 967 3668 1040">
    <p class='ocr_par' dir='ltr' id='par_1_39' title="bbox 2082 967 3668 1040">
     <span class='ocr_line' id='line_1_39' title="bbox 2082 967 3668 1040; baseline 0.002 -20"><span class='ocrx_word' id='word_1_262' title='bbox 2082 982 2250 1021; x_wconf 85' lang='lat' dir='ltr'><strong>cens:</strong></span> <span class='ocrx_word' id='word_1_263' title='bbox 2341 967 2407 1021; x_wconf 87' lang='lat' dir='ltr'><strong>Ut</strong></span> <span class='ocrx_word' id='word_1_264' title='bbox 2465 972 2741 1036; x_wconf 86' lang='lat' dir='ltr'><strong>aperiatur</strong></span> <span class='ocrx_word' id='word_1_265' title='bbox 2792 973 2928 1022; x_wconf 86' lang='lat' dir='ltr'><strong>mihi</strong></span> <span class='ocrx_word' id='word_1_266' title='bbox 2979 974 3167 1025; x_wconf 90' lang='lat' dir='ltr'><strong>ostium</strong></span> <span class='ocrx_word' id='word_1_267' title='bbox 3221 975 3290 1023; x_wconf 87' lang='lat' dir='ltr'><strong>ad</strong></span> <span class='ocrx_word' id='word_1_268' title='bbox 3345 971 3668 1040; x_wconf 84' lang='lat' dir='ltr'><strong>loquendum</strong></span> 
     </span>
    </p>
   </div>
   <div class='ocr_carea' id='block_1_40' title="bbox 2089 1061 3667 1133">
    <p class='ocr_par' dir='ltr' id='par_1_40' title="bbox 2089 1061 3667 1133">
     <span class='ocr_line' id='line_1_40' title="bbox 2089 1061 3667 1133; baseline 0.004 -21"><span class='ocrx_word' id='word_1_269' title='bbox 2089 1063 2396 1130; x_wconf 81' lang='lat' dir='ltr'><strong>mysterium</strong></span> <span class='ocrx_word' id='word_1_270' title='bbox 2448 1061 2648 1117; x_wconf 79' lang='lat' dir='ltr'><strong>Christi</strong></span> <span class='ocrx_word' id='word_1_271' title='bbox 2682 1064 2909 1132; x_wconf 79' lang='lat' dir='ltr'><strong>(Co/oss.</strong></span> <span class='ocrx_word' id='word_1_272' title='bbox 2941 1081 3014 1127; x_wconf 81' lang='lat' dir='ltr'><strong>tv,</strong></span> <span class='ocrx_word' id='word_1_273' title='bbox 3064 1066 3159 1133; x_wconf 69' lang='lat'><strong>3);</strong></span> <span class='ocrx_word' id='word_1_274' title='bbox 3213 1067 3424 1119; x_wconf 86' lang='lat' dir='ltr'><strong>scilicet</strong></span> <span class='ocrx_word' id='word_1_275' title='bbox 3475 1073 3667 1131; x_wconf 84' lang='lat' dir='ltr'><strong>aperto</strong></span> 
     </span>
    </p>
   </div>
   <div class='ocr_carea' id='block_1_41' title="bbox 2083 1157 3668 1225">
    <p class='ocr_par' dir='ltr' id='par_1_41' title="bbox 2083 1157 3668 1225">
     <span class='ocr_line' id='line_1_41' title="bbox 2083 1157 3668 1225; baseline 0.002 -18"><span class='ocrx_word' id='word_1_276' title='bbox 2083 1157 2227 1207; x_wconf 87' lang='lat' dir='ltr'><strong>ostio</strong></span> <span class='ocrx_word' id='word_1_277' title='bbox 2263 1157 2384 1209; x_wconf 91' lang='lat' dir='ltr'><strong>illos</strong></span> <span class='ocrx_word' id='word_1_278' title='bbox 2413 1159 2742 1210; x_wconf 72' lang='lat' dir='ltr'><strong>sacramenti</strong></span> <span class='ocrx_word' id='word_1_279' title='bbox 2777 1172 2947 1225; x_wconf 87' lang='lat' dir='ltr'><strong>panes</strong></span> <span class='ocrx_word' id='word_1_280' title='bbox 3008 1161 3261 1225; x_wconf 85' lang='lat' dir='ltr'><strong>accipere</strong></span> <span class='ocrx_word' id='word_1_281' title='bbox 3320 1159 3668 1220; x_wconf 79' lang='lat' dir='ltr'><strong>desiderans,</strong></span> 
     </span>
    </p>
   </div>
   <div class='ocr_carea' id='block_1_42' title="bbox 2084 1248 3674 1320">
    <p class='ocr_par' dir='ltr' id='par_1_42' title="bbox 2084 1248 3674 1320">
     <span class='ocr_line' id='line_1_42' title="bbox 2084 1248 3674 1320; baseline 0.001 -20"><span class='ocrx_word' id='word_1_282' title='bbox 2084 1248 2150 1300; x_wconf 91' lang='lat' dir='ltr'><strong>de</strong></span> <span class='ocrx_word' id='word_1_283' title='bbox 2186 1248 2386 1315; x_wconf 84' lang='lat' dir='ltr'><strong>quibus</strong></span> <span class='ocrx_word' id='word_1_284' title='bbox 2427 1251 2719 1301; x_wconf 83' lang='lat' dir='ltr'><strong>esurientis</strong></span> <span class='ocrx_word' id='word_1_285' title='bbox 2775 1251 2992 1316; x_wconf 77' lang='lat' dir='ltr'><strong>gentilis</strong></span> <span class='ocrx_word' id='word_1_286' title='bbox 3023 1252 3201 1317; x_wconf 90' lang='lat' dir='ltr'><strong>populi</strong></span> <span class='ocrx_word' id='word_1_287' title='bbox 3233 1251 3297 1302; x_wconf 91' lang='lat' dir='ltr'><strong>ad</strong></span> <span class='ocrx_word' id='word_1_288' title='bbox 3336 1265 3674 1320; x_wconf 81' lang='lat' dir='ltr'><strong>cognoscen-</strong></span> 
     </span>
    </p>
   </div>
   <div class='ocr_carea' id='block_1_43' title="bbox 2086 1338 3668 1410">
    <p class='ocr_par' dir='ltr' id='par_1_43' title="bbox 2086 1338 3668 1410">
     <span class='ocr_line' id='line_1_43' title="bbox 2086 1338 3668 1410; baseline 0.001 -19"><span class='ocrx_word' id='word_1_289' title='bbox 2086 1339 2212 1391; x_wconf 88' lang='lat' dir='ltr'><strong>dunt</strong></span> <span class='ocrx_word' id='word_1_290' title='bbox 2244 1338 2530 1390; x_wconf 87' lang='lat' dir='ltr'><strong>Dominqu</strong></span> <span class='ocrx_word' id='word_1_291' title='bbox 2560 1339 2736 1392; x_wconf 90' lang='lat' dir='ltr'><strong>inedia</strong></span> <span class='ocrx_word' id='word_1_292' title='bbox 2770 1353 3070 1394; x_wconf 78' lang='lat' dir='ltr'><strong>saturetur.</strong></span> <span class='ocrx_word' id='word_1_293' title='bbox 3107 1341 3168 1392; x_wconf 83' lang='lat' dir='ltr'><strong>Et</strong></span> <span class='ocrx_word' id='word_1_294' title='bbox 3218 1357 3317 1394; x_wconf 90' lang='lat' dir='ltr'><strong>nos</strong></span> <span class='ocrx_word' id='word_1_295' title='bbox 3349 1357 3483 1410; x_wconf 90' lang='lat' dir='ltr'><strong>ergo</strong></span> <span class='ocrx_word' id='word_1_296' title='bbox 3541 1341 3668 1410; x_wconf 90' lang='lat' dir='ltr'><strong>pul-</strong></span> 
     </span>
    </p>
   </div>
   <div class='ocr_carea' id='block_1_44' title="bbox 2085 1430 3665 1500">
    <p class='ocr_par' dir='ltr' id='par_1_44' title="bbox 2085 1430 3665 1500">
     <span class='ocr_line' id='line_1_44' title="bbox 2085 1430 3665 1500; baseline 0.001 -17"><span class='ocrx_word' id='word_1_297' title='bbox 2085 1444 2268 1483; x_wconf 90' lang='lat' dir='ltr'><strong>semus</strong></span> <span class='ocrx_word' id='word_1_298' title='bbox 2301 1431 2400 1484; x_wconf 92' lang='lat' dir='ltr'><strong>hoc</strong></span> <span class='ocrx_word' id='word_1_299' title='bbox 2429 1430 2632 1484; x_wconf 82' lang='lat' dir='ltr'><strong>OSlIttln</strong></span> <span class='ocrx_word' id='word_1_300' title='bbox 2665 1440 2719 1484; x_wconf 82' lang='lat' dir='ltr'><strong>et</strong></span> <span class='ocrx_word' id='word_1_301' title='bbox 2761 1443 3172 1500; x_wconf 85' lang='lat' dir='ltr'><strong>perseveranter</strong></span> <span class='ocrx_word' id='word_1_302' title='bbox 3202 1449 3444 1498; x_wconf 91' lang='lat' dir='ltr'><strong>oremus,</strong></span> <span class='ocrx_word' id='word_1_303' title='bbox 3482 1443 3540 1485; x_wconf 85' lang='lat' dir='ltr'><strong>ut</strong></span> <span class='ocrx_word' id='word_1_304' title='bbox 3597 1446 3665 1486; x_wconf 76' lang='lat' dir='ltr'><strong>ex</strong></span> 
     </span>
    </p>
   </div>
   <div class='ocr_carea' id='block_1_45' title="bbox 2086 1522 3667 1594">
    <p class='ocr_par' dir='ltr' id='par_1_45' title="bbox 2086 1522 3667 1594">
     <span class='ocr_line' id='line_1_45' title="bbox 2086 1522 3667 1594; baseline 0.001 -20"><span class='ocrx_word' id='word_1_305' title='bbox 2086 1522 2206 1591; x_wconf 90' lang='lat' dir='ltr'><strong>ipso</strong></span> <span class='ocrx_word' id='word_1_306' title='bbox 2233 1523 2518 1588; x_wconf 68' lang='lat' dir='ltr'><strong>sapientia:</strong></span> <span class='ocrx_word' id='word_1_307' title='bbox 2545 1533 2598 1576; x_wconf 93' lang='lat' dir='ltr'><strong>et</strong></span> <span class='ocrx_word' id='word_1_308' title='bbox 2633 1523 2876 1577; x_wconf 65' lang='lat' dir='ltr'><strong>scientiae</strong></span> <span class='ocrx_word' id='word_1_309' title='bbox 2929 1540 3120 1594; x_wconf 88' lang='lat' dir='ltr'><strong>panem</strong></span> <span class='ocrx_word' id='word_1_310' title='bbox 3154 1526 3400 1591; x_wconf 83' lang='lat' dir='ltr'><strong>accipere</strong></span> <span class='ocrx_word' id='word_1_311' title='bbox 3462 1539 3667 1578; x_wconf 83' lang='lat' dir='ltr'><strong>increa-</strong></span> 
     </span>
    </p>
   </div>
   <div class='ocr_carea' id='block_1_46' title="bbox 2086 1612 3664 1684">
    <p class='ocr_par' dir='ltr' id='par_1_46' title="bbox 2086 1612 3664 1684">
     <span class='ocr_line' id='line_1_46' title="bbox 2086 1612 3664 1684; baseline 0.002 -21"><span class='ocrx_word' id='word_1_312' title='bbox 2086 1628 2230 1666; x_wconf 92' lang='lat' dir='ltr'><strong>mur.</strong></span> <span class='ocrx_word' id='word_1_313' title='bbox 2285 1612 2417 1665; x_wconf 83' lang='lat' dir='ltr'><strong>Nam</strong></span> <span class='ocrx_word' id='word_1_314' title='bbox 2465 1613 2569 1668; x_wconf 90' lang='lat' dir='ltr'><strong>nisi</strong></span> <span class='ocrx_word' id='word_1_315' title='bbox 2599 1615 2960 1668; x_wconf 83' lang='lat' dir='ltr'><strong>substantiam</strong></span> <span class='ocrx_word' id='word_1_316' title='bbox 2997 1616 3197 1670; x_wconf 80' lang='lat' dir='ltr'><strong>exinde</strong></span> <span class='ocrx_word' id='word_1_317' title='bbox 3251 1616 3664 1684; x_wconf 86' lang='lat' dir='ltr'><strong>sumpserimus,</strong></span> 
     </span>
    </p>
   </div>
   <div class='ocr_carea' id='block_1_47' title="bbox 2090 1703 3665 1775">
    <p class='ocr_par' dir='ltr' id='par_1_47' title="bbox 2090 1703 3665 1775">
     <span class='ocr_line' id='line_1_47' title="bbox 2090 1703 3665 1775; baseline 0.001 -21"><span class='ocrx_word' id='word_1_318' title='bbox 2090 1703 2450 1757; x_wconf 79' lang='lat' dir='ltr'><strong>fraternitatis</strong></span> <span class='ocrx_word' id='word_1_319' title='bbox 2477 1705 2635 1758; x_wconf 91' lang='lat' dir='ltr'><strong>istius</strong></span> <span class='ocrx_word' id='word_1_320' title='bbox 2660 1704 2992 1759; x_wconf 87' lang='lat' dir='ltr'><strong>desiderium</strong></span> <span class='ocrx_word' id='word_1_321' title='bbox 3025 1705 3252 1775; x_wconf 87' lang='lat' dir='ltr'><strong>proprio</strong></span> <span class='ocrx_word' id='word_1_322' title='bbox 3295 1719 3552 1759; x_wconf 88' lang='lat' dir='ltr'><strong>sermone</strong></span> <span class='ocrx_word' id='word_1_323' title='bbox 3577 1718 3665 1756; x_wconf 88' lang='lat' dir='ltr'><strong>re-</strong></span> 
     </span>
    </p>
   </div>
   <div class='ocr_carea' id='block_1_48' title="bbox 2088 1795 2672 1850">
    <p class='ocr_par' dir='ltr' id='par_1_48' title="bbox 2088 1795 2672 1850">
     <span class='ocr_line' id='line_1_48' title="bbox 2088 1795 2672 1850; baseline -0.003 0"><span class='ocrx_word' id='word_1_324' title='bbox 2088 1795 2248 1850; x_wconf 81' lang='lat' dir='ltr'><strong>ﬁcere</strong></span> <span class='ocrx_word' id='word_1_325' title='bbox 2267 1811 2372 1848; x_wconf 91' lang='lat' dir='ltr'><strong>non</strong></span> <span class='ocrx_word' id='word_1_326' title='bbox 2406 1795 2672 1848; x_wconf 84' lang='lat' dir='ltr'><strong>valemus.</strong></span> 
     </span>
    </p>
   </div>
   <div class='ocr_carea' id='block_1_49' title="bbox 2157 1877 3663 1958">
    <p class='ocr_par' dir='ltr' id='par_1_49' title="bbox 2157 1877 3663 1958">
     <span class='ocr_line' id='line_1_49' title="bbox 2157 1877 3663 1958; baseline -0.002 -16"><span class='ocrx_word' id='word_1_327' title='bbox 2157 1886 2247 1942; x_wconf 91' lang='lat' dir='ltr'><strong>VI.</strong></span> <span class='ocrx_word' id='word_1_328' title='bbox 2287 1887 2382 1943; x_wconf 85' lang='lat' dir='ltr'><strong>Vel</strong></span> <span class='ocrx_word' id='word_1_329' title='bbox 2411 1891 2570 1942; x_wconf 92' lang='lat' dir='ltr'><strong>homo</strong></span> <span class='ocrx_word' id='word_1_330' title='bbox 2600 1891 2700 1942; x_wconf 90' lang='lat' dir='ltr'><strong>iste</strong></span> <span class='ocrx_word' id='word_1_331' title='bbox 2717 1889 2939 1955; x_wconf 84' lang='lat' dir='ltr'><strong>quilibet</strong></span> <span class='ocrx_word' id='word_1_332' title='bbox 2961 1889 3299 1944; x_wconf 87' lang='lat' dir='ltr'><strong>Christianus</strong></span> <span class='ocrx_word' id='word_1_333' title='bbox 3322 1877 3663 1958; x_wconf 78' lang='lat' dir='ltr'><strong>intelligitur,</strong></span> 
     </span>
    </p>
   </div>
   <div class='ocr_carea' id='block_1_50' title="bbox 2085 1977 3666 2049">
    <p class='ocr_par' dir='ltr' id='par_1_50' title="bbox 2085 1977 3666 2049">
     <span class='ocr_line' id='line_1_50' title="bbox 2085 1977 3666 2049; baseline 0.003 -19"><span class='ocrx_word' id='word_1_334' title='bbox 2085 1977 2175 2048; x_wconf 90' lang='lat' dir='ltr'><strong>qui</strong></span> <span class='ocrx_word' id='word_1_335' title='bbox 2203 1977 2359 2031; x_wconf 81' lang='lat' dir='ltr'><strong>ﬁdem</strong></span> <span class='ocrx_word' id='word_1_336' title='bbox 2396 1977 2680 2032; x_wconf 89' lang='lat' dir='ltr'><strong>Trinitatis</strong></span> <span class='ocrx_word' id='word_1_337' title='bbox 2711 1981 3084 2033; x_wconf 86' lang='lat' dir='ltr'><strong>tantummodo</strong></span> <span class='ocrx_word' id='word_1_338' title='bbox 3113 1981 3365 2048; x_wconf 82' lang='lat' dir='ltr'><strong>intelligit</strong></span> <span class='ocrx_word' id='word_1_339' title='bbox 3386 1996 3405 2034; x_wconf 90' lang='lat'><strong><em>:</em></strong></span> <span class='ocrx_word' id='word_1_340' title='bbox 3438 1989 3492 2032; x_wconf 89' lang='lat' dir='ltr'><strong>et</strong></span> <span class='ocrx_word' id='word_1_341' title='bbox 3519 1980 3666 2049; x_wconf 85' lang='lat' dir='ltr'><strong>quod</strong></span> 
     </span>
    </p>
   </div>
   <div class='ocr_carea' id='block_1_51' title="bbox 2086 2071 3665 2141">
    <p class='ocr_par' dir='ltr' id='par_1_51' title="bbox 2086 2071 3665 2141">
     <span class='ocr_line' id='line_1_51' title="bbox 2086 2071 3665 2141; baseline 0.001 -18"><span class='ocrx_word' id='word_1_342' title='bbox 2086 2071 2453 2124; x_wconf 87' lang='lat' dir='ltr'><strong>necessarium</strong></span> <span class='ocrx_word' id='word_1_343' title='bbox 2493 2079 2598 2132; x_wconf 91' lang='lat' dir='ltr'><strong>est,</strong></span> <span class='ocrx_word' id='word_1_344' title='bbox 2667 2071 2769 2124; x_wconf 92' lang='lat' dir='ltr'><strong>nisi</strong></span> <span class='ocrx_word' id='word_1_345' title='bbox 2820 2073 2960 2124; x_wconf 90' lang='lat' dir='ltr'><strong>alter</strong></span> <span class='ocrx_word' id='word_1_346' title='bbox 2993 2087 3114 2124; x_wconf 86' lang='lat' dir='ltr'><strong>eum</strong></span> <span class='ocrx_word' id='word_1_347' title='bbox 3163 2072 3378 2132; x_wconf 87' lang='lat' dir='ltr'><strong>doceat.</strong></span> <span class='ocrx_word' id='word_1_348' title='bbox 3429 2072 3665 2141; x_wconf 82' lang='lat' dir='ltr'><strong>ignorat.</strong></span> 
     </span>
    </p>
   </div>
   <div class='ocr_carea' id='block_1_52' title="bbox 2084 2163 3667 2231">
    <p class='ocr_par' dir='ltr' id='par_1_52' title="bbox 2084 2163 3667 2231">
     <span class='ocr_line' id='line_1_52' title="bbox 2084 2163 3667 2231; baseline -0.001 -13"><span class='ocrx_word' id='word_1_349' title='bbox 2084 2164 2310 2218; x_wconf 79' lang='lat' dir='ltr'><strong>Amicus</strong></span> <span class='ocrx_word' id='word_1_350' title='bbox 2353 2179 2480 2216; x_wconf 85' lang='lat' dir='ltr'><strong>vero</strong></span> <span class='ocrx_word' id='word_1_351' title='bbox 2505 2163 2645 2231; x_wconf 90' lang='lat' dir='ltr'><strong>ejus,</strong></span> <span class='ocrx_word' id='word_1_352' title='bbox 2705 2173 2763 2215; x_wconf 93' lang='lat' dir='ltr'><strong>ut</strong></span> <span class='ocrx_word' id='word_1_353' title='bbox 2799 2165 3058 2229; x_wconf 83' lang='lat' dir='ltr'><strong>diximus,</strong></span> <span class='ocrx_word' id='word_1_354' title='bbox 3090 2165 3344 2218; x_wconf 83' lang='lat' dir='ltr'><strong>Christus</strong></span> <span class='ocrx_word' id='word_1_355' title='bbox 3377 2175 3479 2218; x_wconf 87' lang='lat' dir='ltr'><strong>est.</strong></span> <span class='ocrx_word' id='word_1_356' title='bbox 3515 2165 3667 2230; x_wconf 81' lang='lat' dir='ltr'><strong>Quod</strong></span> 
     </span>
    </p>
   </div>
   <div class='ocr_carea' id='block_1_53' title="bbox 2085 2255 3666 2323">
    <p class='ocr_par' dir='ltr' id='par_1_53' title="bbox 2085 2255 3666 2323">
     <span class='ocr_line' id='line_1_53' title="bbox 2085 2255 3666 2323; baseline -0.002 -11"><span class='ocrx_word' id='word_1_357' title='bbox 2085 2258 2238 2323; x_wconf 82' lang='lat' dir='ltr'><strong>dicit,</strong></span> <span class='ocrx_word' id='word_1_358' title='bbox 2281 2255 2438 2311; x_wconf 80' lang='lat' dir='ltr'><strong>Vadit</strong></span> <span class='ocrx_word' id='word_1_359' title='bbox 2471 2258 2540 2310; x_wconf 86' lang='lat' dir='ltr'><strong>ad</strong></span> <span class='ocrx_word' id='word_1_360' title='bbox 2573 2255 2724 2309; x_wconf 84' lang='lat' dir='ltr'><strong>illum</strong></span> <span class='ocrx_word' id='word_1_361' title='bbox 2759 2259 2931 2310; x_wconf 85' lang='lat' dir='ltr'><strong>media</strong></span> <span class='ocrx_word' id='word_1_362' title='bbox 2960 2269 3130 2321; x_wconf 87' lang='lat' dir='ltr'><strong>nocte,</strong></span> <span class='ocrx_word' id='word_1_363' title='bbox 3169 2257 3218 2309; x_wconf 87' lang='lat' dir='ltr'><strong>id</strong></span> <span class='ocrx_word' id='word_1_364' title='bbox 3245 2265 3347 2320; x_wconf 91' lang='lat' dir='ltr'><strong>est,</strong></span> <span class='ocrx_word' id='word_1_365' title='bbox 3385 2257 3437 2309; x_wconf 93' lang='lat' dir='ltr'><strong>in</strong></span> <span class='ocrx_word' id='word_1_366' title='bbox 3482 2259 3666 2310; x_wconf 85' lang='lat' dir='ltr'><strong>novis-</strong></span> 
     </span>
    </p>
   </div>
   <div class='ocr_carea' id='block_1_54' title="bbox 2084 2347 3667 2419">
    <p class='ocr_par' dir='ltr' id='par_1_54' title="bbox 2084 2347 3667 2419">
     <span class='ocr_line' id='line_1_54' title="bbox 2084 2347 3667 2419; baseline -0.001 -14"><span class='ocrx_word' id='word_1_367' title='bbox 2084 2352 2224 2405; x_wconf 89' lang='lat' dir='ltr'><strong>simo</strong></span> <span class='ocrx_word' id='word_1_368' title='bbox 2257 2361 2522 2417; x_wconf 86' lang='lat' dir='ltr'><strong>tempore,</strong></span> <span class='ocrx_word' id='word_1_369' title='bbox 2565 2359 2619 2402; x_wconf 88' lang='lat' dir='ltr'><strong>et</strong></span> <span class='ocrx_word' id='word_1_370' title='bbox 2644 2347 2779 2402; x_wconf 90' lang='lat' dir='ltr'><strong>dicit</strong></span> <span class='ocrx_word' id='word_1_371' title='bbox 2809 2350 2906 2413; x_wconf 89' lang='lat' dir='ltr'><strong>iiIi,</strong></span> <span class='ocrx_word' id='word_1_372' title='bbox 2943 2350 3233 2403; x_wconf 83' lang='lat' dir='ltr'><strong>Commoda</strong></span> <span class='ocrx_word' id='word_1_373' title='bbox 3268 2351 3393 2402; x_wconf 87' lang='lat' dir='ltr'><strong>mihi</strong></span> <span class='ocrx_word' id='word_1_374' title='bbox 3425 2360 3531 2403; x_wconf 83' lang='lat' dir='ltr'><strong>tres</strong></span> <span class='ocrx_word' id='word_1_375' title='bbox 3567 2366 3667 2419; x_wconf 87' lang='lat' dir='ltr'><strong>pa-</strong></span> 
     </span>
    </p>
   </div>
   <div class='ocr_carea' id='block_1_55' title="bbox 2084 2441 3654 2506">
    <p class='ocr_par' dir='ltr' id='par_1_55' title="bbox 2084 2441 3654 2506">
     <span class='ocr_line' id='line_1_55' title="bbox 2084 2441 3654 2506; baseline 0 -10"><span class='ocrx_word' id='word_1_376' title='bbox 2084 2459 2174 2497; x_wconf 87' lang='lat' dir='ltr'><strong>nes</strong></span> <span class='ocrx_word' id='word_1_377' title='bbox 2195 2457 2214 2494; x_wconf 88' lang='lat'><strong><em>:</em></strong></span> <span class='ocrx_word' id='word_1_378' title='bbox 2245 2456 2308 2494; x_wconf 82' lang='lat' dir='ltr'><strong>ac</strong></span> <span class='ocrx_word' id='word_1_379' title='bbox 2344 2444 2387 2495; x_wconf 90' lang='lat' dir='ltr'><strong>si</strong></span> <span class='ocrx_word' id='word_1_380' title='bbox 2423 2441 2568 2495; x_wconf 87' lang='lat' dir='ltr'><strong>dicat</strong></span> <span class='ocrx_word' id='word_1_381' title='bbox 2600 2442 2776 2494; x_wconf 89' lang='lat' dir='ltr'><strong>anima</strong></span> <span class='ocrx_word' id='word_1_382' title='bbox 2802 2442 2891 2495; x_wconf 90' lang='lat' dir='ltr'><strong>illa</strong></span> <span class='ocrx_word' id='word_1_383' title='bbox 2928 2445 2994 2496; x_wconf 89' lang='lat' dir='ltr'><strong>ad</strong></span> <span class='ocrx_word' id='word_1_384' title='bbox 3022 2442 3331 2506; x_wconf 89' lang='lat' dir='ltr'><strong>Christum,</strong></span> <span class='ocrx_word' id='word_1_385' title='bbox 3354 2442 3654 2498; x_wconf 83' lang='lat' dir='ltr'><strong>Commoda</strong></span> 
     </span>
    </p>
   </div>
   <div class='ocr_carea' id='block_1_56' title="bbox 2086 2531 3653 2603">
    <p class='ocr_par' dir='ltr' id='par_1_56' title="bbox 2086 2531 3653 2603">
     <span class='ocr_line' id='line_1_56' title="bbox 2086 2531 3653 2603; baseline -0.001 -16"><span class='ocrx_word' id='word_1_386' title='bbox 2086 2534 2217 2587; x_wconf 88' lang='lat' dir='ltr'><strong>tuibi</strong></span> <span class='ocrx_word' id='word_1_387' title='bbox 2245 2535 2403 2587; x_wconf 78' lang='lat' dir='ltr'><strong>(idem</strong></span> <span class='ocrx_word' id='word_1_388' title='bbox 2434 2531 2743 2599; x_wconf 87' lang='lat' dir='ltr'><strong>Trinitatis,</strong></span> <span class='ocrx_word' id='word_1_389' title='bbox 2770 2543 2825 2585; x_wconf 93' lang='lat' dir='ltr'><strong>et</strong></span> <span class='ocrx_word' id='word_1_390' title='bbox 2856 2533 2940 2587; x_wconf 81' lang='lat' dir='ltr'><strong>fac</strong></span> <span class='ocrx_word' id='word_1_391' title='bbox 2973 2550 3058 2586; x_wconf 89' lang='lat' dir='ltr'><strong>me</strong></span> <span class='ocrx_word' id='word_1_392' title='bbox 3087 2535 3414 2603; x_wconf 84' lang='lat' dir='ltr'><strong>intelligere,</strong></span> <span class='ocrx_word' id='word_1_393' title='bbox 3461 2549 3653 2600; x_wconf 84' lang='lat' dir='ltr'><strong>quent-</strong></span> 
     </span>
    </p>
   </div>
   <div class='ocr_carea' id='block_1_57' title="bbox 2085 2626 3672 2695">
    <p class='ocr_par' dir='ltr' id='par_1_57' title="bbox 2085 2626 3672 2695">
     <span class='ocr_line' id='line_1_57' title="bbox 2085 2626 3672 2695; baseline 0 -17"><span class='ocrx_word' id='word_1_394' title='bbox 2085 2627 2377 2679; x_wconf 88' lang='lat' dir='ltr'><strong>admodum</strong></span> <span class='ocrx_word' id='word_1_395' title='bbox 2450 2628 2665 2693; x_wconf 87' lang='lat' dir='ltr'><strong>operari</strong></span> <span class='ocrx_word' id='word_1_396' title='bbox 2709 2635 2948 2695; x_wconf 87' lang='lat' dir='ltr'><strong>oportet.</strong></span> <span class='ocrx_word' id='word_1_397' title='bbox 3006 2626 3218 2680; x_wconf 82' lang='lat' dir='ltr'><strong>Amicus</strong></span> <span class='ocrx_word' id='word_1_398' title='bbox 3271 2642 3416 2679; x_wconf 90' lang='lat' dir='ltr'><strong>meus</strong></span> <span class='ocrx_word' id='word_1_399' title='bbox 3439 2629 3577 2678; x_wconf 83' lang='lat' dir='ltr'><strong>venit</strong></span> <span class='ocrx_word' id='word_1_400' title='bbox 3608 2628 3672 2678; x_wconf 79' lang='lat' dir='ltr'><strong>ds</strong></span> 
     </span>
    </p>
   </div>
   <div class='ocr_carea' id='block_1_58' title="bbox 2085 2718 3672 2788">
    <p class='ocr_par' dir='ltr' id='par_1_58' title="bbox 2085 2718 3672 2788">
     <span class='ocr_line' id='line_1_58' title="bbox 2085 2718 3672 2788; baseline -0.001 -17"><span class='ocrx_word' id='word_1_401' title='bbox 2085 2719 2210 2779; x_wconf 77' lang='lat' dir='ltr'><strong>via;</strong></span> <span class='ocrx_word' id='word_1_402' title='bbox 2263 2735 2327 2772; x_wconf 89' lang='lat' dir='ltr'><strong>ac</strong></span> <span class='ocrx_word' id='word_1_403' title='bbox 2359 2718 2402 2772; x_wconf 91' lang='lat' dir='ltr'><strong>si</strong></span> <span class='ocrx_word' id='word_1_404' title='bbox 2458 2718 2626 2780; x_wconf 83' lang='lat' dir='ltr'><strong>dicat,</strong></span> <span class='ocrx_word' id='word_1_405' title='bbox 2657 2733 2853 2774; x_wconf 86' lang='lat' dir='ltr'><strong>sensus</strong></span> <span class='ocrx_word' id='word_1_406' title='bbox 2886 2734 3041 2772; x_wconf 87' lang='lat' dir='ltr'><strong>meus</strong></span> <span class='ocrx_word' id='word_1_407' title='bbox 3095 2720 3395 2774; x_wconf 79' lang='lat' dir='ltr'><strong>ambulavit</strong></span> <span class='ocrx_word' id='word_1_408' title='bbox 3447 2734 3544 2788; x_wconf 90' lang='lat' dir='ltr'><strong>per</strong></span> <span class='ocrx_word' id='word_1_409' title='bbox 3588 2719 3672 2770; x_wconf 87' lang='lat' dir='ltr'><strong>di-</strong></span> 
     </span>
    </p>
   </div>
   <div class='ocr_carea' id='block_1_59' title="bbox 2087 2811 3668 2878">
    <p class='ocr_par' dir='ltr' id='par_1_59' title="bbox 2087 2811 3668 2878">
     <span class='ocr_line' id='line_1_59' title="bbox 2087 2811 3668 2878; baseline 0.003 -19"><span class='ocrx_word' id='word_1_410' title='bbox 2087 2826 2270 2864; x_wconf 82' lang='lat' dir='ltr'><strong>\ersas</strong></span> <span class='ocrx_word' id='word_1_411' title='bbox 2306 2811 2578 2878; x_wconf 80' lang='lat' dir='ltr'><strong>regiones,</strong></span> <span class='ocrx_word' id='word_1_412' title='bbox 2613 2820 2666 2865; x_wconf 91' lang='lat' dir='ltr'><strong>ct</strong></span> <span class='ocrx_word' id='word_1_413' title='bbox 2705 2811 2921 2864; x_wconf 89' lang='lat' dir='ltr'><strong>rediens</strong></span> <span class='ocrx_word' id='word_1_414' title='bbox 2950 2815 3016 2865; x_wconf 80' lang='lat' dir='ltr'><strong>ad</strong></span> <span class='ocrx_word' id='word_1_415' title='bbox 3063 2827 3145 2864; x_wconf 91' lang='lat' dir='ltr'><strong>me</strong></span> <span class='ocrx_word' id='word_1_416' title='bbox 3181 2827 3385 2865; x_wconf 83' lang='lat' dir='ltr'><strong>vacuus</strong></span> <span class='ocrx_word' id='word_1_417' title='bbox 3419 2822 3522 2874; x_wconf 86' lang='lat' dir='ltr'><strong>est,</strong></span> <span class='ocrx_word' id='word_1_418' title='bbox 3563 2827 3668 2863; x_wconf 90' lang='lat' dir='ltr'><strong>non</strong></span> 
     </span>
    </p>
   </div>
   <div class='ocr_carea' id='block_1_60' title="bbox 2085 2898 3666 2970">
    <p class='ocr_par' dir='ltr' id='par_1_60' title="bbox 2085 2898 3666 2970">
     <span class='ocr_line' id='line_1_60' title="bbox 2085 2898 3666 2970; baseline -0.001 -18"><span class='ocrx_word' id='word_1_419' title='bbox 2085 2898 2258 2952; x_wconf 90' lang='lat' dir='ltr'><strong>habeo</strong></span> <span class='ocrx_word' id='word_1_420' title='bbox 2288 2899 2542 2954; x_wconf 89' lang='lat' dir='ltr'><strong>alimenta</strong></span> <span class='ocrx_word' id='word_1_421' title='bbox 2570 2900 2855 2966; x_wconf 79' lang='lat' dir='ltr'><strong>spiritalia,</strong></span> <span class='ocrx_word' id='word_1_422' title='bbox 2885 2917 3006 2970; x_wconf 78' lang='lat' dir='ltr'><strong>qua:</strong></span> <span class='ocrx_word' id='word_1_423' title='bbox 3050 2914 3179 2954; x_wconf 89' lang='lat' dir='ltr'><strong>ante</strong></span> <span class='ocrx_word' id='word_1_424' title='bbox 3220 2901 3376 2954; x_wconf 88' lang='lat' dir='ltr'><strong>illum</strong></span> <span class='ocrx_word' id='word_1_425' title='bbox 3443 2915 3666 2970; x_wconf 85' lang='lat' dir='ltr'><strong>ponam,</strong></span> 
     </span>
    </p>
   </div>
   <div class='ocr_carea' id='block_1_61' title="bbox 2088 2992 3673 3061">
    <p class='ocr_par' dir='ltr' id='par_1_61' title="bbox 2088 2992 3673 3061">
     <span class='ocr_line' id='line_1_61' title="bbox 2088 2992 3673 3061; baseline -0.001 -16"><span class='ocrx_word' id='word_1_426' title='bbox 2088 2992 2192 3046; x_wconf 89' lang='lat' dir='ltr'><strong>nisi</strong></span> <span class='ocrx_word' id='word_1_427' title='bbox 2236 3004 2288 3045; x_wconf 91' lang='lat' dir='ltr'><strong>tu</strong></span> <span class='ocrx_word' id='word_1_428' title='bbox 2330 3008 2412 3046; x_wconf 83' lang='lat' dir='ltr'><strong>nte</strong></span> <span class='ocrx_word' id='word_1_429' title='bbox 2445 2994 2644 3047; x_wconf 88' lang='lat' dir='ltr'><strong>doceas</strong></span> <span class='ocrx_word' id='word_1_430' title='bbox 2672 2995 2829 3046; x_wconf 72' lang='lat' dir='ltr'><strong>iidem</strong></span> <span class='ocrx_word' id='word_1_431' title='bbox 2866 2993 3172 3056; x_wconf 87' lang='lat' dir='ltr'><strong>Trinitatis,</strong></span> <span class='ocrx_word' id='word_1_432' title='bbox 3205 3009 3382 3061; x_wconf 76' lang='lat' dir='ltr'><strong>suem,</strong></span> <span class='ocrx_word' id='word_1_433' title='bbox 3432 2993 3673 3047; x_wconf 85' lang='lat' dir='ltr'><strong>charita-</strong></span> 
     </span>
    </p>
   </div>
   <div class='ocr_carea' id='block_1_62' title="bbox 397 3081 3674 3179">
    <p class='ocr_par' dir='ltr' id='par_1_62' title="bbox 397 3081 3674 3179">
     <span class='ocr_line' id='line_1_62' title="bbox 397 3081 3674 3179; baseline 0.001 -45"><span class='ocrx_word' id='word_1_434' title='bbox 397 3081 522 3134; x_wconf 83' lang='lat' dir='ltr'><strong>Jam</strong></span> <span class='ocrx_word' id='word_1_435' title='bbox 561 3099 661 3135; x_wconf 89' lang='lat' dir='ltr'><strong>non</strong></span> <span class='ocrx_word' id='word_1_436' title='bbox 701 3085 875 3137; x_wconf 84' lang='lat' dir='ltr'><strong>dicam</strong></span> <span class='ocrx_word' id='word_1_437' title='bbox 918 3101 1005 3138; x_wconf 83' lang='lat' dir='ltr'><strong>vos</strong></span> <span class='ocrx_word' id='word_1_438' title='bbox 1037 3103 1238 3152; x_wconf 80' lang='lat' dir='ltr'><strong>servos,</strong></span> <span class='ocrx_word' id='word_1_439' title='bbox 1280 3088 1372 3140; x_wconf 88' lang='lat' dir='ltr'><strong>sed</strong></span> <span class='ocrx_word' id='word_1_440' title='bbox 1401 3091 1596 3142; x_wconf 85' lang='lat' dir='ltr'><strong>amicos</strong></span> <span class='ocrx_word' id='word_1_441' title='bbox 1656 3088 1836 3158; x_wconf 85' lang='lat' dir='ltr'><strong>(Jaun.</strong></span> <span class='ocrx_word' id='word_1_442' title='bbox 1888 3105 1980 3156; x_wconf 74' lang='lat' dir='ltr'><strong>xv,</strong></span> <span class='ocrx_word' id='word_1_443' title='bbox 2009 3124 2052 3179; x_wconf 74' lang='grc' dir='ltr'><strong>ο</strong></span> <span class='ocrx_word' id='word_1_444' title='bbox 2093 3092 2225 3148; x_wconf 90' lang='lat' dir='ltr'><strong>tem,</strong></span> <span class='ocrx_word' id='word_1_445' title='bbox 2254 3096 2307 3138; x_wconf 93' lang='lat' dir='ltr'><strong>et</strong></span> <span class='ocrx_word' id='word_1_446' title='bbox 2333 3100 2494 3138; x_wconf 87' lang='lat' dir='ltr'><strong>omne</strong></span> <span class='ocrx_word' id='word_1_447' title='bbox 2533 3087 2677 3152; x_wconf 89' lang='lat' dir='ltr'><strong>quod</strong></span> <span class='ocrx_word' id='word_1_448' title='bbox 2707 3089 2756 3140; x_wconf 90' lang='lat' dir='ltr'><strong>ei</strong></span> <span class='ocrx_word' id='word_1_449' title='bbox 2793 3088 3185 3155; x_wconf 84' lang='lat' dir='ltr'><strong>tribuam;nec</strong></span> <span class='ocrx_word' id='word_1_450' title='bbox 3215 3088 3354 3141; x_wconf 91' lang='lat' dir='ltr'><strong>unde</strong></span> <span class='ocrx_word' id='word_1_451' title='bbox 3396 3103 3516 3140; x_wconf 90' lang='lat' dir='ltr'><strong>cum</strong></span> <span class='ocrx_word' id='word_1_452' title='bbox 3577 3088 3674 3139; x_wconf 84' lang='lat' dir='ltr'><strong>do-</strong></span> 
     </span>
    </p>
   </div>
   <div class='ocr_carea' id='block_1_63' title="bbox 398 3174 513 3243">
    <p class='ocr_par' dir='ltr' id='par_1_63' title="bbox 398 3174 513 3243">
     <span class='ocr_line' id='line_1_63' title="bbox 398 3174 513 3243; baseline 0.017 -16"><span class='ocrx_word' id='word_1_453' title='bbox 398 3174 513 3243; x_wconf 73' lang='lat' dir='ltr'><strong>is).</strong></span> 
     </span>
    </p>
   </div>
   <div class='ocr_carea' id='block_1_64' title="bbox 476 3265 1986 3340">
    <p class='ocr_par' dir='ltr' id='par_1_64' title="bbox 476 3265 1986 3340">
     <span class='ocr_line' id='line_1_64' title="bbox 476 3265 1986 3340; baseline 0.003 -22"><span class='ocrx_word' id='word_1_454' title='bbox 476 3265 559 3319; x_wconf 89' lang='lat' dir='ltr'><strong>tll.</strong></span> <span class='ocrx_word' id='word_1_455' title='bbox 585 3265 757 3335; x_wconf 86' lang='lat' dir='ltr'><strong>Hujus</strong></span> <span class='ocrx_word' id='word_1_456' title='bbox 773 3283 905 3335; x_wconf 79' lang='lat' dir='ltr'><strong>ergo</strong></span> <span class='ocrx_word' id='word_1_457' title='bbox 925 3271 1085 3323; x_wconf 86' lang='lat' dir='ltr'><strong>amici</strong></span> <span class='ocrx_word' id='word_1_458' title='bbox 1116 3268 1316 3324; x_wconf 91' lang='lat' dir='ltr'><strong>ostium</strong></span> <span class='ocrx_word' id='word_1_459' title='bbox 1337 3270 1743 3325; x_wconf 82' lang='lat' dir='ltr'><strong>incessabiliter</strong></span> <span class='ocrx_word' id='word_1_460' title='bbox 1766 3272 1986 3340; x_wconf 79' lang='lat' dir='ltr'><strong>pulsare</strong></span> 
     </span>
    </p>
   </div>
   <div class='ocr_carea' id='block_1_65' title="bbox 401 3358 1988 3431">
    <p class='ocr_par' dir='ltr' id='par_1_65' title="bbox 401 3358 1988 3431">
     <span class='ocr_line' id='line_1_65' title="bbox 401 3358 1988 3431; baseline 0.005 -21"><span class='ocrx_word' id='word_1_461' title='bbox 401 3358 691 3426; x_wconf 79' lang='lat' dir='ltr'><strong>debemus,</strong></span> <span class='ocrx_word' id='word_1_462' title='bbox 720 3372 775 3414; x_wconf 88' lang='lat' dir='ltr'><strong>et</strong></span> <span class='ocrx_word' id='word_1_463' title='bbox 804 3361 956 3415; x_wconf 92' lang='lat' dir='ltr'><strong>boris</strong></span> <span class='ocrx_word' id='word_1_464' title='bbox 986 3375 1110 3415; x_wconf 78' lang='lat' dir='ltr'><strong>etim</strong></span> <span class='ocrx_word' id='word_1_465' title='bbox 1136 3362 1447 3431; x_wconf 88' lang='lat' dir='ltr'><strong>inquietare</strong></span> <span class='ocrx_word' id='word_1_466' title='bbox 1478 3364 1783 3426; x_wconf 86' lang='lat' dir='ltr'><strong>nocturnis,</strong></span> <span class='ocrx_word' id='word_1_467' title='bbox 1812 3375 1868 3416; x_wconf 85' lang='lat' dir='ltr'><strong>et</strong></span> <span class='ocrx_word' id='word_1_468' title='bbox 1897 3379 1988 3418; x_wconf 51' lang='lat' dir='ltr'><strong>us-</strong></span> 
     </span>
    </p>
   </div>
   <div class='ocr_carea' id='block_1_66' title="bbox 400 3451 1985 3521">
    <p class='ocr_par' dir='ltr' id='par_1_66' title="bbox 400 3451 1985 3521">
     <span class='ocr_line' id='line_1_66' title="bbox 400 3451 1985 3521; baseline 0.006 -21"><span class='ocrx_word' id='word_1_469' title='bbox 400 3466 510 3518; x_wconf 87' lang='lat' dir='ltr'><strong>que</strong></span> <span class='ocrx_word' id='word_1_470' title='bbox 539 3454 675 3502; x_wconf 86' lang='lat' dir='ltr'><strong>adeo</strong></span> <span class='ocrx_word' id='word_1_471' title='bbox 713 3451 923 3504; x_wconf 84' lang='lat' dir='ltr'><strong>inolesti</strong></span> <span class='ocrx_word' id='word_1_472' title='bbox 958 3468 1102 3512; x_wconf 86' lang='lat' dir='ltr'><strong>esse,</strong></span> <span class='ocrx_word' id='word_1_473' title='bbox 1141 3460 1200 3503; x_wconf 93' lang='lat' dir='ltr'><strong>ut</strong></span> <span class='ocrx_word' id='word_1_474' title='bbox 1237 3454 1535 3520; x_wconf 85' lang='lat' dir='ltr'><strong>importuni</strong></span> <span class='ocrx_word' id='word_1_475' title='bbox 1565 3457 1730 3508; x_wconf 85' lang='lat' dir='ltr'><strong>etiam</strong></span> <span class='ocrx_word' id='word_1_476' title='bbox 1774 3454 1985 3521; x_wconf 83' lang='lat' dir='ltr'><strong>judice-</strong></span> 
     </span>
    </p>
   </div>
   <div class='ocr_carea' id='block_1_67' title="bbox 404 3543 1978 3614">
    <p class='ocr_par' dir='ltr' id='par_1_67' title="bbox 404 3543 1978 3614">
     <span class='ocr_line' id='line_1_67' title="bbox 404 3543 1978 3614; baseline 0.002 -17"><span class='ocrx_word' id='word_1_477' title='bbox 404 3562 550 3597; x_wconf 86' lang='lat' dir='ltr'><strong>tnur.</strong></span> <span class='ocrx_word' id='word_1_478' title='bbox 579 3543 683 3598; x_wconf 88' lang='lat' dir='ltr'><strong>Sed</strong></span> <span class='ocrx_word' id='word_1_479' title='bbox 717 3561 821 3598; x_wconf 89' lang='lat' dir='ltr'><strong>non</strong></span> <span class='ocrx_word' id='word_1_480' title='bbox 847 3545 1008 3612; x_wconf 85' lang='lat' dir='ltr'><strong>hujus</strong></span> <span class='ocrx_word' id='word_1_481' title='bbox 1045 3547 1479 3614; x_wconf 86' lang='lat' dir='ltr'><strong>importunitatis</strong></span> <span class='ocrx_word' id='word_1_482' title='bbox 1505 3563 1792 3600; x_wconf 82' lang='lat' dir='ltr'><strong>vereamur</strong></span> <span class='ocrx_word' id='word_1_483' title='bbox 1813 3549 1978 3602; x_wconf 75' lang='lat' dir='ltr'><strong>clien-</strong></span> 
     </span>
    </p>
   </div>
   <div class='ocr_carea' id='block_1_68' title="bbox 401 3636 1980 3706">
    <p class='ocr_par' dir='ltr' id='par_1_68' title="bbox 401 3636 1980 3706">
     <span class='ocr_line' id='line_1_68' title="bbox 401 3636 1980 3706; baseline 0.001 -16"><span class='ocrx_word' id='word_1_484' title='bbox 401 3651 518 3690; x_wconf 76' lang='lat' dir='ltr'><strong>Sam</strong></span> <span class='ocrx_word' id='word_1_485' title='bbox 545 3653 561 3694; x_wconf 83' lang='lat'><strong>:</strong></span> <span class='ocrx_word' id='word_1_486' title='bbox 592 3639 714 3705; x_wconf 88' lang='lat' dir='ltr'><strong>quia</strong></span> <span class='ocrx_word' id='word_1_487' title='bbox 737 3640 850 3690; x_wconf 69' lang='lat' dir='ltr'><strong>haec</strong></span> <span class='ocrx_word' id='word_1_488' title='bbox 876 3638 1017 3706; x_wconf 80' lang='lat' dir='ltr'><strong>apud</strong></span> <span class='ocrx_word' id='word_1_489' title='bbox 1045 3636 1331 3690; x_wconf 89' lang='lat' dir='ltr'><strong>Dominum</strong></span> <span class='ocrx_word' id='word_1_490' title='bbox 1367 3638 1758 3706; x_wconf 76' lang='lat' dir='ltr'><strong>importunitas</strong></span> <span class='ocrx_word' id='word_1_491' title='bbox 1784 3653 1980 3705; x_wconf 80' lang='lat' dir='ltr'><strong>oppor-</strong></span> 
     </span>
    </p>
   </div>
   <div class='ocr_carea' id='block_1_69' title="bbox 403 3729 1985 3799">
    <p class='ocr_par' dir='ltr' id='par_1_69' title="bbox 403 3729 1985 3799">
     <span class='ocr_line' id='line_1_69' title="bbox 403 3729 1985 3799; baseline 0 -17"><span class='ocrx_word' id='word_1_492' title='bbox 403 3742 532 3782; x_wconf 84' lang='lat' dir='ltr'><strong>tuna</strong></span> <span class='ocrx_word' id='word_1_493' title='bbox 552 3740 655 3784; x_wconf 80' lang='lat' dir='ltr'><strong>est.</strong></span> <span class='ocrx_word' id='word_1_494' title='bbox 675 3731 965 3798; x_wconf 53' lang='lat' dir='ltr'><strong>Alceptior</strong></span> <span class='ocrx_word' id='word_1_495' title='bbox 982 3732 1126 3783; x_wconf 88' lang='lat' dir='ltr'><strong>enim</strong></span> <span class='ocrx_word' id='word_1_496' title='bbox 1148 3739 1231 3784; x_wconf 83' lang='lat' dir='ltr'><strong>est</strong></span> <span class='ocrx_word' id='word_1_497' title='bbox 1247 3731 1320 3783; x_wconf 89' lang='lat' dir='ltr'><strong>illi</strong></span> <span class='ocrx_word' id='word_1_498' title='bbox 1343 3732 1628 3799; x_wconf 76' lang='lat' dir='ltr'><strong>impudens</strong></span> <span class='ocrx_word' id='word_1_499' title='bbox 1648 3729 1985 3798; x_wconf 85' lang='lat' dir='ltr'><strong>deprecatio,</strong></span> 
     </span>
    </p>
   </div>
   <div class='ocr_carea' id='block_1_70' title="bbox 401 3817 1986 3890">
    <p class='ocr_par' dir='ltr' id='par_1_70' title="bbox 401 3817 1986 3890">
     <span class='ocr_line' id='line_1_70' title="bbox 401 3817 1986 3890; baseline -0.001 -18"><span class='ocrx_word' id='word_1_500' title='bbox 401 3837 564 3890; x_wconf 86' lang='lat' dir='ltr'><strong>quam</strong></span> <span class='ocrx_word' id='word_1_501' title='bbox 581 3837 774 3874; x_wconf 87' lang='lat' dir='ltr'><strong>secttra</strong></span> <span class='ocrx_word' id='word_1_502' title='bbox 807 3822 1159 3888; x_wconf 69' lang='lat' dir='ltr'><strong>praesumptio</strong></span> <span class='ocrx_word' id='word_1_503' title='bbox 1197 3835 1212 3876; x_wconf 84' lang='lat'><strong>;</strong></span> <span class='ocrx_word' id='word_1_504' title='bbox 1245 3820 1348 3873; x_wconf 84' lang='lat' dir='ltr'><strong>hoc</strong></span> <span class='ocrx_word' id='word_1_505' title='bbox 1373 3827 1476 3880; x_wconf 87' lang='lat' dir='ltr'><strong>est,</strong></span> <span class='ocrx_word' id='word_1_506' title='bbox 1501 3819 1620 3889; x_wconf 89' lang='lat' dir='ltr'><strong>plus</strong></span> <span class='ocrx_word' id='word_1_507' title='bbox 1645 3817 1986 3884; x_wconf 89' lang='lat' dir='ltr'><strong>mereturqui</strong></span> 
     </span>
    </p>
   </div>
   <div class='ocr_carea' id='block_1_71' title="bbox 402 3909 1982 3979">
    <p class='ocr_par' dir='ltr' id='par_1_71' title="bbox 402 3909 1982 3979">
     <span class='ocr_line' id='line_1_71' title="bbox 402 3909 1982 3979; baseline -0.002 -14"><span class='ocrx_word' id='word_1_508' title='bbox 402 3913 675 3965; x_wconf 68' lang='lat' dir='ltr'><strong>soliti-itus</strong></span> <span class='ocrx_word' id='word_1_509' title='bbox 709 3922 828 3965; x_wconf 87' lang='lat' dir='ltr'><strong>orat</strong></span> <span class='ocrx_word' id='word_1_510' title='bbox 855 3914 1152 3977; x_wconf 84' lang='lat' dir='ltr'><strong>instanter,</strong></span> <span class='ocrx_word' id='word_1_511' title='bbox 1185 3927 1349 3979; x_wconf 86' lang='lat' dir='ltr'><strong>quam</strong></span> <span class='ocrx_word' id='word_1_512' title='bbox 1390 3912 1480 3979; x_wconf 85' lang='lat' dir='ltr'><strong>qui</strong></span> <span class='ocrx_word' id='word_1_513' title='bbox 1509 3910 1795 3963; x_wconf 84' lang='lat' dir='ltr'><strong>conlidens</strong></span> <span class='ocrx_word' id='word_1_514' title='bbox 1823 3909 1982 3962; x_wconf 54' lang='lat' dir='ltr'><strong>dissic</strong></span> 
     </span>
    </p>
   </div>
   <div class='ocr_carea' id='block_1_72' title="bbox 403 4002 1988 4075">
    <p class='ocr_par' dir='ltr' id='par_1_72' title="bbox 403 4002 1988 4075">
     <span class='ocr_line' id='line_1_72' title="bbox 403 4002 1988 4075; baseline -0.004 -15"><span class='ocrx_word' id='word_1_515' title='bbox 403 4009 574 4060; x_wconf 83' lang='lat' dir='ltr'><strong>Inulat</strong></span> <span class='ocrx_word' id='word_1_516' title='bbox 601 4007 953 4075; x_wconf 80' lang='lat' dir='ltr'><strong>negligenter.</strong></span> <span class='ocrx_word' id='word_1_517' title='bbox 983 4009 1072 4059; x_wconf 84' lang='lat' dir='ltr'><strong>Att</strong></span> <span class='ocrx_word' id='word_1_518' title='bbox 1092 4007 1236 4058; x_wconf 80' lang='lat' dir='ltr'><strong>enim</strong></span> <span class='ocrx_word' id='word_1_519' title='bbox 1262 4015 1316 4059; x_wconf 89' lang='lat' dir='ltr'><strong>et</strong></span> <span class='ocrx_word' id='word_1_520' title='bbox 1340 4005 1428 4058; x_wconf 90' lang='lat' dir='ltr'><strong>ille</strong></span> <span class='ocrx_word' id='word_1_521' title='bbox 1461 4018 1475 4056; x_wconf 89' lang='lat'><strong>:</strong></span> <span class='ocrx_word' id='word_1_522' title='bbox 1506 4003 1564 4058; x_wconf 90' lang='lat' dir='ltr'><strong>Si</strong></span> <span class='ocrx_word' id='word_1_523' title='bbox 1582 4002 1988 4071; x_wconf 71' lang='lat' dir='ltr'><strong>perseveraverit</strong></span> 
     </span>
    </p>
   </div>
   <div class='ocr_carea' id='block_1_73' title="bbox 404 4095 1986 4168">
    <p class='ocr_par' dir='ltr' id='par_1_73' title="bbox 404 4095 1986 4168">
     <span class='ocr_line' id='line_1_73' title="bbox 404 4095 1986 4168; baseline -0.001 -17"><span class='ocrx_word' id='word_1_524' title='bbox 404 4100 648 4168; x_wconf 73' lang='lat' dir='ltr'><strong>pulsans.</strong></span> <span class='ocrx_word' id='word_1_525' title='bbox 681 4100 1045 4152; x_wconf 80' lang='lat' dir='ltr'><strong>Pcrseverans</strong></span> <span class='ocrx_word' id='word_1_526' title='bbox 1079 4099 1242 4166; x_wconf 87' lang='lat' dir='ltr'><strong>igitur</strong></span> <span class='ocrx_word' id='word_1_527' title='bbox 1269 4107 1514 4152; x_wconf 89' lang='lat' dir='ltr'><strong>meretur</strong></span> <span class='ocrx_word' id='word_1_528' title='bbox 1539 4097 1816 4166; x_wconf 76' lang='lat' dir='ltr'><strong>accipere,</strong></span> <span class='ocrx_word' id='word_1_529' title='bbox 1844 4095 1986 4164; x_wconf 91' lang='lat' dir='ltr'><strong>quod</strong></span> 
     </span>
    </p>
   </div>
   <div class='ocr_carea' id='block_1_74' title="bbox 403 4190 1989 4260">
    <p class='ocr_par' dir='ltr' id='par_1_74' title="bbox 403 4190 1989 4260">
     <span class='ocr_line' id='line_1_74' title="bbox 403 4190 1989 4260; baseline -0.004 -14"><span class='ocrx_word' id='word_1_530' title='bbox 403 4193 529 4246; x_wconf 87' lang='lat' dir='ltr'><strong>alibi</strong></span> <span class='ocrx_word' id='word_1_531' title='bbox 557 4193 864 4247; x_wconf 81' lang='lat' dir='ltr'><strong>evidentius</strong></span> <span class='ocrx_word' id='word_1_532' title='bbox 889 4192 1022 4246; x_wconf 85' lang='lat' dir='ltr'><strong>dicit</strong></span> <span class='ocrx_word' id='word_1_533' title='bbox 1072 4207 1088 4246; x_wconf 87' lang='lat'><strong>:</strong></span> <span class='ocrx_word' id='word_1_534' title='bbox 1135 4190 1239 4256; x_wconf 83' lang='lat' dir='ltr'><strong>Qui</strong></span> <span class='ocrx_word' id='word_1_535' title='bbox 1283 4192 1686 4260; x_wconf 72' lang='lat' dir='ltr'><strong>perseveraverit</strong></span> <span class='ocrx_word' id='word_1_536' title='bbox 1728 4206 1892 4260; x_wconf 82' lang='lat' dir='ltr'><strong>usque</strong></span> <span class='ocrx_word' id='word_1_537' title='bbox 1934 4191 1989 4242; x_wconf 90' lang='lat' dir='ltr'><strong>in</strong></span> 
     </span>
    </p>
   </div>
   <div class='ocr_carea' id='block_1_75' title="bbox 402 4284 1986 4354">
    <p class='ocr_par' dir='ltr' id='par_1_75' title="bbox 402 4284 1986 4354">
     <span class='ocr_line' id='line_1_75' title="bbox 402 4284 1986 4354; baseline -0.003 -16"><span class='ocrx_word' id='word_1_538' title='bbox 402 4288 686 4354; x_wconf 85' lang='lat' dir='ltr'><strong>ﬁnem,hic</strong></span> <span class='ocrx_word' id='word_1_539' title='bbox 703 4287 876 4339; x_wconf 84' lang='lat' dir='ltr'><strong>salvus</strong></span> <span class='ocrx_word' id='word_1_540' title='bbox 894 4287 992 4338; x_wconf 76' lang='lat' dir='ltr'><strong>erit</strong></span> <span class='ocrx_word' id='word_1_541' title='bbox 1023 4284 1242 4354; x_wconf 80' lang='lat' dir='ltr'><strong>(Matth.</strong></span> <span class='ocrx_word' id='word_1_542' title='bbox 1275 4300 1428 4346; x_wconf 76' lang='lat' dir='ltr'><strong>xxiv,</strong></span> <span class='ocrx_word' id='word_1_543' title='bbox 1463 4285 1576 4354; x_wconf 78' lang='lat' dir='ltr'><strong>I3).</strong></span> <span class='ocrx_word' id='word_1_544' title='bbox 1607 4284 1726 4338; x_wconf 84' lang='lat' dir='ltr'><strong>Non</strong></span> <span class='ocrx_word' id='word_1_545' title='bbox 1759 4284 1986 4338; x_wconf 90' lang='lat' dir='ltr'><strong>multum</strong></span> 
     </span>
    </p>
   </div>
   <div class='ocr_carea' id='block_1_76' title="bbox 403 4377 1990 4447">
    <p class='ocr_par' dir='ltr' id='par_1_76' title="bbox 403 4377 1990 4447">
     <span class='ocr_line' id='line_1_76' title="bbox 403 4377 1990 4447; baseline -0.003 -14"><span class='ocrx_word' id='word_1_546' title='bbox 403 4380 707 4447; x_wconf 74' lang='lat' dir='ltr'><strong>ergojnvat</strong></span> <span class='ocrx_word' id='word_1_547' title='bbox 729 4378 1044 4446; x_wconf 44' lang='lat' dir='ltr'><strong>frequi&#39;nter</strong></span> <span class='ocrx_word' id='word_1_548' title='bbox 1067 4393 1252 4440; x_wconf 83' lang='lat' dir='ltr'><strong>orare,</strong></span> <span class='ocrx_word' id='word_1_549' title='bbox 1274 4377 1361 4430; x_wconf 92' lang='lat' dir='ltr'><strong>cui</strong></span> <span class='ocrx_word' id='word_1_550' title='bbox 1390 4377 1990 4446; x_wconf 85' lang='lat' dir='ltr'><strong>contigeritaliquando</strong></span> 
     </span>
    </p>
   </div>
   <div class='ocr_carea' id='block_1_77' title="bbox 404 4489 644 4528">
    <p class='ocr_par' dir='ltr' id='par_1_77' title="bbox 404 4489 644 4528">
     <span class='ocr_line' id='line_1_77' title="bbox 404 4489 644 4528; baseline -0.008 0"><span class='ocrx_word' id='word_1_551' title='bbox 404 4489 558 4528; x_wconf 63' lang='lat' dir='ltr'><strong>CCSSa</strong></span> <span class='ocrx_word' id='word_1_552' title='bbox 568 4489 644 4526; x_wconf 87' lang='lat' dir='ltr'><strong>re.</strong></span> 
     </span>
    </p>
   </div>
   <div class='ocr_carea' id='block_1_78' title="bbox 481 4563 1990 4633">
    <p class='ocr_par' dir='ltr' id='par_1_78' title="bbox 481 4563 1990 4633">
     <span class='ocr_line' id='line_1_78' title="bbox 481 4563 1990 4633; baseline -0.004 -14"><span class='ocrx_word' id='word_1_553' title='bbox 481 4566 567 4620; x_wconf 70' lang='lat' dir='ltr'><strong>IV.</strong></span> <span class='ocrx_word' id='word_1_554' title='bbox 593 4568 819 4632; x_wconf 82' lang='lat' dir='ltr'><strong>Semper</strong></span> <span class='ocrx_word' id='word_1_555' title='bbox 839 4567 1008 4633; x_wconf 84' lang='lat' dir='ltr'><strong>igitur</strong></span> <span class='ocrx_word' id='word_1_556' title='bbox 1039 4577 1092 4620; x_wconf 89' lang='lat' dir='ltr'><strong>et</strong></span> <span class='ocrx_word' id='word_1_557' title='bbox 1113 4566 1231 4618; x_wconf 90' lang='lat' dir='ltr'><strong>sine</strong></span> <span class='ocrx_word' id='word_1_558' title='bbox 1267 4563 1670 4618; x_wconf 89' lang='lat' dir='ltr'><strong>intermissione</strong></span> <span class='ocrx_word' id='word_1_559' title='bbox 1700 4563 1990 4631; x_wconf 87' lang='lat' dir='ltr'><strong>petendum</strong></span> 
     </span>
    </p>
   </div>
   <div class='ocr_carea' id='block_1_79' title="bbox 403 4657 1990 4728">
    <p class='ocr_par' dir='ltr' id='par_1_79' title="bbox 403 4657 1990 4728">
     <span class='ocr_line' id='line_1_79' title="bbox 403 4657 1990 4728; baseline -0.004 -14"><span class='ocrx_word' id='word_1_560' title='bbox 403 4669 489 4714; x_wconf 87' lang='lat' dir='ltr'><strong>est</strong></span> <span class='ocrx_word' id='word_1_561' title='bbox 516 4669 568 4712; x_wconf 79' lang='lat' dir='ltr'><strong>et</strong></span> <span class='ocrx_word' id='word_1_562' title='bbox 601 4663 946 4728; x_wconf 88' lang='lat' dir='ltr'><strong>pulsandum,</strong></span> <span class='ocrx_word' id='word_1_563' title='bbox 967 4676 1030 4713; x_wconf 90' lang='lat' dir='ltr'><strong>ue</strong></span> <span class='ocrx_word' id='word_1_564' title='bbox 1065 4660 1302 4727; x_wconf 84' lang='lat' dir='ltr'><strong>precatio</strong></span> <span class='ocrx_word' id='word_1_565' title='bbox 1327 4667 1452 4712; x_wconf 87' lang='lat' dir='ltr'><strong>ante</strong></span> <span class='ocrx_word' id='word_1_566' title='bbox 1477 4667 1598 4712; x_wconf 90' lang='lat' dir='ltr'><strong>acta</strong></span> <span class='ocrx_word' id='word_1_567' title='bbox 1635 4658 1767 4710; x_wconf 90' lang='lat' dir='ltr'><strong>nihil</strong></span> <span class='ocrx_word' id='word_1_568' title='bbox 1796 4657 1990 4726; x_wconf 86' lang='lat' dir='ltr'><strong>prosit,</strong></span> 
     </span>
    </p>
   </div>
   <div class='ocr_carea' id='block_1_80' title="bbox 402 4753 1991 4822">
    <p class='ocr_par' dir='ltr' id='par_1_80' title="bbox 402 4753 1991 4822">
     <span class='ocr_line' id='line_1_80' title="bbox 402 4753 1991 4822; baseline -0.003 -15"><span class='ocrx_word' id='word_1_569' title='bbox 402 4755 452 4807; x_wconf 90' lang='lat' dir='ltr'><strong>si</strong></span> <span class='ocrx_word' id='word_1_570' title='bbox 488 4770 590 4808; x_wconf 92' lang='lat' dir='ltr'><strong>non</strong></span> <span class='ocrx_word' id='word_1_571' title='bbox 620 4755 682 4805; x_wconf 88' lang='lat' dir='ltr'><strong>ad</strong></span> <span class='ocrx_word' id='word_1_572' title='bbox 711 4755 868 4806; x_wconf 86' lang='lat' dir='ltr'><strong>linem</strong></span> <span class='ocrx_word' id='word_1_573' title='bbox 899 4754 1088 4807; x_wconf 83' lang='lat' dir='ltr'><strong>eodem</strong></span> <span class='ocrx_word' id='word_1_574' title='bbox 1129 4769 1234 4817; x_wconf 87' lang='lat' dir='ltr'><strong>qtto</strong></span> <span class='ocrx_word' id='word_1_575' title='bbox 1263 4753 1490 4822; x_wconf 66' lang='lat' dir='ltr'><strong>coeperit</strong></span> <span class='ocrx_word' id='word_1_576' title='bbox 1517 4761 1703 4805; x_wconf 90' lang='lat' dir='ltr'><strong>tenore</strong></span> <span class='ocrx_word' id='word_1_577' title='bbox 1729 4763 1991 4819; x_wconf 81' lang='lat' dir='ltr'><strong>pervene-</strong></span> 
     </span>
    </p>
   </div>
   <div class='ocr_carea' id='block_1_81' title="bbox 411 4841 1994 4913">
    <p class='ocr_par' dir='ltr' id='par_1_81' title="bbox 411 4841 1994 4913">
     <span class='ocr_line' id='line_1_81' title="bbox 411 4841 1994 4913; baseline -0.003 -15"><span class='ocrx_word' id='word_1_578' title='bbox 411 4841 502 4899; x_wconf 83' lang='lat' dir='ltr'><strong>rit.</strong></span> <span class='ocrx_word' id='word_1_579' title='bbox 544 4847 691 4905; x_wconf 77' lang='lat' dir='ltr'><strong>Uiro.</strong></span> <span class='ocrx_word' id='word_1_580' title='bbox 727 4847 926 4910; x_wconf 83' lang='lat' dir='ltr'><strong>inquit,</strong></span> <span class='ocrx_word' id='word_1_581' title='bbox 947 4846 1107 4907; x_wconf 79' lang='lat' dir='ltr'><strong>vobis,</strong></span> <span class='ocrx_word' id='word_1_582' title='bbox 1139 4845 1251 4898; x_wconf 87' lang='lat' dir='ltr'><strong>etsi</strong></span> <span class='ocrx_word' id='word_1_583' title='bbox 1275 4861 1375 4898; x_wconf 82' lang='lat' dir='ltr'><strong>non</strong></span> <span class='ocrx_word' id='word_1_584' title='bbox 1395 4843 1542 4896; x_wconf 86' lang='lat' dir='ltr'><strong>dabit</strong></span> <span class='ocrx_word' id='word_1_585' title='bbox 1567 4844 1645 4896; x_wconf 87' lang='lat' dir='ltr'><strong>illi</strong></span> <span class='ocrx_word' id='word_1_586' title='bbox 1672 4857 1914 4913; x_wconf 78' lang='lat' dir='ltr'><strong>surgens,</strong></span> <span class='ocrx_word' id='word_1_587' title='bbox 1934 4857 1994 4894; x_wconf 85' lang='lat' dir='ltr'><strong>eo</strong></span> 
     </span>
    </p>
   </div>
   <div class='ocr_carea' id='block_1_82' title="bbox 404 4937 1993 5010">
    <p class='ocr_par' dir='ltr' id='par_1_82' title="bbox 404 4937 1993 5010">
     <span class='ocr_line' id='line_1_82' title="bbox 404 4937 1993 5010; baseline -0.001 -21"><span class='ocrx_word' id='word_1_588' title='bbox 404 4940 546 5010; x_wconf 84' lang='lat' dir='ltr'><strong>quod</strong></span> <span class='ocrx_word' id='word_1_589' title='bbox 569 4941 893 5010; x_wconf 85' lang='lat' dir='ltr'><strong>amicusejus</strong></span> <span class='ocrx_word' id='word_1_590' title='bbox 920 4944 1009 5005; x_wconf 86' lang='lat' dir='ltr'><strong>sit,</strong></span> <span class='ocrx_word' id='word_1_591' title='bbox 1033 4951 1243 5008; x_wconf 83' lang='lat' dir='ltr'><strong>propter</strong></span> <span class='ocrx_word' id='word_1_592' title='bbox 1261 4939 1714 5002; x_wconf 74' lang='lat' dir='ltr'><strong>importunitatem</strong></span> <span class='ocrx_word' id='word_1_593' title='bbox 1732 4937 1847 5002; x_wconf 82' lang='lat' dir='ltr'><strong>ejus</strong></span> <span class='ocrx_word' id='word_1_594' title='bbox 1867 4951 1993 4989; x_wconf 80' lang='lat' dir='ltr'><strong>sur-</strong></span> 
     </span>
    </p>
   </div>
   <div class='ocr_carea' id='block_1_83' title="bbox 407 5029 1992 5107">
    <p class='ocr_par' dir='ltr' id='par_1_83' title="bbox 407 5029 1992 5107">
     <span class='ocr_line' id='line_1_83' title="bbox 407 5029 1992 5107; baseline -0.006 -20"><span class='ocrx_word' id='word_1_595' title='bbox 407 5049 516 5107; x_wconf 84' lang='lat' dir='ltr'><strong>get,</strong></span> <span class='ocrx_word' id='word_1_596' title='bbox 552 5046 599 5088; x_wconf 83' lang='lat' dir='ltr'><strong>et</strong></span> <span class='ocrx_word' id='word_1_597' title='bbox 630 5035 780 5087; x_wconf 87' lang='lat' dir='ltr'><strong>dabit</strong></span> <span class='ocrx_word' id='word_1_598' title='bbox 825 5032 977 5104; x_wconf 86' lang='lat' dir='ltr'><strong>(Luc.</strong></span> <span class='ocrx_word' id='word_1_599' title='bbox 1008 5050 1086 5092; x_wconf 75' lang='lat' dir='ltr'><strong>XI.</strong></span> <span class='ocrx_word' id='word_1_600' title='bbox 1120 5035 1198 5100; x_wconf 85' lang='lat'><strong>8).</strong></span> <span class='ocrx_word' id='word_1_601' title='bbox 1234 5030 1424 5100; x_wconf 75' lang='lat' dir='ltr'><strong>Magna</strong></span> <span class='ocrx_word' id='word_1_602' title='bbox 1459 5029 1863 5101; x_wconf 83' lang='lat' dir='ltr'><strong>perseverantia</strong></span> <span class='ocrx_word' id='word_1_603' title='bbox 1885 5037 1992 5091; x_wconf 89' lang='lat' dir='ltr'><strong>est,</strong></span> 
     </span>
    </p>
   </div>
   <div class='ocr_carea' id='block_1_84' title="bbox 407 5119 1996 5194">
    <p class='ocr_par' dir='ltr' id='par_1_84' title="bbox 407 5119 1996 5194">
     <span class='ocr_line' id='line_1_84' title="bbox 407 5119 1996 5194; baseline -0.003 -17"><span class='ocrx_word' id='word_1_604' title='bbox 407 5142 536 5194; x_wconf 75' lang='lat' dir='ltr'><strong>qua:</strong></span> <span class='ocrx_word' id='word_1_605' title='bbox 565 5126 815 5194; x_wconf 80' lang='lat' dir='ltr'><strong>quamvis</strong></span> <span class='ocrx_word' id='word_1_606' title='bbox 843 5127 1152 5190; x_wconf 87' lang='lat' dir='ltr'><strong>importuna</strong></span> <span class='ocrx_word' id='word_1_607' title='bbox 1185 5133 1288 5185; x_wconf 93' lang='lat' dir='ltr'><strong>est,</strong></span> <span class='ocrx_word' id='word_1_608' title='bbox 1315 5135 1628 5190; x_wconf 87' lang='lat' dir='ltr'><strong>quanquam</strong></span> <span class='ocrx_word' id='word_1_609' title='bbox 1665 5119 1894 5172; x_wconf 86' lang='lat' dir='ltr'><strong>molesta</strong></span> <span class='ocrx_word' id='word_1_610' title='bbox 1925 5120 1996 5173; x_wconf 86' lang='lat' dir='ltr'><strong>sit</strong></span> 
     </span>
    </p>
   </div>
   <div class='ocr_carea' id='block_1_85' title="bbox 409 5211 1997 5286">
    <p class='ocr_par' dir='ltr' id='par_1_85' title="bbox 409 5211 1997 5286">
     <span class='ocr_line' id='line_1_85' title="bbox 409 5211 1997 5286; baseline -0.003 -16"><span class='ocrx_word' id='word_1_611' title='bbox 409 5216 524 5272; x_wconf 85' lang='lat' dir='ltr'><strong>Deo</strong></span> <span class='ocrx_word' id='word_1_612' title='bbox 575 5236 588 5271; x_wconf 92' lang='lat'>:</span> <span class='ocrx_word' id='word_1_613' title='bbox 639 5227 821 5271; x_wconf 88' lang='lat' dir='ltr'><strong>tamen</strong></span> <span class='ocrx_word' id='word_1_614' title='bbox 875 5217 995 5286; x_wconf 90' lang='lat' dir='ltr'><strong>plus</strong></span> <span class='ocrx_word' id='word_1_615' title='bbox 1031 5217 1203 5269; x_wconf 88' lang='lat' dir='ltr'><strong>amica</strong></span> <span class='ocrx_word' id='word_1_616' title='bbox 1253 5224 1356 5278; x_wconf 89' lang='lat' dir='ltr'><strong>est,</strong></span> <span class='ocrx_word' id='word_1_617' title='bbox 1395 5228 1555 5282; x_wconf 88' lang='lat' dir='ltr'><strong>quam</strong></span> <span class='ocrx_word' id='word_1_618' title='bbox 1588 5211 1818 5265; x_wconf 88' lang='lat' dir='ltr'><strong>amicus.</strong></span> <span class='ocrx_word' id='word_1_619' title='bbox 1856 5211 1997 5266; x_wconf 85' lang='lat' dir='ltr'><strong>Ecce</strong></span> 
     </span>
    </p>
   </div>
   <div class='ocr_carea' id='block_1_86' title="bbox 408 5307 1994 5380">
    <p class='ocr_par' dir='ltr' id='par_1_86' title="bbox 408 5307 1994 5380">
     <span class='ocr_line' id='line_1_86' title="bbox 408 5307 1994 5380; baseline -0.002 -17"><span class='ocrx_word' id='word_1_620' title='bbox 408 5310 556 5363; x_wconf 88' lang='lat' dir='ltr'><strong>enim</strong></span> <span class='ocrx_word' id='word_1_621' title='bbox 573 5311 716 5379; x_wconf 85' lang='lat' dir='ltr'><strong>quod</strong></span> <span class='ocrx_word' id='word_1_622' title='bbox 733 5310 910 5362; x_wconf 85' lang='lat' dir='ltr'><strong>amico</strong></span> <span class='ocrx_word' id='word_1_623' title='bbox 931 5320 1181 5380; x_wconf 80' lang='lat' dir='ltr'><strong>negatur,</strong></span> <span class='ocrx_word' id='word_1_624' title='bbox 1206 5307 1606 5374; x_wconf 82' lang='lat' dir='ltr'><strong>perseverantia</strong></span> <span class='ocrx_word' id='word_1_625' title='bbox 1633 5313 1994 5375; x_wconf 88' lang='lat' dir='ltr'><strong>promeretur.</strong></span> 
     </span>
    </p>
   </div>
   <div class='ocr_carea' id='block_1_87' title="bbox 413 5400 1998 5468">
    <p class='ocr_par' dir='ltr' id='par_1_87' title="bbox 413 5400 1998 5468">
     <span class='ocr_line' id='line_1_87' title="bbox 413 5400 1998 5468; baseline -0.004 -12"><span class='ocrx_word' id='word_1_626' title='bbox 413 5403 498 5456; x_wconf 92' lang='lat' dir='ltr'><strong>Illi</strong></span> <span class='ocrx_word' id='word_1_627' title='bbox 539 5413 758 5457; x_wconf 88' lang='lat' dir='ltr'><strong>recusat</strong></span> <span class='ocrx_word' id='word_1_628' title='bbox 793 5403 859 5456; x_wconf 90' lang='lat' dir='ltr'><strong>de</strong></span> <span class='ocrx_word' id='word_1_629' title='bbox 887 5402 1104 5468; x_wconf 86' lang='lat' dir='ltr'><strong>liducia,</strong></span> <span class='ocrx_word' id='word_1_630' title='bbox 1138 5401 1264 5455; x_wconf 87' lang='lat' dir='ltr'><strong>huic</strong></span> <span class='ocrx_word' id='word_1_631' title='bbox 1300 5400 1367 5454; x_wconf 88' lang='lat' dir='ltr'><strong>de</strong></span> <span class='ocrx_word' id='word_1_632' title='bbox 1400 5401 1754 5455; x_wconf 86' lang='lat' dir='ltr'><strong>contentione</strong></span> <span class='ocrx_word' id='word_1_633' title='bbox 1779 5414 1998 5466; x_wconf 85' lang='lat' dir='ltr'><strong>compa-</strong></span> 
     </span>
    </p>
   </div>
   <div class='ocr_carea' id='block_1_88' title="bbox 413 5491 1997 5565">
    <p class='ocr_par' dir='ltr' id='par_1_88' title="bbox 413 5491 1997 5565">
     <span class='ocr_line' id='line_1_88' title="bbox 413 5491 1997 5565; baseline -0.002 -17"><span class='ocrx_word' id='word_1_634' title='bbox 413 5497 569 5549; x_wconf 90' lang='lat' dir='ltr'><strong>titur.</strong></span> <span class='ocrx_word' id='word_1_635' title='bbox 602 5496 681 5550; x_wconf 83' lang='lat' dir='ltr'><strong>illi</strong></span> <span class='ocrx_word' id='word_1_636' title='bbox 723 5511 826 5549; x_wconf 91' lang='lat' dir='ltr'><strong>non</strong></span> <span class='ocrx_word' id='word_1_637' title='bbox 886 5496 1110 5565; x_wconf 86' lang='lat' dir='ltr'><strong>largitur</strong></span> <span class='ocrx_word' id='word_1_638' title='bbox 1163 5491 1506 5548; x_wconf 77' lang='lat' dir='ltr'><strong>familiariter</strong></span> <span class='ocrx_word' id='word_1_639' title='bbox 1557 5493 1818 5563; x_wconf 80' lang='lat' dir='ltr'><strong>pulsanti,</strong></span> <span class='ocrx_word' id='word_1_640' title='bbox 1870 5493 1997 5546; x_wconf 93' lang='lat' dir='ltr'><strong>huic</strong></span> 
     </span>
    </p>
   </div>
   <div class='ocr_carea' id='block_1_89' title="bbox 411 5585 1331 5656">
    <p class='ocr_par' dir='ltr' id='par_1_89' title="bbox 411 5585 1331 5656">
     <span class='ocr_line' id='line_1_89' title="bbox 411 5585 1331 5656; baseline -0.004 -14"><span class='ocrx_word' id='word_1_641' title='bbox 411 5587 766 5656; x_wconf 79' lang='lat' dir='ltr'><strong>pertinaciter</strong></span> <span class='ocrx_word' id='word_1_642' title='bbox 807 5588 1062 5642; x_wconf 85' lang='lat' dir='ltr'><strong>miseretu</strong></span> <span class='ocrx_word' id='word_1_643' title='bbox 1075 5601 1097 5639; x_wconf 90' lang='lat' dir='ltr'><strong>r</strong></span> <span class='ocrx_word' id='word_1_644' title='bbox 1127 5585 1331 5640; x_wconf 90' lang='lat' dir='ltr'><strong>oranti.</strong></span> 
     </span>
    </p>
   </div>
   <div class='ocr_carea' id='block_1_90' title="bbox 484 5678 1999 5750">
    <p class='ocr_par' dir='ltr' id='par_1_90' title="bbox 484 5678 1999 5750">
     <span class='ocr_line' id='line_1_90' title="bbox 484 5678 1999 5750; baseline -0.001 -16"><span class='ocrx_word' id='word_1_645' title='bbox 484 5680 550 5735; x_wconf 68' lang='grc' dir='ltr'><strong>ι’.</strong></span> <span class='ocrx_word' id='word_1_646' title='bbox 579 5681 864 5737; x_wconf 85' lang='lat' dir='ltr'><strong>Pulsemus</strong></span> <span class='ocrx_word' id='word_1_647' title='bbox 893 5681 1058 5750; x_wconf 80' lang='lat' dir='ltr'><strong>igitur</strong></span> <span class='ocrx_word' id='word_1_648' title='bbox 1083 5681 1285 5735; x_wconf 89' lang='lat' dir='ltr'><strong>ostium</strong></span> <span class='ocrx_word' id='word_1_649' title='bbox 1309 5678 1544 5745; x_wconf 88' lang='lat' dir='ltr'><strong>Domini,</strong></span> <span class='ocrx_word' id='word_1_650' title='bbox 1569 5693 1674 5733; x_wconf 88' lang='lat' dir='ltr'><strong>non</strong></span> <span class='ocrx_word' id='word_1_651' title='bbox 1704 5678 1877 5733; x_wconf 78' lang='lat' dir='ltr'><strong>solum</strong></span> <span class='ocrx_word' id='word_1_652' title='bbox 1903 5695 1999 5750; x_wconf 89' lang='lat' dir='ltr'><strong>per</strong></span> 
     </span>
    </p>
   </div>
   <div class='ocr_carea' id='block_1_91' title="bbox 400 5771 1996 5843">
    <p class='ocr_par' dir='ltr' id='par_1_91' title="bbox 400 5771 1996 5843">
     <span class='ocr_line' id='line_1_91' title="bbox 400 5771 1996 5843; baseline -0.004 -12"><span class='ocrx_word' id='word_1_653' title='bbox 400 5776 590 5840; x_wconf 81' lang='lat' dir='ltr'><strong>ﬁdem,</strong></span> <span class='ocrx_word' id='word_1_654' title='bbox 616 5776 710 5832; x_wconf 89' lang='lat' dir='ltr'><strong>sed</strong></span> <span class='ocrx_word' id='word_1_655' title='bbox 740 5776 904 5831; x_wconf 81' lang='lat' dir='ltr'><strong>etiam</strong></span> <span class='ocrx_word' id='word_1_656' title='bbox 942 5775 1369 5843; x_wconf 81' lang='lat' dir='ltr'><strong>perseverantia,</strong></span> <span class='ocrx_word' id='word_1_657' title='bbox 1399 5781 1454 5826; x_wconf 89' lang='lat' dir='ltr'><strong>ut</strong></span> <span class='ocrx_word' id='word_1_658' title='bbox 1479 5772 1760 5841; x_wconf 82' lang='lat' dir='ltr'><strong>aperiatur</strong></span> <span class='ocrx_word' id='word_1_659' title='bbox 1790 5771 1948 5827; x_wconf 88' lang='lat' dir='ltr'><strong>nobis</strong></span> <span class='ocrx_word' id='word_1_660' title='bbox 1981 5787 1996 5825; x_wconf 75' lang='grc' dir='ltr'>ε</span> 
     </span>
    </p>
   </div>
   <div class='ocr_carea' id='block_1_92' title="bbox 2091 3178 3669 3244">
    <p class='ocr_par' dir='ltr' id='par_1_92' title="bbox 2091 3178 3669 3244">
     <span class='ocr_line' id='line_1_92' title="bbox 2091 3178 3669 3244; baseline -0.001 -11"><span class='ocrx_word' id='word_1_661' title='bbox 2091 3195 2244 3233; x_wconf 88' lang='lat' dir='ltr'><strong>ceam</strong></span> <span class='ocrx_word' id='word_1_662' title='bbox 2275 3181 2469 3234; x_wconf 88' lang='lat' dir='ltr'><strong>habeo.</strong></span> <span class='ocrx_word' id='word_1_663' title='bbox 2527 3178 2659 3233; x_wconf 77' lang='lat' dir='ltr'><strong>Noli</strong></span> <span class='ocrx_word' id='word_1_664' title='bbox 2691 3181 2819 3232; x_wconf 87' lang='lat' dir='ltr'><strong>mihi</strong></span> <span class='ocrx_word' id='word_1_665' title='bbox 2867 3180 3116 3234; x_wconf 84' lang='lat' dir='ltr'><strong>molestus</strong></span> <span class='ocrx_word' id='word_1_666' title='bbox 3151 3196 3286 3244; x_wconf 89' lang='lat' dir='ltr'><strong>esse,</strong></span> <span class='ocrx_word' id='word_1_667' title='bbox 3337 3191 3390 3235; x_wconf 89' lang='lat' dir='ltr'><strong>et</strong></span> <span class='ocrx_word' id='word_1_668' title='bbox 3448 3192 3669 3234; x_wconf 71' lang='lat' dir='ltr'><strong>caetera.</strong></span> 
     </span>
    </p>
   </div>
   <div class='ocr_carea' id='block_1_93' title="bbox 2089 3269 3670 3338">
    <p class='ocr_par' dir='ltr' id='par_1_93' title="bbox 2089 3269 3670 3338">
     <span class='ocr_line' id='line_1_93' title="bbox 2089 3269 3670 3338; baseline -0.001 -17"><span class='ocrx_word' id='word_1_669' title='bbox 2089 3269 2307 3322; x_wconf 85' lang='lat' dir='ltr'><strong>Distulit</strong></span> <span class='ocrx_word' id='word_1_670' title='bbox 2343 3271 2560 3338; x_wconf 79' lang='lat' dir='ltr'><strong>quidem</strong></span> <span class='ocrx_word' id='word_1_671' title='bbox 2587 3271 2946 3335; x_wconf 89' lang='lat' dir='ltr'><strong>desiderium,</strong></span> <span class='ocrx_word' id='word_1_672' title='bbox 3006 3273 3098 3324; x_wconf 88' lang='lat' dir='ltr'><strong>sed</strong></span> <span class='ocrx_word' id='word_1_673' title='bbox 3139 3290 3245 3325; x_wconf 92' lang='lat' dir='ltr'><strong>non</strong></span> <span class='ocrx_word' id='word_1_674' title='bbox 3313 3272 3561 3333; x_wconf 90' lang='lat' dir='ltr'><strong>abstulit,</strong></span> <span class='ocrx_word' id='word_1_675' title='bbox 3612 3277 3670 3320; x_wconf 92' lang='lat' dir='ltr'><strong>ut</strong></span> 
     </span>
    </p>
   </div>
   <div class='ocr_carea' id='block_1_94' title="bbox 2096 3361 3673 3430">
    <p class='ocr_par' dir='ltr' id='par_1_94' title="bbox 2096 3361 3673 3430">
     <span class='ocr_line' id='line_1_94' title="bbox 2096 3361 3673 3430; baseline 0 -16"><span class='ocrx_word' id='word_1_676' title='bbox 2096 3361 2218 3430; x_wconf 77' lang='lat' dir='ltr'><strong>plus</strong></span> <span class='ocrx_word' id='word_1_677' title='bbox 2251 3376 2350 3415; x_wconf 91' lang='lat' dir='ltr'><strong>nos</strong></span> <span class='ocrx_word' id='word_1_678' title='bbox 2381 3377 2714 3427; x_wconf 66' lang='lat' dir='ltr'><strong>quaaramus,</strong></span> <span class='ocrx_word' id='word_1_679' title='bbox 2749 3374 2802 3415; x_wconf 88' lang='lat' dir='ltr'><strong>et</strong></span> <span class='ocrx_word' id='word_1_680' title='bbox 2837 3364 3090 3417; x_wconf 86' lang='lat' dir='ltr'><strong>inventus</strong></span> <span class='ocrx_word' id='word_1_681' title='bbox 3124 3363 3369 3418; x_wconf 86' lang='lat' dir='ltr'><strong>strictius</strong></span> <span class='ocrx_word' id='word_1_682' title='bbox 3402 3371 3673 3415; x_wconf 90' lang='lat' dir='ltr'><strong>teneatur.</strong></span> 
     </span>
    </p>
   </div>
   <div class='ocr_carea' id='block_1_95' title="bbox 2087 3452 3674 3519">
    <p class='ocr_par' dir='ltr' id='par_1_95' title="bbox 2087 3452 3674 3519">
     <span class='ocr_line' id='line_1_95' title="bbox 2087 3452 3674 3519; baseline -0.004 -13"><span class='ocrx_word' id='word_1_683' title='bbox 2087 3455 2238 3519; x_wconf 76' lang='lat' dir='ltr'><strong>Quod</strong></span> <span class='ocrx_word' id='word_1_684' title='bbox 2265 3468 2392 3507; x_wconf 85' lang='lat' dir='ltr'><strong>vero</strong></span> <span class='ocrx_word' id='word_1_685' title='bbox 2416 3454 2580 3507; x_wconf 87' lang='lat' dir='ltr'><strong>dicit:</strong></span> <span class='ocrx_word' id='word_1_686' title='bbox 2634 3453 2795 3507; x_wconf 87' lang='lat' dir='ltr'><strong>Pueri</strong></span> <span class='ocrx_word' id='word_1_687' title='bbox 2821 3456 2920 3507; x_wconf 86' lang='lat' dir='ltr'><strong>mei</strong></span> <span class='ocrx_word' id='word_1_688' title='bbox 2956 3471 3160 3508; x_wconf 88' lang='lat' dir='ltr'><strong>mecum</strong></span> <span class='ocrx_word' id='word_1_689' title='bbox 3201 3464 3364 3518; x_wconf 90' lang='lat' dir='ltr'><strong>sunt;</strong></span> <span class='ocrx_word' id='word_1_690' title='bbox 3396 3469 3456 3506; x_wconf 88' lang='lat' dir='ltr'><strong>ac</strong></span> <span class='ocrx_word' id='word_1_691' title='bbox 3499 3453 3542 3506; x_wconf 88' lang='lat' dir='ltr'><strong>si</strong></span> <span class='ocrx_word' id='word_1_692' title='bbox 3592 3452 3674 3501; x_wconf 76' lang='lat' dir='ltr'><strong>di-</strong></span> 
     </span>
    </p>
   </div>
   <div class='ocr_carea' id='block_1_96' title="bbox 2087 3544 3678 3614">
    <p class='ocr_par' dir='ltr' id='par_1_96' title="bbox 2087 3544 3678 3614">
     <span class='ocr_line' id='line_1_96' title="bbox 2087 3544 3678 3614; baseline -0.004 -16"><span class='ocrx_word' id='word_1_693' title='bbox 2087 3556 2176 3598; x_wconf 84' lang='lat' dir='ltr'><strong>cat</strong></span> <span class='ocrx_word' id='word_1_694' title='bbox 2210 3544 2467 3598; x_wconf 87' lang='lat' dir='ltr'><strong>Dominus</strong></span> <span class='ocrx_word' id='word_1_695' title='bbox 2493 3545 2743 3599; x_wconf 87' lang='lat' dir='ltr'><strong>Christus</strong></span> <span class='ocrx_word' id='word_1_696' title='bbox 2772 3547 3122 3614; x_wconf 83' lang='lat' dir='ltr'><strong>Omnipotens</strong></span> <span class='ocrx_word' id='word_1_697' title='bbox 3149 3565 3162 3598; x_wconf 91' lang='lat'><strong>:</strong></span> <span class='ocrx_word' id='word_1_698' title='bbox 3200 3545 3381 3597; x_wconf 80' lang='lat' dir='ltr'><strong>Sancti</strong></span> <span class='ocrx_word' id='word_1_699' title='bbox 3408 3545 3514 3597; x_wconf 89' lang='lat' dir='ltr'><strong>mei</strong></span> <span class='ocrx_word' id='word_1_700' title='bbox 3538 3556 3678 3611; x_wconf 79' lang='lat' dir='ltr'><strong>quos</strong></span> 
     </span>
    </p>
   </div>
   <div class='ocr_carea' id='block_1_97' title="bbox 2089 3637 3676 3707">
    <p class='ocr_par' dir='ltr' id='par_1_97' title="bbox 2089 3637 3676 3707">
     <span class='ocr_line' id='line_1_97' title="bbox 2089 3637 3676 3707; baseline -0.004 -16"><span class='ocrx_word' id='word_1_701' title='bbox 2089 3637 2369 3704; x_wconf 88' lang='lat' dir='ltr'><strong>voluijam</strong></span> <span class='ocrx_word' id='word_1_702' title='bbox 2417 3653 2631 3691; x_wconf 87' lang='lat' dir='ltr'><strong>meeum</strong></span> <span class='ocrx_word' id='word_1_703' title='bbox 2674 3648 2839 3702; x_wconf 88' lang='lat' dir='ltr'><strong>sunt;</strong></span> <span class='ocrx_word' id='word_1_704' title='bbox 2896 3654 3002 3691; x_wconf 92' lang='lat' dir='ltr'><strong>non</strong></span> <span class='ocrx_word' id='word_1_705' title='bbox 3037 3653 3258 3707; x_wconf 90' lang='lat' dir='ltr'><strong>possum</strong></span> <span class='ocrx_word' id='word_1_706' title='bbox 3311 3649 3555 3705; x_wconf 82' lang='lat' dir='ltr'><strong>surgere,</strong></span> <span class='ocrx_word' id='word_1_707' title='bbox 3621 3644 3676 3685; x_wconf 91' lang='lat' dir='ltr'><strong>et</strong></span> 
     </span>
    </p>
   </div>
   <div class='ocr_carea' id='block_1_98' title="bbox 2089 3725 3678 3800">
    <p class='ocr_par' dir='ltr' id='par_1_98' title="bbox 2089 3725 3678 3800">
     <span class='ocr_line' id='line_1_98' title="bbox 2089 3725 3678 3800; baseline -0.004 -16"><span class='ocrx_word' id='word_1_708' title='bbox 2089 3733 2219 3784; x_wconf 91' lang='lat' dir='ltr'><strong>dare</strong></span> <span class='ocrx_word' id='word_1_709' title='bbox 2253 3732 2370 3785; x_wconf 91' lang='lat' dir='ltr'><strong>tibi.</strong></span> <span class='ocrx_word' id='word_1_710' title='bbox 2407 3731 2531 3784; x_wconf 91' lang='lat' dir='ltr'><strong>Ideo</strong></span> <span class='ocrx_word' id='word_1_711' title='bbox 2561 3742 2721 3797; x_wconf 80' lang='lat' dir='ltr'><strong>negat</strong></span> <span class='ocrx_word' id='word_1_712' title='bbox 2759 3731 3101 3800; x_wconf 85' lang='lat' dir='ltr'><strong>petitionem,</strong></span> <span class='ocrx_word' id='word_1_713' title='bbox 3162 3740 3222 3782; x_wconf 95' lang='lat' dir='ltr'><strong>ut</strong></span> <span class='ocrx_word' id='word_1_714' title='bbox 3254 3730 3446 3794; x_wconf 89' lang='lat' dir='ltr'><strong>probet</strong></span> <span class='ocrx_word' id='word_1_715' title='bbox 3496 3725 3678 3792; x_wconf 77' lang='lat' dir='ltr'><strong>cujus-</strong></span> 
     </span>
    </p>
   </div>
   <div class='ocr_carea' id='block_1_99' title="bbox 2089 3817 3674 3891">
    <p class='ocr_par' dir='ltr' id='par_1_99' title="bbox 2089 3817 3674 3891">
     <span class='ocr_line' id='line_1_99' title="bbox 2089 3817 3674 3891; baseline -0.005 -14"><span class='ocrx_word' id='word_1_716' title='bbox 2089 3825 2222 3878; x_wconf 87' lang='lat' dir='ltr'><strong>libet</strong></span> <span class='ocrx_word' id='word_1_717' title='bbox 2265 3823 2754 3891; x_wconf 83' lang='lat' dir='ltr'><strong>perseverantiam.</strong></span> <span class='ocrx_word' id='word_1_718' title='bbox 2788 3823 3019 3890; x_wconf 79' lang='lat' dir='ltr'><strong>thuod</strong></span> <span class='ocrx_word' id='word_1_719' title='bbox 3047 3821 3214 3875; x_wconf 87' lang='lat' dir='ltr'><strong>dicit:</strong></span> <span class='ocrx_word' id='word_1_720' title='bbox 3248 3820 3309 3872; x_wconf 87' lang='lat' dir='ltr'><strong>Si</strong></span> <span class='ocrx_word' id='word_1_721' title='bbox 3372 3835 3478 3871; x_wconf 87' lang='lat' dir='ltr'><strong>non</strong></span> <span class='ocrx_word' id='word_1_722' title='bbox 3520 3817 3674 3870; x_wconf 76' lang='lat' dir='ltr'><strong>dabit</strong></span> 
     </span>
    </p>
   </div>
   <div class='ocr_carea' id='block_1_100' title="bbox 2090 3910 3674 3982">
    <p class='ocr_par' dir='ltr' id='par_1_100' title="bbox 2090 3910 3674 3982">
     <span class='ocr_line' id='line_1_100' title="bbox 2090 3910 3674 3982; baseline -0.005 -16"><span class='ocrx_word' id='word_1_723' title='bbox 2090 3914 2172 3968; x_wconf 83' lang='lat' dir='ltr'><strong>illi</strong></span> <span class='ocrx_word' id='word_1_724' title='bbox 2199 3929 2415 3982; x_wconf 79' lang='lat' dir='ltr'><strong>surgens</strong></span> <span class='ocrx_word' id='word_1_725' title='bbox 2449 3929 2508 3965; x_wconf 88' lang='lat' dir='ltr'><strong>eo</strong></span> <span class='ocrx_word' id='word_1_726' title='bbox 2541 3912 2680 3981; x_wconf 86' lang='lat' dir='ltr'><strong>quod</strong></span> <span class='ocrx_word' id='word_1_727' title='bbox 2717 3913 2918 3964; x_wconf 87' lang='lat' dir='ltr'><strong>amicus</strong></span> <span class='ocrx_word' id='word_1_728' title='bbox 2950 3911 3063 3978; x_wconf 84' lang='lat' dir='ltr'><strong>ejus</strong></span> <span class='ocrx_word' id='word_1_729' title='bbox 3093 3919 3190 3970; x_wconf 67' lang='lat' dir='ltr'><strong>est,</strong></span> <span class='ocrx_word' id='word_1_730' title='bbox 3225 3919 3437 3976; x_wconf 83' lang='lat' dir='ltr'><strong>propter</strong></span> <span class='ocrx_word' id='word_1_731' title='bbox 3479 3910 3674 3971; x_wconf 82' lang='lat' dir='ltr'><strong>impor-</strong></span> 
     </span>
    </p>
   </div>
   <div class='ocr_carea' id='block_1_101' title="bbox 2093 4000 3674 4073">
    <p class='ocr_par' dir='ltr' id='par_1_101' title="bbox 2093 4000 3674 4073">
     <span class='ocr_line' id='line_1_101' title="bbox 2093 4000 3674 4073; baseline -0.004 -14"><span class='ocrx_word' id='word_1_732' title='bbox 2093 4007 2370 4060; x_wconf 82' lang='lat' dir='ltr'><strong>tunitatem</strong></span> <span class='ocrx_word' id='word_1_733' title='bbox 2425 4016 2598 4057; x_wconf 86' lang='lat' dir='ltr'><strong>tamen</strong></span> <span class='ocrx_word' id='word_1_734' title='bbox 2631 4006 2745 4073; x_wconf 83' lang='lat' dir='ltr'><strong>ejus</strong></span> <span class='ocrx_word' id='word_1_735' title='bbox 2779 4013 2975 4070; x_wconf 71' lang='lat' dir='ltr'><strong>surget,</strong></span> <span class='ocrx_word' id='word_1_736' title='bbox 3003 4014 3050 4056; x_wconf 87' lang='lat' dir='ltr'><strong>et</strong></span> <span class='ocrx_word' id='word_1_737' title='bbox 3101 4003 3246 4055; x_wconf 87' lang='lat' dir='ltr'><strong>dabit</strong></span> <span class='ocrx_word' id='word_1_738' title='bbox 3305 4000 3385 4054; x_wconf 87' lang='lat' dir='ltr'><strong>illi</strong></span> <span class='ocrx_word' id='word_1_739' title='bbox 3420 4009 3674 4070; x_wconf 81' lang='lat' dir='ltr'><strong>quotquot</strong></span> 
     </span>
    </p>
   </div>
   <div class='ocr_carea' id='block_1_102' title="bbox 2089 4092 3678 4153">
    <p class='ocr_par' dir='ltr' id='par_1_102' title="bbox 2089 4092 3678 4153">
     <span class='ocr_line' id='line_1_102' title="bbox 2089 4092 3678 4153; baseline -0.006 -1"><span class='ocrx_word' id='word_1_740' title='bbox 2089 4100 2245 4153; x_wconf 85' lang='lat' dir='ltr'><strong>habet</strong></span> <span class='ocrx_word' id='word_1_741' title='bbox 2281 4100 2607 4152; x_wconf 71' lang='lat' dir='ltr'><strong>necessarios</strong></span> <span class='ocrx_word' id='word_1_742' title='bbox 2649 4111 2666 4149; x_wconf 92' lang='lat'><strong><em>:</em></strong></span> <span class='ocrx_word' id='word_1_743' title='bbox 2696 4100 2774 4150; x_wconf 85' lang='lat' dir='ltr'><strong>sic</strong></span> <span class='ocrx_word' id='word_1_744' title='bbox 2803 4105 2856 4150; x_wconf 88' lang='lat' dir='ltr'><strong>et</strong></span> <span class='ocrx_word' id='word_1_745' title='bbox 2893 4095 3154 4148; x_wconf 91' lang='lat' dir='ltr'><strong>Dominus</strong></span> <span class='ocrx_word' id='word_1_746' title='bbox 3183 4092 3344 4148; x_wconf 76' lang='lat' dir='ltr'><strong>Iesus</strong></span> <span class='ocrx_word' id='word_1_747' title='bbox 3382 4094 3589 4145; x_wconf 86' lang='lat' dir='ltr'><strong>amicus</strong></span> <span class='ocrx_word' id='word_1_748' title='bbox 3622 4104 3678 4142; x_wconf 88' lang='lat' dir='ltr'><strong>et</strong></span> 
     </span>
    </p>
   </div>
   <div class='ocr_carea' id='block_1_103' title="bbox 2092 4185 3678 4264">
    <p class='ocr_par' dir='ltr' id='par_1_103' title="bbox 2092 4185 3678 4264">
     <span class='ocr_line' id='line_1_103' title="bbox 2092 4185 3678 4264; baseline -0.009 -16"><span class='ocrx_word' id='word_1_749' title='bbox 2092 4193 2466 4248; x_wconf 82' lang='lat' dir='ltr'><strong>Iraternoster</strong></span> <span class='ocrx_word' id='word_1_750' title='bbox 2499 4190 2611 4264; x_wconf 81' lang='grc' dir='ltr'><strong>[ΑΙ.</strong></span> <span class='ocrx_word' id='word_1_751' title='bbox 2653 4197 2762 4243; x_wconf 84' lang='lat' dir='ltr'><strong>tac.</strong></span> <span class='ocrx_word' id='word_1_752' title='bbox 2803 4185 3008 4260; x_wconf 86' lang='lat' dir='ltr'><strong>noster]</strong></span> <span class='ocrx_word' id='word_1_753' title='bbox 3035 4185 3678 4249; x_wconf 82' lang='lat' dir='ltr'><strong>Christianorum,’omni</strong></span> 
     </span>
    </p>
   </div>
   <div class='ocr_carea' id='block_1_104' title="bbox 2093 4279 3680 4355">
    <p class='ocr_par' dir='ltr' id='par_1_104' title="bbox 2093 4279 3680 4355">
     <span class='ocr_line' id='line_1_104' title="bbox 2093 4279 3680 4355; baseline -0.007 -15"><span class='ocrx_word' id='word_1_754' title='bbox 2093 4287 2404 4355; x_wconf 90' lang='lat' dir='ltr'><strong>importune</strong></span> <span class='ocrx_word' id='word_1_755' title='bbox 2441 4283 2779 4351; x_wconf 83' lang='lat' dir='ltr'><strong>ﬁdeliterque</strong></span> <span class='ocrx_word' id='word_1_756' title='bbox 2809 4281 3036 4350; x_wconf 84' lang='lat' dir='ltr'><strong>petenti,</strong></span> <span class='ocrx_word' id='word_1_757' title='bbox 3097 4295 3194 4349; x_wconf 89' lang='lat' dir='ltr'><strong>pro</strong></span> <span class='ocrx_word' id='word_1_758' title='bbox 3242 4279 3354 4348; x_wconf 83' lang='lat' dir='ltr'><strong>jugi</strong></span> <span class='ocrx_word' id='word_1_759' title='bbox 3419 4279 3680 4346; x_wconf 88' lang='lat' dir='ltr'><strong>petitione</strong></span> 
     </span>
    </p>
   </div>
   <div class='ocr_carea' id='block_1_105' title="bbox 2095 4367 3680 4444">
    <p class='ocr_par' dir='ltr' id='par_1_105' title="bbox 2095 4367 3680 4444">
     <span class='ocr_line' id='line_1_105' title="bbox 2095 4367 3680 4444; baseline -0.004 -18"><span class='ocrx_word' id='word_1_760' title='bbox 2095 4375 2354 4444; x_wconf 88' lang='lat' dir='ltr'><strong>quidquid</strong></span> <span class='ocrx_word' id='word_1_761' title='bbox 2383 4375 2438 4428; x_wconf 93' lang='lat' dir='ltr'><strong>in</strong></span> <span class='ocrx_word' id='word_1_762' title='bbox 2479 4376 2697 4428; x_wconf 90' lang='lat' dir='ltr'><strong>nomine</strong></span> <span class='ocrx_word' id='word_1_763' title='bbox 2746 4377 2863 4438; x_wconf 83' lang='lat' dir='ltr'><strong>ejus</strong></span> <span class='ocrx_word' id='word_1_764' title='bbox 2904 4375 3142 4441; x_wconf 89' lang='lat' dir='ltr'><strong>petierit,</strong></span> <span class='ocrx_word' id='word_1_765' title='bbox 3197 4372 3313 4424; x_wconf 90' lang='lat' dir='ltr'><strong>sine</strong></span> <span class='ocrx_word' id='word_1_766' title='bbox 3364 4367 3680 4422; x_wconf 83' lang='lat' dir='ltr'><strong>dillicultate</strong></span> 
     </span>
    </p>
   </div>
   <div class='ocr_carea' id='block_1_106' title="bbox 2019 4466 2893 4534">
    <p class='ocr_par' dir='ltr' id='par_1_106' title="bbox 2019 4466 2893 4534">
     <span class='ocr_line' id='line_1_106' title="bbox 2019 4466 2893 4534; baseline -0.006 -13"><span class='ocrx_word' id='word_1_767' title='bbox 2019 4473 2068 4534; x_wconf 76' lang='grc' dir='ltr'><strong>Ι)</strong></span> <span class='ocrx_word' id='word_1_768' title='bbox 2098 4468 2318 4521; x_wconf 89' lang='lat' dir='ltr'><strong>tribuet.</strong></span> <span class='ocrx_word' id='word_1_769' title='bbox 2353 4466 2506 4520; x_wconf 90' lang='lat' dir='ltr'><strong>Sicut</strong></span> <span class='ocrx_word' id='word_1_770' title='bbox 2535 4477 2588 4518; x_wconf 91' lang='lat' dir='ltr'><strong>et</strong></span> <span class='ocrx_word' id='word_1_771' title='bbox 2622 4466 2893 4533; x_wconf 88' lang='lat' dir='ltr'><strong>sequitur.</strong></span> 
     </span>
    </p>
   </div>
   <div class='ocr_carea' id='block_1_107' title="bbox 2171 4552 3684 4628">
    <p class='ocr_par' dir='ltr' id='par_1_107' title="bbox 2171 4552 3684 4628">
     <span class='ocr_line' id='line_1_107' title="bbox 2171 4552 3684 4628; baseline -0.009 -15"><span class='ocrx_word' id='word_1_772' title='bbox 2171 4557 2282 4613; x_wconf 88' lang='lat' dir='ltr'><strong>VII.</strong></span> <span class='ocrx_word' id='word_1_773' title='bbox 2324 4558 2434 4628; x_wconf 82' lang='lat' dir='ltr'><strong>Ego</strong></span> <span class='ocrx_word' id='word_1_774' title='bbox 2460 4557 2595 4610; x_wconf 74' lang='lat' dir='ltr'><strong>vobis</strong></span> <span class='ocrx_word' id='word_1_775' title='bbox 2624 4557 2780 4609; x_wconf 87' lang='lat' dir='ltr'><strong>dico:</strong></span> <span class='ocrx_word' id='word_1_776' title='bbox 2815 4555 2980 4608; x_wconf 79' lang='lat' dir='ltr'><strong>l’etite</strong></span> <span class='ocrx_word' id='word_1_777' title='bbox 3007 4563 3054 4608; x_wconf 86' lang='lat' dir='ltr'><strong>et</strong></span> <span class='ocrx_word' id='word_1_778' title='bbox 3080 4554 3290 4606; x_wconf 82' lang='lat' dir='ltr'><strong>dabitur</strong></span> <span class='ocrx_word' id='word_1_779' title='bbox 3318 4552 3503 4616; x_wconf 78' lang='lat' dir='ltr'><strong>vobis;</strong></span> <span class='ocrx_word' id='word_1_780' title='bbox 3537 4566 3684 4619; x_wconf 54' lang='lat' dir='ltr'><strong>qua»</strong></span> 
     </span>
    </p>
   </div>
   <div class='ocr_carea' id='block_1_108' title="bbox 2098 4643 3682 4719">
    <p class='ocr_par' dir='ltr' id='par_1_108' title="bbox 2098 4643 3682 4719">
     <span class='ocr_line' id='line_1_108' title="bbox 2098 4643 3682 4719; baseline -0.008 -11"><span class='ocrx_word' id='word_1_781' title='bbox 2098 4654 2222 4717; x_wconf 86' lang='lat' dir='ltr'><strong>rite,</strong></span> <span class='ocrx_word' id='word_1_782' title='bbox 2250 4662 2300 4706; x_wconf 88' lang='lat' dir='ltr'><strong>et</strong></span> <span class='ocrx_word' id='word_1_783' title='bbox 2327 4651 2636 4712; x_wconf 81' lang='lat' dir='ltr'><strong>invenietis;</strong></span> <span class='ocrx_word' id='word_1_784' title='bbox 2669 4651 2957 4719; x_wconf 84' lang='lat' dir='ltr'><strong>pulsate,et</strong></span> <span class='ocrx_word' id='word_1_785' title='bbox 2995 4648 3263 4716; x_wconf 81' lang='lat' dir='ltr'><strong>aperietur</strong></span> <span class='ocrx_word' id='word_1_786' title='bbox 3285 4645 3426 4698; x_wconf 81' lang='lat' dir='ltr'><strong>vobis</strong></span> <span class='ocrx_word' id='word_1_787' title='bbox 3458 4643 3682 4711; x_wconf 81' lang='lat' dir='ltr'><strong>(Matth.</strong></span> 
     </span>
    </p>
   </div>
   <div class='ocr_carea' id='block_1_109' title="bbox 2097 4735 3684 4816">
    <p class='ocr_par' dir='ltr' id='par_1_109' title="bbox 2097 4735 3684 4816">
     <span class='ocr_line' id='line_1_109' title="bbox 2097 4735 3684 4816; baseline -0.011 -13"><span class='ocrx_word' id='word_1_788' title='bbox 2097 4765 2192 4813; x_wconf 78' lang='lat' dir='ltr'><strong>vn,</strong></span> <span class='ocrx_word' id='word_1_789' title='bbox 2233 4748 2287 4816; x_wconf 91' lang='lat'><strong>7)</strong></span> <span class='ocrx_word' id='word_1_790' title='bbox 2312 4763 2328 4802; x_wconf 83' lang='lat'><strong>:</strong></span> <span class='ocrx_word' id='word_1_791' title='bbox 2358 4747 2408 4799; x_wconf 94' lang='lat' dir='ltr'><strong>id</strong></span> <span class='ocrx_word' id='word_1_792' title='bbox 2448 4753 2551 4807; x_wconf 88' lang='lat' dir='ltr'><strong>est,</strong></span> <span class='ocrx_word' id='word_1_793' title='bbox 2591 4744 2757 4813; x_wconf 90' lang='lat' dir='ltr'><strong>petite</strong></span> <span class='ocrx_word' id='word_1_794' title='bbox 2789 4740 3027 4805; x_wconf 79' lang='lat' dir='ltr'><strong>Patrem,</strong></span> <span class='ocrx_word' id='word_1_795' title='bbox 3057 4742 3281 4809; x_wconf 66' lang='lat' dir='ltr'><strong>quaerite</strong></span> <span class='ocrx_word' id='word_1_796' title='bbox 3315 4737 3528 4802; x_wconf 84' lang='lat' dir='ltr'><strong>Filium,</strong></span> <span class='ocrx_word' id='word_1_797' title='bbox 3562 4735 3684 4804; x_wconf 63' lang='lat' dir='ltr'><strong>put»</strong></span> 
     </span>
    </p>
   </div>
   <div class='ocr_carea' id='block_1_110' title="bbox 2099 4832 3708 4906">
    <p class='ocr_par' dir='ltr' id='par_1_110' title="bbox 2099 4832 3708 4906">
     <span class='ocr_line' id='line_1_110' title="bbox 2099 4832 3708 4906; baseline -0.011 -11"><span class='ocrx_word' id='word_1_798' title='bbox 2099 4849 2216 4895; x_wconf 89' lang='lat' dir='ltr'><strong>sate</strong></span> <span class='ocrx_word' id='word_1_799' title='bbox 2239 4839 2506 4906; x_wconf 81' lang='lat' dir='ltr'><strong>Spiritum</strong></span> <span class='ocrx_word' id='word_1_800' title='bbox 2535 4845 2809 4889; x_wconf 88' lang='lat' dir='ltr'><strong>sanctum.</strong></span> <span class='ocrx_word' id='word_1_801' title='bbox 2851 4832 2944 4888; x_wconf 88' lang='lat' dir='ltr'><strong>Vel</strong></span> <span class='ocrx_word' id='word_1_802' title='bbox 3013 4834 3181 4902; x_wconf 91' lang='lat' dir='ltr'><strong>petite</strong></span> <span class='ocrx_word' id='word_1_803' title='bbox 3237 4832 3708 4901; x_wconf 60' lang='lat' dir='ltr'><strong>cogitationibus,</strong></span> 
     </span>
    </p>
   </div>
   <div class='ocr_carea' id='block_1_111' title="bbox 2098 4921 3676 5004">
    <p class='ocr_par' dir='ltr' id='par_1_111' title="bbox 2098 4921 3676 5004">
     <span class='ocr_line' id='line_1_111' title="bbox 2098 4921 3676 5004; baseline -0.008 -19"><span class='ocrx_word' id='word_1_804' title='bbox 2098 4933 2327 5004; x_wconf 66' lang='lat' dir='ltr'><strong>quatrite</strong></span> <span class='ocrx_word' id='word_1_805' title='bbox 2367 4929 2572 4993; x_wconf 83' lang='lat' dir='ltr'><strong>verbis,</strong></span> <span class='ocrx_word' id='word_1_806' title='bbox 2606 4928 2822 4996; x_wconf 84' lang='lat' dir='ltr'><strong>pulsate</strong></span> <span class='ocrx_word' id='word_1_807' title='bbox 2855 4927 3134 4994; x_wconf 77' lang='lat' dir='ltr'><strong>aperibus.</strong></span> <span class='ocrx_word' id='word_1_808' title='bbox 3169 4923 3318 4987; x_wconf 78' lang='lat' dir='ltr'><strong>Sive,</strong></span> <span class='ocrx_word' id='word_1_809' title='bbox 3353 4923 3515 4992; x_wconf 90' lang='lat' dir='ltr'><strong>petite</strong></span> <span class='ocrx_word' id='word_1_810' title='bbox 3549 4921 3676 4985; x_wconf 86' lang='lat' dir='ltr'><strong>Iide,</strong></span> 
     </span>
    </p>
   </div>
   <div class='ocr_carea' id='block_1_112' title="bbox 2099 5015 3678 5097">
    <p class='ocr_par' dir='ltr' id='par_1_112' title="bbox 2099 5015 3678 5097">
     <span class='ocr_line' id='line_1_112' title="bbox 2099 5015 3678 5097; baseline -0.01 -15"><span class='ocrx_word' id='word_1_811' title='bbox 2099 5027 2329 5097; x_wconf 46' lang='lat' dir='ltr'><strong>quaerite</strong></span> <span class='ocrx_word' id='word_1_812' title='bbox 2358 5037 2543 5092; x_wconf 83' lang='lat' dir='ltr'><strong>apere,</strong></span> <span class='ocrx_word' id='word_1_813' title='bbox 2575 5031 2629 5075; x_wconf 91' lang='lat' dir='ltr'><strong>et</strong></span> <span class='ocrx_word' id='word_1_814' title='bbox 2654 5021 2864 5091; x_wconf 88' lang='lat' dir='ltr'><strong>pulsate</strong></span> <span class='ocrx_word' id='word_1_815' title='bbox 2905 5019 3170 5073; x_wconf 88' lang='lat' dir='ltr'><strong>scientia:</strong></span> <span class='ocrx_word' id='word_1_816' title='bbox 3211 5029 3266 5071; x_wconf 89' lang='lat' dir='ltr'><strong>et</strong></span> <span class='ocrx_word' id='word_1_817' title='bbox 3320 5030 3446 5068; x_wconf 74' lang='lat' dir='ltr'><strong>ect-e</strong></span> <span class='ocrx_word' id='word_1_818' title='bbox 3494 5015 3678 5066; x_wconf 85' lang='lat' dir='ltr'><strong>omnia</strong></span> 
     </span>
    </p>
   </div>
   <div class='ocr_carea' id='block_1_113' title="bbox 2101 5110 3677 5190">
    <p class='ocr_par' dir='ltr' id='par_1_113' title="bbox 2101 5110 3677 5190">
     <span class='ocr_line' id='line_1_113' title="bbox 2101 5110 3677 5190; baseline -0.008 -16"><span class='ocrx_word' id='word_1_819' title='bbox 2101 5120 2418 5190; x_wconf 88' lang='lat' dir='ltr'><strong>aperientur</strong></span> <span class='ocrx_word' id='word_1_820' title='bbox 2446 5117 2621 5170; x_wconf 82' lang='lat' dir='ltr'><strong>vobis.</strong></span> <span class='ocrx_word' id='word_1_821' title='bbox 2658 5117 2789 5180; x_wconf 78' lang='lat' dir='ltr'><strong>Quis</strong></span> <span class='ocrx_word' id='word_1_822' title='bbox 2826 5125 3006 5167; x_wconf 86' lang='lat' dir='ltr'><strong>autem</strong></span> <span class='ocrx_word' id='word_1_823' title='bbox 3041 5129 3105 5166; x_wconf 78' lang='lat' dir='ltr'><strong>ex</strong></span> <span class='ocrx_word' id='word_1_824' title='bbox 3138 5114 3277 5166; x_wconf 74' lang='lat' dir='ltr'><strong>vobis</strong></span> <span class='ocrx_word' id='word_1_825' title='bbox 3314 5123 3514 5179; x_wconf 86' lang='lat' dir='ltr'><strong>patrem</strong></span> <span class='ocrx_word' id='word_1_826' title='bbox 3547 5110 3677 5178; x_wconf 84' lang='lat' dir='ltr'><strong>petit</strong></span> 
     </span>
    </p>
   </div>
   <div class='ocr_carea' id='block_1_114' title="bbox 2105 5203 3680 5283">
    <p class='ocr_par' dir='ltr' id='par_1_114' title="bbox 2105 5203 3680 5283">
     <span class='ocr_line' id='line_1_114' title="bbox 2105 5203 3680 5283; baseline -0.007 -15"><span class='ocrx_word' id='word_1_827' title='bbox 2105 5229 2324 5283; x_wconf 87' lang='lat' dir='ltr'><strong>panem,</strong></span> <span class='ocrx_word' id='word_1_828' title='bbox 2349 5211 2604 5279; x_wconf 87' lang='lat' dir='ltr'><strong>numquid</strong></span> <span class='ocrx_word' id='word_1_829' title='bbox 2637 5210 2866 5276; x_wconf 84' lang='lat' dir='ltr'><strong>lapidem</strong></span> <span class='ocrx_word' id='word_1_830' title='bbox 2900 5207 3045 5259; x_wconf 84' lang='lat' dir='ltr'><strong>dabit</strong></span> <span class='ocrx_word' id='word_1_831' title='bbox 3073 5206 3153 5258; x_wconf 87' lang='lat' dir='ltr'><strong>illi</strong></span> <span class='ocrx_word' id='word_1_832' title='bbox 3190 5204 3356 5270; x_wconf 88' lang='lat' dir='ltr'><strong>(Ibid.</strong></span> <span class='ocrx_word' id='word_1_833' title='bbox 3391 5203 3483 5270; x_wconf 81' lang='lat'><strong>9)?</strong></span> <span class='ocrx_word' id='word_1_834' title='bbox 3509 5207 3585 5253; x_wconf 77' lang='lat' dir='ltr'><strong>Ac</strong></span> <span class='ocrx_word' id='word_1_835' title='bbox 3635 5205 3680 5257; x_wconf 90' lang='lat' dir='ltr'><strong>si</strong></span> 
     </span>
    </p>
   </div>
   <div class='ocr_carea' id='block_1_115' title="bbox 2101 5297 3684 5373">
    <p class='ocr_par' dir='ltr' id='par_1_115' title="bbox 2101 5297 3684 5373">
     <span class='ocr_line' id='line_1_115' title="bbox 2101 5297 3684 5373; baseline -0.008 -13"><span class='ocrx_word' id='word_1_836' title='bbox 2101 5310 2286 5362; x_wconf 89' lang='lat' dir='ltr'><strong>dicat:</strong></span> <span class='ocrx_word' id='word_1_837' title='bbox 2321 5303 2420 5370; x_wconf 84' lang='lat' dir='ltr'><strong>Qui</strong></span> <span class='ocrx_word' id='word_1_838' title='bbox 2448 5303 2585 5373; x_wconf 90' lang='lat' dir='ltr'><strong>petit</strong></span> <span class='ocrx_word' id='word_1_839' title='bbox 2604 5321 2630 5353; x_wconf 92' lang='lat' dir='ltr'><strong>a</strong></span> <span class='ocrx_word' id='word_1_840' title='bbox 2652 5300 3213 5354; x_wconf 86' lang='lat' dir='ltr'><strong>Dominocharitatem</strong></span> <span class='ocrx_word' id='word_1_841' title='bbox 3238 5308 3292 5350; x_wconf 91' lang='lat' dir='ltr'><strong>et</strong></span> <span class='ocrx_word' id='word_1_842' title='bbox 3313 5297 3684 5362; x_wconf 84' lang='lat' dir='ltr'><strong>dilectiooem,</strong></span> 
     </span>
    </p>
   </div>
   <div class='ocr_carea' id='block_1_116' title="bbox 2105 5390 3686 5458">
    <p class='ocr_par' dir='ltr' id='par_1_116' title="bbox 2105 5390 3686 5458">
     <span class='ocr_line' id='line_1_116' title="bbox 2105 5390 3686 5458; baseline -0.009 -5"><span class='ocrx_word' id='word_1_843' title='bbox 2105 5415 2211 5453; x_wconf 90' lang='lat' dir='ltr'><strong>non</strong></span> <span class='ocrx_word' id='word_1_844' title='bbox 2249 5397 2321 5451; x_wconf 90' lang='lat' dir='ltr'><strong>illi</strong></span> <span class='ocrx_word' id='word_1_845' title='bbox 2359 5401 2452 5450; x_wconf 90' lang='lat' dir='ltr'><strong>dat</strong></span> <span class='ocrx_word' id='word_1_846' title='bbox 2491 5395 2748 5448; x_wconf 89' lang='lat' dir='ltr'><strong>duritiem</strong></span> <span class='ocrx_word' id='word_1_847' title='bbox 2783 5392 2984 5446; x_wconf 90' lang='lat' dir='ltr'><strong>cordis.</strong></span> <span class='ocrx_word' id='word_1_848' title='bbox 3021 5391 3125 5443; x_wconf 78' lang='lat' dir='ltr'><strong>Aut</strong></span> <span class='ocrx_word' id='word_1_849' title='bbox 3167 5392 3384 5458; x_wconf 86' lang='lat' dir='ltr'><strong>piscem,</strong></span> <span class='ocrx_word' id='word_1_850' title='bbox 3431 5390 3686 5458; x_wconf 82' lang='lat' dir='ltr'><strong>numquid</strong></span> 
     </span>
    </p>
   </div>
   <div class='ocr_carea' id='block_1_117' title="bbox 2103 5483 3687 5560">
    <p class='ocr_par' dir='ltr' id='par_1_117' title="bbox 2103 5483 3687 5560">
     <span class='ocr_line' id='line_1_117' title="bbox 2103 5483 3687 5560; baseline -0.007 -15"><span class='ocrx_word' id='word_1_851' title='bbox 2103 5507 2199 5560; x_wconf 82' lang='lat' dir='ltr'><strong>pro</strong></span> <span class='ocrx_word' id='word_1_852' title='bbox 2233 5493 2374 5558; x_wconf 85' lang='lat' dir='ltr'><strong>pisce</strong></span> <span class='ocrx_word' id='word_1_853' title='bbox 2404 5502 2695 5557; x_wconf 83' lang='lat' dir='ltr'><strong>serpentem</strong></span> <span class='ocrx_word' id='word_1_854' title='bbox 2726 5487 2873 5540; x_wconf 84' lang='lat' dir='ltr'><strong>dabit</strong></span> <span class='ocrx_word' id='word_1_855' title='bbox 2914 5486 2996 5537; x_wconf 88' lang='lat' dir='ltr'><strong>illi</strong></span> <span class='ocrx_word' id='word_1_856' title='bbox 3040 5483 3203 5553; x_wconf 82' lang='lat' dir='ltr'><strong>(Ibid.</strong></span> <span class='ocrx_word' id='word_1_857' title='bbox 3253 5483 3384 5553; x_wconf 83' lang='lat' dir='ltr'><strong>IO)?</strong></span> <span class='ocrx_word' id='word_1_858' title='bbox 3431 5483 3532 5536; x_wconf 77' lang='lat' dir='ltr'><strong>I’er</strong></span> <span class='ocrx_word' id='word_1_859' title='bbox 3575 5483 3687 5554; x_wconf 70' lang='lat' dir='ltr'><strong>pis-</strong></span> 
     </span>
    </p>
   </div>
   <div class='ocr_carea' id='block_1_118' title="bbox 2104 5575 3685 5645">
    <p class='ocr_par' dir='ltr' id='par_1_118' title="bbox 2104 5575 3685 5645">
     <span class='ocr_line' id='line_1_118' title="bbox 2104 5575 3685 5645; baseline -0.008 -8"><span class='ocrx_word' id='word_1_860' title='bbox 2104 5599 2220 5637; x_wconf 89' lang='lat' dir='ltr'><strong>cem</strong></span> <span class='ocrx_word' id='word_1_861' title='bbox 2261 5584 2394 5636; x_wconf 90' lang='lat' dir='ltr'><strong>lides</strong></span> <span class='ocrx_word' id='word_1_862' title='bbox 2429 5580 2774 5644; x_wconf 81' lang='lat' dir='ltr'><strong>intelligitur,</strong></span> <span class='ocrx_word' id='word_1_863' title='bbox 2811 5591 2905 5645; x_wconf 90' lang='lat' dir='ltr'><strong>per</strong></span> <span class='ocrx_word' id='word_1_864' title='bbox 2932 5587 3236 5644; x_wconf 88' lang='lat' dir='ltr'><strong>serpentem</strong></span> <span class='ocrx_word' id='word_1_865' title='bbox 3267 5575 3555 5627; x_wconf 77' lang='lat' dir='ltr'><strong>inﬁdelitas</strong></span> <span class='ocrx_word' id='word_1_866' title='bbox 3582 5590 3597 5638; x_wconf 87' lang='lat'><strong>;</strong></span> <span class='ocrx_word' id='word_1_867' title='bbox 3623 5588 3685 5624; x_wconf 75' lang='lat' dir='ltr'><strong>ac</strong></span> 
     </span>
    </p>
   </div>
   <div class='ocr_carea' id='block_1_119' title="bbox 2105 5666 3676 5744">
    <p class='ocr_par' dir='ltr' id='par_1_119' title="bbox 2105 5666 3676 5744">
     <span class='ocr_line' id='line_1_119' title="bbox 2105 5666 3676 5744; baseline -0.01 -11"><span class='ocrx_word' id='word_1_868' title='bbox 2105 5681 2149 5734; x_wconf 88' lang='lat' dir='ltr'><strong>si</strong></span> <span class='ocrx_word' id='word_1_869' title='bbox 2177 5681 2366 5733; x_wconf 88' lang='lat' dir='ltr'><strong>dicat:</strong></span> <span class='ocrx_word' id='word_1_870' title='bbox 2418 5676 2473 5730; x_wconf 89' lang='lat' dir='ltr'><strong>Si</strong></span> <span class='ocrx_word' id='word_1_871' title='bbox 2510 5676 2649 5744; x_wconf 88' lang='lat' dir='ltr'><strong>petis</strong></span> <span class='ocrx_word' id='word_1_872' title='bbox 2683 5687 2712 5725; x_wconf 91' lang='lat' dir='ltr'><strong>a</strong></span> <span class='ocrx_word' id='word_1_873' title='bbox 2751 5669 2981 5725; x_wconf 90' lang='lat' dir='ltr'><strong>Domino</strong></span> <span class='ocrx_word' id='word_1_874' title='bbox 3012 5670 3317 5734; x_wconf 80' lang='lat' dir='ltr'><strong>lidem,uou</strong></span> <span class='ocrx_word' id='word_1_875' title='bbox 3357 5670 3544 5722; x_wconf 88' lang='lat' dir='ltr'><strong>tribuit</strong></span> <span class='ocrx_word' id='word_1_876' title='bbox 3579 5666 3676 5718; x_wconf 91' lang='lat' dir='ltr'><strong>tibi</strong></span> 
     </span>
    </p>
   </div>
   <div class='ocr_carea' id='block_1_120' title="bbox 2105 5763 3706 5834">
    <p class='ocr_par' dir='ltr' id='par_1_120' title="bbox 2105 5763 3706 5834">
     <span class='ocr_line' id='line_1_120' title="bbox 2105 5763 3706 5834; baseline -0.011 -6"><span class='ocrx_word' id='word_1_877' title='bbox 2105 5771 2510 5828; x_wconf 75' lang='lat' dir='ltr'><strong>inﬁdelitatem.</strong></span> <span class='ocrx_word' id='word_1_878' title='bbox 2548 5767 2654 5821; x_wconf 79' lang='lat' dir='ltr'><strong>Aut</strong></span> <span class='ocrx_word' id='word_1_879' title='bbox 2695 5764 2882 5834; x_wconf 79' lang='lat' dir='ltr'><strong>sipetit</strong></span> <span class='ocrx_word' id='word_1_880' title='bbox 2915 5781 3087 5832; x_wconf 85' lang='lat' dir='ltr'><strong>orum,</strong></span> <span class='ocrx_word' id='word_1_881' title='bbox 3126 5763 3382 5830; x_wconf 71' lang='lat' dir='ltr'><strong>numquid</strong></span> <span class='ocrx_word' id='word_1_882' title='bbox 3447 5763 3706 5830; x_wconf 53' lang='lat' dir='ltr'><strong>porriget</strong></span> 
     </span>
    </p>
   </div>
  </div>
