4004 6192
278 214 386 278 287

1217 219 1277 281 S.
1325 222 1775 285 HIERONYMI
1816 225 2148 289 OPERUM
2189 228 2603 293 MANTISSA.

3421 227 3528 293 988

282 331 368 385 illi
391 332 718 400 scorpionem
752 331 908 404 (Luc.
938 348 1019 401 ιι,
1060 333 1193 402 l2)?
1243 349 1309 391 ac
1338 337 1407 407 ,εἰ
1435 336 1583 392 dicat
1610 355 1625 392 :
1661 339 1719 393 Si
1754 342 1863 421 'ba-
1890 350 1938 410 Α
1966 341 2107 397 derit
2139 342 2418 397 alienum:
2452 344 2578 413 quia
2609 341 2693 398 fas
2721 355 2827 397 non
2859 348 2976 398 erat
3002 340 3143 412 apud
3182 342 3344 397 alium
3405 347 3532 399 reti-

280 426 380 481 bes
405 427 458 480 in
490 425 658 482 Deum
693 443 844 497 spent
871 442 1085 494 veram,
1132 430 1248 484 sive
1289 430 1672 500 cogitationem
1722 448 1854 488 san-

284 529 432 575 ctam
464 521 520 576 in
548 522 714 576 corde
751 529 846 575 tuo
885 520 1233 592 cogitaveris,
1261 537 1368 577 non
1391 524 1861 591 contrarietatem,

283 608 385 660 ne‘c
424 606 739 660 insidiarum
769 608 1103 662 calumniam
1131 623 1164 663 a
1194 608 1422 664 Domino
1483 612 1856 676 pertimescas.

282 693 348 750 Si
374 711 497 764 ergo
525 712 616 749 eos
648 711 769 750 cum
814 697 934 751 sitis
967 699 1119 760 mali.
1168 700 1333 753 nostis
1375 700 1512 754 bona
1557 703 1688 757 dare
1731 702 1859 769 ﬁliis

286 787 496 851 vestris,
547 795 748 855 quanto
793 788 962 858 magis
1003 788 1170 843 Pater
1200 801 1370 845 vester
1417 792 1483 845 de
1537 793 1666 846 caelo
1711 792 1860 846 dabit

286 873 429 926 vobis
460 874 707 943 spiritum
735 874 929 930 bonum
957 879 1259 933 timentibus
1279 896 1334 936 se
1361 880 1580 951 (Matth.
1610 898 1703 946 vti,
1728 882 1817 950 lt)
1840 884 1854 937 l

287 961 363 1017 Ac
400 963 447 1019 si
479 963 721 1019 diceret:
754 964 811 1020 Si
842 965 1098 1021 homines
1125 968 1372 1025 carnales
1407 971 1548 1024 inter
1572 970 1773 1025 bonum
1805 980 1860 1026 et

286 1053 489 1107 malum
539 1056 877 1123 discernitis,
948 1066 1002 1112 et
1034 1073 1142 1112 non
1184 1060 1349 1115 vultis
1396 1069 1455 1115 ut
1502 1064 1732 1132 quisque
1771 1076 1859 1116 ve-

224 1134 229 1140 ’
286 1154 466 1202 strum
509 1148 578 1202 de
619 1163 783 1202 manu
817 1161 996 1204 vestra
1033 1151 1235 1205 malum
1282 1167 1380 1221 pro
1402 1154 1545 1208 bono
1596 1156 1856 1224 recipiat;

286 1248 490 1307 quanto
537 1241 709 1310 magis
734 1240 873 1296 Deus
905 1242 998 1309 qui
1053 1252 1253 1297 cuneta
1322 1245 1563 1300 condidit
1625 1247 1854 1313 homini,
1894 1262 1898 1267 ‘

287 1344 448 1398 quem
474 1332 542 1385 ad
582 1332 872 1403 imaginem
908 1349 1064 1390 suam
1089 1336 1242 1402 iecit,
1277 1335 1507 1391 ﬁdeliter
1528 1338 1630 1392 sibi
1653 1339 1855 1408 petenti

287 1421 490 1477 tribuet
513 1425 692 1479 bona!
730 1425 913 1494 Ignem
943 1429 1058 1480 veni
1093 1429 1302 1481 mittere
1326 1429 1381 1482 in
1414 1440 1632 1493 terram,
1665 1429 1858 1499 etquid

288 1514 407 1569 uolo
439 1517 542 1569 nisi
583 1527 638 1569 ut
689 1518 1012 1572 accendatur
1051 1516 1205 1587 (Luc.
1245 1534 1346 1588 xu,
1394 1506 1526 1588 49).?
1573 1519 1712 1587 Quid
1757 1523 1860 1577 hoc

288 1606 413 1661 loco
458 1606 638 1676 ignem
687 1609 789 1664 nisi
842 1609 1102 1678 Spiritum
1152 1625 1398 1667 sanctum
1459 1613 1856 1681 intelligimus;

1959 433 2098 501 neri,
2136 436 2276 503 quod
2298 433 2527 489 Domino
2552 450 2654 491 suo
2684 434 2860 490 fuerat
2886 433 3277 489 necessarium.
3304 434 3534 490 Additur

1944 514 2350 600 :cousolationis
2384 525 2490 579 alia
2521 525 2886 595 providentia,
2919 539 3040 594 quae
3064 524 3264 595 jacnlis
3285 526 3535 582 orbitatis

1940 623 2235 697 occurrat.
2265 614 2525 686 Plangere
2555 614 2842 670 debuimus
2871 615 2939 670 de
2956 614 3158 670 saculo
3190 614 3531 680 recedentes,

1960 701 2007 757 si
2037 702 2220 756 saeculi
2256 702 2567 757 inimicitias
2592 713 2783 758 contra
2809 718 2908 759 uos
2928 704 3152 759 minime
3182 706 3535 767 sentiremus;

1958 803 2013 848 et
2044 792 2346 863 plangimus
2374 793 2582 849 Domini
2613 795 2896 861 beneﬁcia,
2962 795 3053 865 qui
3108 796 3257 849 novit
3305 797 3537 851 inﬁrmi-

1961 879 2059 933 tati
2090 889 2287 934 nostrte
2323 881 2453 950 quid
2476 891 2715 950 praestet.
2749 882 3049 939 Perielitari
3086 882 3302 939 volebat
3332 886 3532 953 adhuc,

1962 970 2214 1041 quidolet
2238 970 2474 1041 aliquem
2504 974 2862 1029 dormientem
2887 989 2904 1041 ;
2940 984 2997 1030 et
3026 976 3170 1030 inter
3192 974 3389 1031 ﬁuctus
3413 978 3537 1032 vita:

1962 1064 2247 1132 praesentis
2279 1065 2466 1120 videre
2499 1066 2754 1135 cupiebat
2801 1068 3058 1122 miserum
3089 1068 3361 1124 laborare.
3390 1069 3531 1123 Tali.

1961 1154 2064 1209 bus
2088 1170 2152 1209 ac
2181 1156 2350 1211 tantis
2387 1158 2799 1225 tempestatibus
2818 1159 2958 1221 vitze,
2994 1168 3070 1213 tot
3097 1161 3533 1230 iutpttgnationes

1962 1245 2183 1313 diaboli,
2219 1256 2297 1303 tot
2335 1248 2579 1316 corporis
2615 1247 2781 1312 bella,
2814 1256 2889 1302 tot
2915 1250 3097 1305 steculi
3128 1251 3316 1305 clades
3338 1252 3534 1306 evasit.

1965 1336 2032 1392 Et
2058 1336 2325 1409 lacrymas
2359 1337 2562 1405 fundis,
2586 1340 2742 1407 quasi
2781 1340 2998 1396 nescias
3043 1341 3175 1409 quid
3204 1342 3259 1395 in
3314 1349 3367 1395 te
3419 1342 3539 1410 ipso

1963 1427 2210 1496 quotidie
2241 1428 2504 1495 patiaris?

2033 1516 2127 1571 lli.
2173 1516 2402 1586 Propter
2434 1518 2578 1586 quod
2634 1520 2893 1573 admonet
2949 1519 3208 1575 Dominus
3258 1520 3537 1589 aposrolos

1963 1620 2110 1674 suos,
2141 1607 2361 1664 dicens:
2391 1607 2449 1663 Si
2478 1609 2768 1680 diligeretis
2794 1626 2895 1673 me,
2914 1611 3234 1680 gaudentis,
3252 1612 3381 1680 quia
3404 1613 3537 1665 vado

288 1713 451 1767 quem
499 1698 761 1756 Dominus
810 1703 862 1757 in
897 1713 1094 1757 terram
1137 1693 1286 1759 misit
1345 1715 1404 1759 ut
1431 1714 1579 1785 _urat
1624 1706 1749 1761 vitia
1792 1718 1859 1773 et

1972 1701 2033 1752 ad
2058 1697 2274 1754 Patrem
2316 1698 2499 1769 (Joan.
2542 1718 2652 1767 xiv,
2710 1701 2828 1770 9.8).
2863 1700 3029 1759 Plane
3071 1703 3337 1758 Lazarum
3392 1703 3540 1759 ﬁerit

289 1800 538 1858 peccata,
579 1802 635 1846 et
668 1795 933 1849 accendat
972 1796 1189 1850 animas
1221 1811 1317 1865 per
1348 1797 1671 1852 cltaritatem
1699 1807 1864 1868 atque

290 1880 602 1937 illuminat?

402 2015 723 2075 MONITUM
769 2018 837 2074 IN
886 2020 1300 2087 SEQUENTEM
1344 2020 1755 2078 EPISTOLAM.

362 2128 681 2195 Quanquam
729 2143 888 2200 nemo
934 2130 1034 2184 ibit
1081 2131 1310 2197 inﬁcias,
1368 2130 1533 2200 hujus
1585 2142 1863 2186 auctorem

293 2200 568 2271 epistolze,
592 2200 641 2271 si
662 2214 795 2271 cum
822 2198 1152 2271 llieronytno
1182 2198 1560 2270 componatur,
1588 2199 1749 2271 longo
1775 2201 1863 2255 in-

298 2267 697 2341 tervalloginlra
748 2268 868 2337 ejus
902 2267 1176 2341 ingenium
1229 2267 1863 2341 ac'dignitatem'esse:

296 2353 403 2409 non
437 2338 682 2409 probarit
707 2350 885 2392 tamen
904 2338 1126 2409 ‘Erasmi
1156 2338 1472 2405 censuram,
1500 2342 1549 2409 si
1580 2340 1706 2409 quid
1732 2342 1866 2395 alias

294 2408 456 2479 plane
496 2408 835 2479 injuriosam,
866 2407 959 2460 ubi
991 2424 1115 2463 eum
1141 2418 1301 2461 vocat
1331 2407 1862 2479 impudentissimam

297 2475 567 2540 rabulam,
613 2476 975 2539 eﬂittietttctn,
1016 2490 1123 2530 non
1161 2475 1599 2546 proloquentent,
1629 2488 1684 2531 et
1709 2479 1867 2546 quid-

297 2546 425 2613 quid
460 2546 512 2596 in
545 2546 771 2599 buccam
805 2548 1035 2611 venerit,
1089 2546 1474 2602 oblatrantem.
1527 2548 1780 2601 Versatus
1809 2549 1864 2602 in

296 2615 401 2667 hnc
431 2613 556 2681 ipso
594 2624 915 2683 argumento
947 2626 1031 2670 est
1074 2615 1260 2671 Victor
1300 2616 1610 2681 Curteunm,
1664 2614 1868 2671 Mauri-

294 2683 459 2735 tauim
485 2682 722 2737 civitatis
765 2688 1077 2753 episeOpus,
1126 2686 1218 2753 qui
1250 2687 1491 2753 scripsit,
1526 2695 1666 2740 teste
1712 2686 1862 2741 Gen-

299 2753 465 2825 nadio
497 2767 619 2825 cap.
656 2753 743 2814 7'7,
773 2755 840 2806 ad
870 2753 1133 2808 Basiliam
1167 2757 1450 2825 quemdam
1504 2772 1661 2823 super
1703 2767 1867 2809 morte

296 2818 401 2893 ﬁlii
432 2818 842 2893 consolatoriam
885 2824 1099 2891 librum,
1149 2818 1238 2893 spe
1269 2818 1693 2893 resurrectionis,
1744 2843 1865 2891 per-

297 2890 435 2959 fecta
452 2892 499 2945 iu
508 2894 794 2947 structione
812 2896 1092 2951 munitum.

826 3028 1168 3086 EPISTOLA
1233 3030 1346 3087 XL.

331 3153 398 3194 ΔΙ)
422 3155 682 3197 τῑιιςειυδί
707 3157 871 3198 SUPER
892 3158 1244 3200 IORTEFlLItE
1271 3158 1381 3199 SUtE
1408 3158 1832 3199 CON>OLATORIL

370 3252 664 3309 Benedicto
695 3266 750 3310 et
781 3256 1131 3313 dilectissimo
1161 3257 1388 3327 Tyrasio
1415 3255 1795 3328 Hieronymus.

373 3345 416 3399 1.
450 3345 750 3401 Cttaritatis
788 3355 891 3400 tute
912 3348 1115 3415 scripta
1148 3347 1387 3418 percepi,
1420 3349 1472 3403 in
1514 3350 1712 3420 quibus
1743 3351 1867 3403 aui-

305 3452 451 3490 ntum
484 3445 635 3491 tuum
666 3439 854 3493 dolore
890 3450 1219 3494 commotum
1266 3443 1330 3495 de
1372 3440 1497 3495 ﬁliae
1545 3442 1870 3495 dormitione

306 3526 563 3596 cognovi.
601 3526 718 3582 Non
769 3530 914 3586 aliud
946 3531 1320 3602 principaliter
1366 3531 1666 3587 admiratus
1726 3547 1867 3595 sum,

304 3635 467 3689 quam
507 3619 804 3678 Christiani
862 3625 1099 3693 pectoris
1148 3624 1286 3678 inte
1327 3623 1561 3679 ablatatn
1614 3625 1868 3679 virtutem

303 3712 490 3780 fuisse,
531 3724 591 3769 ut
649 3716 889 3769 animum
936 3714 1184 3772 ﬁet-teres
1240 3719 1304 3772 ad
1358 3717 1625 3775 dolorem.
1664 3716 1871 3788 Stupeo

304 3818 515 3858 murum
542 3804 662 3859 ﬁdei
695 3803 1037 3875 penetratum
1072 3806 1385 3862 vulneribus
1414 3806 1681 3875 orbitatis,
1709 3823 1869 3878 quem

302 3897 478 3965 sepire
502 3896 762 3953 debuerat
789 3913 914 3968 spes
943 3900 1361 3955 resurrectionis
1395 3908 1452 3955 et
1510 3901 1663 3971 regni
1700 3902 1872 3956 cmic-

300 3992 419 4045 stis.
448 3988 735 4061 Nunquam
765 4007 891 4061 spes
929 4006 1051 4047 cum
1075 3993 1259 4049 dolore
1278 3993 1594 4059 concordat,
1621 4009 1720 4049 nec
1739 3996 1871 4050 ﬁdes

300 4080 596 4152 aliquando
624 4084 790 4139 sentit
817 4094 1316 4154 quantamcumque
1341 4086 1635 4154 jacturam.
1672 4084 1873 4142 Resur-

301 4190 430 4244 gere
450 4176 722 4232 credimus
744 4187 1008 4241 mortuos,
1044 4186 1098 4233 et
1130 4176 1475 4247 plangimus!
1529 4179 1668 4244 Quid
1722 4177 1874 4234 face-

302 4261 497 4343 remus
510 4268 555 4324 si
588 4271 726 4324 mori
753 4271 1129 4326 tantummodo
1150 4271 1268 4325 sine
1302 4273 1703 4326 resurrectione
1733 4287 1872 4340 prae-

1968 1802 2266 1857 mortuum,
2299 1794 2393 1848 sed
2430 1807 2539 1847 non
2577 1802 2697 1851 tuas
2728 1794 2996 1865 laerymas
3054 1792 3211 1850 fudit.
3263 1795 3534 1851 ReSurre-

1980 1882 2180 1938 ctionis
2212 1886 2515 1953 promissor
2544 1882 2786 1939 dolorem
2818 1884 3018 1941 docere
3050 1900 3157 1939 non
3201 1895 3436 1955 poterat,
3470 1899 3537 1938 ne

1967 1973 2125 2029 ﬁdem
2159 1975 2444 2045 perﬁdiam
2477 1975 2706 2045 faceret,
2738 1991 2902 2047 quam
2939 1977 3193 2033 docebat.
3222 1976 3403 2032 Doluit
3428 1976 3536 2030 La-

1967 2080 2277 2122 zarumnon
2323 2067 2703 2133 dormientem,
2763 2067 2856 2124 sed
2893 2069 3077 2136 potius
3124 2079 3543 2136 resurgentem:

1966 2166 2020 2215 et
2039 2156 2225 2224 ﬁebat,
2256 2172 2417 2229 quem
2445 2160 2744 2228 cogebatur
2766 2169 2986 2227 propter
3012 2158 3151 2213 alios
3175 2158 3242 2212 ad
3276 2159 3531 2212 saiculnm

1968 2266 2245 2307 revocare.
2285 2250 2437 2306 Hanc
2473 2251 2636 2307 vitam
2660 2252 2797 2307 dans
2819 2250 3096 2313 Dominus,
3122 2249 3532 2316 ingemiscebat,

1967 2358 2128 2413 quant
2161 2354 2214 2398 tu
2247 2344 2396 2399 doles
2417 2358 2540 2399 esse
2561 2343 2849 2397 sublatam.
2884 2342 3085 2397 Contra
3118 2342 3388 2411 lacrymas
3418 2341 3538 2410 ejus

1966 2444 2207 2506 pugnant
2239 2435 2487 2505 lacrytnae
2525 2444 2651 2499 tute,
2677 2444 2731 2489 et
2754 2448 2908 2486 amor
2935 2443 3062 2487 tuus
3090 2434 3260 2487 amori
3294 2432 3411 2501 ejus
3432 2446 3537 2484 non

1967 2530 2243 2585 convenit.
2279 2528 2377 2584 llic
2400 2529 2557 2583 ﬂetus
2578 2544 2683 2582 non
2711 2528 2874 2584 habet
2896 2529 3177 2599 pietatem.
3207 2526 3299 2582 Ille
3318 2527 3539 2581 nolebat

1967 2622 2193 2677 reddere
2227 2620 2527 2685 laboribus,
2571 2635 2735 2690 quem
2780 2620 3088 2675 dilexerat:
3138 2629 3195 2674 et
3245 2631 3301 2673 tu
3353 2632 3539 2673 amare

1967 2714 2227 2768 credebas
2251 2724 2323 2777 te,
2364 2713 2453 2766 cui
2485 2714 2730 2768 laborum
2775 2712 2996 2766 volebas
3042 2710 3223 2766 adhuc
3278 2720 3541 2780 praestare

1969 2811 2263 2859 tormenta.
2294 2803 2561 2859 Craterum
2581 2806 2626 2859 si
2654 2812 2813 2870 putas
2831 2818 2953 2857 eum
2989 2803 3251 2857 Lazarum
3276 2802 3540 2870 doluisse,

1967 2908 2094 2950 ante
2143 2912 2246 2951 non
2290 2897 2634 2966 permisisset
2696 2896 2870 2961 exire,
2903 2896 2999 2967 qui
3054 2895 3320 2965 repellere
3369 2894 3545 2965 potuit

1970 2998 2230 3043 mortem:
2264 2998 2359 3042 aut
2397 2999 2543 3042 certe
2574 3003 2678 3042 non
2700 2987 2877 3050 ﬁeret,
2910 2988 2998 3055 qui
3030 2997 3303 3041 mortuum
3365 2990 3543 3042 sttsciv

1972 3089 2087 3132 tare
2104 3079 2389 3148 pustutodu
2400 3096 2446 3132 ut
2472 3079 2737 3134 habuerat
2757 3088 3110 3147 potestatem-
3129 3079 3276 3135 Unde
3298 3089 3543 3148 apparet,

1969 3169 2083 3223 sola
2132 3185 2255 3223 eum
2290 3184 2449 3224 causa
2519 3170 2687 3226 fuisse
2736 3181 3090 3237 commotum,
3138 3172 3281 3239 quod
3328 3175 3395 3227 ad
3446 3173 3545 3227 ho-

1970 3261 2148 3315 stilem
2182 3263 2347 3315 vitam
2390 3263 2772 3317 charissimam
2826 3278 3082 3319 revocare
3109 3264 3315 3325 denuo,
3345 3275 3399 3318 et
3423 3279 3547 3333 pro-

1971 3362 2093 3421 pter
2112 3353 2422 3408 credituros
2456 3354 2666 3424 aliquos
2696 3366 2753 3411 et
2780 3356 3192 3412 confundendos
3216 3358 3545 3421 incredulus,

1972 3446 2282 3513 urgebatur.
2342 3446 2580 3515 Denique
2643 3448 2722 3502 sic
2773 3448 3097 3503 subsecutus
3139 3457 3242 3512 est,
3311 3448 3544 3503 dicens:

1973 3538 2137 3611 Ergo,
2170 3539 2351 3605 Pater,
2377 3553 2432 3594 ut
2464 3542 2699 3599 credant.
2737 3541 2863 3610 quia
2891 3548 2947 3592 tu
2983 3554 3064 3594 me
3113 3538 3304 3592 misisti
3360 3535 3543 3605 (Joan.

1970 3647 2047 3695 XI,
2064 3633 2178 3702 42),
2204 3634 2279 3687 ait
2299 3635 2441 3688 clara
2464 3649 2629 3690 voce:
2659 3633 2885 3698 Lazare,
2901 3632 3057 3700 prodi
3087 3630 3218 3701 [oris
3242 3628 3410 3701 (Ibid.
3431 3631 3543 3696 45).

1972 3721 2039 3778 Ει
2069 3723 2269 3779 factum
2299 3736 2409 3781 est.
3077 3760 3088 3772 -

2044 3815 2134 3872 IV.
2170 3816 2356 3871 Gaude
2382 3830 2513 3885 ergo
2542 3813 2691 3869 unde
2724 3813 2814 3868 ille
2839 3820 3061 3868 coactus
3086 3818 3171 3867 est
3199 3810 3347 3873 ﬁere,
3392 3825 3459 3863 ne
3490 3820 3547 3864 tu

1972 3903 2162 3958 saltem
2198 3902 2433 3958 videaris
2449 3901 2773 3957 dormientis
2796 3900 3151 3956 felicitatibus
3177 3903 3442 3956 invidere.
3466 3902 3550 3953 Ab

1975 3994 2149 4049 alieno
2176 3993 2380 4048 mundo
2412 3993 2692 4062 proprium
2731 3993 2986 4047 transivit
3015 3993 3082 4046 ad
3110 3992 3437 4057 Dominum;
3495 4003 3552 4045 et

1975 4086 2042 4140 de
2088 4084 2270 4140 hostili
2308 4085 2484 4154 patria
2536 4085 2794 4153 migravit
2828 4087 2895 4139 ad
2928 4084 3149 4139 coelum.
3213 4084 3420 4138 Contra
3469 4085 3552 4138 sic

1976 4176 2266 4247 Apostolus
2325 4182 2741 4241 commemorat,
2778 4174 3008 4231 dicens:
3058 4175 3311 4242 Quandiu
3364 4190 3550 4228 suntut

1974 4268 2029 4322 in
2043 4269 2138 4321 hoc
2157 4266 2368 4331 uacula,
2399 4267 2797 4337 peregrinantur
2817 4283 2849 4320 a
2873 4266 3093 4320 Domino
3126 4266 3209 4337 (II
3234 4265 3358 4320 Cor.
3390 4281 3443 4328 v,
3468 4266 3549 4334 6).

302 4358 510 4427 ciperet
539 4359 719 4415 Deus?
757 4360 1020 4414 Voluntas
1047 4359 1166 4430 ejus
1194 4359 1384 4431 utique
1440 4360 1554 4416 sola
1602 4360 1872 4415 suﬁiceret
1904 4367 1948 4424 ι)
1974 4358 2093 4416 Νοη
2147 4374 2277 4429 ergo
2320 4359 2476 4415 nobis
2520 4359 2723 4413 luctum
2764 4359 2926 4413 debet
2969 4359 3213 4413 incutere
3236 4361 3548 4427 quisquam,

301 4455 371 4506 ad
403 4451 684 4517 solatium,
718 4451 809 4506 cui
843 4451 1048 4505 nullum
1080 4464 1409 4521 praeponere
1428 4450 1688 4522 jubemur
1744 4450 1875 4505 aﬁ‘e-

301 4550 472 4597 ctum.
495 4540 651 4608 Quod
674 4543 921 4610 dederat,
947 4543 1164 4598 abstulit
1187 4544 1276 4613 qui
1304 4550 1600 4598 creaverat.
1636 4541 1767 4608 Quis
1792 4551 1877 4597 est

301 4633 395 4701 qui
426 4632 819 4703 plangatquod
853 4634 919 4690 ad
959 4644 1171 4701 tempus
1228 4636 1561 4705 acceperat?
1615 4635 1874 4690 Commo-

302 4723 548 4791 daverat,
593 4736 651 4780 ut
703 4726 938 4782 haberes
982 4736 1428 4797 quantocumque
1484 4738 1727 4797 tempore
1782 4741 1876 4783 vo-

304 4799 529 4872 luisseti
565 4826 624 4871 ut
661 4832 782 4872 cum
818 4818 1003 4885 vellet,
1037 4834 1256 4873 rursum
1287 4817 1548 4875 auferret.
1584 4817 1877 4873 Nihilabs-

303 4906 432 4961 tulit
458 4916 632 4974 tuum,
648 4908 744 4977 qui
771 4907 1025 4976 dignatus
1050 4917 1135 4963 est
1163 4908 1404 4977 recipere
1427 4908 1730 4978 proprium.
1749 4908 1878 4963 Creo

307 4999 477 5054 ditutn
508 5014 668 5055 suum
714 5001 958 5069 recipere
990 4999 1173 5056 decuit
1215 5000 1570 5064 creditorem,
1622 5010 1677 5056 et
1736 5000 1878 5055 nihil

308 5090 455 5146 aliud
482 5093 661 5156 decet,
690 5108 849 5161 quam
873 5092 1131 5148 creditori
1168 5106 1267 5148 suo
1301 5092 1512 5162 gratias
1547 5106 1708 5162 agere
1761 5106 1878 5145 nm.

311 5191 572 5240 tuantem.
604 5184 695 5240 Sic
715 5183 821 5240 Job
853 5184 1101 5255 legimus,
1147 5199 1305 5253 quam
1359 5198 1654 5254 sequamur
1715 5186 1878 5238 devoo

313 5275 578 5330 tissimam
611 5292 799 5331 vocem
825 5294 840 5333 :
871 5276 1148 5345 Dominus,
1185 5277 1383 5347 inquit,
1422 5276 1590 5341 dedit,
1622 5274 1880 5329 Dominus

311 5370 565 5430 abstulit:
620 5373 755 5426 sicut
794 5371 1020 5427 Domino
1069 5371 1293 5440 placuit,
1320 5373 1397 5425 ita
1430 5371 1631 5440 factum
1662 5379 1778 5423 est:
1813 5370 1881 5423 sit

315 5478 503 5517 nomen
552 5463 760 5519 Domini
790 5467 1113 5521 benedictum
1156 5462 1305 5535 (Job,
1342 5478 1381 5529 ι,
1407 5463 1524 5531 21).

390 5556 459 5610 ll.
489 5556 656 5612 Parva
685 5574 814 5629 ergo
840 5575 943 5614 non
970 5570 1087 5614 erat
1115 5559 1232 5613 haec
1255 5557 1553 5612 consolatio
1583 5564 1771 5613 contra
1798 5556 1881 5610 lu-

319 5656 489 5713 ctum,
526 5650 667 5717 quod
698 5666 850 5706 nemo
890 5651 1069 5721 lugere
1098 5651 1286 5705 debeat
1318 5662 1438 5703 cum
1472 5647 1672 5718 aliquid
1706 5648 1881 5703 reddi-

1976 4468 2096 4508 cum
2129 4467 2155 4505 a
2198 4450 2637 4522 peregrinatione
2660 4449 2844 4505 redire
2870 4449 3132 4505 meruerit
3166 4451 3232 4504 ad
3269 4451 3547 4519 propriam

1976 4544 2271 4615 regionem,
2305 4544 2540 4599 maxime
2560 4558 2682 4598 cum
2717 4556 2821 4596 non
2850 4543 3026 4596 inanis
3054 4550 3110 4596 et
3136 4557 3345 4596 vacuus
3373 4542 3552 4596 redire

1978 4644 2254 4700 noscatur,
2293 4634 2383 4703 qui
2419 4628 2863 4689 Christianitatis
2885 4641 3156 4687 mercatus
3178 4642 3265 4686 est
3295 4632 3505 4686 lucrum
3533 4645 3554 4687 :

1956 4708 2201 4796 lpropter
2224 4726 2366 4796 quod
2393 4725 2675 4781 descendit
2702 4726 2769 4779 ad
2801 4724 2985 4778 mundi
3017 4728 3433 4778 commercium.
3486 4722 3553 4776 Et

1978 4829 2103 4884 ego,
2141 4817 2374 4887 inquies,
2405 4815 2552 4870 nulla
2579 4815 3005 4884 premissionum
3035 4812 3340 4868 cmiestium
3392 4813 3554 4868 dubi-

1981 4910 2191 4964 tatione
2243 4909 2560 4969 conturbor,
2591 4908 2688 4963 sed
2718 4907 2833 4963 sola
2857 4908 3205 4975 separatione
3226 4906 3554 4961 dormientis

1980 5011 2238 5067 aestuans,
2269 5002 2544 5058 desolatus
2582 5001 2775 5056 solatio
2801 5001 2873 5070 pii
2911 4999 3149 5070 pignoris
3173 4999 3373 5070 jactur.

2058 5091 2120 5148 V.
2154 5092 2449 5147 Excusatio
2474 5092 2714 5155 esthmc,
2739 5091 3043 5159 benedictc,
3077 5091 3195 5144 sine
3233 5088 3398 5143 dubio
3430 5088 3547 5143 fra-

1983 5184 2214 5256 gilitatis
2242 5187 2514 5247 humanae,
2551 5199 2673 5254 quae
2702 5184 3037 5255 patrocinari
3069 5197 3173 5236 non
3204 5191 3380 5251 potest
3409 5180 3555 5235 ditii-

1986 5262 2201 5329 detttize.
2235 5272 2291 5327 Si
2344 5274 2494 5328 enim
2527 5274 2901 5329 desolationes
2954 5273 3203 5329 homines
3249 5272 3393 5326 ferre
3447 5287 3555 5326 non

1985 5365 2247 5430 valerent,
2279 5381 2552 5435 nunquam
2608 5379 2835 5435 prorsus
2869 5375 3123 5435 parentes
3164 5381 3192 5419 a
3223 5380 3284 5419 se
3336 5378 3434 5417 sua
3474 5366 3558 5433 pi-

1984 5473 2153 5528 gnora
2189 5458 2544 5514 dimisissent.
2578 5459 2877 5516 Destitntos
2905 5473 2964 5513 se
2989 5473 3017 5511 a
3038 5457 3394 5513 morientibus
3425 5470 3558 5510 cou-

1986 5561 2297 5621 queruntur
2347 5564 2446 5608 :et
2494 5555 2650 5611 vivos
2680 5554 2843 5622 ﬁlios,
2884 5564 2977 5609 aut
3012 5562 3233 5624 propter
3295 5554 3552 5617 honores,

1987 5653 2079 5699 θυι
2109 5654 2333 5714 Prome“
2375 5645 2586 5713 "930ml
2616 5644 3260 5718 Dcrcgrinisxrgionibus
3284 5641 3549 5697 credunt:
