4012 6188
400 337 507 408 ῗ89

1148 337 1513 401 EPISTOLA
1557 336 1682 398 XL.
1722 336 1822 396 AD
1861 336 2269 396 TYllASIUM
2308 338 2925 400 CUNSOLATORIA.

3557 343 3665 408 290

399 469 455 514 et
478 456 838 528 gaudenttota
858 454 967 506 vita
992 452 1109 508 sine
1127 452 1410 507 aﬁ‘cctibns
1437 453 1787 514 commorari,
1814 451 1969 504 dum-
2006 461 2046 516 Α
2078 464 2406 519 superamus
2458 451 2739 506 doloribus
2799 453 3021 507 nostris.
3079 451 3219 521 Quid
3274 467 3579 524 ageremus,
3613 457 3662 511 si

402 550 570 601 modo
628 544 870 612 capiant,
934 544 1076 612 quod
1115 544 1342 613 cupiunt
1381 544 1446 597 de
1494 543 1610 597 suis
1642 543 1968 613 pignoribus

400 638 627 706 adipisci
656 652 670 691 :
702 645 759 691 et
797 646 856 690 ιιι
903 633 973 688 ad
1006 634 1203 704 palatia
1252 642 1499 705 pergant,
1526 635 1971 703 peregrinantur.

400 730 487 784 Ad
543 729 721 784 studia
757 726 1040 798 dignitatis
1075 726 1334 795 navigant
1373 725 1727 795 acquirendo,
1768 725 1848 779 vel
1907 726 1974 780 ad

402 837 598 877 causas
626 821 940 892 patrimonii
975 819 1188 888 aliquas
1211 818 1561 887 explicandas
1611 833 1733 873 cum
1788 817 1973 874 labore

402 924 455 970 ct
515 911 782 982 periculo,
836 910 1248 981 proﬁciscentes
1303 924 1493 965 omnes
1523 910 1835 979 impellunt,
1876 923 1977 962 nec

401 1020 587 1060 secum
617 1018 806 1059 vacare
840 1016 979 1072 quos
1008 1004 1268 1072 diligunt,
1316 1001 1617 1070 patiuntur.
1679 1001 1743 1055 Et
1795 1009 1855 1055 ut
1907 998 1976 1053 ad

398 1096 603 1166 palatia
637 1096 787 1161 coeli,
839 1095 907 1148 ad
935 1094 1114 1149 studia
1158 1092 1388 1156 Christi,
1445 1092 1511 1145 ad
1543 1090 1805 1146 honorem
1855 1090 1981 1144 vita:

401 1197 699 1258 perpetua,
727 1195 782 1243 et
813 1185 1196 1256 patrimonium
1228 1182 1589 1253 possessionis
1603 1191 1820 1236 atteruae
1850 1196 1973 1237 cum

406 1279 708 1336 securitate
740 1278 960 1331 valeant
988 1276 1301 1347 pervenire,
1336 1290 1492 1329 nemo
1524 1274 1663 1329 ﬁlios
1692 1289 1821 1329 suos
1857 1288 1889 1327 a
1916 1286 1977 1328 se

400 1370 642 1425 libenter
674 1367 975 1433 gratulatur
1004 1365 1314 1421 abscedere.
1351 1365 1431 1419 Ad
1465 1366 1824 1436 comparanda
1857 1380 1977 1435 pec.

402 1471 522 1512 cata
551 1457 793 1527 gaudent
822 1465 931 1509 tam
961 1466 1218 1522 parentes
1266 1467 1296 1507 a
1327 1452 1473 1518 ﬁliis,
1506 1467 1667 1522 quam
1694 1452 1791 1507 ﬁlii
1824 1470 1852 1507 a
1881 1469 1976 1524 pa-

402 1549 675 1615 rentibus,
711 1554 1048 1616 provocante
1086 1543 1325 1607 diabolo,
1353 1543 1621 1612 separari.
1657 1544 1736 1598 Ad
1800 1542 1978 1599 indul-

400 1641 641 1709 gentiam
679 1635 1109 1708 percipiendam,
1145 1633 1338 1688 nolunt
1366 1634 1434 1689 ab
1460 1633 1712 1697 invicem,
1741 1633 1851 1687 Deo
1884 1649 1977 1688 vo-

402 1742 587 1796 cante,
618 1729 849 1784 discerni
875 1743 890 1783 :
922 1737 978 1781 ut
1007 1735 1259 1796 appareat
1290 1740 1393 1779 non
1426 1740 1524 1794 pro
1555 1735 1736 1779 nostra
1765 1727 1977 1781 ratione

2080 543 2347 612 peculiare
2376 542 2576 612 aliquid
2615 545 2926 611 exigeretur
2953 560 2985 599 a
3034 545 3236 599 nobis?
3262 546 3417 611 Quod
3454 548 3519 601 ad
3561 549 3661 601 de-

2073 620 2243 689 decns
2301 644 2546 688 nostrum
2589 636 2872 703 pertinet,
2931 636 3162 707 gentiles
3242 635 3461 693 dolores
3519 653 3662 709 saepe

2076 730 2453 790 contemnunt,
2480 740 2602 779 cum
2631 740 2738 781 non
2766 727 2832 778 ad
2856 727 3121 796 promissa
3151 727 3414 793 cmlestia,
3449 731 3544 783 sed
3589 731 3657 784 ad

2080 828 2269 880 pinnas
2300 812 2516 868 Tartari
2556 815 2841 885 rapiantur
2873 833 2888 882 ;
2917 826 2973 871 et
2997 831 3095 870 nos
3128 815 3436 886 plangimus
3460 828 3651 874 euntes

2078 904 2145 956 ad
2178 903 2376 957 coelum
2407 904 2430 957 'l
2459 902 2781 971 Considera,
2818 905 3161 961 Christianus
3196 906 3321 962 talis
3370 909 3500 976 quid
3539 924 3660 964 me-

2080 991 2288 1047 rebitur
2321 992 2579 1064 deinceps
2613 1010 2630 1051 :
2665 997 2755 1064 qui
2793 1009 2893 1049 nec
2924 995 3123 1048 imitari
3162 997 3442 1051 contendit
3472 1013 3660 1052 exem-
3706 979 3711 984 ’

2079 1082 2165 1152 pla
2197 1092 2538 1149 sanctorum,
2575 1099 2676 1143 nec
2700 1093 3077 1155 contemptum
3100 1086 3301 1142 habere
3326 1089 3608 1158 gentilium
3635 1091 3659 1144 τ

2081 1174 2160 1229 llli
2203 1175 2382 1231 luctus
2414 1175 2755 1247 desperando
2785 1177 3134 1245 despiciunt;
3167 1192 3267 1233 nos
3310 1190 3363 1234 et
3389 1184 3659 1250 sperando

2080 1267 2367 1336 despicere
2403 1282 2511 1322 non
2554 1284 2833 1323 conamur.
2868 1269 2944 1323 llli
2994 1270 3205 1324 servire
3262 1270 3660 1341 iutrepidauter

2082 1358 2223 1412 ﬁlios
2251 1372 2383 1413 suos
2419 1359 2739 1415 mortalibus
2786 1360 3053 1428 tradunt;
3081 1371 3134 1416 et
3165 1377 3266 1417 nos
3303 1361 3412 1417 Deo
3468 1374 3659 1418 nostro

2079 1449 2241 1503 simul
2273 1460 2329 1506 et
2355 1464 2486 1505 suos
2517 1451 2742 1517 liberos,
2776 1460 2831 1505 et
2882 1461 3102 1507 nostros
3133 1452 3443 1508 liberandos
3466 1454 3659 1508 dimit-

2081 1548 2194 1596 tere
2224 1540 2485 1612 sacrilcga
2519 1553 2700 1598 mente
2729 1553 3054 1597 cunctamur
3086 1558 3102 1597 :
3138 1545 3292 1612 quasi
3322 1546 3488 1600 tutius
3518 1544 3662 1614 apud

2080 1628 2335 1685 homines
2365 1630 2675 1699 iudicemus
2707 1634 2880 1703 magis
2907 1647 3069 1702 quam
3102 1647 3269 1703 penes
3313 1633 3482 1688 Deum
3533 1650 3663 1689 con-

2080 1724 2345 1777 demnari.
2385 1723 2636 1793 Aliquem
2696 1725 2930 1779 ﬁliorum
2987 1724 3283 1779 Christiani
3335 1724 3526 1779 nolunt
3578 1726 3663 1780 vel

404 1839 505 1878 nos
534 1822 719 1878 dolere
743 1835 1142 1890 quemcumque
1175 1820 1418 1873 videmur
1445 1819 1721 1884 amittere,
1758 1821 1854 1873 sed
1887 1821 1973 1873 iu-
2008 1813 2048 1868 Β
2079 1816 2439 1885 gratulatione
2463 1832 2560 1872 sua
2590 1818 2856 1873 deducere
2882 1816 2950 1873 ad
2982 1820 3144 1874 bona.
3173 1818 3422 1874 Gentiles
3449 1821 3663 1875 tradere

403 1916 608 1969 dicium
643 1914 813 1984 magis
840 1913 1127 1967 ostendere
1158 1909 1494 1965 diﬁidentizc.

480 2004 566 2057 Vl.
598 2004 731 2058 Mihi
762 2005 946 2068 crede,
962 2002 1077 2057 sola
1106 2002 1163 2058 in
1190 2001 1442 2056 omnibus
1473 2002 1821 2073 incredulitas
1846 2018 1977 2059 mte-

404 2109 505 2155 ret.
540 2100 607 2156 Et
637 2103 778 2154 sicut
809 2115 914 2153 non
946 2107 1124 2167 potest
1150 2096 1280 2153 ﬁdes
1310 2112 1470 2151 nosse
1500 2097 1641 2166 quod
1672 2098 1868 2165 doleat,
1897 2100 1978 2152 sic

403 2191 704 2246 difﬁdentia
736 2191 848 2244 sola
872 2190 1149 2243 doloribus
1188 2188 1467 2242 invenitur
1516 2189 1735 2242 ancilla.
1760 2188 1896 2242 Nam
1929 2190 1977 2243 si

402 2283 741 2335 dormientes
770 2281 1021 2343 dicimus,
1064 2279 1401 2334 dormientes
1434 2279 1618 2345 utique
1639 2280 1859 2334 credere
1878 2279 1975 2334 de-

400 2374 630 2438 bemus;
668 2380 723 2427 et
757 2386 865 2426 non
902 2381 1168 2435 mortuos,
1199 2373 1292 2426 sed
1320 2375 1746 2440 requiesceutes,
1778 2386 1978 2426 set-un-

404 2464 535 2516 dum
567 2477 754 2517 vocem
787 2462 1035 2519 Domini:
1063 2461 1246 2518 Omnis
1274 2463 1435 2526 enim,
1473 2463 1671 2531 inquit,
1710 2463 1799 2531 qui
1813 2462 1978 2514 credit

403 2556 463 2610 in
488 2571 587 2617 me,
624 2553 745 2609 licet
771 2555 1056 2618 moriatur,
1094 2553 1222 2607 civit
1286 2552 1473 2622 (Joan.
1506 2566 1583 2617 ιι,
1623 2552 1741 2622 25).
1782 2553 1841 2605 Si
1882 2551 1977 2606 tibi

407 2645 654 2700 medicus
710 2643 814 2699 hoc
859 2645 1208 2713 promitteret
1265 2643 1580 2712 quisquam,
1614 2643 1817 2696 nullam
1858 2642 1979 2695 sine

405 2736 571 2789 dubio
598 2735 947 2804 promissioni
982 2734 1098 2805 ejus
1133 2748 1334 2801 negare
1366 2741 1588 2800 poteras
1621 2734 1846 2787 omnino
1881 2734 1975 2787 lae-

407 2824 605 2877 titiam.
635 2820 793 2875 Nunc
841 2823 972 2890 quia
1004 2821 1259 2877 Christus
1292 2821 1590 2876 fabricator
1623 2830 1680 2875 et
1739 2820 1977 2892 resusci-

405 2922 553 2968 tator
575 2912 865 2981 promittit,
900 2926 1006 2965 non
1049 2912 1206 2966 times
1263 2926 1383 2965 eam
1417 2911 1696 2980 plangere,
1752 2917 1811 2964 ut
1843 2910 1977 2965 lide-

404 3004 598 3058 liorem
629 3002 847 3058 Christo
870 3003 1072 3069 pariter
1100 3013 1147 3056 et
1175 3002 1536 3070 potentiorem
1577 3002 1851 3056 medicum
1893 3001 1977 3053 vi-

406 3094 590 3147 dearis
612 3094 662 3146 in
695 3093 1060 3159 pt'muissione
1090 3092 1353 3161 judicare.

484 3183 592 3238 νη.
652 3183 761 3238 Sed
805 3184 1145 3246 destitutam,
1198 3183 1357 3246 dicis,
1419 3180 1578 3235 doleo
1638 3191 1978 3236 senectutem

408 3289 626 3330 meam:
652 3275 743 3344 qui
774 3274 1072 3327 debueram
1107 3269 1319 3326 liberos
1350 3285 1502 3325 meos
1533 3275 1713 3339 potius
1749 3283 1979 3326 antece-

407 3368 563 3431 dere,
595 3379 663 3437 ne
698 3366 751 3419 in
776 3363 1054 3418 laboribus
1074 3376 1435 3416 remanerem.
1463 3360 1690 3427 Quando
1722 3363 1788 3416 de
1817 3362 1979 3431 spiri-

408 3460 648 3512 tualibus
676 3459 834 3511 bonis
859 3457 1242 3526 quodcumque
1265 3462 1553 3519 tractatur,
1586 3454 1722 3508 nihil
1751 3465 1834 3510 est
1863 3470 1981 3509 οιιιο

411 3550 541 3604 nino
568 3551 636 3604 de
655 3548 968 3603 carnalibus
991 3559 1117 3601 ante
1143 3546 1328 3601 oculos
1373 3547 1813 3615 proponendum.
1869 3549 1981 3616 Ego

410 3643 510 3696 tibi
564 3642 759 3695 melius
791 3643 1047 3708 profiteor
1075 3640 1340 3701 evenisse,
1383 3642 1475 3706 qui
1527 3653 1633 3692 non
1675 3642 1979 3702 carnalem,

405 3734 504 3787 sed
534 3733 877 3802 spiritualem
913 3732 1055 3785 circa
1087 3738 1141 3784 te
1170 3730 1463 3785 considero
1514 3730 1854 3783 felicitatem.
1900 3730 1978 3783 'l‘u

409 3826 552 3880 dicis
584 3834 634 3879 te
658 3823 902 3895 pignoris
948 3822 1020 3875 tui
1046 3824 1197 3875 obitu
1228 3823 1278 3875 in
1304 3832 1581 3877 senectute
1631 3823 1937 3877 confectum
1964 3840 1981 3879 :

407 3934 509 3987 ego
541 3929 728 3971 contra
767 3916 938 3985 probo
967 3914 1330 3969 sublevatuni.
1390 3912 1670 3969 Senectuti
1708 3927 1811 3969 tum
1867 3931 1981 3968 ant-

407 4008 616 4070 putavit
648 4006 907 4059 Dominus
937 4004 1104 4073 magis
1144 4004 1585 4067 sollicitudinem,
1618 4021 1739 4073 qua:
1765 4018 1979 4076 torque-

407 4098 595 4148 batde
630 4108 751 4148 γυνθ
782 4093 912 4158 lilia,
973 4107 1041 4146 ne
1072 4091 1295 4160 periret.
1351 4090 1545 4147 Melius
1601 4093 1784 4161 utique
1840 4108 1981 4147 nunc

409 4184 909 4241 tnortuatnsaaculo
965 4183 1146 4238 credis
1196 4196 1318 4238 esse
1352 4185 1493 4253 apud
1552 4184 1717 4237 Deunt
1779 4185 1977 4252 vivam,

406 4292 572 4346 quam
597 4275 687 4330 hic
718 4276 893 4328 vivam
929 4284 1219 4329 mortuam.
1246 4272 1434 4330 Gaude
1465 4274 1562 4330 tibi
1609 4277 1750 4342 quod
1810 4276 1979 4331 ﬁliam

407 4367 784 4423 Christianam
836 4365 1133 4420 mereberis
1186 4366 1363 4433 sequi,
1415 4380 1578 4435 quam
1639 4376 1882 4432 secutus,
1926 4370 1979 4421 in

2083 1922 2192 1961 non
2230 1918 2560 1964 cunctantur
2591 1913 2657 1965 ad
2690 1911 2854 1964 mala.

2151 1999 2245 2054 lX.
2277 2000 2556 2057 Postremo
2602 2002 2683 2055 vel
2716 2017 2838 2055 cum
2868 2002 2981 2064 ipsa
3036 2001 3295 2058 felicitate
3346 2013 3660 2058 nostrorum

2080 2092 2427 2145 morientium
2453 2107 2712 2161 cogamur
2729 2094 2971 2149 animum
3014 2092 3255 2159 ﬂectere,
3286 2108 3352 2148 ne
3378 2094 3664 2149 desideriis

2078 2195 2266 2237 eorum
2321 2182 2587 2237 desideria
2640 2193 2825 2237 nostra
2868 2185 3153 2253 ,incipiant
3212 2184 3490 2240 reluctari.
3530 2186 3664 2240 Esto

2080 2273 2388 2342 religiosus,
2418 2274 2502 2329 vel
2534 2282 2658 2328 voto
2695 2274 2810 2339 ejus
2850 2289 2970 2343 quae
3021 2275 3217 2339 evasit,
3257 2277 3437 2329 sinon
3502 2284 3662 2345 potes

2081 2368 2198 2415 tuo.
2232 2361 2475 2428 Exsulta,
2507 2364 2632 2434 quia
2691 2364 2959 2430 placuisse
3009 2363 3293 2433 cognoscis
3314 2363 3390 2417 tui
3443 2362 3665 2431 partici-

2082 2455 2226 2520 pium
2251 2455 2530 2523 sanguinis
2569 2455 2812 2521 Christo,
2862 2456 3097 2509 maxime
3121 2456 3261 2524 qnod
3287 2456 3353 2507 de
3373 2456 3664 2510 occasione

2081 2546 2279 2599 debeas
2309 2545 2544 2600 tolerare
2592 2547 2807 2601 Domini
2839 2548 3201 2615 voluntatem,
3234 2547 3321 2603 cui
3370 2561 3477 2602 non
3508 2557 3664 2615 potes

2080 2637 2477 2694 contradicere.
2510 2638 2576 2692 Et
2626 2654 2748 2695 cum
2779 2639 2850 2695 sit
2910 2640 3168 2696 omnibus
3225 2640 3532 2695 communis
3575 2640 3664 2693 hic

2081 2739 2276 2794 casus;
2302 2743 2469 2783 vanus
2493 2730 2649 2786 dolor
2674 2740 2778 2797 est,
2806 2730 2897 2801 qui
2922 2746 3021 2788 nec
3065 2732 3277 2802 primus
3308 2732 3520 2787 videtur
3542 2742 3665 2785 esse

2081 2834 2179 2872 nec
2209 2818 2381 2874 solus.

2154 2911 2221 2964 Χ.
2255 2909 2361 2965 Sed
2399 2910 2536 2967 dicis
2567 2929 2583 2968 :
2609 2909 2803 2969 Nullus
2823 2928 2909 2968 me
2936 2914 3005 2969 de
3026 2929 3145 2970 mea
3177 2914 3518 2970 desolatione
3547 2912 3661 2986 [ΑΙ.

2082 3001 2475 3074 consolatione]
2516 3008 2713 3058 mentis
2748 3020 2917 3074 angor
2940 3007 3225 3062 exulcerat
3256 3023 3270 3061 :
3296 3007 3392 3059 sed
3427 3019 3529 3075 pro
3560 3005 3659 3062 de-

2086 3094 2293 3149 relictis
2355 3095 2594 3164 parvulis
2661 3096 2967 3163 morientis,
3028 3096 3385 3151 humanitatis
3437 3095 3663 3153 allectus

2090 3186 2361 3253 impulsat.
2384 3185 2634 3251 Neelicet
2656 3188 2983 3242 commoveri
3003 3190 3243 3241 animum
3268 3186 3659 3252 Christianum,

2090 3292 2157 3329 ne
2187 3286 2375 3330 contra
2405 3276 2607 3332 Christi
2637 3278 2863 3346 imperia
2900 3278 3220 3333 reluctetur.
3262 3278 3403 3344 Quid
3433 3278 3661 3334 interest

2088 3371 2533 3438 quandocumque
2580 3377 2632 3424 et
2685 3370 3103 3439 qualescumque
3178 3369 3317 3425 ﬁlios
3368 3371 3662 3437 dimisisse,

2088 3474 2225 3527 quos
2245 3459 2500 3527 jubeutur
2539 3476 2570 3515 a
2628 3459 2854 3515 Domino
2889 3475 3051 3516 causa
3110 3461 3410 3516 devotionis
3460 3461 3662 3518 odisse.

2090 3547 2276 3603 Melius
2305 3563 2449 3603 nunc
2476 3551 2680 3606 Salvam
2718 3552 2955 3605 animam
2987 3567 3140 3606 suam
3190 3553 3429 3606 moriens
3458 3552 3660 3607 dereli-

2088 3644 2203 3708 quit
2236 3642 2286 3696 in
2324 3657 2474 3709 pare,
2506 3657 2573 3696 ne
2606 3644 2658 3695 in
2689 3645 3067 3711 persecutione
3097 3645 3373 3699 dimittere
3409 3658 3532 3699 cum
3555 3658 3661 3699 suo

2089 3730 2310 3784 interitu
2334 3745 2443 3784 non
2494 3734 2720 3787 valeret.
2753 3734 2891 3803 Ipsis
2919 3733 3271 3789 auxiliabitur
3330 3735 3383 3789 in
3433 3735 3660 3809 mundo,

2088 3835 2314 3889 quormn
2349 3834 2576 3876 matrem
2611 3823 2774 3878 habet
2804 3824 2856 3878 in
2900 3824 3059 3878 coelo.
3096 3824 3161 3877 Et
3189 3824 3280 3894 qui
3320 3825 3479 3878 matri
3532 3826 3662 3880 sub-
3724 3864 3725 3867 η

2089 3913 2253 3977 venit,
2289 3922 2342 3966 et
2373 3914 2495 3968 liliis
2518 3924 2664 3968 certe
2700 3922 3002 3969 succurret.

2159 4002 2254 4056 XI.
2296 4003 2577 4058 Postremo
2610 4003 2754 4069 vide,
2789 4006 2833 4060 si
2865 4003 3069 4073 aliquid
3106 4002 3300 4059 debeat
3324 4003 3496 4060 dolori
3528 4021 3661 4061 con-

2089 4094 2230 4159 cedi,
2264 4095 2352 4149 ttbi
2386 4096 2506 4150 sine
2557 4092 2741 4164 aliquo
2777 4098 3017 4151 remedio
3049 4105 3225 4165 potest
3268 4097 3486 4153 animus
3537 4099 3665 4152 fati-

2090 4185 2227 4255 gari.
2263 4184 2551 4255 Sapienter
2590 4188 2751 4242 debet
2788 4187 2970 4244 dolere
3003 4191 3095 4257 qui
3146 4189 3333 4257 dolet;
3364 4205 3432 4245 ne
3475 4192 3665 4259 perdat

2090 4276 2211 4330 sine
2247 4291 2407 4330 causa
2439 4277 2583 4346 quod
2614 4276 2781 4332 dolet.
2805 4270 2963 4331 Nunc
2996 4288 3174 4332 autem
3222 4289 3414 4333 contra
3457 4279 3659 4335 luctum

2090 4370 2351 4423 sumemla
2384 4379 2513 4423 sunt
2545 4383 2719 4436 arma,
2764 4380 2822 4424 ut
2852 4386 2975 4438 spes
3012 4380 3200 4426 nostra
3233 4372 3405 4439 possit
3463 4356 3664 4429 habere

408 4462 552 4513 creto
602 4463 837 4527 gaudeas
875 4472 1069 4512 rursus
1114 4457 1389 4526 amplecti.
1426 4456 1544 4511 Non
1605 4469 1656 4511 te
1706 4458 1975 4524 deseruit,
2012 4480 2061 4540 Β
2089 4460 2394 4513 victoriam.
2422 4459 2808 4527 Principaliter
2832 4460 2974 4528 quod
3003 4461 3172 4515 voluit
3219 4461 3360 4517 Deus
3388 4464 3664 4533 suscipere

420 4554 519 4607 sed
549 4551 844 4620 praecessit.
873 4549 1066 4602 Misisti
1096 4548 1428 4602 nutrimenta
1481 4557 1571 4602 tua
1629 4549 1869 4606 Christo.
1920 4551 1979 4606 Si

410 4646 616 4697 luctum
649 4641 945 4706 horrueris,
984 4649 1039 4695 et
1067 4648 1120 4695 te
1139 4640 1402 4695 obtulisse
1424 4640 1624 4709 pignus
1665 4641 1777 4696 Deo
1810 4643 1981 4711 depu-

408 4735 517 4788 tari
542 4733 768 4803 poteris.
783 4731 1091 4788 Secundum
1111 4739 1295 4787 votum
1322 4741 1470 4786 tuum
1501 4732 1636 4787 habe
1668 4743 1788 4800 post
1812 4735 1984 4788 Abra-

407 4830 562 4890 ham,
612 4825 656 4878 si
682 4838 791 4877 non
820 4831 973 4893 potes
998 4821 1271 4891 primum;
1333 4830 1393 4873 ut
1418 4823 1557 4891 quod
1585 4821 1674 4874 ille
1703 4822 1985 4877 dubitabat

403 4916 633 4979 oﬁ‘erre,
686 4921 746 4968 tu
782 4917 974 4969 saltem
1010 4910 1124 4984 [ΑΙ.
1178 4908 1346 4981 forte]
1386 4896 1618 4966 videaris
1660 4912 1729 4967 de
1770 4914 1985 4969 sublato

400 5009 665 5079 gaudere.
699 5005 779 5061 Ab
813 5006 905 5059 illo
958 5002 1221 5060 Dominus
1256 5002 1577 5073 postulavit,
1625 5020 1654 5057 a
1712 5015 1762 5058 te
1812 5007 1977 5072 tulit;

402 5102 502 5154 ille
523 5098 755 5168 jussioni
788 5096 995 5167 paruit,
1056 5106 1112 5151 tu
1144 5095 1411 5149 voluntati
1461 5095 1793 5149 consentias.
1827 5095 1981 5181 lll'um

402 5207 505 5263 per
552 5191 791 5245 illicitam
825 5191 1002 5258 legem
1052 5197 1261 5244 natura»
1277 5188 1925 5258 probavitsibidevotum
1964 5205 1981 5256 ;

402 5296 461 5338 te
496 5283 689 5338 saltem
716 5297 810 5351 per
839 5282 1045 5336 licitam
1068 5282 1443 5338 conditionem
1503 5282 1853 5337 mortalitatis
1883 5297 1985 5336 δυο

400 5382 563 5431 notet
600 5374 932 5445 religiosum.
958 5373 1017 5429 ln
1048 5388 1156 5444 qua
1201 5382 1357 5444 parte
1387 5372 1759 5429 Christianum
1796 5385 1847 5428 te
1884 5389 1985 5442 po-

402 5468 546 5521 teris
570 5470 896 5536 approbare.

479 5554 616 5609 Vlll.
643 5554 939 5610 Erubescat
961 5552 1313 5609 incredulitas
1343 5565 1555 5621 nostra,
1584 5569 1706 5624 qua:
1729 5569 1828 5610 nec
1853 5569 1979 5609 cum

404 5644 706 5716 gentilibus
765 5644 878 5700 Deo
935 5644 1054 5699 vult
1106 5659 1229 5700 esse
1265 5643 1527 5713 subjecta.
1560 5644 1875 5701 Communis
1903 5656 1985 5700 est

405 5740 573 5796 nobis
594 5752 712 5792 eam
746 5738 853 5793 illis
898 5736 1073 5793 exitus
1128 5735 1337 5802 mortis,
1370 5744 1424 5790 et
1481 5736 1694 5791 dolores
1766 5735 1981 5791 illorum

2087 4551 2442 4622 gratulemur.
2478 4550 2683 4606 Deinde
2703 4552 2827 4620 quia
2862 4552 2961 4607 hoc
2997 4552 3233 4607 nobisin
3274 4558 3478 4608 mundo
3507 4571 3659 4610 com-

2087 4656 2249 4696 mune
2276 4649 2384 4705 est,
2405 4640 2620 4696 additur
2639 4641 2891 4709 privatim
2920 4642 3194 4711 peculiare
3218 4653 3490 4709 nostrum,
3517 4645 3661 4715 quod

2086 4734 2155 4788 ad
2224 4733 2461 4801 requiem
2517 4733 2868 4789 deducamur.
2937 4734 3201 4803 Sequitur
3261 4736 3663 4791 consummatio

2064 4821 2327 4876 omnium
2360 4823 2703 4891 gaudiorum,
2737 4824 2877 4894 quod
2913 4823 2965 4878 in
2998 4826 3398 4879 resurrectione
3424 4825 3656 4878 invicem

2097 4914 2273 4979 nobis,
2306 4914 2536 4968 Domino
2586 4916 2936 4979 refortnante,
2980 4916 3301 4970 reddemur:
3332 4919 3475 4986 quod
3517 4920 3660 4983 Apo-

2086 5010 2257 5060 sto'us
2280 5005 2560 5073 pollicetur
2583 5022 2600 5060 :
2635 5005 2771 5061 Nolo
2796 5023 2882 5061 vos
2909 5008 3173 5078 ignorare,
3201 5008 3415 5079 fratres,
3447 5006 3513 5059 de
3534 5008 3662 5058 dor-

2087 5096 2390 5161 mientibus,
2418 5108 2473 5149 ut
2504 5113 2605 5151 non
2649 5099 3050 5164 contristemiui,
3088 5100 3224 5153 sicut
3277 5110 3324 5150 et
3363 5098 3540 5150 cwleri
3571 5096 3662 5165 qui

2084 5204 2228 5254 apem
2260 5205 2364 5242 non
2392 5188 2603 5243 habent.
2655 5189 2717 5244 Si
2770 5189 2912 5245 enim
2959 5191 3220 5244 credimus
3246 5189 3370 5254 quia
3415 5186 3660 5243 Christus

2086 5289 2324 5333 mortuus
2349 5288 2446 5342 est,
2469 5289 2516 5333 et
2548 5281 2833 5335 resurrexit
2855 5296 2875 5336 :
2901 5281 2979 5334 ita
3029 5291 3076 5334 et
3105 5281 3243 5334 Deus
3279 5294 3365 5333 eos
3392 5280 3481 5348 qui
3531 5281 3658 5332 dor-

2086 5373 2315 5426 mierunt
2340 5373 2394 5424 in
2409 5369 2635 5436 Christo,
2661 5370 2885 5425 adducet
2911 5387 3032 5424 cum
3057 5370 3146 5426 illo
3166 5367 3222 5440 (1
3250 5368 3293 5423 Τ
3295 5374 3433 5425 hers.
3458 5384 3534 5434 tv,
3568 5369 3657 5433 l2,

2090 5464 2199 5523 l3).
2237 5462 2363 5518 llaec
2402 5462 2529 5527 tibi,
2587 5464 2887 5531 benedicte,
2924 5478 3021 5532 pro
3054 5461 3324 5517 charitate
3381 5460 3659 5517 communi

2086 5554 2384 5609 transmisi.
2414 5555 2680 5610 Cancrum
2706 5551 2821 5608 scio
2849 5565 2901 5608 te
2938 5554 3137 5619 valere,
3176 5552 3312 5608 alios
3365 5552 3659 5608 consolari.

2087 5642 2240 5698 Tunc
2268 5643 2470 5699 orbitas
2504 5658 2608 5697 non
2668 5642 2910 5699 inveniet
2955 5643 3361 5714 penetrabilem,
3424 5644 3468 5697 si
3526 5641 3664 5698 alios

2090 5748 2276 5792 contra
2321 5738 2465 5791 illam
2498 5752 2601 5792 non
2641 5750 2823 5793 cesses
2847 5751 3060 5795 armare
3107 5735 3215 5808 [ΑΙ.
3250 5733 3479 5809 amare].
