4012 6188
351 354 450 415 29ζ
1292 355 1352 415 S.
1395 355 1835 414 iIlERONYMI
1892 355 1931 412 Ο

2033 356 2210 414 iliUAl
2257 357 2670 418 MAN'NSS‘A.

482 459 796 514 MONITUM
831 457 895 512 IN
928 457 1313 511 EPISTOLAM
1345 458 1788 525 SEQUENTE-31.

421 551 679 606 Erasmus
722 552 794 604 ait
829 570 843 605 :
879 551 998 603 Ilaec
1038 552 1088 603 in
1146 551 1466 618 quibusdam
1523 554 1920 620 exemplaribus

353 622 669 676 insertbttttr
697 621 761 673 ad
789 621 1062 674 Oceanum
1097 637 1111 675 ;
1146 638 1328 673 verum
1376 621 1716 672 lzoniiliarum
1776 637 1924 673 more

352 691 566 746 desiuit.
591 694 742 756 Sapit
765 695 1014 740 minutiem
1046 699 1341 756 aui-torem,
1381 691 1538 756 cujus
1567 702 1648 741 est
1673 696 1924 755 superior

351 763 609 828 eptsmla,
633 775 830 826 quppe
857 773 956 810 nec
985 759 1220 821 erudita,
1248 774 1346 811 nec
1379 761 1485 811 ullo
1525 761 1682 812 modo
1709 775 1926 828 spirans

353 843 540 898 peetus
575 827 1074 896 Ilieionyniianum.

887 962 1223 1016 EPISTULA
1260 963 1370 1016 XLI
1388 1003 1401 1018 .

353 1115 420 1153 AD
471 1112 736 1162 OCEANL’M,
774 1112 839 1151 DE
898 1113 1151 1152 FEBENDIS
1194 1113 1502 1152 OPPROBRIIS
1556 1114 1926 1153 HOBTATOMA.

425 1210 465 1266 Ι.
501 1209 846 1263 Diveisorum
905 1213 1628 1278 Opprolria,'ti-ibulaiioues
1679 1215 1933 1280 multipli-

355 1317 464 1364 ces,
491 1303 812 1370 quibusdam
844 1301 1246 1363 insidiantibus.
1281 1312 1330 1354 te
1382 1305 1650 1356 sustinere
1675 1305 1930 1370 cognovi.

351 1391 518 1460 Cujus
546 1394 620 1444 rei
655 1407 875 1444 eauSam
912 1407 1016 1444 non
1075 1402 1307 1458 tantum,
1337 1395 1380 1446 si
1412 1396 1524 1448 haec
1566 1396 1804 1460 refellas,
1835 1400 1934 1449 do-

353 1491 455 1545 leo,
492 1491 751 1547 quantum
783 1485 1042 1550 gratulor,
1069 1485 1111 1534 si
1153 1485 1377 1536 libenter
1425 1485 1666 1553 excipias
1701 1503 1713 1549 ;
1751 1489 1801 1540 in
1835 1489 1935 1541 hoc

352 1574 494 1626 enim
530 1574 580 1625 in
610 1573 762 1624 nobis
789 1573 992 1625 Christi
1024 1574 1327 1627 ostenditur
1377 1577 1528 1639 lides,
1559 1577 1722 1629 timor
1756 1583 1934 1631 cerni-

354 1676 461 1728 tur,
505 1664 888 1716 manilestatur
925 1679 1088 1725 mors,
1126 1664 1170 1715 si
1218 1665 1528 1732 opprobriis
1568 1674 1620 1718 et
1675 1669 1935 1720 tentatio-

356 1757 511 1807 nibus
547 1771 643 1824 pro
677 1759 787 1807 'sno
843 1770 942 1806 nos
1006 1766 1284 1825 gratanter
1321 1772 1507 1810 amore
1561 1758 1935 1826 sobjugemus.

3507 360 3611 424 292

1961 477 1993 528 Α
2033 477 2227 515 nomen
2264 473 2424 532 atque
2450 464 2712 530 justitiam
2748 475 2941 518 cuncta
2979 466 3275 522 inﬁdelium
3309 471 3462 524 turba
3521 487 3608 524 me

2029 564 2451 622 perseqttatui'et
2471 556 2724 609 tribulet!
2752 555 2965 610 Utinam
2989 558 3043 612 in
3061 560 3408 629 opprobri‘iin
3431 577 3606 618 meum

2038 645 2276 698 stolidus
2310 645 2395 697 hic
2430 651 2659 700 mundus
2694 661 2952 717 exsurgat
2982 667 2996 714 ;
3023 660 3226 703 tantum
3275 663 3329 704 ut
3361 668 3460 724 ego
3494 671 3608 706 ine-

2029 749 2154 787 rear
2181 750 2209 787 a
2242 735 2465 789 Christo
2497 737 2704 789 laudari
2742 779 2756 803 ,
2793 752 2846 792 et
2880 756 2990 793 suae
3037 741 3441 809 pollicitationis
3489 761 3610 814 spc-

2033 841 2155 879 rare
2187 830 2488 880 mercedem
2521 829 2532 880 l
2568 828 2733 882 Grata
2762 833 2943 898 itaque
2981 843 3034 884 et
3082 834 3439 888 desideranda
3490 847 3607 889 ten-

2035 917 2168 970 tatio
2198 928 2298 979 est,
2321 919 2474 986 cujus
2505 923 2782 986 μιὶειιιὶιιιιι
2816 934 3106 991 speratura
3127 925 3340 980 Christo
3372 929 3421 980 in
3448 929 3606 992 cado,

2035 1023 2132 1059 nec
2174 1009 2481 1061 maledictio
2534 1016 2714 1077 gravis
2753 1023 2852 1073 cst,
2889 1030 3005 1082 qu:e
3036 1020 3215 1067 divina
3242 1022 3398 1069 laude
3438 1030 3610 1072 inula-

2037 1110 2142 1150 tur.
2191 1097 2566 1152 Sustineat-nus
2602 1117 2728 1168 ergo
2768 1116 2865 1154 iics
2915 1109 3194 1171 paululum
3246 1109 3299 1158 in
3349 1109 3448 1161 hac
3501 1113 3604 1162 vita

2036 1192 2255 1254 tentari,
2291 1199 2347 1240 ιιι
2379 1203 2635 1244 aeternam
2663 1200 3005 1260 postmodum
3035 1201 3309 1265 possimus
3343 1217 3439 1268 pro
3471 1211 3603 1256 letu-

2037 1284 2204 1349 porali
2239 1297 2435 1350 capere
2469 1287 2771 1337 tentatione
2823 1292 3148 1340 mercedem.

2108 1373 2194 1427 IV.
2229 1374 2520 1427 Hominum
2565 1393 2780 1443 quoque
2819 1381 3107 1444 Opprobria
3140 1383 3608 1451 tletraclionesqne

2037 1467 2305 1533 patienter
2336 1478 2387 1520 et
2407 1468 2600 1520 leuiter
2622 1465 2732 1538 [AL
2754 1469 2962 1540 leviter]
2986 1471 3296 1535 toleremus,
3321 1485 3375 1526 ιιι
3400 1476 3607 1529 Domini

2040 1557 2292 1611 laudibus
2349 1559 2494 1626 digni
2529 1574 2648 1612 esse
2708 1564 2992 1628 possimus.
3028 1561 3162 1616 Nam
3221 1569 3266 1618 si
3319 1567 3608 1618 humanam

2041 1652 2257 1706 laudem
2317 1653 2635 1720 quaerimus,
2688 1654 2924 1708 divinam
2987 1658 3306 1712 amittimus.
3355 1661 3610 1728 Quisquis

2041 1743 2183 1794 enim
2241 1743 2308 1794 ab
2367 1744 2676 1796 hominibus
2735 1744 3002 1804 laudatur.
3043 1747 3343 1814 culpatura
3374 1751 3607 1815 Christo,

355 1844 462 1900 Nec
495 1848 593 1900 hoc
631 1849 785 1900 nobis
821 1849 1152 1900 contrarium
1184 1849 1340 1900 debet
1397 1864 1535 1913 eSse,
1570 1849 1664 1902 sed
1695 1861 1930 1920 gratum,

2037 1834 2175 1886 sicut
2200 1849 2459 1900 scriptum
2513 1845 2637 1887 est:
2696 1834 2780 1887 Va:
2834 1837 2972 1888 vobis
3035 1837 3300 1902 divitibus,
3337 1840 3424 1906 qui
3481 1855 3609 1890 con-

356 1950 454 2004 νιό
480 1953 562 1998 eo,
587 1938 668 1989 vel
720 1952 885 2003 parva
939 1940 1168 2005 perpeti,
1199 1937 1288 2004 qui
1345 1939 1554 2004 majora
1582 1955 1678 2006 pro
1743 1951 1930 1993 nostra

355 2029 526 2080 Salute
551 2043 835 2095 perpessus
888 2039 972 2080 est
1006 2043 1022 2084 :
1059 2030 1362 2096 prwsertim
1406 2044 1528 2081 cum
1583 2031 1820 2083 sciamus
1852 2046 1935 2082 re-

356 2134 519 2185 gnum
553 2122 812 2172 eti-lorum
852 2135 958 2170 non
989 2120 1106 2171 sine
1159 2119 1323 2171 variis
1382 2121 1775 2175 teutatinnibus
1823 2121 1937 2172 adi-

355 2211 511 2277 pisci,
547 2221 602 2263 ιιι
626 2211 883 2277 sciiptum
917 2218 999 2262 est
1033 2228 1047 2263 ι
1083 2210 1297 2277 Oportet
1324 2227 1413 2261 nos
1461 2227 1552 2276 per
1609 2211 1802 2263 multas
1839 2213 1934 2263 tri—

354 2301 641 2352 bulationes
667 2301 881 2353 introire
912 2301 964 2352 iii
997 2317 1213 2369 regnum
1265 2301 1361 2352 Dei
1395 2305 1530 2368 (Act.
1579 2317 1690 2363 xw,
1724 2301 1839 2368 2|).
1875 2301 1930 2354 Si

357 2406 486 2459 ergo
518 2407 616 2459 per
658 2393 854 2444 multas
903 2393 1305 2453 tribulationes,
1340 2393 1663 2460 quibusdam
1696 2394 1934 2446 caelestis

360 2484 507 2548 regni
544 2481 724 2535 aditus
772 2481 1036 2550 aperitur,
1094 2481 1199 2534 illis
1251 2482 1438 2548 utique
1496 2483 1788 2548 clauditur,
1842 2485 1932 2551 qui

359 2573 542 2624 volunt
577 2570 687 2641 [ΑΙ.
723 2571 933 2642 nolunt]
974 2573 1244 2624 sustinere
1285 2573 1368 2625 vel
1412 2587 1606 2636 pauca.

431 2665 495 2718 ll.
531 2669 750 2733 Oportet
787 2679 916 2734 ergo
955 2681 1052 2718 nos
1089 2667 1301 2718 diversa
1330 2675 1687 2718 tentatioituin
1736 2685 1943 2733 genera

357 2772 511 2827 aequo
541 2757 722 2810 animo
757 2757 983 2824 perpeti,
1027 2771 1123 2824 per
1158 2773 1279 2826 qua:
1315 2759 1468 2811 nobis
1500 2759 1735 2812 (adestis
1765 2760 1932 2828 janua

361 2848 694 2918 premittitur
732 2847 956 2914 aperiri.
1009 2848 1204 2900 Beatus
1245 2849 1521 2916 apostolus
1551 2849 1786 2903 Jacobns
1837 2866 1932 2903 nos

359 2943 607 2994 hortatur
653 2949 706 2994 et
751 2939 928 3004 docet,
988 2940 1174 3008 quales
1223 2941 1273 2992 in
1334 2941 1769 2994 tribulationibus
1813 2956 1934 2994 esse

358 3034 669 3097 debeamus,
706 3047 826 3083 cuni
882 3032 1015 3085 dicit
1051 3049 1065 3084 :
1102 3030 1265 3085 Omne
1318 3033 1568 3100 gaudium
1613 3034 1929 3095 ea'istiinate,

357 3125 550 3192 fratres
583 3126 701 3188 mei,
728 3141 843 3177 cum
863 3125 913 3178 in
940 3125 1252 3177 teiitationes
1278 3126 1452 3178 varias
1479 3125 1765 3177 incideritis
1789 3123 1929 3193 (Jac.

357 3215 499 3283 I,‘2).
534 3214 685 3269 Unde
716 3226 848 3268 satis
895 3225 1280 3284 prprstei-um
1331 3227 1386 3270 et
1446 3218 1776 3269 contrarium
1824 3227 1928 3278 est,

363 3323 462 3360 nos
497 3307 551 3360 in
587 3306 898 3375 huiusmodi
941 3309 1104 3360 rebus
1135 3310 1393 3363 tlthtitia
1430 3309 1610 3375 aliqua
1665 3310 1878 3379 fatigari
1913 3328 1929 3364 :

361 3399 415 3452 in
447 3398 642 3466 quibus
683 3399 934 3466 gaudium
990 3402 1167 3467 potius
1219 3399 1474 3468 jubeinur
1509 3401 1729 3465 habere,
1770 3418 1929 3469 quain

363 3491 589 3542 luctum.
624 3486 687 3539 Et
721 3489 847 3541 alibi
881 3490 1022 3542 idem
1081 3495 1356 3557 apostolus
1403 3492 1534 3544 dicit
1565 3509 1579 3544 :
1611 3491 1805 3543 Beatus
1857 3493 1932 3544 vir

353 3579 448 3647 qui
487 3586 755 3643 permanet
780 3579 832 3630 in
866 3581 1236 3633 tentationibus
1266 3597 1286 3644 ;
1324 3583 1566 3648 quoniam
1599 3598 1714 3633 cum
1746 3584 1934 3650 proba-

361 3678 444 3719 tus
476 3668 654 3736 fuerit,
697 3668 915 3736 accipiet
959 3685 1206 3722 coronam
1252 3673 1391 3734 vitw,
1437 3688 1594 3740 quam
1639 3673 1933 3740 repromisit

364 3757 503 3811 Deus
532 3759 866 3828 diligentibus
909 3777 963 3812 se
991 3759 1152 3829 (Ibid.
1183 3760 1290 3829 12).
1341 3760 1473 3815 Vide
1501 3777 1626 3829 ergo
1675 3775 1931 3829 quantum

364 3849 565 3903 homini
595 3853 818 3904 tentatio
852 3856 1021 3919 prosit
1046 3869 1060 3906 :
1097 3868 1191 3920 per
1212 3868 1374 3920 quam
1403 3853 1784 3906 beatitudinem
1808 3867 1934 3906 cou-

361 3944 604 4010 s.-quitur
634 3955 686 3997 et
731 3959 1007 3999 coronam.
1047 3945 1152 3998 Sed
1212 3947 1339 3999 illud
1395 3947 1798 4013 intelligendum
1851 3954 1934 3998 est

362 4050 484 4087 cuin
513 4038 582 4087 ita
619 4035 750 4090 dicit
783 4053 796 4088 :
828 4037 1087 4102 Quoniam
1133 4054 1251 4089 cum
1297 4038 1542 4102 probatus
1571 4037 1754 4102 fuerit,
1795 4037 1933 4087 acci-

361 4127 465 4191 piet
485 4142 731 4178 coronam
757 4128 899 4190 vitai,
922 4145 1077 4196 quant
1105 4130 1399 4196 repromisit
1433 4127 1567 4179 Deus
1593 4127 1928 4194 diligentibus

362 4231 435 4266 se.
469 4215 591 4267 illos
649 4217 825 4282 inquit
883 4218 1162 4284 probatos,
1203 4227 1256 4270 et
1284 4217 1350 4268 ab
1413 4218 1494 4268 his
1553 4216 1718 4266 Deum
1757 4214 1928 4284 diligi,

363 4305 450 4369 qui
483 4309 552 4357 ob
579 4306 813 4358 nominis
849 4307 967 4373 ejus
993 4322 1209 4360 causam
1245 4307 1296 4358 in
1329 4306 1632 4358 tentatione
1677 4307 1930 4372 perstite-

364 4395 493 4460 rint,
526 4397 721 4463 quibus
757 4397 950 4449 merito
991 4411 1190 4449 corona
1221 4399 1556 4465 promittitur
1588 4413 1603 4460 ;
1637 4397 1754 4450 illos
1804 4412 1930 4451 vero

2036 1927 2340 1978 solutionem
2373 1937 2597 1978 vestram
2655 1927 2876 1980 habetis.
2929 1927 3012 1981 Va:
3044 1927 3187 1981 vobis
3241 1931 3329 1998 qui
3381 1932 3610 1984 saturati

2036 2018 2180 2082 estis,
2210 2018 2332 2086 quia
2357 2019 2616 2069 esurietis.
2659 2016 2744 2070 Va:
2782 2020 2922 2071 vobis
2955 2022 3042 2088 qui
3074 2021 3254 2096 ridetis
3285 2032 3332 2073 et
3366 2023 3607 2089 gaudetis

2036 2127 2188 2172 nunc,
2222 2113 2348 2181 quia
2399 2114 2636 2180 lugebitis
2689 2123 2734 2164 et
2771 2115 2979 2180 ﬂebitis.
3029 2115 3113 2168 Va:
3162 2133 3278 2168 cum
3332 2118 3609 2172 benedixeo

2037 2205 2144 2254 rint
2184 2205 2325 2256 vobis
2356 2220 2532 2255 attines
2573 2204 2808 2255 homines
2860 2205 3012 2272 (Luc.
3045 2207 3209 2269 γι,ἳᾶ
3247 2213 3432 2277 δέρᾳ).
3477 2207 3608 2264 Vide

2037 2311 2164 2358 eigo
2190 2311 2350 2360 quam
2381 2296 2559 2362 gravis
2590 2307 2643 2348 et
2672 2310 2900 2350 mutesta
2949 2300 3020 2350 sit
3063 2302 3295 2351 humana
3349 2304 3604 2366 laudatio,

2035 2386 2120 2436 cui
2177 2389 2247 2437 ita
2292 2389 2545 2437 Dominus
2597 2392 2982 2443 comminatur.
3035 2389 3292 2445 Homines
3347 2396 3605 2447 animales

2036 2488 2199 2544 atque
2231 2479 2453 2539 terreni,
2493 2495 2595 2530 non
2635 2481 2740 2531 nisi
2777 2495 2898 2548 qua:
2931 2485 3244 2550 temporalia
3290 2495 3343 2536 et
3390 2495 3605 2540 terrena

2037 2579 2182 2632 sunt,
2213 2572 2442 2636 diligunt
2474 2587 2488 2633 ;
2522 2579 2724 2638 et-qua:
2750 2571 2996 2639 diligunt,
3030 2578 3144 2627 haec
3163 2575 3385 2628 laudare
3412 2577 3607 2630 viden-

2039 2677 2143 2711 tut‘.
2177 2663 2248 2712 [te
2285 2663 2389 2712 illis
2427 2661 2688 2730 scriptum
2721 2673 2804 2716 est
2839 2680 2854 2716 :
2893 2661 3059 2717 Omne
3089 2666 3286 2718 animal
3333 2666 3502 2736 diligit
3533 2669 3606 2721 sio

2037 2753 2156 2805 mile
2185 2754 2282 2804 sibi
2323 2754 2509 2822 (Eccli.
2541 2770 2657 2818 xiii,
2694 2755 2779 2822 19)
2815 2773 2830 2822 ;
2864 2765 2917 2809 et
2967 2756 3044 2810 sic
3071 2761 3245 2812 omnis
3303 2760 3464 2813 homo
3521 2775 3608 2814 se-

2037 2845 2272 2897 cundum
2363 2862 2528 2913 genus
2606 2863 2764 2899 suum
2839 2848 3022 2900 laudat
3073 2862 3224 2916 opes,
3291 2851 3497 2917 epulas,
3552 2861 3606 2904 et

2038 2937 2277 3000 divitias,
2307 2949 2360 2989 et
2403 2954 2494 2990 eos
2533 2940 2624 3007 qui
2685 2939 2938 3006 pretiosis
2973 2949 3027 2991 et
3066 2942 3318 2993 mollibus
3367 2945 3604 3009 glorian-

2038 3039 2124 3081 tur
2180 3031 2230 3081 iti
2294 3033 2554 3092 \estzbus,
2593 3047 2710 3098 qua:
2769 3047 2949 3082 OELILa
2987 3032 3069 3082 lex
3113 3042 3297 3085 sancta
3353 3036 3602 3100 prohibet

2038 3131 2197 3187 atque
2225 3123 2572 3172 Condetnuat.

2111 3209 2174 3264 V.
2200 3211 2304 3264 Eos
2328 3217 2465 3264 Vtro
2495 3214 2610 3281 qui,
2637 3214 2924 3267 dilectione
2965 3228 3017 3270 et
3057 3218 3247 3272 timore
3281 3217 3490 3270 Domini
3515 3232 3603 3270 co-

2035 3313 2214 3374 gente,
2278 3305 2542 3372 abjicinnt
2579 3309 2690 3359 haec
2742 3323 2944 3369 omnia,
2975 3322 3028 3362 et
3057 3322 3273 3364 sanctos
3307 3311 3604 3366 secundum

2038 3401 2167 3466 legis
2190 3401 2430 3449 ordinem
2450 3414 2507 3451 se
2525 3399 2798 3464 exhibent,
2821 3401 3050 3453 irrident
3069 3412 3227 3469 atque
3247 3407 3602 3466 soltsanuaut,

2037 3490 2280 3541 infelices
2314 3498 2476 3555 atque
2507 3490 2686 3540 miseri
2741 3505 2962 3543 suorum
3009 3493 3272 3545 malorum
3327 3504 3602 3544 nimietate

2035 3582 2220 3635 Ωκεαιὶ
2253 3599 2265 3633 :
2302 3585 2496 3648 quibus
2545 3596 2650 3633 non
2709 3583 2905 3634 suilicit
2940 3586 3083 3650 quod
3140 3588 3358 3654 propria
3416 3583 3605 3638 nolunt

2036 3675 2218 3739 lugere
2250 3682 2471 3740 peccata
2503 3686 2520 3737 ;
2551 3674 2727 3724 adhuc
2755 3674 2976 3741 insuper
3014 3689 3106 3726 eos
3152 3676 3240 3742 qui
3299 3678 3481 3743 lugere
3528 3675 3602 3726 vi-

2035 3765 2256 3828 dentur,
2285 3763 2532 3824 irrident,
2556 3775 2610 3815 et
2639 3763 3185 3816 insnbsaunationem
3217 3767 3440 3830 habent,
3465 3779 3600 3832 quos

2035 3855 2334 3908 debuerant
2371 3855 2594 3907 imitari.
2633 3853 2738 3906 Sed
2773 3856 2953 3907 veniet
2987 3865 3197 3924 tempus
3218 3867 3271 3907 ut
3300 3871 3484 3910 eorum
3529 3857 3600 3906 ri-

1995 3992 1998 3995 .
2035 3962 2129 4000 sus
2157 3957 2399 3999 vertatur
2423 3949 2476 4000 in
2497 3947 2720 4010 luctum,
2745 3947 2944 4014 quibus
2969 3963 3111 4000 nunc
3136 3959 3319 4001 noster
3352 3948 3599 4016 planctus

2035 4051 2118 4090 est
2148 4039 2287 4091 risus
2318 4053 2334 4092 :
2361 4048 2415 4091 et
2449 4049 2506 4090 ut
2538 4054 2597 4091 se
2633 4039 2800 4092 fuisse
2831 4039 3030 4092 divites
3059 4039 3294 4108 lugeant,
3337 4043 3428 4108 qui
3459 4053 3599 4092 nunc

2034 4128 2234 4181 Christi
2256 4127 2579 4196 pauperibus
2612 4131 2956 4196 impudenter
2990 4131 3268 4183 insultant.
3304 4129 3376 4183 De
3405 4131 3598 4200 quibus

2035 4221 2312 4288 Scriptura
2341 4221 2468 4273 dicit
2501 4236 2515 4273 :
2548 4219 2692 4273 Tunc
2723 4225 2936 4274 stabunt
2959 4223 3100 4290 justi
3132 4239 3185 4274 in
3250 4239 3438 4292 magna
3470 4239 3596 4276 cun-

2032 4312 2236 4363 stantia
2269 4310 2514 4362 adversus
2571 4328 2656 4364 eos
2692 4315 2856 4379 quise
2902 4315 3330 4381 angustiaverunt
3359 4329 3378 4366 :
3411 4326 3456 4366 et
3509 4315 3598 4382 qui

2036 4402 2366 4454 abstulerunt
2427 4403 2628 4455 labores
2677 4419 2899 4468 eorum,
2948 4407 3177 4458 videntes
3251 4408 3599 4458 tuibabuntur

363 4488 619 4551 reprobos
655 4499 706 4540 et
740 4488 936 4541 nullius
971 4489 1092 4540 vita:
1127 4488 1345 4556 prazmio
1379 4487 1592 4557 dignos,
1615 4503 1750 4555 quos
1782 4487 1929 4540 ιιυυει
1958 4489 2010 4550 D
2042 4497 2224 4548 timore
2289 4497 2530 4547 horribili
2561 4511 2580 4558 ,°
2612 4506 2659 4548 et
2711 4498 3024 4550 subitatiane
3078 4499 3359 4565 insperata:
3409 4499 3596 4550 salutis

361 4580 716 4630 tentatiouum
771 4594 930 4632 causa
975 4581 1200 4633 vexarit.

435 4667 522 4720 Ill.
560 4667 897 4738 Quapmpter
923 4680 978 4724 et
1021 4687 1120 4724 nos
1170 4672 1401 4741 gaudere
1432 4674 1486 4724 in
1541 4670 1930 4724 tentationibus

361 4769 599 4828 Oportet,
630 4772 683 4814 et
720 4773 937 4827 portare
991 4765 1272 4828 debemus,
1307 4779 1402 4830 per
1465 4778 1584 4832 qnze
1606 4773 1660 4816 et
1716 4764 1930 4831 probati

363 4862 581 4904 a‘tet‘na:
616 4852 736 4904 vita:
776 4855 996 4920 praemio
1053 4867 1403 4908 coronemur.
1435 4852 1548 4907 Hoc
1596 4854 1757 4907 etiam
1816 4854 1932 4920 ipse

365 4943 622 4997 Dominus
653 4945 704 4996 in
737 4945 1024 5012 Evangelia
1053 4961 1150 5000 suo
1188 4947 1501 5013 declaravit,
1529 4947 1712 5000 dicens
1738 4965 1750 5000 :
1784 4944 1932 4998 Beati

357 5036 484 5087 estis
517 5052 633 5088 eum
666 5053 754 5090 vos
783 5038 1114 5102 maledirent,
1146 5051 1192 5091 et
1223 5053 1598 5107 persequentur
1631 5055 1650 5092 :
1677 5049 1723 5092 et
1755 5040 1928 5091 dicent

343 5142 511 5180 omne
535 5127 728 5180 malum
763 5131 1034 5181 adversum
1093 5145 1177 5181 vos
1225 5142 1434 5197 propter
1473 5133 1760 5196 justitiam.
1787 5128 1930 5181 Cau-

357 5230 478 5270 aete
502 5231 547 5269 et
577 5224 854 5285 exsultate,
887 5221 1134 5288 quoniam
1171 5237 1363 5272 merces
1412 5230 1578 5272 vestra
1618 5223 1828 5290 copiosa
1854 5231 1929 5273 est

349 5309 416 5361 .s'u
448 5307 588 5360 (aclis
626 5308 841 5378 (.llattli.
879 5326 930 5374 v,
961 5313 1046 5373 il,
1086 5311 1190 5377 1'2).
1222 5312 1354 5373 Quis
1390 5325 1517 5377 ergo
1581 5321 1698 5379 post
1732 5312 1934 5379 ,hujiis-

363 5400 514 5453 modi
552 5415 733 5453 vocem
769 5403 962 5454 tentari
995 5417 1052 5456 se
1085 5417 1188 5454 non
1238 5404 1380 5454 sinat
1410 5402 1584 5466 ?Quis
1632 5405 1699 5454 ab
1756 5402 1932 5455 homi-

363 5496 526 5544 nibus
560 5494 813 5560 persi-qui
845 5510 903 5547 se
929 5493 1154 5563 justitia:
1187 5509 1349 5547 causa
1411 5509 1518 5546 non
1571 5493 1765 5561 Optet?
1797 5493 1930 5559 Quis

363 5599 472 5637 non
509 5587 754 5640 tribulari
788 5589 952 5641 velit?
979 5589 1110 5654 Quis
1136 5605 1194 5644 se
1225 5605 1330 5643 non
1364 5588 1609 5641 maledici
1639 5588 1929 5653 desideret,

365 5687 426 5726 ut
455 5688 727 5732 mereatur
754 5680 957 5734 Christi
983 5699 1111 5737 voce
1134 5684 1370 5748 laudari,
1401 5691 1456 5736 et
1506 5683 1709 5736 cwlesti
1747 5683 1930 5752 copio-

352 5781 530 5832 i-saquc
558 5772 802 5826 mercede
833 5777 1104 5828 munerari
1135 5777 1158 5827 ’ἶ
1195 5775 1408 5832 Utinam
1452 5776 1520 5829 ob
1556 5776 1769 5829 Domini
1822 5777 1926 5829 inci

2035 4589 2204 4640 dicent
2240 4590 2382 4640 intra
2407 4605 2462 4640 se
2487 4596 2845 4656 pwiiitentiam
2877 4603 3100 4659 agentes,
3129 4603 3174 4643 et
3205 4607 3315 4654 prie
3352 4595 3597 4660 angustia

2035 4683 2250 4749 spiritus
2273 4694 2525 4748 gementes
2555 4699 2572 4735 :
2611 4682 2679 4734 lli
2709 4693 2826 4735 sunt
2858 4698 2986 4750 quos
3016 4685 3301 4752 aliquando
3320 4687 3595 4737 habuimus

2032 4773 2088 4825 in
2111 4772 2363 4837 derisum,
2396 4782 2443 4824 et
2477 4773 2528 4825 in
2551 4774 2954 4826 similitudinem
2998 4777 3326 4843 iniprolzerii.
3363 4775 3474 4828 Nos
3518 4778 3598 4828 in-

2033 4865 2246 4926 sensaii,
2279 4865 2438 4916 vitam
2507 4865 2720 4916 illorum
2778 4866 3170 4919 estimabamus
3230 4868 3516 4932 insaniam,
3549 4875 3596 4919 et

2031 4955 2185 5023 ﬁnem
2210 4971 2385 5007 eorum
2411 4958 2518 5008 sine
2548 4955 2760 5009 ltonore.
2806 4956 3075 5021 Quomodo
3106 4974 3226 5026 ergo
3268 4975 3405 5012 nunc
3454 4976 3597 5011 rom-

2031 5049 2204 5115 putati
2238 5058 2355 5100 sunt
2386 5049 2522 5100 inter
2544 5049 2684 5116 ﬁlios
2706 5049 2818 5112 Dei,
2851 5061 2900 5101 et
2933 5052 3066 5103 inter
3089 5062 3298 5104 sanctos
3321 5068 3435 5105 sors
3478 5054 3596 5104 illo-

2035 5155 2148 5192 rum
2174 5151 2248 5193 est
2285 5143 2307 5193 .9
2338 5140 2476 5209 Ergo
2510 5158 2600 5193 nos
2629 5143 2914 5194 erravimus
2945 5159 2976 5196 a
3025 5144 3106 5196 via
3138 5144 3393 5206 veritatis,
3429 5152 3480 5196 et
3509 5143 3596 5208 iu-

2032 5234 2189 5285 stitia:
2232 5233 2405 5284 lumen
2453 5250 2553 5284 non
2607 5233 2740 5284 luxit
2794 5235 3026 5295 nobis,et
3061 5237 3139 5286 sol
3167 5235 3294 5287 'non
3333 5246 3409 5287 est
3451 5245 3594 5288 ortus

2033 5324 2200 5377 nobis.
2222 5321 2425 5376 Lassati
2444 5341 2622 5376 sumus
2646 5326 2698 5376 in
2724 5327 3014 5394 iniquitatis
3050 5329 3130 5379 via
3151 5336 3201 5380 et
3245 5327 3550 5395 perditionis
3573 5338 3593 5377 :

2032 5425 2079 5468 et
2109 5416 2492 5467 ambulaviinus
2541 5416 2593 5468 in
2634 5415 2945 5470 solitudines
2997 5419 3251 5486 diﬁ‘iciles,
3299 5422 3422 5471 dum
3457 5423 3594 5471 viam

2035 5504 2247 5558 Domini
2301 5506 2677 5574 ignoravimus.
2730 5505 2869 5570 Quid
2918 5511 3115 5575 proluit
3166 5508 3309 5561 nobis
3353 5507 3595 5574 superbia

2033 5608 2237 5658 nostra,
2268 5610 2356 5648 aut
2389 5598 2688 5650 divitiarum
2722 5599 2950 5666 jactatio
2984 5600 3108 5669 quid
3138 5601 3358 5653 contulit
3393 5600 3535 5652 nobis
3569 5597 3594 5652 .’

2035 5684 2383 5742 Transierunt
2428 5689 2602 5742 omnia
2650 5690 2752 5744 ista
2811 5699 3063 5760 tanquam
3117 5696 3303 5744 umbra
3351 5687 3500 5759 (δίῳ.
3538 5702 3590 5756 v,

2035 5776 2173 5839 1-9).
