4012 6188
364 364 476 449 :93

1182 365 1547 425 EPISTULA
1592 366 1746 426 XLI.
1790 366 1889 426 DE
1938 363 2328 425 FERENDIS
2367 360 2860 421 OPPRUBRIIS.

3516 353 3624 417 ΞΜ

441 479 535 536 γι.
573 479 619 532 0
651 480 697 535 si
732 484 845 536 haec
870 494 1013 533 nunc
1036 481 1257 549 gtoriosi
1291 492 1345 536 et
1374 482 1569 537 divites
1596 483 1868 552 lugerent,
1889 490 1945 534 et
1976 494 2019 543 Α
2052 479 2232 533 minus
2262 492 2324 533 ea
2356 493 2477 547 quze
2500 485 2629 531 sunt
2648 477 2804 546 legis,
2833 472 3016 528 facias.
3048 470 3229 539 Neque
3253 471 3395 552 enim
3431 475 3496 525 de
3531 492 3628 543 ευ-

370 572 465 642 qui
488 571 625 624 alios
646 569 903 634 irrident,
923 572 1049 624 dum
1073 580 1285 639 tempus
1307 583 1411 635 est,
1434 584 1489 625 et
1516 572 1616 641 ipsi
1641 588 1702 627 se
1736 572 1947 636 ﬂerent,

373 679 485 719 non
514 676 737 717 necesse
770 661 1118 717 habereuteo
1141 672 1381 730 tetttporc
1412 677 1655 732 gemere,
1686 678 1795 731 quo
1823 661 1949 716 nul.

371 754 457 809 lus
482 754 595 822 jam
625 749 859 823 gemitus
892 753 1158 820 ﬂetusque
1204 753 1470 820 proficiet.
1494 754 1661 823 Cujus
1692 768 1950 818 tempons

373 846 638 899 iudicium
673 847 867 899 ieatus
885 847 1168 915 apostolus
1209 843 1445 899 Jacohus
1468 844 1712 899 cernitur
1740 859 1949 899 memo-

373 951 518 999 rare,
547 939 674 989 dum
708 935 907 989 divites
930 945 989 988 ut
1020 935 1075 988 in
1107 934 1361 1005 praesenti
1397 950 1459 990 se
1491 935 1734 1006 lugeant,
1760 935 1948 990 horta-

375 1037 464 1078 tur
491 1034 548 1078 et
572 1032 902 1085 commonet,
934 1022 1124 1076 dicens
1149 1041 1165 1077 :
1196 1024 1354 1093 Agite
1383 1040 1545 1086 nunc,
1571 1024 1796 1089 divites;
1835 1023 1948 1089 plo-

370 1128 489 1170 rate
515 1115 780 1169 ululantes
805 1116 858 1167 in
878 1116 1105 1168 miseriis
1123 1131 1240 1185 qua:
1256 1116 1528 1169 advenient
1555 1115 1716 1169 vobis.
1736 1114 1947 1169 Disitite

371 1217 558 1260 uestri:
582 1206 893 1273 putrefacta:
918 1213 1040 1258 sunt
1062 1220 1085 1268 ,'
1107 1214 1155 1258 et
1202 1206 1512 1259 uestimenta
1542 1214 1711 1260 ves‘ra
1738 1222 1769 1259 a
1796 1206 1947 1259 tineis

370 1309 603 1350 comula
621 1307 772 1361 sunt;
793 1311 980 1348 aurum
996 1305 1044 1348 et
1065 1305 1338 1366 argentum
1358 1306 1631 1350 (arsurum
1644 1298 1907 1367 rugiuttuit
1925 1314 1946 1354 .'

370 1396 421 1441 et
448 1402 822 1467 terugpporutn
852 1389 907 1440 in
931 1388 1291 1440 testimonium
1320 1387 1459 1440 vobis
1480 1388 1601 1454 erit,
1629 1397 1680 1442 et
1722 1391 1947 1442 mandu-

367 1475 507 1527 cabit
540 1489 724 1526 carnes
755 1483 953 1527 vestras
1001 1474 1133 1527 sicut
1164 1474 1325 1543 ignis.
1360 1471 1578 1540 Epuluti
1619 1479 1769 1543 estis,
1815 1488 1866 1530 et
1893 1479 1946 1531 in

368 1564 598 1617 [uariis
624 1563 865 1616 nutristis
884 1564 1047 1616 corda
1074 1574 1248 1617 vestra
1279 1567 1331 1617 in
1377 1568 1465 1619 die
1496 1567 1771 1621 occisionis
1801 1567 1946 1637 (Jac.

371 1670 426 1720 ν,
462 1654 486 1707 1
521 1662 729 1723 ξείνη.
763 1652 981 1706 Sciebat
1010 1653 1154 1706 enim
1187 1656 1331 1722 quod
1373 1657 1621 1724 quisquis
1645 1658 1776 1710 sein
1808 1672 1945 1727 prte-

364 1746 508 1799 senti
544 1752 785 1811 tempore
809 1741 1012 1808 ﬂesset,
1054 1744 1107 1797 in
1139 1743 1320 1797 futuro
1382 1761 1487 1799 non
1520 1745 1694 1800 ﬂeret.
1730 1745 1844 1801 Hoc
1890 1756 1948 1801 et

2050 570 2243 624 ineunte
2269 545 2486 639 ignibus
2515 581 2615 622 nos
2647 545 2927 620 hominum
2961 562 3155 617 fabulae
3197 545 3451 632 poterunt
3483 563 3623 617 libe-

2049 670 2172 709 rare
2201 654 2285 708 vel
2334 654 2519 708 risus:
2550 653 2645 708 sed
2699 650 2907 706 Christi
2972 649 3133 703 timor
3185 660 3348 717 atque
3387 649 3620 718 justitia.

2046 746 2184 801 Nolo
2206 757 2258 800 te
2284 760 2385 801 nec
2409 745 2466 799 in
2493 745 2596 799 hac
2612 754 2766 813 parte
2795 741 3077 807 confundi,
3116 740 3159 795 si
3185 741 3277 795 tibi
3302 755 3402 809 pro
3423 741 3618 795 Christi

2050 838 2271 892 nomine
2300 837 2389 892 vel
2423 851 2612 907 opere,
2646 851 2678 889 a
2709 835 2965 906 perituris
2996 845 3050 888 et
3103 833 3257 886 ranis
3307 830 3621 886 hominibus

2048 932 2376 1000 derogetur:
2426 928 2620 997 quibus
2654 936 2710 981 et
2764 925 3040 979 interitum
3098 924 3336 978 felicitas
3378 932 3618 990 praestat.

2049 1019 2154 1075 Sed
2178 1022 2353 1091 gaude
2378 1019 2558 1090 potius
2590 1028 2645 1073 et
2701 1017 2909 1080 laetare,
2960 1017 3139 1070 sciens
3176 1015 3271 1069 tibi
3325 1016 3618 1081 repositam

2046 1113 2208 1166 etiam
2256 1125 2357 1180 pro
2390 1111 2504 1177 ipsa
2561 1108 2913 1178 dcrogatione
2956 1105 3283 1160 mercedem.
3324 1103 3455 1156 Nam
3491 1103 3621 1156 satis

2047 1204 2288 1270 iniquum
2310 1210 2364 1254 et
2400 1201 2618 1265 impium
2649 1214 2752 1263 est,
2776 1200 2820 1252 si
2848 1208 2902 1251 tu
2936 1197 3031 1251 tibi
3089 1211 3188 1267 pro
3231 1198 3346 1263 ejus
3400 1197 3619 1250 nomine

2049 1311 2147 1350 nec
2182 1293 2391 1348 detrahi
2425 1291 2671 1361 patiaris,
2701 1290 2792 1360 qui
2830 1299 3051 1359 propter
3110 1299 3165 1341 te
3198 1296 3342 1339 tanta
3401 1300 3619 1354 perpes-

2048 1400 2144 1439 sus
2171 1393 2272 1438 est.
2304 1382 2476 1450 Quam
2509 1397 2637 1437 vero
2670 1396 2835 1452 grave
2865 1380 2935 1434 sit
2964 1395 3060 1449 pro
3094 1376 3324 1431 Domino
3350 1391 3618 1433 Donasse

2048 1479 2222 1533 tinere
2267 1476 2472 1540 omnia,
2513 1488 2634 1543 quae
2694 1472 3014 1527 adveneriut
3065 1470 3119 1523 in
3173 1470 3277 1531 hac
3325 1475 3456 1535 vita,
3505 1472 3622 1526 sive

2049 1569 2276 1633 damna,
2323 1567 2437 1621 sive
2477 1562 2877 1634 derogationes,
2920 1560 3258 1632 suspiciones
3282 1604 3298 1628 ,
3329 1562 3621 1615 detractio-

2048 1673 2163 1724 nes,
2197 1659 2282 1713 vel
2303 1668 2520 1723 cetera,
2557 1655 2777 1726 quando
2809 1654 2901 1710 ille
2930 1669 3052 1709 cum
3083 1653 3223 1707 Deus
3245 1666 3298 1708 et
3330 1651 3423 1705 Det
3452 1651 3621 1705 Filius

2049 1764 2219 1821 esset,
2254 1766 2352 1822 pro
2371 1764 2459 1806 tua
2501 1751 2677 1805 salute
2707 1749 2998 1819 opprobria
3052 1746 3329 1802 hominum
3369 1745 3621 1813 injurias-

365 1833 488 1903 ipse
530 1832 790 1887 Dominus
823 1832 988 1887 dicit:
1026 1830 1172 1886 Beati
1192 1835 1282 1902 qui
1309 1833 1510 1903 lugent,
1549 1835 1801 1904 quoniam
1847 1835 1948 1904 ipsi

2051 1862 2155 1917 que
2185 1846 2443 1901 sustinuit
2477 1845 2491 1899 l
2528 1841 2701 1898 Valde
2739 1844 2808 1897 ab
2855 1857 2921 1896 eo
2964 1841 3175 1895 alienus
3222 1849 3325 1907 est,
3363 1841 3455 1910 qui
3522 1852 3621 1892 nec

367 1924 787 1977 consolabuntur
844 1922 1067 1995 (Matth.
1112 1940 1154 1990 t,
1187 1924 1266 1980 5).
1315 1923 1420 1989 Qui
1498 1926 1700 1996 lugent,
1747 1926 1943 1996 inquit,

370 2016 481 2069 hoc
539 2025 821 2084 tempore,
885 2016 984 2084 ipsi
1036 2023 1378 2083 postmodum
1441 2018 1867 2072 consolabuntur
1914 2034 1945 2073 a

370 2107 617 2162 Christo.
654 2105 977 2161 Ridentibus
1028 2123 1156 2162 vero
1214 2110 1464 2163 dicitur:
1507 2107 1595 2163 Va:
1652 2110 1797 2162 vobis
1856 2110 1946 2179 qui

366 2197 552 2251 ridetis
575 2213 735 2261 nunc,
774 2199 900 2268 quia
934 2198 1177 2268 lugebitis
1207 2198 1359 2267 (an.
1394 2214 1463 2266 rt,
1494 2200 1606 2270 ‘25).

444 2288 555 2343 Vll.
590 2288 699 2341 Sed
730 2305 800 2343 ne
822 2292 945 2357 quis
970 2298 1123 2359 putet
1153 2292 1298 2359 quod
1337 2290 1601 2344 Dominus
1622 2290 1949 2360 generaliter

366 2384 626 2436 omnibus
667 2382 970 2435 ridentibus
1016 2385 1401 2448 committetur,
1435 2398 1557 2435 cum
1624 2382 1754 2437 alibi
1805 2384 1950 2436 dicat

371 2475 651 2541 Scriptura
677 2488 691 2526 :
732 2470 826 2526 Vir
854 2484 1030 2528 autem
1059 2476 1264 2543 sapiens
1295 2476 1487 2529 tacitus
1537 2475 1726 2530 ridebit
1756 2473 1944 2547 (Eccli.

370 2581 485 2628 nt,
517 2564 631 2635 ‘25).
672 2565 769 2620 Est
799 2581 929 2633 ergo
960 2568 1078 2621 sine
1106 2569 1339 2621 crimine
1364 2569 1506 2621 risus
1534 2577 1588 2622 et
1614 2578 1699 2623 est
1724 2571 1866 2622 risus
1892 2568 1946 2622 in

371 2659 622 2714 crimine.
665 2660 942 2727 Sapientis
976 2662 1139 2722 risus,
1165 2661 1295 2713 nihil
1321 2661 1372 2712 in
1420 2675 1479 2714 se
1501 2661 1744 2714 criminis
1767 2661 1947 2714 habet.

373 2751 466 2805 Ille
496 2767 625 2806 vero
662 2750 915 2820 indignus
957 2760 1062 2817 est,
1095 2753 1189 2820 qui
1246 2746 1491 2817 sanctos,
1548 2761 1604 2807 et
1638 2767 1733 2807 eos
1763 2755 1853 2822 qui
1890 2766 1949 2807 se

374 2844 486 2900 Deo
517 2845 795 2907 exhibent,
835 2843 1025 2898 irridet
1057 2861 1071 2898 :
1103 2842 1172 2898 de
1207 2860 1313 2913 quo
1348 2846 1548 2898 dictum
1598 2847 1718 2899 esse
1772 2853 1946 2914 puto;

376 2932 481 2998 Qui
531 2932 719 2986 irridet
770 2932 999 3004 inopem,
1032 2933 1104 2986 ad
1159 2934 1491 2987 iracundiam
1538 2942 1785 3002 provocat
1830 2949 1948 2988 eum

374 3027 464 3095 qui
496 3026 622 3096 fecit
650 3025 826 3080 illum.
861 3024 963 3079 Sed
995 3029 1119 3096 quis
1153 3034 1233 3079 est
1255 3029 1356 3080 iste
1399 3026 1577 3096 inops,
1619 3028 1774 3094 cujus
1815 3027 1949 3083 sub-

2049 1939 2411 1994 detractiones
2441 1936 2636 1991 saltem
2686 1934 2959 1989 sustinere
3001 1942 3298 1987 contentus
3337 1942 3443 1987 est.
3486 1928 3621 1983 Nam

2048 2030 2324 2101 quomodo
2358 2043 2485 2083 eum
2514 2041 2700 2082 amare
2723 2025 2978 2091 dicimus,
3004 2025 3049 2079 si
3080 2039 3180 2094 pro
3214 2038 3281 2078 eo
3321 2023 3458 2077 nihil
3496 2037 3621 2077 sus-

2049 2126 2221 2178 tinere
2255 2122 2427 2190 parati
2461 2117 2697 2175 sumus!

2115 2214 2186 2269 X.
2213 2215 2367 2280 Quod
2401 2214 2446 2268 si
2495 2214 2553 2267 in
2607 2210 2765 2266 nobis
2790 2218 2876 2265 est
2927 2208 3101 2278 ipsius
3162 2220 3291 2260 vera
3352 2203 3603 2267 dilectio,

2049 2320 2409 2377 quaecumque
2466 2318 2566 2375 pro
2626 2303 2747 2372 ejus
2792 2299 3035 2363 nomine,
3090 2297 3346 2367 quamvis
3406 2296 3619 2366 gravia,

2050 2399 2388 2466 irrogentur,
2442 2397 2636 2463 exigua
2688 2404 2998 2456 censemus,
3029 2398 3085 2443 et
3130 2388 3366 2443 dicimus
3397 2400 3413 2442 :
3444 2384 3620 2439 Parva

2049 2498 2178 2545 sunt
2208 2489 2313 2543 ista
2337 2501 2458 2556 quae
2482 2484 2721 2554 patimur
2757 2497 2773 2536 :
2808 2480 3014 2549 majora
3054 2478 3143 2534 ille
3171 2493 3268 2548 pro
3289 2479 3399 2533 vita
3432 2488 3619 2531 nostra

2050 2578 2293 2650 pertulit.
2318 2574 2653 2634 Nihilnnbis
2684 2574 2906 2643 dignum
2939 2585 3041 2642 pro
3064 2571 3183 2640 ejus
3212 2569 3429 2624 nomine
3479 2568 3621 2621 irro-

2050 2682 2227 2740 gatur.
2262 2669 2416 2736 Quod
2443 2670 2488 2723 si
2542 2665 2830 2722 sententiae
2877 2665 3050 2733 ipsius
3087 2677 3357 2717 memores
3400 2675 3614 2727 sumus,

2053 2763 2436 2832 intelligemus.
2470 2760 2565 2814 Ait
2607 2759 2803 2815 enim:
2844 2756 2969 2811 Non
3020 2766 3096 2811 est
3141 2755 3432 2826 discipulus
3465 2771 3623 2824 super

2052 2856 2389 2925 magistrum,
2460 2868 2552 2906 nec
2589 2868 2770 2906 seruus
2804 2866 2959 2919 super
2984 2850 3249 2921 dominum
3279 2864 3437 2903 suum
3465 2846 3620 2915 κιαι.

2054 2962 2125 3011 vt,
2184 2946 2299 3015 40).
2346 2944 2406 2997 Si
2437 2941 2886 3011 patremfamilias
2941 2939 3227 2994 Beelzebub
3283 2950 3620 3005 vocaverunt,

2050 3044 2246 3109 quanto
2277 3036 2446 3105 magis
2479 3034 2789 3088 domesticos
2814 3031 2928 3100 ejus
2952 3029 3173 3100 (Matth.
3205 3046 3259 3096 ι,
3285 3029 3400 3098 25).
3430 3030 3496 3083 Et
3521 3044 3624 3084 nos

373 3120 720 3173 sannationis
767 3135 927 3173 causa
968 3117 1229 3173 Dominus
1286 3129 1610 3190 provocatur
1632 3122 1700 3175 ad
1767 3120 1902 3173 iram
1932 3134 1947 3173 :
1975 3182 2021 3207 ﬂ
2053 3143 2183 3198 ειεο
2231 3126 2275 3181 εἰ
2312 3126 2588 3195 discipuli,
2619 3123 2666 3178 εὶ
2715 3123 2998 3178 domestici
3033 3122 3239 3177 Christi
3274 3136 3487 3184 δυηιιιε,
3520 3121 3620 3176 de-

373 3213 475 3265 nisi
512 3212 604 3264 ille
623 3212 717 3283 qui
739 3211 1008 3266 humanas
1038 3221 1399 3282 tert'euasque
1423 3226 1555 3281 opes
1585 3212 1792 3266 idcirco
1816 3225 1949 3265 (2011-
1974 3193 2022 3249 c
2053 3193 2246 3276 beluus
2272 3193 2583 3289 opprobria,
2613 3216 3094 3286 detractionesquc
3117 3215 3397 3284 amplecti,
3426 3224 3482 3268 υι
3503 3229 3622 3270 sus.
3681 3246 3689 3256 .

372 3303 683 3372 tempsit,ut
710 3304 788 3355 illi
818 3303 1056 3373 placeret
1098 3318 1322 3372 pauper,
1353 3304 1438 3357 cui
1481 3302 1697 3356 difﬁcile
1725 3302 1951 3371 opulens

374 3392 591 3460 placere
620 3392 887 3460 potuisset
910 3390 935 3443 ?
962 3390 1155 3446 Merito
1189 3393 1293 3446 illis
1351 3393 1608 3447 irascitur
1664 3391 1948 3455 Dominus,

371 3496 466 3548 qut
503 3488 725 3549 promer
751 3496 811 3534 se
840 3496 1132 3550 pauperem
1179 3482 1380 3536 factum
1426 3481 1656 3536 irridere
1680 3496 1787 3537 non
1840 3496 1951 3535 me-

374 3582 559 3625 tuunt.
604 3572 911 3625 lrridebant
942 3575 1087 3627 enim
1140 3572 1344 3627 Scriba:
1378 3583 1431 3626 et
1485 3573 1743 3627 Pharisaei
1796 3572 1953 3628 Chri-

374 3676 543 3727 sum,
577 3665 700 3730 quia
760 3665 978 3717 divitias
1038 3672 1479 3732 contempserat:
1519 3663 1947 3734 sicutscriptum

372 3765 459 3810 est
489 3773 505 3808 :
532 3754 656 3808 Hec
682 3757 950 3809 audientes
1004 3752 1200 3809 Scriba:
1243 3767 1293 3807 et
1346 3755 1630 3823 Pharisaei,
1658 3758 1751 3828 qui
1798 3767 1949 3811 erant

375 3850 553 3910 arari,
604 3849 890 3901 irridebant
928 3863 1044 3901 eum
1089 3847 1242 3918 (Luc.
1274 3864 1388 3914 xvt,
1422 3850 1533 3920 14).
1565 3850 1842 3905 Habemus
1895 3857 1951 3904 et

378 3956 482 3995 nos
515 3940 757 4004 Scribas,
792 3940 1055 3994 habemus
1087 3942 1253 3995 etiam
1307 3941 1633 4004 Pharisaaus,
1661 3943 1754 4012 qui
1808 3955 1951 3995 nunc

373 4031 676 4098 discipulos
724 4028 931 4086 Christi
999 4042 1320 4100 Spernentes
1372 4034 1611 4098 divitias,
1672 4034 1947 4103 irrident:

370 4124 520 4176 sicut
554 4120 629 4174 illi
665 4121 886 4175 irrisere
907 4118 1195 4175 Dominum
1224 4135 1288 4175 ac
1323 4123 1667 4189 magistrum.

452 4210 580 4265 Vili.
618 4210 724 4265 Sed
751 4214 1041 4266 dicendum
1089 4224 1174 4265 est
1220 4213 1323 4278 eis,
1347 4216 1490 4281 quod
1520 4225 1647 4268 tunc
1693 4214 1950 4284 temporis

370 4304 579 4356 dictum
607 4313 686 4355 est
717 4304 821 4356 illis
855 4319 869 4356 :
918 4302 1016 4356 i’os
1035 4305 1157 4357 estis
1181 4304 1271 4373 qui
1284 4305 1601 4374 justiﬁcatis
1656 4322 1741 4360 vos
1767 4320 1951 4360 coram

370 4396 688 4448 horninibus.
721 4394 881 4459 Quod
905 4398 1042 4449 enim
1084 4397 1379 4451 hominibus
1424 4398 1592 4452 altum
1622 4409 1720 4467 est,
1743 4398 1950 4453 abomi-

371 4489 525 4541 natio
576 4496 654 4541 est
704 4491 844 4554 apud
907 4487 1074 4541 Deum
1129 4487 1323 4557 (lbid.,
1356 4490 1469 4561 l5).

372 4594 507 4649 ergo
536 4594 637 4633 nos
663 4582 1024 4649 quorumdam
1044 4586 1159 4636 risu
1182 4582 1267 4637 vel
1289 4583 1712 4639 subsannatione
1730 4585 1948 4651 terreri,

371 4688 500 4726 cum
528 4673 694 4726 etiam
730 4674 909 4741 ipsum
968 4672 1258 4727 Dominum
1285 4691 1313 4727 a
1361 4674 1561 4729 talibus
1590 4691 1696 4730 non
1733 4677 1950 4747 ignore-

374 4778 501 4817 ntus
529 4766 750 4817 irrisum
777 4777 797 4820 ζ
829 4765 923 4819 sed
961 4767 1239 4819 exsultare
1271 4767 1454 4835 potius
1486 4777 1541 4820 et
1587 4766 1826 4835 gaudere
1856 4769 1951 4823 de-

372 4858 593 4920 bemus,
627 4858 673 4910 si
700 4867 751 4910 et
780 4872 880 4912 nos
908 4858 996 4911 illa
1046 4859 1230 4913 omnia
1276 4876 1399 4928 qua:
1442 4860 1705 4915 Dominus
1763 4871 1952 4915 noster

368 4956 504 5001 ante
536 4948 776 5015 pertulit,
806 4948 1163 5017 perferamus,
1198 4951 1465 5020 recepturi
1513 4954 1677 5005 etiam
1706 4968 1804 5021 pro
1835 4953 1950 5020 ipsa

370 5039 807 5092 subsauuatione
839 5039 1321 5104 mercedem.Qnia
1341 5038 1476 5093 nihil
1505 5048 1588 5094 est
1615 5042 1758 5108 quod
1791 5040 1950 5093 nobis

370 5144 478 5198 pro
527 5127 734 5183 Christi
777 5132 1001 5186 nomine
1043 5134 1162 5187 sine
1202 5134 1425 5200 praemio
1477 5131 1766 5201 irrogetur.
1818 5130 1951 5186 Vide

366 5235 508 5287 ergo
537 5236 697 5289 quant
720 5223 867 5276 beati
904 5223 1014 5276 sint
1072 5232 1238 5291 atque
1298 5223 1507 5287 felices,
1543 5224 1741 5292 quibus
1783 5223 1947 5278 etiam

369 5314 751 5377 insipientium
804 5315 955 5369 risus
999 5317 1211 5384 proiicit
1266 5317 1331 5369 ad
1383 5317 1632 5371 salutem.
1667 5316 1744 5370 ita
1798 5317 1999 5395 enim,

368 5404 645 5459 DOuiinus
667 5406 957 5474 diligentes
985 5421 1047 5461 se
1068 5408 1265 5478 diligit,
1303 5409 1375 5462 ita
1396 5422 1455 5462 se
1487 5409 1742 5462 timentes
1775 5411 1947 5463 hono-

362 5508 462 5551 rat
491 5512 509 5553 ;
542 5508 601 5551 ut
631 5513 733 5552 nec
764 5499 982 5555 irrideri
1013 5514 1105 5553 eos
1156 5504 1395 5571 gratuito
1437 5512 1600 5571 sinat,
1631 5502 1831 5573 quibus
1890 5509 1949 5556 et

364 5601 473 5658 pro
508 5589 935 5645 subsannatione
964 5590 1217 5646 retribuit
1246 5595 1529 5649 ultionem.

444 5676 538 5733 lx.
566 5681 692 5735 llaec
713 5680 877 5752 igitur
895 5691 971 5749 tu,
1000 5687 1217 5754 sapiens
1237 5696 1533 5756 sanctaque
1556 5688 1764 5754 anima,
1793 5688 1938 5753 vide,

362 5783 445 5825 ne
473 5770 841 5841 insipientium
872 5783 925 5829 et
956 5777 1257 5833 infidelium
1277 5778 1472 5835 fabulis
1498 5781 1793 5837 terrearis:
1826 5797 1934 5852 quo

2054 3314 2226 3367 tinere
2280 3310 2513 3364 libenter
2550 3325 2564 3362 :
2599 3317 2654 3363 et
2685 3321 2842 3378 aequo
2877 3309 3059 3359 animo
3092 3322 3157 3360 ea
3214 3305 3398 3360 omnia
3450 3305 3618 3372 ferre,

2052 3419 2170 3473 quae
2189 3418 2288 3473 pro
2312 3402 2470 3456 nobis
2495 3400 2757 3471 magister
2780 3413 2834 3454 et
2861 3399 3124 3453 Dotninus
3152 3398 3373 3468 pertulit
3406 3407 3618 3451 noster.

2122 3493 2216 3549 XI.
2240 3491 2345 3559 Qui
2382 3509 2509 3547 vero
2555 3492 2670 3546 haec
2697 3493 2969 3546 sustinere
3003 3507 3110 3545 non
3145 3489 3278 3557 vnit,
3310 3504 3409 3544 nec
3452 3489 3620 3544 disci-

2054 3586 2238 3656 pulum
2295 3584 2414 3653 ejus
2452 3600 2511 3638 se
2561 3583 2848 3652 depromat
2904 3599 3048 3644 esse,
3092 3596 3194 3637 nec
3243 3597 3485 3647 servum,
3522 3596 3623 3635 nec

2052 3677 2242 3740 lilium,
2272 3690 2370 3729 nec
2402 3676 2785 3730 domesticum.
2822 3674 2915 3729 lile
2939 3675 3081 3728 ettitn
3109 3675 3393 3738 innocens,
3422 3674 3619 3728 imma-

2054 3771 2286 3834 culatus,
2319 3769 2579 3830 intactus,
2620 3768 2674 3819 in
2706 3781 2814 3835 quo
2850 3765 3000 3818 nulla
3039 3769 3219 3834 potuit
3254 3767 3467 3835 peccati
3500 3780 3620 3818 tnu-

2052 3862 2171 3915 cula
2204 3859 2433 3929 reperiri
2464 3877 2478 3914 :
2511 3858 2579 3912 de
2611 3873 2739 3926 quo.
2770 3854 3045 3923 Propheta
3107 3860 3428 3924 praedixerat
3465 3871 3481 3911 ε
3516 3842 3637 3919 Qui

2050 3964 2322 4022 peccatum
2345 3967 2447 4005 non
2469 3950 2618 4020 fecit,
2646 3965 2739 4002 nec
2763 3948 2916 4000 dolus
2936 3948 3172 4000 inuentus
3193 3955 3269 3999 est
3311 3947 3367 3997 in
3394 3961 3483 3999 ore
3503 3947 3623 4015 ejus

2061 4043 2199 4115 (ira.
2234 4058 2351 4106 uti,
2379 4042 2448 4110 9;
2478 4039 2507 4094 Ι
2528 4040 2674 4095 Petr.
2698 4054 2757 4104 tt,
2792 4037 2906 4107 22),
2947 4052 3043 4106 pro
3069 4036 3229 4091 nobis
3259 4036 3539 4106 sacrilegis
3565 4048 3625 4090 et

2052 4132 2432 4206 peccatoribus
2462 4143 2516 4187 et
2549 4142 2755 4186 aterno
2804 4129 3072 4198 supplicio
3109 4129 3457 4196 mancipatis,
3495 4139 3619 4181 tan-

2052 4244 2213 4298 quam
2241 4224 2618 4280 atrecissimus
2660 4238 2785 4278 reus
2816 4225 2883 4276 ab
2910 4220 3111 4291 iniquis
3139 4221 3348 4291 judicio
3379 4223 3616 4283 sistitur,

2054 4319 2285 4391 ﬂagellis
2321 4319 2574 4383 caaditur,
2630 4314 3039 4383 sputaminibus
3095 4314 3395 4380 irridetur;
3436 4321 3492 4366 et
3522 4330 3619 4366 nos

2055 4420 2276 4482 pr0pter
2303 4424 2425 4463 eum
2456 4406 2844 4463 confundimur
2885 4409 3229 4469 erubescere,
3262 4405 3354 4474 qui
3393 4416 3616 4474 propter

1560 4490 1677 4545 Νοη
1734 4502 1952 4560 oportet
1979 4511 2030 4572 Ι)
2057 4517 2156 4557 nos
2189 4511 2340 4556 tanta
2371 4513 2664 4569 perpessus
2692 4508 2794 4556 est.
2818 4496 2913 4553 ille
2937 4499 3081 4553 enim
3111 4513 3209 4568 pro
3235 4499 3409 4552 salute
3434 4510 3617 4553 nostra

2054 4595 2276 4649 dorsum
2312 4592 2656 4657 verberibus,
2690 4591 3093 4660 sputaminihus
3122 4590 3337 4653 faciem,
3372 4590 3620 4644 maxillas

2052 4683 2251 4753 palmis
2291 4697 2404 4736 non
2464 4680 2819 4735 confunditur
2858 4694 3091 4749 parare;
3151 4690 3208 4734 et
3254 4696 3353 4734 nos
3406 4696 3504 4748 pro
3554 4696 3621 4734 eo

2048 4775 2167 4830 leve
2191 4776 2355 4829 etiam
2386 4774 2771 4829 confundimur
2786 4774 2975 4827 audire
3000 4773 3347 4828 convicium?
3374 4771 3626 4827 Gaudea-

2052 4881 2175 4923 mus
2191 4869 2389 4937 potius,
2410 4876 2466 4921 et
2482 4866 2739 4930 laetemur,
2761 4865 2808 4919 si
2830 4878 2930 4934 pro
2948 4874 3055 4919 tam
3083 4871 3291 4934 magnis
3313 4867 3430 4935 ejus
3448 4876 3501 4920 et
3522 4882 3623 4934 pro

2050 4970 2235 5013 nostra
2273 4959 2447 5013 salute
2494 4956 2843 5025 passionibus
2891 4956 2976 5010 vel
3017 4972 3183 5026 parva
3220 4971 3617 5013 susuneamus.

2123 5049 2237 5105 ΧΠ.
2266 5049 2532 5105 Caeterum
2565 5062 2686 5118 qua:
2706 5063 2831 5118 spes
2860 5048 3021 5104 nobis
3047 5058 3150 5116 est,
3185 5050 3230 5104 si
3265 5054 3336 5103 ob
3369 5065 3490 5103 eum
3519 5066 3619 5101 au-

2052 5142 2171 5199 dire
2206 5138 2627 5211 blasphemiam,
2652 5148 2750 5194 aut
2784 5142 3058 5195 sustinere
3087 5140 3491 5205 confundimur,
3521 5140 3620 5210 qui

2052 5233 2222 5289 nostri
2283 5246 2448 5287 causa
2500 5232 2568 5285 de
2625 5231 2779 5287 caelis
2823 5232 3105 5287 descendit
3148 5233 3215 5286 ad
3251 5244 3442 5299 terras,
3473 5245 3525 5286 et
3562 5243 3621 5285 ut

2052 5341 2153 5380 nos
2182 5327 2468 5389 cxaitaret,
2527 5326 2831 5380 humiliavit
2878 5324 2978 5382 se?
3017 5324 3084 5380 Et
3131 5341 3252 5379 cum
3291 5327 3651 5380 immortalis.

2049 5428 2219 5481 esset,
2250 5416 2387 5473 mori
2413 5428 2703 5474 contentus
2727 5429 2833 5485 est,
2869 5428 2928 5471 ut
2954 5412 3054 5474 nos
3092 5417 3162 5471 ab
3187 5426 3390 5472 aeterno
3422 5418 3617 5474 mortis

2049 5508 2243 5576 laqueo
2276 5508 2555 5563 liberaret.
2586 5508 2896 5564 Coronatus
2926 5518 3011 5562 est
3053 5507 3251 5578 spinis.
3281 5517 3339 5563 ut
3373 5523 3475 5564 nos
3520 5509 3617 5578 qui

2047 5611 2173 5654 ante
2202 5601 2378 5671 spinei
2404 5611 2458 5655 et
2485 5600 2804 5657 infructuosi
2827 5610 3177 5667 steteramus,
3209 5601 3443 5657 fructum
3468 5601 3623 5657 bona:

2047 5691 2258 5748 arboris
2291 5703 2718 5762 apportaremus.
2772 5690 2921 5748 Felle
2964 5702 3021 5748 et
3064 5702 3218 5749 aceto
3247 5705 3466 5766 potatus
3512 5704 3621 5760 est,

2049 5792 2105 5838 ut
2156 5784 2211 5838 in
2261 5783 2418 5839 nobis
2446 5783 2560 5856 jam
2601 5798 2699 5841 nec
2752 5782 2892 5844 i‘eliis
2953 5786 3279 5857 amaritudo,
3320 5801 3418 5845 nec
3476 5786 3622 5845 aceti
