4004 6192
355 381 471 446 29's

1303 373 1367 436 S.
1406 370 1857 433 HIERONYMI
1903 369 2228 431 OPERUM
2270 367 2684 429 MANTISSA.

3505 364 3613 437 296

344 505 488 552 esset
516 490 808 563 asperitas.
845 487 1014 543 Filius
1058 486 1295 542 hominis
1344 483 1525 541 factus
1575 494 1680 551 est,
1730 494 1790 539 ut
1826 481 1925 541 nos
1953 495 2002 552 Α
2033 499 2149 539 rum
2180 483 2799 546 laudibusdelectemur,
2821 482 2912 552 qui
2935 494 3040 537 non
3058 480 3198 537 alios
3214 496 3376 549 quam
3402 481 3505 536 sibi
3530 482 3610 535 si-

344 585 482 640 filios
517 583 608 639 Dei
641 580 865 636 faceret.
899 578 1034 634 Vide
1066 592 1197 646 ergo
1247 577 1292 631 si
1345 591 1443 645 pro
1494 576 1603 631 isto
1658 575 1920 632 confundi

343 677 605 733 debemus
639 672 841 741 aliquid
871 670 1161 726 sustinere.
1187 666 1325 723 Vere
1363 668 1452 722 illa
1478 677 1563 723 est
1583 668 1766 722 anima
1789 668 1914 723 felix

342 778 397 823 et
415 766 619 837 angelis
638 762 920 833 aequanda,
950 777 1070 830 quae
1096 776 1192 830 pro
1217 762 1438 815 nomine
1458 768 1513 814 et
1533 774 1702 828 opere
1721 746 1930 818 Christi.

343 868 495 911 tanta
513 863 712 927 quanta
742 868 841 925 pro
858 854 1018 910 nobis
1037 852 1127 908 ille
1160 852 1442 918 sustinuit,
1478 852 1711 907 voluerit
1753 854 1922 908 susui-

342 964 492 1005 nere.

412 1040 558 1097 Xlll.
618 1039 887 1095 Craterum
939 1038 1143 1108 grande
1200 1036 1503 1107 periculum
1558 1034 1918 1102 estiustitia,

341 1131 459 1199 eius
488 1133 817 1188 erubescere
846 1131 1096 1199 exemplo
1126 1129 1328 1192 vivere,
1366 1128 1461 1197 qui
1492 1137 1734 1181 nostram
1772 1126 1924 1196 iniu-

343 1224 550 1279 stitiam
583 1239 688 1278 non
721 1224 939 1278 erubuit
963 1223 1256 1277 sustinere.
1307 1219 1509 1274 Deinde
1539 1219 1585 1273 si
1613 1233 1768 1288 sequo
1805 1218 1926 1272 ani-

340 1330 430 1370 mo
467 1330 757 1385 pensamus
810 1314 859 1368 id
888 1315 1094 1381 ipsum,
1162 1327 1271 1382 quo
1302 1312 1464 1367 nobis
1492 1309 1615 1380 quis
1633 1309 1924 1364 detrahere

342 1406 556 1461 videtur
591 1406 818 1474 injuste,
847 1405 1066 1460 laudari
1102 1420 1200 1459 nos
1233 1419 1440 1473 potius,
1476 1418 1643 1471 quam
1673 1401 1920 1456 accusari

340 1500 661 1569 probamur.
709 1496 844 1551 Nam
879 1496 1011 1566 quid
1074 1496 1219 1551 aliud
1256 1495 1490 1560 faciunt,
1544 1509 1670 1548 cum
1700 1509 1827 1549 vera
1858 1494 1926 1550 de

340 1590 548 1645 sanctis
579 1588 797 1656 dicunt,
830 1587 933 1642 nisi
962 1595 1021 1641 ut
1048 1600 1111 1642 ea
1143 1586 1332 1642 dicant
1358 1598 1479 1655 quae
1500 1584 1755 1647 facimus,
1785 1583 1929 1655 jeju-

340 1698 465 1746 nos,
520 1680 885 1747 abstinentes,
944 1678 1208 1734 sobrios:
1263 1679 1358 1748 qui
1408 1679 1523 1746 iam
1562 1676 1775 1732 deliciis
1810 1692 1921 1731 non

340 1774 679 1829 delectamur
725 1780 781 1826 et
833 1772 1031 1841 epulis,
1089 1771 1182 1839 qui
1218 1769 1442 1826 divitias
1496 1770 1838 1840 spernimus,
1870 1781 1927 1824 et

2031 575 2189 630 miles
2208 575 2455 630 laudant.
2474 574 2586 629 Nos
2612 573 2791 643 potius
2819 573 3043 629 laudent
3074 574 3370 642 prophetae,
3395 582 3451 629 et
3477 587 3613 644 apo-

2031 668 2179 733 stoli,
2210 667 2392 722 laudet
2434 668 2489 721 in
2526 665 2821 735 Evangelia
2856 681 2955 722 suo
2993 666 3269 720 Christus.
3320 663 3476 720 Tunc
3504 667 3615 721 eri-

2032 775 2155 815 mus
2177 775 2303 816 vere
2326 759 2537 822 felices,
2564 760 2610 815 si
2635 775 2663 814 a
2686 759 2887 815 talibus
2914 760 3126 813 laudari
3154 761 3300 830 digni
3325 759 3614 815 fuerimus.

2031 851 2290 908 Omnium
2333 855 2478 908 enim
2526 853 2721 907 horum
2751 865 2886 907 voce
2933 850 3324 908 laudabimur:
3365 852 3411 906 si
3465 866 3617 921 quae-

2030 956 2266 1014 cumque
2297 944 2558 1000 Dominus
2587 957 2686 1013 per
2745 943 3028 1011 apostolos
3088 944 3174 999 vel
3207 944 3501 1014 prophetas
3538 944 3617 998 vi-

2033 1036 2201 1092 detur
2228 1037 2577 1106 praecepisse,
2618 1036 3046 1091 servaverimus.

2105 1127 2251 1183 XVI.
2281 1126 2452 1184 Nobis
2488 1127 2657 1198 igitur
2683 1126 3106 1183 detrahentibus
3142 1127 3360 1181 cunctis
3395 1128 3622 1184 etvitu-

2037 1220 2359 1289 parantibus
2389 1220 2687 1283 universis,
2711 1219 2886 1275 simus
2902 1219 3107 1291 sobrii,
3135 1219 3332 1285 sancti,
3363 1219 3617 1286 humiles,

2034 1317 2091 1360 et
2124 1306 2330 1375 pudici,
2357 1316 2413 1362 et
2444 1307 2612 1362 Deum
2647 1321 2865 1378 semper
2912 1308 3060 1362 fideli
3093 1311 3258 1363 corde
3283 1323 3616 1378 precemur;

2035 1413 2093 1461 ut
2119 1404 2236 1476 ipse
2262 1421 2476 1475 semper
2507 1407 2562 1461 in
2594 1415 2781 1460 nostra
2825 1418 3007 1462 mente
3042 1407 3136 1470 sit,
3168 1415 3223 1461 et
3254 1408 3343 1460 lex
3367 1406 3486 1477 eius
3511 1420 3615 1460 nn-

2037 1509 2155 1555 stro
2183 1512 2404 1567 semper
2428 1498 2485 1552 in
2517 1508 2758 1567 pectore,
2794 1506 2853 1551 ut
2890 1498 3165 1568 possimus
3201 1499 3520 1567 prophetica
3548 1497 3621 1552 lo-

2036 1593 2127 1661 qui
2153 1606 2281 1647 voce
2312 1607 2328 1648 :
2355 1591 2465 1645 Pro
2482 1608 2542 1646 eo
2570 1602 2629 1644 ut
2649 1608 2726 1645 me
2745 1592 3042 1660 diligerent,
3070 1589 3419 1645 detrahebant
3444 1590 3572 1642 mihi
3597 1601 3617 1642 :

2033 1701 2128 1755 ego
2157 1695 2330 1738 autem
2364 1685 2583 1738 orabam
2618 1697 2717 1752 pro
2747 1684 2826 1738 eis
2853 1682 3024 1752 (Psal.
3054 1698 3206 1747 cvm,
3236 1681 3317 1753 4).
3352 1682 3417 1735 Et
3438 1682 3566 1737 alibi
3601 1698 3618 1737 :

2040 1776 2338 1832 Hurniliavi
2389 1778 2443 1830 in
2482 1775 2689 1845 jejunio
2733 1777 2970 1829 animam
3011 1791 3203 1840 meant,
3228 1783 3277 1828 et
3303 1774 3501 1841 factum
3542 1782 3620 1827 est

339 1866 596 1935 pretiosis
632 1879 742 1920 non
772 1864 1073 1935 gloriamur
1097 1866 1150 1918 in
1181 1863 1424 1919 vestibus
1455 1879 1470 1928 ;
1507 1863 1599 1934 qui
1630 1863 1752 1918 auri
1778 1864 1933 1932 cupi-
1961 1837 2005 1894 Β
2036 1868 2165 1921 mihi
2215 1867 2266 1922 in
2303 1867 2662 1936 opprobrium.
2710 1866 2782 1921 Et
2821 1866 2976 1938 posui
3026 1869 3393 1921 uestimentum
3443 1881 3617 1919 meum

340 1959 513 2014 ditate
572 1958 798 2011 minime
849 1956 1216 2026 captivamur,
1271 1957 1367 2025 qui
1409 1970 1517 2011 non
1576 1955 1931 2025 adipiscimur
2033 1960 2290 2024 cilicium,
2333 1970 2382 2014 et
2409 1960 2582 2028 factus
2641 1976 2760 2014 sum
2815 1960 2927 2013 illis
2970 1959 3026 2012 in
3073 1957 3386 2029 parabolam
3442 1956 3616 2027 (Psal.

339 2057 652 2117 argentum,
684 2054 740 2099 et
769 2059 1125 2115 Quaecumque
1176 2046 1415 2100 humana
1450 2044 1665 2099 vanitas
1716 2042 1935 2099 Videtur
2035 2065 2222 2114 xxxrv,
2252 2050 2364 2120 l5).
2403 2048 2469 2103 Et
2498 2049 2697 2104 iterum
2736 2064 2751 2105 :
2785 2047 2969 2103 Genua
3018 2064 3135 2101 mea
3183 2047 3457 2115 inﬁrmata
3493 2056 3618 2100 sunt

342 2141 654 2209 complecti,
705 2138 1134 2195 contemnimus.
1191 2135 1386 2191 Nullus
1440 2136 1533 2191 hic
1593 2134 1931 2191 confusionis
2023 2140 2251 2210 jejunio,
2282 2151 2331 2196 et
2362 2142 2639 2210 inﬁrmata
2675 2150 2750 2194 est
2782 2157 2905 2194 caro
2937 2156 3050 2193 mea
3090 2149 3306 2210 propter
3332 2136 3618 2192 oleum.Et

339 2244 425 2291 est
464 2235 656 2300 'locus,
712 2235 898 2291 nullus
958 2232 1303 2288 verecundia:
1369 2231 1573 2286 aditus.
1615 2229 1694 2285 Illi
1758 2230 1931 2300 magis

339 2327 667 2383 erubescere
688 2326 892 2383 debent
919 2334 1082 2396 atque
1113 2324 1399 2388 confundi,
1426 2322 1520 2394 qui
1551 2337 1617 2381 ea
1650 2337 1771 2394 qua:
1797 2338 1931 2379 sau-

340 2421 446 2476 etis
492 2420 813 2490 displicent,
847 2418 1262 2488 concupiscunt.

414 2512 556 2569 XIV.
592 2510 937 2567 Erubescant
968 2510 1135 2581 igitur
1163 2509 1394 2574 ebriosi,
1420 2522 1671 2576 voraces,
1708 2507 1929 2577 iniusti,

344 2612 617 2674 raptores,
652 2601 911 2667 adulteri,
940 2609 996 2655 et
1019 2600 1355 2671 quicumque
1381 2604 1497 2659 suis
1531 2603 1841 2675 gloriantur
1874 2607 1928 2661 in

344 2696 530 2761 malis,
557 2707 697 2764 quos
750 2693 1012 2762 gehennae
1061 2691 1204 2763 ignis
1265 2703 1568 2764 esspectat,
1626 2704 1681 2752 et
1731 2698 1930 2767 quibus

346 2783 616 2854 supplicia
680 2792 1061 2853 praeparantur
1120 2792 1349 2837 aeterna.
1407 2785 1696 2844 Facientcs
1750 2800 1930 2846 autent

347 2875 563 2930 Domini
595 2874 954 2938 voluntatem,
989 2873 1248 2929 confundi
1299 2890 1403 2928 non
1439 2875 1638 2931 debent
1673 2896 1686 2933 :
1726 2878 1780 2933 in
1812 2872 1934 2950 qui-

346 2970 451 3024 bus
472 2968 623 3024 nulla
650 2965 998 3023 confusionis
1021 2975 1149 3021 sunt
1176 2980 1362 3036 opera.
1393 2963 1438 3022 Ο
1462 2982 1621 3036 quam
1650 2971 1930 3041 indignum

346 3071 433 3116 εει
463 3069 628 3131 atque
672 3070 1088 3130 praeposterum,
1124 3067 1182 3113 ut
1234 3058 1370 3129 justi
1407 3061 1817 3119 confundantur
1875 3065 1930 3119 in

2033 2249 2126 2303 ego
2164 2233 2338 2302 factus
2372 2251 2490 2288 sum
2532 2234 2587 2288 in
2636 2235 2973 2302 opprobrium
3023 2232 3131 2287 illis
3167 2247 3187 2286 :
3224 2234 3466 2286 viderunt
3512 2246 3616 2296 me,

2032 2335 2081 2380 et
2105 2338 2376 2380 moverunt
2409 2328 2589 2393 capita
2638 2344 2758 2380 sua.
2802 2326 3016 2396 Adjuva
3056 2341 3157 2391 me,
3200 2325 3423 2379 Domine
3472 2322 3617 2378 Deus

2031 2432 2177 2470 meus
2203 2414 2371 2483 (Psal.
2397 2430 2553 2484 cvm,
2574 2416 2646 2471 24
2669 2418 2860 2487 seqq.).
2888 2415 3054 2471 Vides
3086 2431 3218 2485 ergo
3260 2430 3452 2470 omnes
3482 2429 3617 2485 pro-

2032 2511 2227 2580 phetas
2243 2520 2297 2565 et
2313 2519 2531 2565 sanctos
2549 2519 2769 2579 propter
2789 2510 2894 2566 hoc
2911 2523 3131 2579 semper
3156 2508 3443 2562 hominum
3479 2508 3616 2563 sub-

2032 2603 2384 2658 sannationes
2416 2602 2823 2673 pertulisse,qni
2846 2601 2956 2657 Deo
2970 2601 3171 2656 vellent
3191 2599 3422 2655 tideliter
3438 2599 3621 2654 servi-

2032 2694 2257 2769 re.,Hoc
2271 2702 2325 2750 et
2341 2694 2634 2767 ApoStolus
2659 2694 2736 2749 ait
2760 2712 2776 2754 ;
2804 2692 3010 2749 Fidelis
3034 2710 3227 2755 sermo.
3253 2692 3310 2746 In
3337 2693 3440 2748 hoc
3467 2692 3623 2747 enim

2033 2781 2371 2856 laboramus,
2396 2801 2452 2846 et
2471 2788 2873 2855 maledicimur,
2899 2787 2992 2858 qui
3050 2801 3332 2856 speramus
3363 2787 3418 2842 in
3444 2784 3623 2843 Deum

2033 2883 2238 2948 vivum,
2269 2882 2359 2954 qui
2391 2891 2475 2938 est
2499 2882 2752 2937 Salvator
2780 2878 3048 2948 omnium,
3077 2879 3316 2934 maxime
3345 2877 3614 2934 fidelium.

2105 2975 2271 3031 XVII.
2303 2978 2444 3043 Quid
2496 2975 2694 3046 plura?
2730 2975 2857 3036 nisi,
2901 2982 2961 3028 ut
3004 2974 3315 3043 saepeiam
3356 2971 3621 3036 diximus,

2035 3085 2255 3126 cursum
2290 3085 2449 3139 quem
2483 3068 2538 3123 in
2580 3071 2779 3124 timore
2813 3067 2909 3123 Dei
2955 3069 3244 3139 ccepimus,
3278 3080 3627 3122 consumme-

348 3152 531 3219 bonis,
562 3161 616 3207 et
652 3160 971 3222 peccatores
1023 3150 1327 3221 glorientur
1376 3153 1431 3207 in
1468 3154 1666 3208 malis!
1737 3154 1933 3211 Videat
1957 3169 2008 3234 α
2047 3177 2188 3217 mus.
2219 3159 2404 3216 Simus
2439 3160 2676 3225 caeteris,
2728 3162 2782 3215 in
2817 3176 3006 3215 amore
3039 3160 3158 3221 Dei,
3192 3159 3405 3226 forma;
3436 3168 3624 3217 custo-

347 3259 481 3317 ergo
512 3244 698 3298 anima
732 3241 843 3298 Deo
871 3244 1088 3307 devota,
1114 3255 1184 3296 ne
1211 3241 1584 3308 insipientium
1621 3246 1765 3300 risus
1789 3262 1930 3315 eam,

347 3347 443 3392 aut
471 3336 765 3391 stultorum
789 3336 1074 3391 hominum
1110 3333 1442 3389 vanissitnus
1470 3348 1657 3389 sermo
1691 3337 1932 3391 confun-

350 3428 463 3496 dat,
498 3437 553 3482 et
581 3442 610 3480 a
632 3442 735 3482 suo
759 3427 1037 3496 proposito
1068 3425 1314 3481 retrahat
1349 3441 1365 3480 :
1402 3427 1455 3480 in
1486 3440 1595 3495 quo
1626 3427 1800 3497 magis
1832 3442 1932 3497 per

349 3521 467 3578 dies
492 3519 740 3591 singulos
770 3521 1048 3590 proficere
1077 3519 1241 3577 debet
1266 3523 1319 3574 in
1367 3519 1587 3577 melius.
1628 3519 1819 3577 Videat
1869 3536 1938 3578 ne

350 3613 473 3680 quis
505 3627 535 3666 a
566 3613 761 3668 timore
792 3611 997 3668 Christi
1032 3625 1092 3667 se
1152 3621 1399 3679 revocet,
1429 3626 1500 3668 ne
1549 3613 1674 3682 quis
1717 3613 1785 3668 ab
1820 3612 1938 3682 eius

350 3704 645 3760 dilectione
674 3718 735 3759 se
765 3694 1015 3768 divellat,
1051 3711 1275 3775 propter
1299 3718 1461 3774 quem
1508 3719 1726 3760 omnem
1756 3706 1936 3762 sa3culi

350 3798 579 3867 gloriam
614 3810 979 3868 pompamque
1010 3800 1367 3869 contempsit,
1396 3799 1485 3855 cui
1538 3799 1677 3854 nihil
1709 3799 1936 3869 dignum

351 3891 687 3959 pmttitentize
752 3889 1117 3962 comparavit,
1175 3905 1339 3960 quem
1412 3892 1734 3961 parentibus
1817 3892 1937 3960 lilii,

350 3996 511 4051 quem
543 3982 730 4039 liberis
753 3990 958 4053 patres,
984 3996 1152 4053 quem
1176 3982 1450 4055 coniugiis
1480 3984 1778 4054 praeferunt
1802 4000 1940 4040 cono

355 4084 618 4131 tmentes.

424 4165 539 4220 XV.
571 4166 793 4223 Crescat
823 4168 878 4222 in
904 4166 1066 4223 nobis
1088 4168 1342 4238 quotidie
1372 4182 1528 4224 amor
1556 4166 1787 4234 Christi,
1819 4184 1939 4224 cre-

353 4264 470 4311 scat
503 4256 659 4322 fides,
690 4258 819 4329 quia
864 4273 1062 4330 magna
1092 4275 1192 4314 nos
1223 4274 1321 4328 pro
1358 4259 1453 4314 Dei
1505 4275 1696 4315 amore
1728 4276 1938 4317 merces

352 4358 679 4419 exspectat:
716 4358 924 4406 tantum
971 4365 1041 4407 ne
1084 4352 1155 4407 ab
1197 4351 1318 4420 eius
1347 4352 1605 4423 multum,
1637 4354 1723 4409 vel
1771 4369 1939 4425 Opere

352 4442 523 4499 semel
555 4444 745 4499 devota
770 4460 925 4499 mens
950 4458 1009 4499 se
1040 4445 1304 4509 retrahat,
1335 4460 1403 4502 ne
1446 4445 1496 4501 ei
1523 4446 1741 4502 dicatur
1774 4465 1788 4503 :
1820 4447 1937 4503 Ha-

2039 3253 2251 3310 dientes
2278 3269 2345 3309 ne
2370 3254 2495 3323 quis
2526 3254 2579 3309 in
2610 3254 2770 3309 nobis
2805 3252 3012 3323 aliquid
3037 3253 3396 3309 scurrilitatis
3428 3267 3625 3323 repre-

2040 3346 2240 3401 hendat
2272 3355 2365 3401 aut
2390 3346 2677 3409 vanitatis,
2710 3347 2806 3402 sed
2832 3347 3008 3416 magis
3033 3347 3296 3417 quidquid
3330 3355 3415 3402 est
3442 3348 3623 3417 gravi-

2043 3439 2171 3492 tatis
2204 3450 2257 3493 et
2283 3438 2598 3506 modestiae;
2632 3437 2765 3508 quia
2789 3438 3088 3495 Christiani
3131 3441 3246 3493 vita
3277 3439 3535 3495 omnibus
3568 3441 3624 3497 in

2041 3530 2263 3611 speculo
2296 3531 2470 3601 posita
2500 3541 2607 3587 est.
2634 3532 2737 3598 Qui
2765 3534 2933 3587 etiam
2956 3533 3000 3588 si
3035 3533 3319 3603 quippiam
3350 3533 3627 3591 titubave-

2042 3626 2133 3691 rit,
2159 3622 2271 3691 iam
2301 3624 2570 3681 cecidisse
2595 3624 2860 3693 iactatur,
2883 3634 2941 3680 et
2962 3624 3197 3695 amplius
3225 3625 3390 3680 etiam
3426 3626 3629 3683 dicitur

2039 3731 2203 3785 quam
2228 3715 2466 3773 videtur.
2488 3714 2675 3771 Simus
2695 3731 2830 3786 ergo
2851 3717 3147 3786 sapientes,
3172 3731 3387 3785 graves,
3412 3718 3582 3787 quieti
3604 3736 3624 3788 ;

2042 3820 2324 3875 nunquam
2385 3805 2706 3874 vanitatem,
2768 3820 3052 3876 nunquam
3124 3822 3291 3877 opera
3340 3809 3624 3865 hominum

2042 3899 2223 3969 lingua
2258 3909 2447 3957 nostra
2478 3900 2759 3969 loquatur,
2804 3899 2901 3956 sed
2929 3900 3048 3957 sine
3107 3903 3512 3960 intermissione
3543 3907 3623 3961 le-

2040 4006 2160 4062 gem
2210 3993 2304 4048 Dei
2344 3994 2516 4049 nostri
2550 3994 2874 4048 meditetur.
2908 3990 3064 4050 Tunc
3111 3996 3155 4049 si
3189 3995 3314 4065 quis
3345 3998 3622 4054 exstiterit

2040 4100 2155 4141 sua:
2183 4086 2379 4142 salutis
2424 4087 2697 4149 iuitnicus,
2753 4088 2845 4157 qui
2875 4088 3175 4145 subsannet
3201 4097 3257 4143 et
3283 4088 3537 4145 detrahat
3564 4100 3623 4145 et

2041 4178 2332 4235 derideat:
2368 4179 2489 4234 hate
2521 4194 2631 4234 non
2663 4178 2842 4235 solum
2877 4196 2987 4236 non
3033 4190 3363 4248 metuamus,
3396 4182 3492 4238 sed
3520 4196 3623 4252 po-

2042 4270 2157 4326 tius
2189 4270 2550 4339 gaudeamus.

2111 4361 2305 4420 XVIII.
2363 4361 2431 4417 Et
2463 4362 2593 4419 hinc
2637 4376 2736 4418 nos
2771 4362 3121 4433 aliquatenus
3171 4365 3545 4433 consolentur,
3574 4369 3623 4425 sl

2041 4468 2351 4510 mereamur
2381 4456 2509 4512 odio
2546 4456 2727 4525 magis
2751 4456 2934 4512 saeculi
2969 4456 3178 4526 vivere,
3202 4474 3365 4528 quam
3393 4458 3623 4517 Christi.

352 4540 443 4591 beo
501 4538 780 4592 adversum
826 4544 875 4592 te
907 4552 1103 4605 pauca,
1152 4540 1292 4609 quod
1346 4538 1659 4594 cltarilatem
1700 4540 1931 4609 priorem
1964 4535 2010 4591 Ι)
2038 4546 2352 4603 Careamus
2376 4562 2597 4619 quoque
2624 4547 2908 4603 ambulare
2933 4549 3249 4605 indecenter
3276 4560 3331 4607 et
3357 4553 3627 4622 inquiete,

354 4630 610 4701 reliquisti
652 4629 844 4702 (Apoc.
875 4646 938 4697 tt,
974 4630 1054 4703 ὁ).
1114 4630 1272 4688 Unde
1302 4642 1512 4686 eertum
1548 4642 1654 4701 est,
1686 4634 1793 4691 non
1839 4634 1939 4691 ho—

357 4724 595 4777 minibus
639 4724 985 4792 placendum,
1041 4725 1135 4780 sed
1191 4724 1450 4790 Christo;
1488 4739 1589 4782 nec
1641 4726 1936 4783 humanam

352 4814 566 4871 laudem
601 4816 773 4886 quaeri
800 4816 1020 4880 debere,
1046 4818 1142 4871 sed
1166 4814 1429 4871 divinam.
1465 4816 1607 4883 Quid
1633 4817 1789 4874 nobis
1811 4832 1940 4888 pro-

352 4909 497 4975 dest,
534 4908 578 4964 si
613 4892 820 4964 illi'nos
867 4909 1114 4976 laudent,
1154 4910 1356 4980 quibus
1387 4910 1603 4980 placere
1656 4920 1937 4980 peccatum

354 5003 479 5056 est?
528 4999 741 5069 Quidve
776 5001 966 5068 obest,
1013 5003 1059 5057 si
1088 5002 1408 5073 vituperant
1441 5002 1519 5070 hi,
1554 5018 1791 5075 quorum
1829 5018 1939 5059 non

356 5095 478 5163 plus
533 5095 864 5166 vituperatio
933 5097 1185 5165 prodest,
1237 5109 1402 5166 quam
1449 5095 1606 5152 obest
1653 5095 1938 5154 laudatio?

354 5186 654 5242 Audiamus
716 5184 892 5255 magis
935 5185 1067 5256 quid
1115 5185 1210 5242 ille
1258 5199 1357 5243 vas
1414 5186 1703 5244 electionis
1750 5189 1942 5246 doctor

356 5280 601 5350 gentium
631 5279 800 5346 dicat,
848 5286 905 5335 et
935 5291 1045 5350 quo
1094 5292 1196 5335 nos
1230 5292 1301 5334 ne
1350 5278 1668 5335 hominibus
1721 5277 1942 5351 placere

356 5356 645 5435 vellemus,
674 5368 925 5426 hortetur
955 5369 1253 5441 exemplo:
1287 5366 1345 5424 Si
1379 5371 1703 5437 hominibus,
1739 5372 1941 5443 inquit,
2012 5374 2019 5379 ’

354 5463 561 5533 placere
590 5463 797 5530 vellem,
829 5462 1032 5520 Christi
1083 5480 1266 5521 servus
1308 5480 1415 5520 non
1447 5480 1615 5519 essem
1648 5463 1857 5537 (Colat.
1899 5481 1941 5531 ι,

358 5553 471 5629 1⁸0).
504 5553 660 5611 Unde
683 5555 812 5610 nulli
840 5556 1065 5612 dubium
1091 5566 1195 5625 est,
1222 5572 1316 5613 eos
1343 5555 1565 5614 Christo
1592 5557 1800 5613 servire
1826 5573 1940 5614 non

358 5661 538 5715 posse,
571 5647 664 5717 qui
699 5647 1016 5705 hominibus
1056 5657 1249 5719 optant
1302 5648 1487 5719 potius
1517 5663 1683 5718 quam
1716 5650 1937 5706 Christo

358 5737 596 5804 placere.
650 5738 910 5796 Contenti
948 5755 1080 5812 ergo
1137 5742 1354 5797 interim
1412 5741 1588 5796 simus
1622 5741 1939 5801 hominibus

356 5826 672 5905 displicere,
727 5840 939 5892 tantum
991 5844 1049 5920 ut
1098 5835 1317 5893 Christo
1346 5834 1678 5920 placeamus.
1715 5833 1826 5894 Nec
1848 5853 1989 5922 (ιο-*ν

2041 4639 2185 4697 sicut
2239 4649 2294 4697 et
2324 4652 2549 4698 sanctus
2595 4639 2882 4710 apostolus
2929 4650 3136 4707 monet,
3174 4642 3416 4702 dicens:
3474 4645 3621 4719 Rogo

2042 4743 2219 4790 autent
2248 4751 2359 4801 vos,
2397 4745 2456 4790 ut
2492 4735 2822 4790 subtrahatis
2854 4751 2940 4790 ros
2971 4736 3038 4790 ab
3071 4738 3216 4791 omni
3244 4737 3412 4805 fratre
3433 4742 3624 4795 ambs-

2041 4826 2184 4882 laute
2205 4828 2530 4894 inordinate,
2554 4837 2605 4883 et
2630 4843 2734 4882 non
2761 4826 3052 4883 secundum
3076 4829 3441 4897 traditionem,
3460 4849 3622 4902 quam

2042 4929 2352 4988 acceperunt
2381 4935 2415 4973 a
2447 4918 2594 4974 nobis
2624 4918 2708 4991 (11
2754 4918 2945 4975 Thess.
3000 4935 3092 4987 tn,
3143 4922 3222 4993 6).
3258 4921 3394 4977 Cum
3448 4926 3563 4980 ham
3593 4940 3627 4981 a

2040 5010 2203 5067 nobis
2232 5011 2414 5067 omnia
2463 5012 2692 5068 omnino
2726 5022 2914 5069 nostra
2952 5013 3158 5072 virtute
3208 5014 3412 5071 fuerint
3443 5027 3629 5073 custo-

2043 5103 2153 5160 dita
2189 5119 2204 5161 :
2240 5103 2568 5175 quicumque
2591 5105 2870 5175 putaverit
2892 5106 3260 5178 derogandum
3288 5109 3464 5176 nobis,
3495 5127 3625 5181 pre-

2042 5196 2272 5267 pheticae
2308 5197 2481 5254 simus
2523 5198 2815 5255 sententia:
2841 5215 3140 5268 memores,
3162 5217 3259 5272 per
3312 5217 3476 5272 quam
3514 5204 3622 5260 Do-

2045 5287 2231 5343 minus
2268 5287 2355 5343 sui
2396 5287 2637 5344 nominis
2693 5303 2862 5344 causa
2912 5288 3199 5345 tribulatos
3229 5289 3503 5357 hortatur,
3539 5293 3627 5346 di-

2044 5391 2176 5434 cens
2207 5395 2225 5435 :
2260 5376 2331 5433 Et
2359 5388 2439 5445 tu,
2484 5377 2568 5447 ﬁli
2626 5378 2877 5446 hominis,
2917 5396 2984 5435 ne
3032 5381 3273 5436 timueris
3302 5397 3413 5450 eos,
3460 5398 3629 5454 neque

2043 5486 2236 5541 paveas
2260 5488 2293 5526 a
2311 5470 2448 5541 [acie
2473 5486 2681 5536 eorum,
2699 5473 2953 5543 quoniam
2976 5473 3299 5530 insanientet
3319 5477 3631 5531 convenient

2045 5562 2297 5617 adversus
2349 5572 2400 5617 te
2445 5562 2667 5634 (Ezech.
2709 5579 2767 5620 st
2798 5600 2817 5630 ,
2851 5564 2931 5636 6).
2971 5565 3029 5622 1n
3078 5580 3213 5637 gyro
3264 5576 3323 5622 et
3353 5567 3407 5623 in
3441 5567 3628 5623 medio

2044 5654 2391 5724 scorpionum
2434 5666 2490 5711 tu
2532 5656 2774 5723 habitas,
2826 5657 2994 5714 verba
3027 5672 3216 5714 eorum
3249 5673 3318 5714 ne
3350 5659 3624 5723 timueris.

2044 5754 2101 5801 et
2127 5761 2156 5800 a
2183 5744 2323 5803 facie
2348 5763 2540 5804 eorum
2575 5764 2646 5805 ne
2675 5763 2901 5820 paveas.
2934 5749 3002 5806 Et
3049 5749 3179 5807 alibi
3211 5749 3347 5807 dicit
3379 5768 3394 5806 :
3424 5754 3625 5806 Audire

2047 5856 2126 5897 me
2150 5843 2448 5924 quinostis
2502 5844 2794 5914 judicium,
2845 5845 3037 5916 popule
3084 5860 3251 5913 meus,
3289 5846 3342 5901 in
3402 5859 3627 5921 quorum
