  <div class='ocr_page' id='page_1' title='image "/cluster/home/n/w/nwhite01/storage/ocr_20150623/30/hvd.32044096580527/154.png"; bbox 0 0 4012 6188; ppageno 0'>
   <div class='ocr_carea' id='block_1_1' title="bbox 305 269 424 334">
    <p class='ocr_par' dir='ltr' id='par_1_1' title="bbox 305 269 424 334">
     <span class='ocr_line' id='line_1_1' title="bbox 305 269 424 334; baseline 0.017 -2"><span class='ocrx_word' id='word_1_1' title='bbox 305 269 424 334; x_wconf 73' lang='grc'><strong><em>297</em></strong></span> 
     </span>
    </p>
   </div>
   <div class='ocr_carea' id='block_1_2' title="bbox 1173 256 2707 330">
    <p class='ocr_par' dir='ltr' id='par_1_2' title="bbox 1173 256 2707 330">
     <span class='ocr_line' id='line_1_2' title="bbox 1173 256 2707 330; baseline -0.007 -1"><span class='ocrx_word' id='word_1_2' title='bbox 1173 266 1542 330; x_wconf 80' lang='lat' dir='ltr'><strong><em>EPISTOLA</em></strong></span> <span class='ocrx_word' id='word_1_3' title='bbox 1582 265 1771 327; x_wconf 81' lang='lat' dir='ltr'><strong><em>XLII.</em></strong></span> <span class='ocrx_word' id='word_1_4' title='bbox 1829 263 1926 325; x_wconf 81' lang='lat' dir='ltr'><strong><em>DE</em></strong></span> <span class='ocrx_word' id='word_1_5' title='bbox 1966 264 2148 325; x_wconf 76' lang='lat' dir='ltr'><strong><em>VITA</em></strong></span> <span class='ocrx_word' id='word_1_6' title='bbox 2183 256 2707 322; x_wconf 81' lang='lat' dir='ltr'><strong><em>CLERICORUM.</em></strong></span> 
     </span>
    </p>
   </div>
   <div class='ocr_carea' id='block_1_3' title="bbox 3453 256 3560 320">
    <p class='ocr_par' dir='ltr' id='par_1_3' title="bbox 3453 256 3560 320">
     <span class='ocr_line' id='line_1_3' title="bbox 3453 256 3560 320; baseline 0.009 -1"><span class='ocrx_word' id='word_1_7' title='bbox 3453 256 3560 320; x_wconf 78' lang='lat'><strong><em>298</em></strong></span> 
     </span>
    </p>
   </div>
   <div class='ocr_carea' id='block_1_4' title="bbox 302 366 3559 452">
    <p class='ocr_par' dir='ltr' id='par_1_4' title="bbox 302 366 3559 452">
     <span class='ocr_line' id='line_1_4' title="bbox 302 366 3559 452; baseline -0.005 -17"><span class='ocrx_word' id='word_1_8' title='bbox 302 382 470 437; x_wconf 78' lang='lat' dir='ltr'><strong><em>corde</em></strong></span> <span class='ocrx_word' id='word_1_9' title='bbox 497 383 579 436; x_wconf 73' lang='lat' dir='ltr'><strong><em>lex</em></strong></span> <span class='ocrx_word' id='word_1_10' title='bbox 610 396 720 433; x_wconf 84' lang='lat' dir='ltr'><strong><em>mea</em></strong></span> <span class='ocrx_word' id='word_1_11' title='bbox 737 388 856 434; x_wconf 83' lang='lat' dir='ltr'><strong><em>est:</em></strong></span> <span class='ocrx_word' id='word_1_12' title='bbox 891 377 1070 434; x_wconf 79' lang='lat' dir='ltr'><strong><em>Nolite</em></strong></span> <span class='ocrx_word' id='word_1_13' title='bbox 1092 380 1274 433; x_wconf 86' lang='lat' dir='ltr'><strong><em>timere</em></strong></span> <span class='ocrx_word' id='word_1_14' title='bbox 1295 380 1571 450; x_wconf 84' lang='lat' dir='ltr'><strong><em>opprobria</em></strong></span> <span class='ocrx_word' id='word_1_15' title='bbox 1594 379 1885 440; x_wconf 76' lang='lat' dir='ltr'><strong><em>hominum.</em></strong></span> <span class='ocrx_word' id='word_1_16' title='bbox 1914 394 1966 452; x_wconf 67' lang='grc' dir='ltr'>Α</span> <span class='ocrx_word' id='word_1_17' title='bbox 1995 387 2076 431; x_wconf 87' lang='lat' dir='ltr'><strong><em>tes</em></strong></span> <span class='ocrx_word' id='word_1_18' title='bbox 2110 391 2124 427; x_wconf 92' lang='lat'>:</span> <span class='ocrx_word' id='word_1_19' title='bbox 2165 384 2226 429; x_wconf 90' lang='lat' dir='ltr'><strong><em>ut</em></strong></span> <span class='ocrx_word' id='word_1_20' title='bbox 2275 373 2372 429; x_wconf 86' lang='lat' dir='ltr'><strong>alii</strong></span> <span class='ocrx_word' id='word_1_21' title='bbox 2414 373 2680 443; x_wconf 87' lang='lat' dir='ltr'><strong><em>juniores,</em></strong></span> <span class='ocrx_word' id='word_1_22' title='bbox 2731 366 2929 440; x_wconf 85' lang='lat' dir='ltr'><strong><em>gradus</em></strong></span> <span class='ocrx_word' id='word_1_23' title='bbox 2983 368 3225 424; x_wconf 78' lang='lat' dir='ltr'><strong><em>humiles</em></strong></span> <span class='ocrx_word' id='word_1_24' title='bbox 3251 369 3559 423; x_wconf 71' lang='lat' dir='ltr'><strong><em>consecuti.</em></strong></span> 
     </span>
    </p>
   </div>
   <div class='ocr_carea' id='block_1_5' title="bbox 303 469 1890 541">
    <p class='ocr_par' dir='ltr' id='par_1_5' title="bbox 303 469 1890 541">
     <span class='ocr_line' id='line_1_5' title="bbox 303 469 1890 541; baseline -0.004 -15"><span class='ocrx_word' id='word_1_25' title='bbox 303 483 361 526; x_wconf 86' lang='lat' dir='ltr'><strong><em>et</em></strong></span> <span class='ocrx_word' id='word_1_26' title='bbox 391 472 754 541; x_wconf 81' lang='lat' dir='ltr'><strong><em>blnspltemias</em></strong></span> <span class='ocrx_word' id='word_1_27' title='bbox 779 485 960 524; x_wconf 85' lang='lat' dir='ltr'><strong><em>eorum</em></strong></span> <span class='ocrx_word' id='word_1_28' title='bbox 986 485 1048 524; x_wconf 90' lang='lat' dir='ltr'><strong><em>ne</em></strong></span> <span class='ocrx_word' id='word_1_29' title='bbox 1079 473 1326 524; x_wconf 88' lang='lat' dir='ltr'><strong><em>metuatis</em></strong></span> <span class='ocrx_word' id='word_1_30' title='bbox 1357 485 1378 533; x_wconf 87' lang='lat'><strong><em>;</em></strong></span> <span class='ocrx_word' id='word_1_31' title='bbox 1406 471 1535 539; x_wconf 91' lang='lat' dir='ltr'><strong><em>quia</em></strong></span> <span class='ocrx_word' id='word_1_32' title='bbox 1575 469 1711 522; x_wconf 88' lang='lat' dir='ltr'><strong><em>sicut</em></strong></span> <span class='ocrx_word' id='word_1_33' title='bbox 1737 469 1890 522; x_wconf 83' lang='lat' dir='ltr'><strong><em>vesti-</em></strong></span> 
     </span>
    </p>
   </div>
   <div class='ocr_carea' id='block_1_6' title="bbox 306 560 1890 628">
    <p class='ocr_par' dir='ltr' id='par_1_6' title="bbox 306 560 1890 628">
     <span class='ocr_line' id='line_1_6' title="bbox 306 560 1890 628; baseline 0 -15"><span class='ocrx_word' id='word_1_34' title='bbox 306 571 573 628; x_wconf 78' lang='lat' dir='ltr'><strong><em>mentum,</em></strong></span> <span class='ocrx_word' id='word_1_35' title='bbox 607 562 686 616; x_wconf 88' lang='lat' dir='ltr'><strong><em>ita</em></strong></span> <span class='ocrx_word' id='word_1_36' title='bbox 719 577 810 628; x_wconf 87' lang='lat' dir='ltr'><strong><em>per</em></strong></span> <span class='ocrx_word' id='word_1_37' title='bbox 854 570 1056 628; x_wconf 84' lang='lat' dir='ltr'><strong><em>tempus</em></strong></span> <span class='ocrx_word' id='word_1_38' title='bbox 1092 560 1358 626; x_wconf 85' lang='lat' dir='ltr'><strong><em>de/icient,</em></strong></span> <span class='ocrx_word' id='word_1_39' title='bbox 1387 571 1434 614; x_wconf 87' lang='lat' dir='ltr'><strong><em>et</em></strong></span> <span class='ocrx_word' id='word_1_40' title='bbox 1488 569 1544 612; x_wconf 89' lang='lat' dir='ltr'><strong><em>ut</em></strong></span> <span class='ocrx_word' id='word_1_41' title='bbox 1573 560 1754 613; x_wconf 81' lang='lat' dir='ltr'><strong><em>lanam</em></strong></span> <span class='ocrx_word' id='word_1_42' title='bbox 1802 575 1890 613; x_wconf 88' lang='lat' dir='ltr'><strong><em>co-</em></strong></span> 
     </span>
    </p>
   </div>
   <div class='ocr_carea' id='block_1_7' title="bbox 308 650 1891 724">
    <p class='ocr_par' dir='ltr' id='par_1_7' title="bbox 308 650 1891 724">
     <span class='ocr_line' id='line_1_7' title="bbox 308 650 1891 724; baseline -0.001 -18"><span class='ocrx_word' id='word_1_43' title='bbox 308 660 484 708; x_wconf 82' lang='lat' dir='ltr'><strong><em>medet</em></strong></span> <span class='ocrx_word' id='word_1_44' title='bbox 523 670 610 708; x_wconf 89' lang='lat' dir='ltr'><strong><em>eos</em></strong></span> <span class='ocrx_word' id='word_1_45' title='bbox 668 655 808 707; x_wconf 84' lang='lat' dir='ltr'><strong><em>tinea</em></strong></span> <span class='ocrx_word' id='word_1_46' title='bbox 844 650 1080 723; x_wconf 81' lang='lat' dir='ltr'><strong><em>(lsa.t.t,</em></strong></span> <span class='ocrx_word' id='word_1_47' title='bbox 1109 654 1163 719; x_wconf 87' lang='lat'><strong><em>7,</em></strong></span> <span class='ocrx_word' id='word_1_48' title='bbox 1197 652 1273 724; x_wconf 91' lang='lat'><strong><em>8).</em></strong></span> <span class='ocrx_word' id='word_1_49' title='bbox 1305 651 1524 708; x_wconf 72' lang='lat' dir='ltr'><strong><em>iustitia</em></strong></span> <span class='ocrx_word' id='word_1_50' title='bbox 1559 660 1739 708; x_wconf 86' lang='lat' dir='ltr'><strong><em>autem</em></strong></span> <span class='ocrx_word' id='word_1_51' title='bbox 1774 666 1891 705; x_wconf 86' lang='lat' dir='ltr'><strong><em>mea</em></strong></span> 
     </span>
    </p>
   </div>
   <div class='ocr_carea' id='block_1_8' title="bbox 311 743 1893 800">
    <p class='ocr_par' dir='ltr' id='par_1_8' title="bbox 311 743 1893 800">
     <span class='ocr_line' id='line_1_8' title="bbox 311 743 1893 800; baseline -0.003 0"><span class='ocrx_word' id='word_1_52' title='bbox 311 747 370 800; x_wconf 91' lang='lat' dir='ltr'><strong><em>in</em></strong></span> <span class='ocrx_word' id='word_1_53' title='bbox 405 755 672 800; x_wconf 65' lang='lat' dir='ltr'><strong><em>aeternum</em></strong></span> <span class='ocrx_word' id='word_1_54' title='bbox 711 753 916 798; x_wconf 90' lang='lat' dir='ltr'><strong><em>manet.</em></strong></span> <span class='ocrx_word' id='word_1_55' title='bbox 956 744 1213 799; x_wconf 83' lang='lat' dir='ltr'><strong><em>Salutare</em></strong></span> <span class='ocrx_word' id='word_1_56' title='bbox 1242 759 1374 799; x_wconf 83' lang='lat' dir='ltr'><strong><em>vero</em></strong></span> <span class='ocrx_word' id='word_1_57' title='bbox 1410 759 1590 798; x_wconf 89' lang='lat' dir='ltr'><strong><em>meum</em></strong></span> <span class='ocrx_word' id='word_1_58' title='bbox 1629 743 1683 798; x_wconf 90' lang='lat' dir='ltr'><strong><em>in</em></strong></span> <span class='ocrx_word' id='word_1_59' title='bbox 1716 756 1893 798; x_wconf 69' lang='lat' dir='ltr'><strong><em>saecu-</em></strong></span> 
     </span>
    </p>
   </div>
   <div class='ocr_carea' id='block_1_9' title="bbox 311 833 1892 904">
    <p class='ocr_par' dir='ltr' id='par_1_9' title="bbox 311 833 1892 904">
     <span class='ocr_line' id='line_1_9' title="bbox 311 833 1892 904; baseline -0.003 -12"><span class='ocrx_word' id='word_1_60' title='bbox 311 839 426 892; x_wconf 89' lang='lat' dir='ltr'><strong><em>lum</em></strong></span> <span class='ocrx_word' id='word_1_61' title='bbox 464 837 678 892; x_wconf 64' lang='lat' dir='ltr'><strong><em>saeculi.</em></strong></span> <span class='ocrx_word' id='word_1_62' title='bbox 726 835 1067 890; x_wconf 85' lang='lat' dir='ltr'><strong><em>Servandum</em></strong></span> <span class='ocrx_word' id='word_1_63' title='bbox 1103 849 1211 904; x_wconf 62' lang='lat' dir='ltr'><strong><em>prae</em></strong></span> <span class='ocrx_word' id='word_1_64' title='bbox 1237 835 1493 888; x_wconf 90' lang='lat' dir='ltr'><strong><em>omnibus</em></strong></span> <span class='ocrx_word' id='word_1_65' title='bbox 1526 851 1540 899; x_wconf 92' lang='lat'><strong>;</strong></span> <span class='ocrx_word' id='word_1_66' title='bbox 1578 849 1643 888; x_wconf 91' lang='lat' dir='ltr'><strong><em>ne</em></strong></span> <span class='ocrx_word' id='word_1_67' title='bbox 1667 833 1892 888; x_wconf 73' lang='lat' dir='ltr'><strong><em>alterius</em></strong></span> 
     </span>
    </p>
   </div>
   <div class='ocr_carea' id='block_1_10' title="bbox 313 923 1891 996">
    <p class='ocr_par' dir='ltr' id='par_1_10' title="bbox 313 923 1891 996">
     <span class='ocr_line' id='line_1_10' title="bbox 313 923 1891 996; baseline -0.003 -16"><span class='ocrx_word' id='word_1_68' title='bbox 313 928 530 980; x_wconf 85' lang='lat' dir='ltr'><strong><em>laudem</em></strong></span> <span class='ocrx_word' id='word_1_69' title='bbox 555 925 781 980; x_wconf 81' lang='lat' dir='ltr'><strong><em>velimus</em></strong></span> <span class='ocrx_word' id='word_1_70' title='bbox 801 923 912 996; x_wconf 74' lang='lat' dir='ltr'><strong><em>[AL</em></strong></span> <span class='ocrx_word' id='word_1_71' title='bbox 943 923 1219 996; x_wconf 82' lang='lat' dir='ltr'><strong><em>malimus]</em></strong></span> <span class='ocrx_word' id='word_1_72' title='bbox 1241 939 1462 980; x_wconf 83' lang='lat' dir='ltr'><strong><em>servare</em></strong></span> <span class='ocrx_word' id='word_1_73' title='bbox 1479 939 1640 994; x_wconf 87' lang='lat' dir='ltr'><strong><em>quam</em></strong></span> <span class='ocrx_word' id='word_1_74' title='bbox 1662 925 1891 990; x_wconf 81' lang='lat' dir='ltr'><strong><em>Christi;</em></strong></span> 
     </span>
    </p>
   </div>
   <div class='ocr_carea' id='block_1_11' title="bbox 312 1013 1895 1084">
    <p class='ocr_par' dir='ltr' id='par_1_11' title="bbox 312 1013 1895 1084">
     <span class='ocr_line' id='line_1_11' title="bbox 312 1013 1895 1084; baseline -0.001 -15"><span class='ocrx_word' id='word_1_75' title='bbox 312 1026 374 1070; x_wconf 88' lang='lat' dir='ltr'><strong><em>ut</em></strong></span> <span class='ocrx_word' id='word_1_76' title='bbox 403 1026 578 1070; x_wconf 90' lang='lat' dir='ltr'><strong><em>etnos</em></strong></span> <span class='ocrx_word' id='word_1_77' title='bbox 605 1029 728 1070; x_wconf 84' lang='lat' dir='ltr'><strong><em>cum</em></strong></span> <span class='ocrx_word' id='word_1_78' title='bbox 771 1016 1039 1083; x_wconf 76' lang='lat' dir='ltr'><strong>Propheta</strong></span> <span class='ocrx_word' id='word_1_79' title='bbox 1071 1015 1348 1082; x_wconf 81' lang='lat' dir='ltr'><strong><em>possimus</em></strong></span> <span class='ocrx_word' id='word_1_80' title='bbox 1385 1015 1610 1070; x_wconf 81' lang='lat' dir='ltr'><strong><em>dicere:</em></strong></span> <span class='ocrx_word' id='word_1_81' title='bbox 1644 1013 1800 1084; x_wconf 83' lang='lat' dir='ltr'><strong><em>Apud</em></strong></span> <span class='ocrx_word' id='word_1_82' title='bbox 1847 1025 1895 1068; x_wconf 93' lang='lat' dir='ltr'><strong><em>te</em></strong></span> 
     </span>
    </p>
   </div>
   <div class='ocr_carea' id='block_1_12' title="bbox 311 1106 1897 1180">
    <p class='ocr_par' dir='ltr' id='par_1_12' title="bbox 311 1106 1897 1180">
     <span class='ocr_line' id='line_1_12' title="bbox 311 1106 1897 1180; baseline 0.001 -18"><span class='ocrx_word' id='word_1_83' title='bbox 311 1113 433 1162; x_wconf 85' lang='lat' dir='ltr'><strong><em>laus</em></strong></span> <span class='ocrx_word' id='word_1_84' title='bbox 467 1109 596 1161; x_wconf 86' lang='lat' dir='ltr'><strong><em>mihi</em></strong></span> <span class='ocrx_word' id='word_1_85' title='bbox 621 1108 674 1160; x_wconf 88' lang='lat' dir='ltr'><strong><em>in</em></strong></span> <span class='ocrx_word' id='word_1_86' title='bbox 707 1106 948 1162; x_wconf 74' lang='lat' dir='ltr'><strong><em>Ecclesia</em></strong></span> <span class='ocrx_word' id='word_1_87' title='bbox 972 1123 1164 1178; x_wconf 82' lang='lat' dir='ltr'><strong><em>magna</em></strong></span> <span class='ocrx_word' id='word_1_88' title='bbox 1199 1107 1375 1178; x_wconf 81' lang='lat' dir='ltr'><strong><em>(l’sal.</em></strong></span> <span class='ocrx_word' id='word_1_89' title='bbox 1402 1124 1518 1174; x_wconf 70' lang='lat' dir='ltr'><strong><em>ut,</em></strong></span> <span class='ocrx_word' id='word_1_90' title='bbox 1551 1109 1669 1180; x_wconf 71' lang='grc'><strong><em>26).</em></strong></span> <span class='ocrx_word' id='word_1_91' title='bbox 1703 1108 1770 1162; x_wconf 87' lang='grc' dir='ltr'><strong><em>Ει</em></strong></span> <span class='ocrx_word' id='word_1_92' title='bbox 1797 1110 1897 1164; x_wconf 85' lang='lat' dir='ltr'><strong><em>ite-</em></strong></span> 
     </span>
    </p>
   </div>
   <div class='ocr_carea' id='block_1_13' title="bbox 309 1198 1895 1268">
    <p class='ocr_par' dir='ltr' id='par_1_13' title="bbox 309 1198 1895 1268">
     <span class='ocr_line' id='line_1_13' title="bbox 309 1198 1895 1268; baseline -0.002 -13"><span class='ocrx_word' id='word_1_93' title='bbox 309 1216 436 1255; x_wconf 87' lang='lat' dir='ltr'><strong><em>rum</em></strong></span> <span class='ocrx_word' id='word_1_94' title='bbox 476 1217 490 1252; x_wconf 90' lang='lat'><strong>:</strong></span> <span class='ocrx_word' id='word_1_95' title='bbox 525 1198 795 1266; x_wconf 82' lang='lat' dir='ltr'><strong><em>Tanquam</em></strong></span> <span class='ocrx_word' id='word_1_96' title='bbox 825 1199 1122 1268; x_wconf 84' lang='lat' dir='ltr'><strong><em>prodigium</em></strong></span> <span class='ocrx_word' id='word_1_97' title='bbox 1151 1198 1331 1268; x_wconf 79' lang='lat' dir='ltr'><strong><em>factus</em></strong></span> <span class='ocrx_word' id='word_1_98' title='bbox 1360 1214 1478 1253; x_wconf 89' lang='lat' dir='ltr'><strong><em>sum</em></strong></span> <span class='ocrx_word' id='word_1_99' title='bbox 1511 1199 1685 1254; x_wconf 89' lang='lat' dir='ltr'><strong><em>multis</em></strong></span> <span class='ocrx_word' id='word_1_100' title='bbox 1704 1215 1728 1263; x_wconf 85' lang='lat'><strong><em>;</em></strong></span> <span class='ocrx_word' id='word_1_101' title='bbox 1756 1207 1804 1252; x_wconf 84' lang='lat' dir='ltr'><strong><em>et</em></strong></span> <span class='ocrx_word' id='word_1_102' title='bbox 1839 1211 1895 1252; x_wconf 90' lang='lat' dir='ltr'><strong><em>tu</em></strong></span> 
     </span>
    </p>
   </div>
   <div class='ocr_carea' id='block_1_14' title="bbox 312 1289 1900 1361">
    <p class='ocr_par' dir='ltr' id='par_1_14' title="bbox 312 1289 1900 1361">
     <span class='ocr_line' id='line_1_14' title="bbox 312 1289 1900 1361; baseline -0.003 -15"><span class='ocrx_word' id='word_1_103' title='bbox 312 1294 535 1361; x_wconf 83' lang='lat' dir='ltr'><strong><em>adjutor</em></strong></span> <span class='ocrx_word' id='word_1_104' title='bbox 565 1292 738 1359; x_wconf 81' lang='lat' dir='ltr'><strong><em>fortis.</em></strong></span> <span class='ocrx_word' id='word_1_105' title='bbox 773 1291 950 1359; x_wconf 83' lang='lat' dir='ltr'><strong><em>(Psal.</em></strong></span> <span class='ocrx_word' id='word_1_106' title='bbox 981 1305 1113 1354; x_wconf 61' lang='grc' dir='ltr'><strong><em>ιιι,</em></strong></span> <span class='ocrx_word' id='word_1_107' title='bbox 1161 1289 1238 1359; x_wconf 83' lang='grc'><strong><em>7).</em></strong></span> <span class='ocrx_word' id='word_1_108' title='bbox 1279 1291 1346 1344; x_wconf 89' lang='lat' dir='ltr'><strong><em>Et</em></strong></span> <span class='ocrx_word' id='word_1_109' title='bbox 1373 1291 1574 1344; x_wconf 89' lang='lat' dir='ltr'><strong><em>iterum</em></strong></span> <span class='ocrx_word' id='word_1_110' title='bbox 1619 1308 1634 1350; x_wconf 84' lang='lat'><strong>:</strong></span> <span class='ocrx_word' id='word_1_111' title='bbox 1669 1289 1900 1344; x_wconf 79' lang='lat' dir='ltr'><strong><em>Maledi-</em></strong></span> 
     </span>
    </p>
   </div>
   <div class='ocr_carea' id='block_1_15' title="bbox 310 1381 1900 1453">
    <p class='ocr_par' dir='ltr' id='par_1_15' title="bbox 310 1381 1900 1453">
     <span class='ocr_line' id='line_1_15' title="bbox 310 1381 1900 1453; baseline 0 -15"><span class='ocrx_word' id='word_1_112' title='bbox 310 1395 429 1438; x_wconf 86' lang='lat' dir='ltr'><strong><em>cent</em></strong></span> <span class='ocrx_word' id='word_1_113' title='bbox 455 1385 559 1448; x_wconf 88' lang='lat' dir='ltr'><strong><em>illi,</em></strong></span> <span class='ocrx_word' id='word_1_114' title='bbox 593 1396 638 1437; x_wconf 90' lang='lat' dir='ltr'><strong><em>et</em></strong></span> <span class='ocrx_word' id='word_1_115' title='bbox 670 1392 725 1435; x_wconf 90' lang='lat' dir='ltr'><strong><em>tu</em></strong></span> <span class='ocrx_word' id='word_1_116' title='bbox 751 1382 1048 1437; x_wconf 84' lang='lat' dir='ltr'><strong><em>benediees.</em></strong></span> <span class='ocrx_word' id='word_1_117' title='bbox 1092 1381 1199 1450; x_wconf 81' lang='lat' dir='ltr'><strong><em>Qui</em></strong></span> <span class='ocrx_word' id='word_1_118' title='bbox 1235 1384 1516 1453; x_wconf 85' lang='lat' dir='ltr'><strong><em>insurgunt</em></strong></span> <span class='ocrx_word' id='word_1_119' title='bbox 1566 1384 1620 1437; x_wconf 87' lang='lat' dir='ltr'><strong><em>in</em></strong></span> <span class='ocrx_word' id='word_1_120' title='bbox 1647 1401 1748 1450; x_wconf 89' lang='lat' dir='ltr'><strong><em>me,</em></strong></span> <span class='ocrx_word' id='word_1_121' title='bbox 1773 1401 1900 1438; x_wconf 84' lang='lat' dir='ltr'><strong><em>con-</em></strong></span> 
     </span>
    </p>
   </div>
   <div class='ocr_carea' id='block_1_16' title="bbox 311 1474 1896 1546">
    <p class='ocr_par' dir='ltr' id='par_1_16' title="bbox 311 1474 1896 1546">
     <span class='ocr_line' id='line_1_16' title="bbox 311 1474 1896 1546; baseline 0.001 -18"><span class='ocrx_word' id='word_1_122' title='bbox 311 1475 638 1546; x_wconf 76' lang='lat' dir='ltr'><strong><em>fundantur,</em></strong></span> <span class='ocrx_word' id='word_1_123' title='bbox 693 1490 876 1528; x_wconf 83' lang='lat' dir='ltr'><strong><em>servus</em></strong></span> <span class='ocrx_word' id='word_1_124' title='bbox 913 1483 1090 1527; x_wconf 89' lang='lat' dir='ltr'><strong><em>autem</em></strong></span> <span class='ocrx_word' id='word_1_125' title='bbox 1124 1483 1244 1526; x_wconf 87' lang='lat' dir='ltr'><strong><em>tuus</em></strong></span> <span class='ocrx_word' id='word_1_126' title='bbox 1267 1474 1536 1528; x_wconf 73' lang='lat' dir='ltr'><strong><em>testabitur</em></strong></span> <span class='ocrx_word' id='word_1_127' title='bbox 1567 1477 1620 1530; x_wconf 89' lang='lat' dir='ltr'><strong><em>in</em></strong></span> <span class='ocrx_word' id='word_1_128' title='bbox 1645 1485 1692 1529; x_wconf 88' lang='lat' dir='ltr'><strong><em>te</em></strong></span> <span class='ocrx_word' id='word_1_129' title='bbox 1723 1475 1896 1545; x_wconf 85' lang='lat' dir='ltr'><strong><em>(Psal.</em></strong></span> 
     </span>
    </p>
   </div>
   <div class='ocr_carea' id='block_1_17' title="bbox 311 1570 622 1640">
    <p class='ocr_par' dir='ltr' id='par_1_17' title="bbox 311 1570 622 1640">
     <span class='ocr_line' id='line_1_17' title="bbox 311 1570 622 1640; baseline 0.006 -16"><span class='ocrx_word' id='word_1_130' title='bbox 311 1587 472 1636; x_wconf 84' lang='lat' dir='ltr'><strong><em>cvitt,</em></strong></span> <span class='ocrx_word' id='word_1_131' title='bbox 505 1570 622 1640; x_wconf 63' lang='lat'><strong><em>28).</em></strong></span> 
     </span>
    </p>
   </div>
   <div class='ocr_carea' id='block_1_18' title="bbox 390 1660 1900 1724">
    <p class='ocr_par' dir='ltr' id='par_1_18' title="bbox 390 1660 1900 1724">
     <span class='ocr_line' id='line_1_18' title="bbox 390 1660 1900 1724; baseline -0.002 -7"><span class='ocrx_word' id='word_1_132' title='bbox 390 1663 536 1717; x_wconf 72' lang='lat' dir='ltr'><strong><em>XIX.</em></strong></span> <span class='ocrx_word' id='word_1_133' title='bbox 571 1662 692 1717; x_wconf 75' lang='lat' dir='ltr'><strong><em>llzec</em></strong></span> <span class='ocrx_word' id='word_1_134' title='bbox 717 1663 784 1716; x_wconf 88' lang='lat' dir='ltr'><strong><em>ad</em></strong></span> <span class='ocrx_word' id='word_1_135' title='bbox 821 1660 1252 1716; x_wconf 75' lang='lat' dir='ltr'><strong><em>consolationem</em></strong></span> <span class='ocrx_word' id='word_1_136' title='bbox 1280 1661 1334 1716; x_wconf 92' lang='lat' dir='ltr'><strong><em>in</em></strong></span> <span class='ocrx_word' id='word_1_137' title='bbox 1366 1661 1459 1716; x_wconf 88' lang='lat' dir='ltr'><strong><em>Dei</em></strong></span> <span class='ocrx_word' id='word_1_138' title='bbox 1488 1661 1706 1724; x_wconf 87' lang='lat' dir='ltr'><strong><em>timore,</em></strong></span> <span class='ocrx_word' id='word_1_139' title='bbox 1734 1661 1900 1716; x_wconf 89' lang='lat' dir='ltr'><strong><em>devo-</em></strong></span> 
     </span>
    </p>
   </div>
   <div class='ocr_carea' id='block_1_19' title="bbox 1995 459 3561 536">
    <p class='ocr_par' dir='ltr' id='par_1_19' title="bbox 1995 459 3561 536">
     <span class='ocr_line' id='line_1_19' title="bbox 1995 459 3561 536; baseline -0.004 -17"><span class='ocrx_word' id='word_1_140' title='bbox 1995 467 2103 520; x_wconf 81' lang='lat' dir='ltr'><strong><em>vita</em></strong></span> <span class='ocrx_word' id='word_1_141' title='bbox 2141 475 2200 536; x_wconf 88' lang='lat' dir='ltr'><strong><em>et_</em></strong></span> <span class='ocrx_word' id='word_1_142' title='bbox 2228 464 2540 520; x_wconf 89' lang='lat' dir='ltr'><strong><em>testimonio</em></strong></span> <span class='ocrx_word' id='word_1_143' title='bbox 2600 462 2946 518; x_wconf 75' lang='lat' dir='ltr'><strong><em>sacerdotum</em></strong></span> <span class='ocrx_word' id='word_1_144' title='bbox 2991 459 3204 529; x_wconf 86' lang='lat' dir='ltr'><strong><em>possint</em></strong></span> <span class='ocrx_word' id='word_1_145' title='bbox 3243 471 3561 524; x_wconf 73' lang='lat' dir='ltr'><strong><em>exsurgere.</em></strong></span> 
     </span>
    </p>
   </div>
   <div class='ocr_carea' id='block_1_20' title="bbox 1995 549 3566 626">
    <p class='ocr_par' dir='ltr' id='par_1_20' title="bbox 1995 549 3566 626">
     <span class='ocr_line' id='line_1_20' title="bbox 1995 549 3566 626; baseline -0.006 -15"><span class='ocrx_word' id='word_1_146' title='bbox 1995 556 2275 626; x_wconf 80' lang='lat' dir='ltr'><strong><em>Praecipue</em></strong></span> <span class='ocrx_word' id='word_1_147' title='bbox 2310 555 2440 610; x_wconf 88' lang='lat' dir='ltr'><strong><em>illud</em></strong></span> <span class='ocrx_word' id='word_1_148' title='bbox 2500 568 2626 609; x_wconf 91' lang='lat' dir='ltr'><strong><em>reor</em></strong></span> <span class='ocrx_word' id='word_1_149' title='bbox 2656 552 2924 608; x_wconf 91' lang='lat' dir='ltr'><strong><em>attentius</em></strong></span> <span class='ocrx_word' id='word_1_150' title='bbox 2963 551 3056 606; x_wconf 89' lang='lat' dir='ltr'><strong><em>tibi</em></strong></span> <span class='ocrx_word' id='word_1_151' title='bbox 3093 565 3216 626; x_wconf 83' lang='lat' dir='ltr'><strong><em>esse</em></strong></span> <span class='ocrx_word' id='word_1_152' title='bbox 3274 549 3566 620; x_wconf 85' lang='lat' dir='ltr'><strong><em>providen-</em></strong></span> 
     </span>
    </p>
   </div>
   <div class='ocr_carea' id='block_1_21' title="bbox 1994 638 3566 714">
    <p class='ocr_par' dir='ltr' id='par_1_21' title="bbox 1994 638 3566 714">
     <span class='ocr_line' id='line_1_21' title="bbox 1994 638 3566 714; baseline -0.005 -14"><span class='ocrx_word' id='word_1_153' title='bbox 1994 646 2156 710; x_wconf 88' lang='lat' dir='ltr'><strong><em>dum;</em></strong></span> <span class='ocrx_word' id='word_1_154' title='bbox 2181 644 2308 714; x_wconf 85' lang='lat' dir='ltr'><strong><em>quia</em></strong></span> <span class='ocrx_word' id='word_1_155' title='bbox 2336 643 2514 714; x_wconf 89' lang='lat' dir='ltr'><strong><em>prima</em></strong></span> <span class='ocrx_word' id='word_1_156' title='bbox 2539 649 2878 697; x_wconf 87' lang='lat' dir='ltr'><strong><em>tentamenta</em></strong></span> <span class='ocrx_word' id='word_1_157' title='bbox 2907 650 3034 696; x_wconf 86' lang='lat' dir='ltr'><strong><em>sunt</em></strong></span> <span class='ocrx_word' id='word_1_158' title='bbox 3065 638 3418 704; x_wconf 86' lang='lat' dir='ltr'><strong><em>clericorum,</em></strong></span> <span class='ocrx_word' id='word_1_159' title='bbox 3452 653 3566 692; x_wconf 89' lang='lat' dir='ltr'><strong><em>mu-</em></strong></span> 
     </span>
    </p>
   </div>
   <div class='ocr_carea' id='block_1_22' title="bbox 1997 728 3566 804">
    <p class='ocr_par' dir='ltr' id='par_1_22' title="bbox 1997 728 3566 804">
     <span class='ocr_line' id='line_1_22' title="bbox 1997 728 3566 804; baseline -0.004 -15"><span class='ocrx_word' id='word_1_160' title='bbox 1997 737 2188 790; x_wconf 78' lang='lat' dir='ltr'><strong><em>lierum</em></strong></span> <span class='ocrx_word' id='word_1_161' title='bbox 2223 734 2532 804; x_wconf 88' lang='lat' dir='ltr'><strong><em>frequentes</em></strong></span> <span class='ocrx_word' id='word_1_162' title='bbox 2559 748 2836 789; x_wconf 87' lang='lat' dir='ltr'><strong><em>accessus.</em></strong></span> <span class='ocrx_word' id='word_1_163' title='bbox 2873 732 2979 787; x_wconf 86' lang='lat' dir='ltr'><strong><em>Iste</em></strong></span> <span class='ocrx_word' id='word_1_164' title='bbox 3028 745 3189 787; x_wconf 76' lang='lat' dir='ltr'><strong><em>sexus</em></strong></span> <span class='ocrx_word' id='word_1_165' title='bbox 3220 728 3566 800; x_wconf 82' lang='lat' dir='ltr'><strong><em>reprehensi-</em></strong></span> 
     </span>
    </p>
   </div>
   <div class='ocr_carea' id='block_1_23' title="bbox 1997 819 3568 890">
    <p class='ocr_par' dir='ltr' id='par_1_23' title="bbox 1997 819 3568 890">
     <span class='ocr_line' id='line_1_23' title="bbox 1997 819 3568 890; baseline -0.006 -10"><span class='ocrx_word' id='word_1_166' title='bbox 1997 824 2133 880; x_wconf 89' lang='lat' dir='ltr'><strong><em>biles</em></strong></span> <span class='ocrx_word' id='word_1_167' title='bbox 2155 825 2377 880; x_wconf 82' lang='lat' dir='ltr'><strong><em>exhibet</em></strong></span> <span class='ocrx_word' id='word_1_168' title='bbox 2415 823 2668 879; x_wconf 88' lang='lat' dir='ltr'><strong><em>clericos.</em></strong></span> <span class='ocrx_word' id='word_1_169' title='bbox 2705 822 2844 890; x_wconf 81' lang='lat' dir='ltr'><strong><em>Quid</em></strong></span> <span class='ocrx_word' id='word_1_170' title='bbox 2877 823 2970 878; x_wconf 89' lang='lat' dir='ltr'><strong><em>tibi</em></strong></span> <span class='ocrx_word' id='word_1_171' title='bbox 3023 836 3212 877; x_wconf 83' lang='lat' dir='ltr'><strong><em>revera</em></strong></span> <span class='ocrx_word' id='word_1_172' title='bbox 3251 835 3375 875; x_wconf 88' lang='lat' dir='ltr'><strong><em>cum</em></strong></span> <span class='ocrx_word' id='word_1_173' title='bbox 3411 819 3568 875; x_wconf 80' lang='lat' dir='ltr'><strong><em>leuti-</em></strong></span> 
     </span>
    </p>
   </div>
   <div class='ocr_carea' id='block_1_24' title="bbox 1997 912 3564 987">
    <p class='ocr_par' dir='ltr' id='par_1_24' title="bbox 1997 912 3564 987">
     <span class='ocr_line' id='line_1_24' title="bbox 1997 912 3564 987; baseline -0.003 -18"><span class='ocrx_word' id='word_1_174' title='bbox 1997 917 2102 982; x_wconf 91' lang='lat' dir='ltr'><strong><em>uis,</em></strong></span> <span class='ocrx_word' id='word_1_175' title='bbox 2128 917 2304 987; x_wconf 89' lang='lat' dir='ltr'><strong><em>quiad</em></strong></span> <span class='ocrx_word' id='word_1_176' title='bbox 2324 915 2498 970; x_wconf 89' lang='lat' dir='ltr'><strong><em>altare</em></strong></span> <span class='ocrx_word' id='word_1_177' title='bbox 2526 931 2647 971; x_wconf 89' lang='lat' dir='ltr'><strong><em>cum</em></strong></span> <span class='ocrx_word' id='word_1_178' title='bbox 2677 915 2904 970; x_wconf 88' lang='lat' dir='ltr'><strong><em>Domino</em></strong></span> <span class='ocrx_word' id='word_1_179' title='bbox 2922 912 3231 970; x_wconf 81' lang='lat' dir='ltr'><strong><em>fabularis?</em></strong></span> <span class='ocrx_word' id='word_1_180' title='bbox 3273 912 3349 967; x_wconf 87' lang='lat' dir='ltr'><strong><em>Te</em></strong></span> <span class='ocrx_word' id='word_1_181' title='bbox 3376 912 3564 967; x_wconf 90' lang='lat' dir='ltr'><strong><em>cuncti</em></strong></span> 
     </span>
    </p>
   </div>
   <div class='ocr_carea' id='block_1_25' title="bbox 1997 1004 3566 1077">
    <p class='ocr_par' dir='ltr' id='par_1_25' title="bbox 1997 1004 3566 1077">
     <span class='ocr_line' id='line_1_25' title="bbox 1997 1004 3566 1077; baseline -0.001 -17"><span class='ocrx_word' id='word_1_182' title='bbox 1997 1009 2052 1061; x_wconf 90' lang='lat' dir='ltr'><strong><em>in</em></strong></span> <span class='ocrx_word' id='word_1_183' title='bbox 2081 1008 2317 1076; x_wconf 90' lang='lat' dir='ltr'><strong><em>publico,</em></strong></span> <span class='ocrx_word' id='word_1_184' title='bbox 2353 1018 2406 1064; x_wconf 89' lang='lat' dir='ltr'><strong><em>te</em></strong></span> <span class='ocrx_word' id='word_1_185' title='bbox 2430 1010 2483 1062; x_wconf 91' lang='lat' dir='ltr'><strong><em>in</em></strong></span> <span class='ocrx_word' id='word_1_186' title='bbox 2510 1023 2642 1077; x_wconf 82' lang='lat' dir='ltr'><strong><em>agro</em></strong></span> <span class='ocrx_word' id='word_1_187' title='bbox 2686 1007 2901 1075; x_wconf 87' lang='lat' dir='ltr'><strong><em>rustici,</em></strong></span> <span class='ocrx_word' id='word_1_188' title='bbox 2929 1019 3174 1062; x_wconf 89' lang='lat' dir='ltr'><strong><em>aratores</em></strong></span> <span class='ocrx_word' id='word_1_189' title='bbox 3209 1021 3273 1060; x_wconf 82' lang='lat' dir='ltr'><strong><em>ac</em></strong></span> <span class='ocrx_word' id='word_1_190' title='bbox 3301 1004 3566 1060; x_wconf 87' lang='lat' dir='ltr'><strong><em>vinitores</em></strong></span> 
     </span>
    </p>
   </div>
   <div class='ocr_carea' id='block_1_26' title="bbox 1996 1095 3561 1170">
    <p class='ocr_par' dir='ltr' id='par_1_26' title="bbox 1996 1095 3561 1170">
     <span class='ocr_line' id='line_1_26' title="bbox 1996 1095 3561 1170; baseline -0.004 -18"><span class='ocrx_word' id='word_1_191' title='bbox 1996 1097 2242 1168; x_wconf 87' lang='lat' dir='ltr'><strong><em>quotidie</em></strong></span> <span class='ocrx_word' id='word_1_192' title='bbox 2281 1099 2524 1170; x_wconf 73' lang='lat' dir='ltr'><strong><em>graviter</em></strong></span> <span class='ocrx_word' id='word_1_193' title='bbox 2554 1100 2893 1162; x_wconf 87' lang='lat' dir='ltr'><strong><em>lacerabunt,</em></strong></span> <span class='ocrx_word' id='word_1_194' title='bbox 2927 1098 2973 1154; x_wconf 90' lang='lat' dir='ltr'><strong><em>si</em></strong></span> <span class='ocrx_word' id='word_1_195' title='bbox 3011 1108 3202 1154; x_wconf 90' lang='lat' dir='ltr'><strong><em>contra</em></strong></span> <span class='ocrx_word' id='word_1_196' title='bbox 3233 1095 3561 1165; x_wconf 87' lang='lat' dir='ltr'><strong><em>dispositum</em></strong></span> 
     </span>
    </p>
   </div>
   <div class='ocr_carea' id='block_1_27' title="bbox 1999 1187 3572 1257">
    <p class='ocr_par' dir='ltr' id='par_1_27' title="bbox 1999 1187 3572 1257">
     <span class='ocr_line' id='line_1_27' title="bbox 1999 1187 3572 1257; baseline -0.003 -15"><span class='ocrx_word' id='word_1_197' title='bbox 1999 1189 2143 1255; x_wconf 82' lang='lat' dir='ltr'><strong><em>tidei,</em></strong></span> <span class='ocrx_word' id='word_1_198' title='bbox 2185 1205 2308 1244; x_wconf 89' lang='lat' dir='ltr'><strong><em>eum</em></strong></span> <span class='ocrx_word' id='word_1_199' title='bbox 2340 1189 2558 1243; x_wconf 86' lang='lat' dir='ltr'><strong><em>feminis</em></strong></span> <span class='ocrx_word' id='word_1_200' title='bbox 2610 1190 2858 1244; x_wconf 84' lang='lat' dir='ltr'><strong><em>habitare</em></strong></span> <span class='ocrx_word' id='word_1_201' title='bbox 2887 1189 3192 1245; x_wconf 86' lang='lat' dir='ltr'><strong><em>contendis.</em></strong></span> <span class='ocrx_word' id='word_1_202' title='bbox 3231 1187 3296 1242; x_wconf 87' lang='lat' dir='ltr'><strong><em>Et</em></strong></span> <span class='ocrx_word' id='word_1_203' title='bbox 3322 1188 3472 1257; x_wconf 88' lang='lat' dir='ltr'><strong><em>quia,</em></strong></span> <span class='ocrx_word' id='word_1_204' title='bbox 3510 1195 3572 1238; x_wconf 86' lang='lat' dir='ltr'><strong><em>ut</em></strong></span> 
     </span>
    </p>
   </div>
   <div class='ocr_carea' id='block_1_28' title="bbox 1997 1280 3569 1350">
    <p class='ocr_par' dir='ltr' id='par_1_28' title="bbox 1997 1280 3569 1350">
     <span class='ocr_line' id='line_1_28' title="bbox 1997 1280 3569 1350; baseline -0.002 -14"><span class='ocrx_word' id='word_1_205' title='bbox 1997 1283 2258 1346; x_wconf 89' lang='lat' dir='ltr'><strong><em>arbitror,</em></strong></span> <span class='ocrx_word' id='word_1_206' title='bbox 2329 1282 2675 1350; x_wconf 79' lang='lat' dir='ltr'><strong><em>concupiscis</em></strong></span> <span class='ocrx_word' id='word_1_207' title='bbox 2738 1281 3235 1350; x_wconf 87' lang='lat' dir='ltr'><strong><em>irreprehensibilis</em></strong></span> <span class='ocrx_word' id='word_1_208' title='bbox 3292 1280 3569 1340; x_wconf 81' lang='lat' dir='ltr'><strong><em>inveniri,</em></strong></span> 
     </span>
    </p>
   </div>
   <div class='ocr_carea' id='block_1_29' title="bbox 2002 1373 3575 1442">
    <p class='ocr_par' dir='ltr' id='par_1_29' title="bbox 2002 1373 3575 1442">
     <span class='ocr_line' id='line_1_29' title="bbox 2002 1373 3575 1442; baseline 0 -16"><span class='ocrx_word' id='word_1_209' title='bbox 2002 1374 2316 1429; x_wconf 87' lang='lat' dir='ltr'><strong><em>testimonio</em></strong></span> <span class='ocrx_word' id='word_1_210' title='bbox 2348 1375 2492 1428; x_wconf 89' lang='lat' dir='ltr'><strong><em>bono</em></strong></span> <span class='ocrx_word' id='word_1_211' title='bbox 2548 1383 2722 1429; x_wconf 89' lang='lat' dir='ltr'><strong><em>utere.</em></strong></span> <span class='ocrx_word' id='word_1_212' title='bbox 2759 1373 3014 1442; x_wconf 76' lang='lat' dir='ltr'><strong><em>Nunquid</em></strong></span> <span class='ocrx_word' id='word_1_213' title='bbox 3047 1375 3100 1428; x_wconf 91' lang='lat' dir='ltr'><strong><em>in</em></strong></span> <span class='ocrx_word' id='word_1_214' title='bbox 3153 1376 3324 1429; x_wconf 87' lang='lat' dir='ltr'><strong><em>choro</em></strong></span> <span class='ocrx_word' id='word_1_215' title='bbox 3353 1383 3575 1442; x_wconf 86' lang='lat' dir='ltr'><strong><em>aposto-</em></strong></span> 
     </span>
    </p>
   </div>
   <div class='ocr_carea' id='block_1_30' title="bbox 1997 1464 3576 1534">
    <p class='ocr_par' dir='ltr' id='par_1_30' title="bbox 1997 1464 3576 1534">
     <span class='ocr_line' id='line_1_30' title="bbox 1997 1464 3576 1534; baseline 0 -14"><span class='ocrx_word' id='word_1_216' title='bbox 1997 1466 2175 1521; x_wconf 87' lang='lat' dir='ltr'><strong><em>lorum</em></strong></span> <span class='ocrx_word' id='word_1_217' title='bbox 2221 1465 2443 1520; x_wconf 75' lang='lat' dir='ltr'><strong><em>femina:</em></strong></span> <span class='ocrx_word' id='word_1_218' title='bbox 2475 1464 2786 1520; x_wconf 77' lang='lat' dir='ltr'><strong><em>aﬂ‘uerunt?</em></strong></span> <span class='ocrx_word' id='word_1_219' title='bbox 2839 1467 3073 1522; x_wconf 78' lang='lat' dir='ltr'><strong><em>Prohibe</em></strong></span> <span class='ocrx_word' id='word_1_220' title='bbox 3113 1474 3292 1521; x_wconf 90' lang='lat' dir='ltr'><strong><em>tecum</em></strong></span> <span class='ocrx_word' id='word_1_221' title='bbox 3338 1465 3576 1534; x_wconf 74' lang='lat' dir='ltr'><strong><em>virgines</em></strong></span> 
     </span>
    </p>
   </div>
   <div class='ocr_carea' id='block_1_31' title="bbox 2001 1559 3570 1629">
    <p class='ocr_par' dir='ltr' id='par_1_31' title="bbox 2001 1559 3570 1629">
     <span class='ocr_line' id='line_1_31' title="bbox 2001 1559 3570 1629; baseline -0.001 -17"><span class='ocrx_word' id='word_1_222' title='bbox 2001 1559 2222 1624; x_wconf 88' lang='lat' dir='ltr'><strong><em>morari,</em></strong></span> <span class='ocrx_word' id='word_1_223' title='bbox 2255 1561 2420 1614; x_wconf 85' lang='lat' dir='ltr'><strong><em>etiam</em></strong></span> <span class='ocrx_word' id='word_1_224' title='bbox 2450 1574 2571 1629; x_wconf 64' lang='lat' dir='ltr'><strong><em>quae</em></strong></span> <span class='ocrx_word' id='word_1_225' title='bbox 2600 1560 2667 1615; x_wconf 91' lang='lat' dir='ltr'><strong><em>de</em></strong></span> <span class='ocrx_word' id='word_1_226' title='bbox 2692 1573 2890 1628; x_wconf 87' lang='lat' dir='ltr'><strong><em>genere</em></strong></span> <span class='ocrx_word' id='word_1_227' title='bbox 2929 1568 3024 1613; x_wconf 89' lang='lat' dir='ltr'><strong><em>tuo</em></strong></span> <span class='ocrx_word' id='word_1_228' title='bbox 3047 1569 3200 1615; x_wconf 90' lang='lat' dir='ltr'><strong><em>sunt.</em></strong></span> <span class='ocrx_word' id='word_1_229' title='bbox 3239 1559 3409 1627; x_wconf 77' lang='lat' dir='ltr'><strong><em>Dilige</em></strong></span> <span class='ocrx_word' id='word_1_230' title='bbox 3453 1573 3570 1622; x_wconf 85' lang='lat' dir='ltr'><strong><em>eas,</em></strong></span> 
     </span>
    </p>
   </div>
   <div class='ocr_carea' id='block_1_32' title="bbox 2000 1647 3573 1722">
    <p class='ocr_par' dir='ltr' id='par_1_32' title="bbox 2000 1647 3573 1722">
     <span class='ocr_line' id='line_1_32' title="bbox 2000 1647 3573 1722; baseline -0.003 -17"><span class='ocrx_word' id='word_1_231' title='bbox 2000 1651 2239 1706; x_wconf 80' lang='lat' dir='ltr'><strong><em>exterius</em></strong></span> <span class='ocrx_word' id='word_1_232' title='bbox 2279 1653 2497 1715; x_wconf 84' lang='lat' dir='ltr'><strong><em>ordina,</em></strong></span> <span class='ocrx_word' id='word_1_233' title='bbox 2529 1649 2851 1720; x_wconf 79' lang='lat' dir='ltr'><strong><em>frequenter</em></strong></span> <span class='ocrx_word' id='word_1_234' title='bbox 2875 1651 3033 1706; x_wconf 86' lang='lat' dir='ltr'><strong><em>visita</em></strong></span> <span class='ocrx_word' id='word_1_235' title='bbox 3059 1651 3280 1722; x_wconf 83' lang='lat' dir='ltr'><strong><em>junctus</em></strong></span> <span class='ocrx_word' id='word_1_236' title='bbox 3306 1647 3573 1717; x_wconf 86' lang='lat' dir='ltr'><strong><em>obsequio</em></strong></span> 
     </span>
    </p>
   </div>
   <div class='ocr_carea' id='block_1_33' title="bbox 323 1741 3570 1823">
    <p class='ocr_par' dir='ltr' id='par_1_33' title="bbox 323 1741 3570 1823">
     <span class='ocr_line' id='line_1_33' title="bbox 323 1741 3570 1823; baseline -0.002 -21"><span class='ocrx_word' id='word_1_237' title='bbox 323 1753 390 1807; x_wconf 86' lang='lat' dir='ltr'><strong><em>tis</em></strong></span> <span class='ocrx_word' id='word_1_238' title='bbox 419 1753 714 1817; x_wconf 85' lang='lat' dir='ltr'><strong><em>mentibus,</em></strong></span> <span class='ocrx_word' id='word_1_239' title='bbox 758 1761 920 1820; x_wconf 86' lang='lat' dir='ltr'><strong><em>prout</em></strong></span> <span class='ocrx_word' id='word_1_240' title='bbox 949 1753 1150 1823; x_wconf 75' lang='lat' dir='ltr'><strong><em>ingenii</em></strong></span> <span class='ocrx_word' id='word_1_241' title='bbox 1188 1755 1427 1808; x_wconf 86' lang='lat' dir='ltr'><strong><em>tenuitas</em></strong></span> <span class='ocrx_word' id='word_1_242' title='bbox 1461 1753 1658 1822; x_wconf 87' lang='lat' dir='ltr'><strong><em>potuit,</em></strong></span> <span class='ocrx_word' id='word_1_243' title='bbox 1696 1765 1890 1822; x_wconf 80' lang='lat' dir='ltr'><strong><em>prose-</em></strong></span> <span class='ocrx_word' id='word_1_244' title='bbox 1930 1749 1968 1804; x_wconf 83' lang='grc' dir='ltr'><strong><em>Β</em></strong></span> <span class='ocrx_word' id='word_1_245' title='bbox 2000 1743 2347 1808; x_wconf 81' lang='lat' dir='ltr'><strong><em>clericorum,</em></strong></span> <span class='ocrx_word' id='word_1_246' title='bbox 2379 1759 2444 1798; x_wconf 90' lang='lat' dir='ltr'><strong><em>ne</em></strong></span> <span class='ocrx_word' id='word_1_247' title='bbox 2466 1745 2596 1798; x_wconf 89' lang='lat' dir='ltr'><strong><em>dum</em></strong></span> <span class='ocrx_word' id='word_1_248' title='bbox 2624 1742 2955 1798; x_wconf 82' lang='lat' dir='ltr'><strong><em>secretaliter</em></strong></span> <span class='ocrx_word' id='word_1_249' title='bbox 2978 1757 3043 1798; x_wconf 87' lang='lat' dir='ltr'><strong><em>ac</em></strong></span> <span class='ocrx_word' id='word_1_250' title='bbox 3065 1742 3216 1799; x_wconf 90' lang='lat' dir='ltr'><strong><em>solus</em></strong></span> <span class='ocrx_word' id='word_1_251' title='bbox 3244 1741 3570 1814; x_wconf 82' lang='lat' dir='ltr'><strong><em>ingrederis,</em></strong></span> 
     </span>
    </p>
   </div>
   <div class='ocr_carea' id='block_1_34' title="bbox 316 1843 1896 1913">
    <p class='ocr_par' dir='ltr' id='par_1_34' title="bbox 316 1843 1896 1913">
     <span class='ocr_line' id='line_1_34' title="bbox 316 1843 1896 1913; baseline 0.001 -15"><span class='ocrx_word' id='word_1_252' title='bbox 316 1857 478 1899; x_wconf 86' lang='lat' dir='ltr'><strong><em>cuius</em></strong></span> <span class='ocrx_word' id='word_1_253' title='bbox 500 1861 624 1898; x_wconf 88' lang='lat' dir='ltr'><strong><em>sum</em></strong></span> <span class='ocrx_word' id='word_1_254' title='bbox 661 1844 923 1899; x_wconf 89' lang='lat' dir='ltr'><strong><em>breviter.</em></strong></span> <span class='ocrx_word' id='word_1_255' title='bbox 963 1843 1121 1898; x_wconf 88' lang='lat' dir='ltr'><strong><em>Nunc</em></strong></span> <span class='ocrx_word' id='word_1_256' title='bbox 1153 1853 1406 1913; x_wconf 86' lang='lat' dir='ltr'><strong><em>superest</em></strong></span> <span class='ocrx_word' id='word_1_257' title='bbox 1442 1854 1499 1898; x_wconf 90' lang='lat' dir='ltr'><strong><em>ut</em></strong></span> <span class='ocrx_word' id='word_1_258' title='bbox 1539 1843 1743 1913; x_wconf 84' lang='lat' dir='ltr'><strong><em>aliquid</em></strong></span> <span class='ocrx_word' id='word_1_259' title='bbox 1775 1859 1896 1898; x_wconf 87' lang='lat' dir='ltr'><strong><em>am-</em></strong></span> 
     </span>
    </p>
   </div>
   <div class='ocr_carea' id='block_1_35' title="bbox 317 1934 1899 2004">
    <p class='ocr_par' dir='ltr' id='par_1_35' title="bbox 317 1934 1899 2004">
     <span class='ocr_line' id='line_1_35' title="bbox 317 1934 1899 2004; baseline 0.001 -17"><span class='ocrx_word' id='word_1_260' title='bbox 317 1937 460 2004; x_wconf 86' lang='lat' dir='ltr'><strong><em>plius</em></strong></span> <span class='ocrx_word' id='word_1_261' title='bbox 511 1934 678 1989; x_wconf 85' lang='lat' dir='ltr'><strong><em>faciat</em></strong></span> <span class='ocrx_word' id='word_1_262' title='bbox 736 1949 890 1989; x_wconf 88' lang='lat' dir='ltr'><strong><em>mens</em></strong></span> <span class='ocrx_word' id='word_1_263' title='bbox 925 1935 1146 1999; x_wconf 84' lang='lat' dir='ltr'><strong><em>devota,</em></strong></span> <span class='ocrx_word' id='word_1_264' title='bbox 1197 1950 1362 2004; x_wconf 90' lang='lat' dir='ltr'><strong><em>quam</em></strong></span> <span class='ocrx_word' id='word_1_265' title='bbox 1418 1943 1608 1989; x_wconf 89' lang='lat' dir='ltr'><strong><em>nostra</em></strong></span> <span class='ocrx_word' id='word_1_266' title='bbox 1659 1937 1899 2004; x_wconf 89' lang='lat' dir='ltr'><strong><em>parvitas</em></strong></span> 
     </span>
    </p>
   </div>
   <div class='ocr_carea' id='block_1_36' title="bbox 320 2025 1897 2095">
    <p class='ocr_par' dir='ltr' id='par_1_36' title="bbox 320 2025 1897 2095">
     <span class='ocr_line' id='line_1_36' title="bbox 320 2025 1897 2095; baseline 0 -15"><span class='ocrx_word' id='word_1_267' title='bbox 320 2027 523 2080; x_wconf 86' lang='lat' dir='ltr'><strong><em>sullicit</em></strong></span> <span class='ocrx_word' id='word_1_268' title='bbox 552 2028 871 2081; x_wconf 85' lang='lat' dir='ltr'><strong><em>admonere.</em></strong></span> <span class='ocrx_word' id='word_1_269' title='bbox 906 2025 1152 2080; x_wconf 84' lang='lat' dir='ltr'><strong><em>Salutate</em></strong></span> <span class='ocrx_word' id='word_1_270' title='bbox 1180 2040 1374 2081; x_wconf 89' lang='lat' dir='ltr'><strong><em>omnes</em></strong></span> <span class='ocrx_word' id='word_1_271' title='bbox 1405 2026 1503 2095; x_wconf 88' lang='lat' dir='ltr'><strong><em>qui</em></strong></span> <span class='ocrx_word' id='word_1_272' title='bbox 1528 2025 1761 2094; x_wconf 81' lang='lat' dir='ltr'><strong><em>diligunt</em></strong></span> <span class='ocrx_word' id='word_1_273' title='bbox 1791 2026 1897 2080; x_wconf 86' lang='lat' dir='ltr'><strong><em>Do-</em></strong></span> 
     </span>
    </p>
   </div>
   <div class='ocr_carea' id='block_1_37' title="bbox 319 2113 1900 2184">
    <p class='ocr_par' dir='ltr' id='par_1_37' title="bbox 319 2113 1900 2184">
     <span class='ocr_line' id='line_1_37' title="bbox 319 2113 1900 2184; baseline 0.001 -14"><span class='ocrx_word' id='word_1_274' title='bbox 319 2119 529 2171; x_wconf 88' lang='lat' dir='ltr'><strong><em>minum</em></strong></span> <span class='ocrx_word' id='word_1_275' title='bbox 569 2125 818 2170; x_wconf 87' lang='lat' dir='ltr'><strong><em>nostrum</em></strong></span> <span class='ocrx_word' id='word_1_276' title='bbox 859 2113 1046 2170; x_wconf 85' lang='lat' dir='ltr'><strong><em>Jesum</em></strong></span> <span class='ocrx_word' id='word_1_277' title='bbox 1089 2117 1389 2184; x_wconf 86' lang='lat' dir='ltr'><strong><em>Christum,</em></strong></span> <span class='ocrx_word' id='word_1_278' title='bbox 1419 2116 1506 2171; x_wconf 90' lang='lat' dir='ltr'><strong><em>cui</em></strong></span> <span class='ocrx_word' id='word_1_279' title='bbox 1561 2131 1687 2172; x_wconf 91' lang='lat' dir='ltr'><strong><em>cum</em></strong></span> <span class='ocrx_word' id='word_1_280' title='bbox 1736 2115 1900 2172; x_wconf 86' lang='lat' dir='ltr'><strong><em>Patre</em></strong></span> 
     </span>
    </p>
   </div>
   <div class='ocr_carea' id='block_1_38' title="bbox 319 2207 1899 2279">
    <p class='ocr_par' dir='ltr' id='par_1_38' title="bbox 319 2207 1899 2279">
     <span class='ocr_line' id='line_1_38' title="bbox 319 2207 1899 2279; baseline 0.001 -18"><span class='ocrx_word' id='word_1_281' title='bbox 319 2208 693 2275; x_wconf 89' lang='lat' dir='ltr'><strong><em>omnipotente</em></strong></span> <span class='ocrx_word' id='word_1_282' title='bbox 725 2208 802 2262; x_wconf 88' lang='lat' dir='ltr'><strong><em>sit</em></strong></span> <span class='ocrx_word' id='word_1_283' title='bbox 838 2208 982 2273; x_wconf 89' lang='lat' dir='ltr'><strong><em>laus,</em></strong></span> <span class='ocrx_word' id='word_1_284' title='bbox 1010 2208 1190 2262; x_wconf 90' lang='lat' dir='ltr'><strong><em>virtus</em></strong></span> <span class='ocrx_word' id='word_1_285' title='bbox 1230 2217 1286 2264; x_wconf 92' lang='lat' dir='ltr'><strong><em>et</em></strong></span> <span class='ocrx_word' id='word_1_286' title='bbox 1315 2209 1490 2279; x_wconf 81' lang='lat' dir='ltr'><strong><em>gloria</em></strong></span> <span class='ocrx_word' id='word_1_287' title='bbox 1521 2223 1646 2264; x_wconf 89' lang='lat' dir='ltr'><strong><em>cum</em></strong></span> <span class='ocrx_word' id='word_1_288' title='bbox 1689 2207 1899 2278; x_wconf 90' lang='lat' dir='ltr'><strong><em>Spiritu</em></strong></span> 
     </span>
    </p>
   </div>
   <div class='ocr_carea' id='block_1_39' title="bbox 320 2300 1899 2370">
    <p class='ocr_par' dir='ltr' id='par_1_39' title="bbox 320 2300 1899 2370">
     <span class='ocr_line' id='line_1_39' title="bbox 320 2300 1899 2370; baseline 0.002 -17"><span class='ocrx_word' id='word_1_289' title='bbox 320 2309 540 2365; x_wconf 81' lang='lat' dir='ltr'><strong><em>sancto,</em></strong></span> <span class='ocrx_word' id='word_1_290' title='bbox 567 2309 622 2354; x_wconf 90' lang='lat' dir='ltr'><strong><em>et</em></strong></span> <span class='ocrx_word' id='word_1_291' title='bbox 648 2314 792 2356; x_wconf 89' lang='lat' dir='ltr'><strong><em>nunc</em></strong></span> <span class='ocrx_word' id='word_1_292' title='bbox 815 2310 871 2355; x_wconf 91' lang='lat' dir='ltr'><strong><em>et</em></strong></span> <span class='ocrx_word' id='word_1_293' title='bbox 903 2314 1119 2370; x_wconf 87' lang='lat' dir='ltr'><strong><em>semper</em></strong></span> <span class='ocrx_word' id='word_1_294' title='bbox 1148 2310 1204 2356; x_wconf 88' lang='lat' dir='ltr'><strong><em>et</em></strong></span> <span class='ocrx_word' id='word_1_295' title='bbox 1233 2302 1288 2356; x_wconf 89' lang='lat' dir='ltr'><strong><em>iu</em></strong></span> <span class='ocrx_word' id='word_1_296' title='bbox 1333 2300 1515 2356; x_wconf 88' lang='lat' dir='ltr'><strong><em>omnia</em></strong></span> <span class='ocrx_word' id='word_1_297' title='bbox 1557 2301 1756 2356; x_wconf 70' lang='lat' dir='ltr'><strong><em>saecula</em></strong></span> <span class='ocrx_word' id='word_1_298' title='bbox 1793 2315 1899 2356; x_wconf 73' lang='lat' dir='ltr'><strong><em>sat-</em></strong></span> 
     </span>
    </p>
   </div>
   <div class='ocr_carea' id='block_1_40' title="bbox 322 2391 826 2448">
    <p class='ocr_par' dir='ltr' id='par_1_40' title="bbox 322 2391 826 2448">
     <span class='ocr_line' id='line_1_40' title="bbox 322 2391 826 2448; baseline 0.012 -6"><span class='ocrx_word' id='word_1_299' title='bbox 322 2391 594 2446; x_wconf 89' lang='lat' dir='ltr'><strong><em>culorum.</em></strong></span> <span class='ocrx_word' id='word_1_300' title='bbox 626 2391 826 2448; x_wconf 82' lang='lat' dir='ltr'><strong><em>Amen.</em></strong></span> 
     </span>
    </p>
   </div>
   <div class='ocr_carea' id='block_1_41' title="bbox 430 2543 1804 2630">
    <p class='ocr_par' dir='ltr' id='par_1_41' title="bbox 430 2543 1804 2630">
     <span class='ocr_line' id='line_1_41' title="bbox 430 2543 1804 2630; baseline 0.007 -30"><span class='ocrx_word' id='word_1_301' title='bbox 430 2543 750 2630; x_wconf 70' lang='lat' dir='ltr'><strong><em>MQNITUM</em></strong></span> <span class='ocrx_word' id='word_1_302' title='bbox 791 2547 858 2603; x_wconf 79' lang='grc' dir='ltr'><strong><em>ΙΝ</em></strong></span> <span class='ocrx_word' id='word_1_303' title='bbox 911 2547 1300 2608; x_wconf 72' lang='lat' dir='ltr'><strong><em>EPISTOLAM</em></strong></span> <span class='ocrx_word' id='word_1_304' title='bbox 1345 2549 1804 2620; x_wconf 24' lang='lat' dir='ltr'><strong><em>SEQUENTEM.‘</em></strong></span> 
     </span>
    </p>
   </div>
   <div class='ocr_carea' id='block_1_42' title="bbox 395 2659 1904 2734">
    <p class='ocr_par' dir='ltr' id='par_1_42' title="bbox 395 2659 1904 2734">
     <span class='ocr_line' id='line_1_42' title="bbox 395 2659 1904 2734; baseline 0.006 -19"><span class='ocrx_word' id='word_1_305' title='bbox 395 2659 570 2734; x_wconf 82' lang='lat' dir='ltr'><strong><em>Nemo</em></strong></span> <span class='ocrx_word' id='word_1_306' title='bbox 625 2677 729 2715; x_wconf 90' lang='lat' dir='ltr'><strong><em>non</em></strong></span> <span class='ocrx_word' id='word_1_307' title='bbox 811 2663 1066 2734; x_wconf 85' lang='lat' dir='ltr'><strong><em>sentiat,</em></strong></span> <span class='ocrx_word' id='word_1_308' title='bbox 1115 2667 1516 2734; x_wconf 25' lang='lat' dir='ltr'><strong><em>Arecentiorem</em></strong></span> <span class='ocrx_word' id='word_1_309' title='bbox 1579 2668 1722 2723; x_wconf 83' lang='lat' dir='ltr'><strong><em>hanc</em></strong></span> <span class='ocrx_word' id='word_1_310' title='bbox 1779 2682 1904 2724; x_wconf 87' lang='lat' dir='ltr'><strong><em>esse</em></strong></span> 
     </span>
    </p>
   </div>
   <div class='ocr_carea' id='block_1_43' title="bbox 324 2730 1906 2860">
    <p class='ocr_par' dir='ltr' id='par_1_43' title="bbox 324 2730 1906 2860">
     <span class='ocr_line' id='line_1_43' title="bbox 324 2730 1906 2860; baseline 0.006 -76"><span class='ocrx_word' id='word_1_311' title='bbox 324 2730 626 2813; x_wconf 73' lang='lat' dir='ltr'><strong><em>Epistolam</em></strong></span> <span class='ocrx_word' id='word_1_312' title='bbox 657 2741 818 2786; x_wconf 70' lang='lat' dir='ltr'><strong><em>aetate</em></strong></span> <span class='ocrx_word' id='word_1_313' title='bbox 850 2730 1074 2812; x_wconf 60' lang='lat' dir='ltr'><strong><em>Su&#39;lpitii</em></strong></span> <span class='ocrx_word' id='word_1_314' title='bbox 1106 2732 1315 2798; x_wconf 82' lang='lat' dir='ltr'><strong><em>Severi.</em></strong></span> <span class='ocrx_word' id='word_1_315' title='bbox 1367 2751 1530 2860; x_wconf 60' lang='lat' dir='ltr'><strong><em>gnem</em></strong></span> <span class='ocrx_word' id='word_1_316' title='bbox 1582 2748 1775 2816; x_wconf 80' lang='lat' dir='ltr'><strong><em>auctor</em></strong></span> <span class='ocrx_word' id='word_1_317' title='bbox 1808 2738 1906 2792; x_wconf 88' lang='lat' dir='ltr'><strong><em>ho-</em></strong></span> 
     </span>
     <span class='ocr_line' id='line_1_44' title="bbox 325 2804 1904 2860; baseline 0.004 -6"><span class='ocrx_word' id='word_1_318' title='bbox 325 2817 479 2856; x_wconf 81' lang='lat' dir='ltr'><strong><em>noris</em></strong></span> <span class='ocrx_word' id='word_1_319' title='bbox 522 2815 682 2855; x_wconf 84' lang='lat' dir='ltr'><strong><em>causa</em></strong></span> <span class='ocrx_word' id='word_1_320' title='bbox 720 2813 988 2860; x_wconf 82' lang='lat' dir='ltr'><strong><em>nominat.</em></strong></span> <span class='ocrx_word' id='word_1_321' title='bbox 1021 2819 1085 2858; x_wconf 90' lang='lat' dir='ltr'><strong><em>ac</em></strong></span> <span class='ocrx_word' id='word_1_322' title='bbox 1137 2804 1314 2859; x_wconf 85' lang='lat' dir='ltr'><strong><em>Vitam</em></strong></span> <span class='ocrx_word' id='word_1_323' title='bbox 1413 2845 1427 2860; x_wconf 91' lang='lat'><strong><em>.</em></strong></span> <span class='ocrx_word' id='word_1_324' title='bbox 1465 2804 1683 2860; x_wconf 74' lang='lat' dir='ltr'><strong><em>Martini</em></strong></span> <span class='ocrx_word' id='word_1_325' title='bbox 1721 2809 1790 2860; x_wconf 89' lang='lat' dir='ltr'><strong><em>ab</em></strong></span> <span class='ocrx_word' id='word_1_326' title='bbox 1839 2823 1904 2860; x_wconf 92' lang='lat' dir='ltr'><strong><em>eo</em></strong></span> 
     </span>
    </p>
   </div>
   <div class='ocr_carea' id='block_1_44' title="bbox 325 2804 1904 2867">
    <p class='ocr_par' dir='ltr' id='par_1_44' title="bbox 325 2804 1904 2867">
     <span class='ocr_line' id='line_1_45' title="bbox 325 2804 1904 2867; baseline 0.006 -13"><span class='ocrx_word' id='word_1_327' title='bbox 325 2804 479 2856; x_wconf 81' lang='lat' dir='ltr'><strong><em>noris</em></strong></span> <span class='ocrx_word' id='word_1_328' title='bbox 522 2815 682 2855; x_wconf 84' lang='lat' dir='ltr'><strong><em>causa</em></strong></span> <span class='ocrx_word' id='word_1_329' title='bbox 720 2805 988 2867; x_wconf 88' lang='lat' dir='ltr'><strong><em>nominat,</em></strong></span> <span class='ocrx_word' id='word_1_330' title='bbox 1021 2819 1085 2858; x_wconf 88' lang='lat' dir='ltr'><strong><em>ac</em></strong></span> <span class='ocrx_word' id='word_1_331' title='bbox 1137 2804 1314 2859; x_wconf 85' lang='lat' dir='ltr'><strong><em>Vitam</em></strong></span> <span class='ocrx_word' id='word_1_332' title='bbox 1368 2804 1427 2861; x_wconf 91' lang='lat' dir='ltr'><strong><em>S.</em></strong></span> <span class='ocrx_word' id='word_1_333' title='bbox 1465 2804 1683 2860; x_wconf 75' lang='lat' dir='ltr'><strong><em>Martini</em></strong></span> <span class='ocrx_word' id='word_1_334' title='bbox 1721 2809 1790 2862; x_wconf 88' lang='lat' dir='ltr'><strong><em>ab</em></strong></span> <span class='ocrx_word' id='word_1_335' title='bbox 1839 2823 1904 2863; x_wconf 92' lang='lat' dir='ltr'><strong><em>eo</em></strong></span> 
     </span>
    </p>
   </div>
   <div class='ocr_carea' id='block_1_45' title="bbox 323 2870 1906 2945">
    <p class='ocr_par' dir='ltr' id='par_1_45' title="bbox 323 2870 1906 2945">
     <span class='ocr_line' id='line_1_46' title="bbox 323 2870 1906 2945; baseline 0.004 -19"><span class='ocrx_word' id='word_1_336' title='bbox 323 2875 592 2938; x_wconf 85' lang='lat' dir='ltr'><strong><em>scriptam</em></strong></span> <span class='ocrx_word' id='word_1_337' title='bbox 629 2871 832 2945; x_wconf 82' lang='lat' dir='ltr'><strong><em>laudat.</em></strong></span> <span class='ocrx_word' id='word_1_338' title='bbox 865 2870 1078 2943; x_wconf 86' lang='lat' dir='ltr'><strong><em>Stylum</em></strong></span> <span class='ocrx_word' id='word_1_339' title='bbox 1104 2875 1246 2943; x_wconf 89' lang='lat' dir='ltr'><strong><em>quod</em></strong></span> <span class='ocrx_word' id='word_1_340' title='bbox 1271 2884 1503 2945; x_wconf 82' lang='lat' dir='ltr'><strong><em>spectat,</em></strong></span> <span class='ocrx_word' id='word_1_341' title='bbox 1536 2884 1699 2944; x_wconf 85' lang='lat' dir='ltr'><strong><em>atque</em></strong></span> <span class='ocrx_word' id='word_1_342' title='bbox 1719 2880 1906 2945; x_wconf 90' lang='lat' dir='ltr'><strong><em>operis</em></strong></span> 
     </span>
    </p>
   </div>
   <div class='ocr_carea' id='block_1_46' title="bbox 324 2943 1904 3010">
    <p class='ocr_par' dir='ltr' id='par_1_46' title="bbox 324 2943 1904 3010">
     <span class='ocr_line' id='line_1_47' title="bbox 324 2943 1904 3010; baseline 0.005 -16"><span class='ocrx_word' id='word_1_343' title='bbox 324 2951 736 3008; x_wconf 80' lang='lat' dir='ltr'><strong><em>argumentum,</em></strong></span> <span class='ocrx_word' id='word_1_344' title='bbox 791 2944 862 2995; x_wconf 89' lang='lat' dir='ltr'><strong><em>ita</em></strong></span> <span class='ocrx_word' id='word_1_345' title='bbox 897 2945 1150 3010; x_wconf 75' lang='lat' dir='ltr'><strong><em>proxime</em></strong></span> <span class='ocrx_word' id='word_1_346' title='bbox 1183 2945 1251 2998; x_wconf 90' lang='lat' dir='ltr'><strong><em>ad</em></strong></span> <span class='ocrx_word' id='word_1_347' title='bbox 1299 2945 1415 3010; x_wconf 88' lang='lat' dir='ltr'><strong><em>ejus</em></strong></span> <span class='ocrx_word' id='word_1_348' title='bbox 1442 2943 1625 2999; x_wconf 78' lang='lat' dir='ltr'><strong><em>libelli</em></strong></span> <span class='ocrx_word' id='word_1_349' title='bbox 1661 2943 1904 3002; x_wconf 82' lang='lat' dir='ltr'><strong><em>indolem</em></strong></span> 
     </span>
    </p>
   </div>
   <div class='ocr_carea' id='block_1_47' title="bbox 323 3010 1902 3083">
    <p class='ocr_par' dir='ltr' id='par_1_47' title="bbox 323 3010 1902 3083">
     <span class='ocr_line' id='line_1_48' title="bbox 323 3010 1902 3083; baseline 0.005 -21"><span class='ocrx_word' id='word_1_350' title='bbox 323 3012 560 3083; x_wconf 81' lang='lat' dir='ltr'><strong><em>accedit,</em></strong></span> <span class='ocrx_word' id='word_1_351' title='bbox 591 3010 682 3083; x_wconf 86' lang='lat' dir='ltr'><strong><em>qui</em></strong></span> <span class='ocrx_word' id='word_1_352' title='bbox 711 3011 775 3063; x_wconf 84' lang='lat' dir='ltr'><strong><em>de</em></strong></span> <span class='ocrx_word' id='word_1_353' title='bbox 807 3011 1194 3083; x_wconf 86' lang='lat' dir='ltr'><strong><em>Singularitatc</em></strong></span> <span class='ocrx_word' id='word_1_354' title='bbox 1218 3012 1536 3068; x_wconf 86' lang='lat' dir='ltr'><strong><em>clericorum</em></strong></span> <span class='ocrx_word' id='word_1_355' title='bbox 1563 3015 1902 3083; x_wconf 87' lang='lat' dir='ltr'><strong><em>inscribitur,</em></strong></span> 
     </span>
    </p>
   </div>
   <div class='ocr_carea' id='block_1_48' title="bbox 323 3079 1973 3156">
    <p class='ocr_par' dir='ltr' id='par_1_48' title="bbox 323 3079 1973 3156">
     <span class='ocr_line' id='line_1_49' title="bbox 323 3079 1973 3156; baseline 0.007 -26"><span class='ocrx_word' id='word_1_356' title='bbox 323 3089 492 3156; x_wconf 81' lang='lat' dir='ltr'><strong><em>atque</em></strong></span> <span class='ocrx_word' id='word_1_357' title='bbox 518 3079 749 3156; x_wconf 72' lang='lat' dir='ltr'><strong><em>habetur</em></strong></span> <span class='ocrx_word' id='word_1_358' title='bbox 780 3079 1091 3156; x_wconf 36' lang='lat' dir='ltr'><strong><em>cuni’alibi,</em></strong></span> <span class='ocrx_word' id='word_1_359' title='bbox 1128 3092 1240 3135; x_wconf 89' lang='lat' dir='ltr'><strong><em>tum</em></strong></span> <span class='ocrx_word' id='word_1_360' title='bbox 1269 3083 1722 3156; x_wconf 26' lang='lat' dir='ltr'><strong><em>prtecipue‘inter</em></strong></span> <span class='ocrx_word' id='word_1_361' title='bbox 1760 3079 1897 3156; x_wconf 48' lang='lat' dir='ltr'><strong><em>sup;</em></strong></span> <span class='ocrx_word' id='word_1_362' title='bbox 1928 3087 1973 3146; x_wconf 75' lang='grc' dir='ltr'>α</span> 
     </span>
    </p>
   </div>
   <div class='ocr_carea' id='block_1_49' title="bbox 326 3148 1903 3223">
    <p class='ocr_par' dir='ltr' id='par_1_49' title="bbox 326 3148 1903 3223">
     <span class='ocr_line' id='line_1_50' title="bbox 326 3148 1903 3223; baseline 0.006 -23"><span class='ocrx_word' id='word_1_363' title='bbox 326 3151 572 3223; x_wconf 72' lang='lat' dir='ltr'><strong><em>posititia</em></strong></span> <span class='ocrx_word' id='word_1_364' title='bbox 602 3148 668 3223; x_wconf 82' lang='lat' dir='ltr'><strong><em>_S.</em></strong></span> <span class='ocrx_word' id='word_1_365' title='bbox 694 3148 955 3223; x_wconf 81' lang='lat' dir='ltr'><strong><em>Cypriani</em></strong></span> <span class='ocrx_word' id='word_1_366' title='bbox 987 3154 1217 3223; x_wconf 86' lang='lat' dir='ltr'><strong><em>scripta,</em></strong></span> <span class='ocrx_word' id='word_1_367' title='bbox 1249 3148 1307 3204; x_wconf 73' lang='lat' dir='ltr'><strong><em>tit</em></strong></span> <span class='ocrx_word' id='word_1_368' title='bbox 1332 3148 1494 3206; x_wconf 79' lang='lat' dir='ltr'><strong><em>facile</em></strong></span> <span class='ocrx_word' id='word_1_369' title='bbox 1521 3153 1695 3208; x_wconf 87' lang='lat' dir='ltr'><strong><em>videri</em></strong></span> <span class='ocrx_word' id='word_1_370' title='bbox 1728 3148 1903 3223; x_wconf 77' lang='lat' dir='ltr'><strong><em>possit</em></strong></span> 
     </span>
    </p>
   </div>
   <div class='ocr_carea' id='block_1_50' title="bbox 324 3218 1903 3290">
    <p class='ocr_par' dir='ltr' id='par_1_50' title="bbox 324 3218 1903 3290">
     <span class='ocr_line' id='line_1_51' title="bbox 324 3218 1903 3290; baseline 0.006 -20"><span class='ocrx_word' id='word_1_371' title='bbox 324 3220 396 3271; x_wconf 87' lang='lat' dir='ltr'><strong><em>ab</em></strong></span> <span class='ocrx_word' id='word_1_372' title='bbox 419 3219 514 3290; x_wconf 84' lang='lat' dir='ltr'><strong><em>illo</em></strong></span> <span class='ocrx_word' id='word_1_373' title='bbox 534 3218 678 3290; x_wconf 87' lang='lat' dir='ltr'><strong><em>velut</em></strong></span> <span class='ocrx_word' id='word_1_374' title='bbox 705 3221 1002 3290; x_wconf 82' lang='lat' dir='ltr'><strong><em>exemplari</em></strong></span> <span class='ocrx_word' id='word_1_375' title='bbox 1032 3218 1319 3290; x_wconf 76' lang='lat' dir='ltr'><strong><em>expressa.</em></strong></span> <span class='ocrx_word' id='word_1_376' title='bbox 1346 3223 1624 3277; x_wconf 87' lang='lat' dir='ltr'><strong><em>Contende</em></strong></span> <span class='ocrx_word' id='word_1_377' title='bbox 1647 3218 1903 3290; x_wconf 71' lang='lat' dir='ltr'><strong><em>invicem,</em></strong></span> 
     </span>
    </p>
   </div>
   <div class='ocr_carea' id='block_1_51' title="bbox 322 3288 1908 3357">
    <p class='ocr_par' dir='ltr' id='par_1_51' title="bbox 322 3288 1908 3357">
     <span class='ocr_line' id='line_1_52' title="bbox 322 3288 1908 3357; baseline 0.005 -17"><span class='ocrx_word' id='word_1_378' title='bbox 322 3299 380 3340; x_wconf 89' lang='lat' dir='ltr'><strong><em>et</em></strong></span> <span class='ocrx_word' id='word_1_379' title='bbox 412 3288 680 3357; x_wconf 78' lang='lat' dir='ltr'><strong><em>siquidem</em></strong></span> <span class='ocrx_word' id='word_1_380' title='bbox 709 3288 799 3340; x_wconf 86' lang='lat' dir='ltr'><strong><em>ille</em></strong></span> <span class='ocrx_word' id='word_1_381' title='bbox 833 3303 938 3342; x_wconf 90' lang='lat' dir='ltr'><strong><em>non</em></strong></span> <span class='ocrx_word' id='word_1_382' title='bbox 969 3288 1241 3345; x_wconf 79' lang='lat' dir='ltr'><strong><em>immerito</em></strong></span> <span class='ocrx_word' id='word_1_383' title='bbox 1267 3292 1415 3346; x_wconf 87' lang='lat' dir='ltr'><strong><em>circa</em></strong></span> <span class='ocrx_word' id='word_1_384' title='bbox 1441 3293 1702 3347; x_wconf 66' lang='lat' dir='ltr'><strong><em>saeculum</em></strong></span> <span class='ocrx_word' id='word_1_385' title='bbox 1732 3288 1908 3349; x_wconf 59' lang='lat' dir='ltr'><strong><em>mille;</em></strong></span> 
     </span>
    </p>
   </div>
   <div class='ocr_carea' id='block_1_52' title="bbox 326 3359 1908 3427">
    <p class='ocr_par' dir='ltr' id='par_1_52' title="bbox 326 3359 1908 3427">
     <span class='ocr_line' id='line_1_53' title="bbox 326 3359 1908 3427; baseline 0.007 -19"><span class='ocrx_word' id='word_1_386' title='bbox 326 3359 554 3427; x_wconf 72' lang='lat' dir='ltr'><strong><em>simum,</em></strong></span> <span class='ocrx_word' id='word_1_387' title='bbox 588 3371 695 3427; x_wconf 86' lang='lat' dir='ltr'><strong><em>quo</em></strong></span> <span class='ocrx_word' id='word_1_388' title='bbox 717 3370 963 3427; x_wconf 89' lang='lat' dir='ltr'><strong><em>tempore</em></strong></span> <span class='ocrx_word' id='word_1_389' title='bbox 995 3359 1064 3413; x_wconf 90' lang='lat' dir='ltr'><strong><em>lis</em></strong></span> <span class='ocrx_word' id='word_1_390' title='bbox 1111 3361 1205 3414; x_wconf 88' lang='lat' dir='ltr'><strong><em>illa</em></strong></span> <span class='ocrx_word' id='word_1_391' title='bbox 1253 3362 1307 3414; x_wconf 92' lang='lat' dir='ltr'><strong><em>in</em></strong></span> <span class='ocrx_word' id='word_1_392' title='bbox 1340 3360 1638 3416; x_wconf 85' lang='lat' dir='ltr'><strong><em>Occidente</em></strong></span> <span class='ocrx_word' id='word_1_393' title='bbox 1673 3369 1908 3419; x_wconf 82' lang='lat' dir='ltr'><strong><em>maxime</em></strong></span> 
     </span>
    </p>
   </div>
   <div class='ocr_carea' id='block_1_53' title="bbox 324 3426 1908 3500">
    <p class='ocr_par' dir='ltr' id='par_1_53' title="bbox 324 3426 1908 3500">
     <span class='ocr_line' id='line_1_54' title="bbox 324 3426 1908 3500; baseline 0.007 -22"><span class='ocrx_word' id='word_1_394' title='bbox 324 3426 616 3500; x_wconf 70' lang='lat' dir='ltr'><strong><em>terrebat,</em></strong></span> <span class='ocrx_word' id='word_1_395' title='bbox 639 3428 928 3496; x_wconf 88' lang='lat' dir='ltr'><strong><em>deputatur</em></strong></span> <span class='ocrx_word' id='word_1_396' title='bbox 956 3444 973 3484; x_wconf 89' lang='lat'><strong>:</strong></span> <span class='ocrx_word' id='word_1_397' title='bbox 1022 3443 1144 3498; x_wconf 69' lang='lat' dir='ltr'><strong><em>qua:</em></strong></span> <span class='ocrx_word' id='word_1_398' title='bbox 1173 3431 1340 3500; x_wconf 83' lang='lat' dir='ltr'><strong><em>hujus</em></strong></span> <span class='ocrx_word' id='word_1_399' title='bbox 1369 3431 1616 3487; x_wconf 86' lang='lat' dir='ltr'><strong><em>habenda</em></strong></span> <span class='ocrx_word' id='word_1_400' title='bbox 1649 3433 1722 3487; x_wconf 86' lang='lat' dir='ltr'><strong><em>sit</em></strong></span> <span class='ocrx_word' id='word_1_401' title='bbox 1770 3435 1908 3489; x_wconf 87' lang='lat' dir='ltr'><strong><em>ratio</em></strong></span> 
     </span>
    </p>
   </div>
   <div class='ocr_carea' id='block_1_54' title="bbox 326 3497 1386 3626">
    <p class='ocr_par' dir='ltr' id='par_1_54' title="bbox 326 3497 1386 3626">
     <span class='ocr_line' id='line_1_55' title="bbox 326 3497 1386 3626; baseline 0.004 -5"><span class='ocrx_word' id='word_1_402' title='bbox 326 3497 628 3567; x_wconf 53' lang='lat' dir='ltr'><strong><em>&#39;men&#39;xes°</em></strong></span> <span class='ocrx_word' id='word_1_403' title='bbox 862 3567 1195 3625; x_wconf 77' lang='lat' dir='ltr'><strong><em>EPISTOLA</em></strong></span> <span class='ocrx_word' id='word_1_404' title='bbox 1220 3569 1386 3626; x_wconf 81' lang='lat' dir='ltr'><strong><em>xui.</em></strong></span> 
     </span>
    </p>
   </div>
   <div class='ocr_carea' id='block_1_55' title="bbox 930 3676 1316 3720">
    <p class='ocr_par' dir='ltr' id='par_1_55' title="bbox 930 3676 1316 3720">
     <span class='ocr_line' id='line_1_56' title="bbox 930 3676 1316 3720; baseline 0.003 -3"><span class='ocrx_word' id='word_1_405' title='bbox 930 3676 1000 3717; x_wconf 68' lang='lat' dir='ltr'><strong><em>AD</em></strong></span> <span class='ocrx_word' id='word_1_406' title='bbox 1047 3677 1316 3720; x_wconf 66' lang='lat' dir='ltr'><strong><em>OCEANUI.</em></strong></span> 
     </span>
    </p>
   </div>
   <div class='ocr_carea' id='block_1_56' title="bbox 796 3751 1446 3811">
    <p class='ocr_par' dir='ltr' id='par_1_56' title="bbox 796 3751 1446 3811">
     <span class='ocr_line' id='line_1_57' title="bbox 796 3751 1446 3811; baseline 0.008 -5"><span class='ocrx_word' id='word_1_407' title='bbox 796 3751 876 3808; x_wconf 86' lang='lat' dir='ltr'><strong><em>De</em></strong></span> <span class='ocrx_word' id='word_1_408' title='bbox 936 3754 1045 3808; x_wconf 75' lang='lat' dir='ltr'><strong><em>vita</em></strong></span> <span class='ocrx_word' id='word_1_409' title='bbox 1111 3753 1446 3811; x_wconf 79' lang='lat' dir='ltr'><strong><em>clericorum.</em></strong></span> 
     </span>
    </p>
   </div>
   <div class='ocr_carea' id='block_1_57' title="bbox 407 3861 1911 3936">
    <p class='ocr_par' dir='ltr' id='par_1_57' title="bbox 407 3861 1911 3936">
     <span class='ocr_line' id='line_1_58' title="bbox 407 3861 1911 3936; baseline -0.001 -17"><span class='ocrx_word' id='word_1_410' title='bbox 407 3861 754 3936; x_wconf 76' lang='lat' dir='ltr'><strong><em>Sophronias</em></strong></span> <span class='ocrx_word' id='word_1_411' title='bbox 809 3861 1080 3936; x_wconf 80' lang='lat' dir='ltr'><strong><em>Eusebius</em></strong></span> <span class='ocrx_word' id='word_1_412' title='bbox 1130 3861 1497 3933; x_wconf 81' lang='lat' dir='ltr'><strong><em>Hieronymus</em></strong></span> <span class='ocrx_word' id='word_1_413' title='bbox 1531 3862 1754 3920; x_wconf 85' lang='lat' dir='ltr'><strong><em>Oceano</em></strong></span> <span class='ocrx_word' id='word_1_414' title='bbox 1811 3879 1911 3920; x_wconf 89' lang='lat' dir='ltr'><strong><em>suo</em></strong></span> 
     </span>
    </p>
   </div>
   <div class='ocr_carea' id='block_1_58' title="bbox 998 3933 1250 3986">
    <p class='ocr_par' dir='ltr' id='par_1_58' title="bbox 998 3933 1250 3986">
     <span class='ocr_line' id='line_1_59' title="bbox 998 3933 1250 3986; baseline 0.004 -1"><span class='ocrx_word' id='word_1_415' title='bbox 998 3933 1250 3986; x_wconf 86' lang='lat' dir='ltr'><strong><em>salutem.</em></strong></span> 
     </span>
    </p>
   </div>
   <div class='ocr_carea' id='block_1_59' title="bbox 407 4044 1912 4120">
    <p class='ocr_par' dir='ltr' id='par_1_59' title="bbox 407 4044 1912 4120">
     <span class='ocr_line' id='line_1_60' title="bbox 407 4044 1912 4120; baseline 0.002 -20"><span class='ocrx_word' id='word_1_416' title='bbox 407 4048 452 4102; x_wconf 81' lang='grc' dir='ltr'><strong><em>Ι.</em></strong></span> <span class='ocrx_word' id='word_1_417' title='bbox 480 4047 902 4117; x_wconf 84' lang='lat' dir='ltr'><strong><em>Depreeatuses,</em></strong></span> <span class='ocrx_word' id='word_1_418' title='bbox 929 4053 989 4100; x_wconf 91' lang='lat' dir='ltr'><strong><em>ut</em></strong></span> <span class='ocrx_word' id='word_1_419' title='bbox 1007 4044 1103 4101; x_wconf 89' lang='lat' dir='ltr'><strong><em>tibi</em></strong></span> <span class='ocrx_word' id='word_1_420' title='bbox 1128 4046 1372 4103; x_wconf 83' lang='lat' dir='ltr'><strong><em>breviter</em></strong></span> <span class='ocrx_word' id='word_1_421' title='bbox 1393 4063 1744 4120; x_wconf 82' lang='lat' dir='ltr'><strong><em>exponerem,</em></strong></span> <span class='ocrx_word' id='word_1_422' title='bbox 1774 4064 1912 4120; x_wconf 87' lang='lat' dir='ltr'><strong><em>qua-</em></strong></span> 
     </span>
    </p>
   </div>
   <div class='ocr_carea' id='block_1_60' title="bbox 328 4135 1912 4194">
    <p class='ocr_par' dir='ltr' id='par_1_60' title="bbox 328 4135 1912 4194">
     <span class='ocr_line' id='line_1_61' title="bbox 328 4135 1912 4194; baseline 0.001 -2"><span class='ocrx_word' id='word_1_423' title='bbox 328 4140 462 4193; x_wconf 83' lang='lat' dir='ltr'><strong><em>liter</em></strong></span> <span class='ocrx_word' id='word_1_424' title='bbox 479 4137 664 4192; x_wconf 89' lang='lat' dir='ltr'><strong><em>clerici</em></strong></span> <span class='ocrx_word' id='word_1_425' title='bbox 691 4135 926 4192; x_wconf 87' lang='lat' dir='ltr'><strong><em>debeant</em></strong></span> <span class='ocrx_word' id='word_1_426' title='bbox 948 4137 1196 4193; x_wconf 84' lang='lat' dir='ltr'><strong><em>victitare</em></strong></span> <span class='ocrx_word' id='word_1_427' title='bbox 1222 4139 1277 4192; x_wconf 92' lang='lat' dir='ltr'><strong><em>in</em></strong></span> <span class='ocrx_word' id='word_1_428' title='bbox 1311 4139 1412 4194; x_wconf 88' lang='lat' dir='ltr'><strong><em>hac</em></strong></span> <span class='ocrx_word' id='word_1_429' title='bbox 1440 4140 1548 4193; x_wconf 88' lang='lat' dir='ltr'><strong><em>vita</em></strong></span> <span class='ocrx_word' id='word_1_430' title='bbox 1575 4139 1912 4194; x_wconf 89' lang='lat' dir='ltr'><strong><em>mortalium.</em></strong></span> 
     </span>
    </p>
   </div>
   <div class='ocr_carea' id='block_1_61' title="bbox 329 4228 1912 4301">
    <p class='ocr_par' dir='ltr' id='par_1_61' title="bbox 329 4228 1912 4301">
     <span class='ocr_line' id='line_1_62' title="bbox 329 4228 1912 4301; baseline 0 -16"><span class='ocrx_word' id='word_1_431' title='bbox 329 4231 482 4285; x_wconf 74' lang='lat' dir='ltr'><strong><em>Hinc</em></strong></span> <span class='ocrx_word' id='word_1_432' title='bbox 524 4243 611 4284; x_wconf 88' lang='lat' dir='ltr'><strong><em>me</em></strong></span> <span class='ocrx_word' id='word_1_433' title='bbox 659 4228 904 4298; x_wconf 84' lang='lat' dir='ltr'><strong><em>plerique</em></strong></span> <span class='ocrx_word' id='word_1_434' title='bbox 946 4228 1252 4284; x_wconf 85' lang='lat' dir='ltr'><strong><em>maledictis</em></strong></span> <span class='ocrx_word' id='word_1_435' title='bbox 1284 4231 1464 4284; x_wconf 73' lang='lat' dir='ltr'><strong><em>tetnuli</em></strong></span> <span class='ocrx_word' id='word_1_436' title='bbox 1506 4234 1912 4301; x_wconf 67' lang='lat' dir='ltr'><strong><em>praestolamur,</em></strong></span> 
     </span>
    </p>
   </div>
   <div class='ocr_carea' id='block_1_62' title="bbox 332 4322 1914 4390">
    <p class='ocr_par' dir='ltr' id='par_1_62' title="bbox 332 4322 1914 4390">
     <span class='ocr_line' id='line_1_63' title="bbox 332 4322 1914 4390; baseline 0.003 -17"><span class='ocrx_word' id='word_1_437' title='bbox 332 4325 468 4390; x_wconf 80' lang='lat' dir='ltr'><strong><em>quia</em></strong></span> <span class='ocrx_word' id='word_1_438' title='bbox 502 4336 608 4374; x_wconf 89' lang='lat' dir='ltr'><strong><em>non</em></strong></span> <span class='ocrx_word' id='word_1_439' title='bbox 635 4322 770 4374; x_wconf 89' lang='lat' dir='ltr'><strong><em>sileo</em></strong></span> <span class='ocrx_word' id='word_1_440' title='bbox 796 4322 1080 4376; x_wconf 84' lang='lat' dir='ltr'><strong><em>veritatem</em></strong></span> <span class='ocrx_word' id='word_1_441' title='bbox 1110 4337 1126 4375; x_wconf 90' lang='lat'><strong>:</strong></span> <span class='ocrx_word' id='word_1_442' title='bbox 1161 4331 1366 4388; x_wconf 88' lang='lat' dir='ltr'><strong><em>tamen,</em></strong></span> <span class='ocrx_word' id='word_1_443' title='bbox 1407 4324 1539 4377; x_wconf 90' lang='lat' dir='ltr'><strong><em>mihi</em></strong></span> <span class='ocrx_word' id='word_1_444' title='bbox 1564 4323 1914 4388; x_wconf 83' lang='lat' dir='ltr'><strong><em>charissitne,</em></strong></span> 
     </span>
    </p>
   </div>
   <div class='ocr_carea' id='block_1_63' title="bbox 2000 1835 2859 1892">
    <p class='ocr_par' dir='ltr' id='par_1_63' title="bbox 2000 1835 2859 1892">
     <span class='ocr_line' id='line_1_64' title="bbox 2000 1835 2859 1892; baseline 0.002 -2"><span class='ocrx_word' id='word_1_445' title='bbox 2000 1835 2240 1892; x_wconf 86' lang='lat' dir='ltr'><strong><em>macules</em></strong></span> <span class='ocrx_word' id='word_1_446' title='bbox 2277 1836 2648 1892; x_wconf 89' lang='lat' dir='ltr'><strong><em>testimonium</em></strong></span> <span class='ocrx_word' id='word_1_447' title='bbox 2688 1847 2859 1892; x_wconf 87' lang='lat' dir='ltr'><strong><em>tuum.</em></strong></span> 
     </span>
    </p>
   </div>
   <div class='ocr_carea' id='block_1_64' title="bbox 2067 1928 3562 2000">
    <p class='ocr_par' dir='ltr' id='par_1_64' title="bbox 2067 1928 3562 2000">
     <span class='ocr_line' id='line_1_65' title="bbox 2067 1928 3562 2000; baseline 0 -16"><span class='ocrx_word' id='word_1_448' title='bbox 2067 1929 2159 1984; x_wconf 87' lang='lat' dir='ltr'><strong><em>Ill.</em></strong></span> <span class='ocrx_word' id='word_1_449' title='bbox 2193 1928 2326 1984; x_wconf 90' lang='lat' dir='ltr'><strong><em>lllud</em></strong></span> <span class='ocrx_word' id='word_1_450' title='bbox 2350 1931 2511 1986; x_wconf 85' lang='lat' dir='ltr'><strong><em>etiam</em></strong></span> <span class='ocrx_word' id='word_1_451' title='bbox 2537 1929 2905 1999; x_wconf 84' lang='lat' dir='ltr'><strong><em>adjiciendum</em></strong></span> <span class='ocrx_word' id='word_1_452' title='bbox 2947 1940 3033 1986; x_wconf 89' lang='lat' dir='ltr'><strong><em>cst</em></strong></span> <span class='ocrx_word' id='word_1_453' title='bbox 3057 1949 3071 1998; x_wconf 92' lang='lat'><strong>;</strong></span> <span class='ocrx_word' id='word_1_454' title='bbox 3099 1931 3228 2000; x_wconf 83' lang='lat' dir='ltr'><strong><em>quia</em></strong></span> <span class='ocrx_word' id='word_1_455' title='bbox 3261 1935 3306 1986; x_wconf 88' lang='lat' dir='ltr'><strong><em>si</em></strong></span> <span class='ocrx_word' id='word_1_456' title='bbox 3337 1946 3562 1986; x_wconf 85' lang='lat' dir='ltr'><strong><em>uxorem</em></strong></span> 
     </span>
    </p>
   </div>
   <div class='ocr_carea' id='block_1_65' title="bbox 2001 2006 3577 2090">
    <p class='ocr_par' dir='ltr' id='par_1_65' title="bbox 2001 2006 3577 2090">
     <span class='ocr_line' id='line_1_66' title="bbox 2001 2006 3577 2090; baseline -0.001 -13"><span class='ocrx_word' id='word_1_457' title='bbox 2001 2025 2248 2086; x_wconf 86' lang='lat' dir='ltr'><strong><em>duceres,</em></strong></span> <span class='ocrx_word' id='word_1_458' title='bbox 2279 2021 2364 2076; x_wconf 80' lang='lat' dir='ltr'><strong><em>lex</em></strong></span> <span class='ocrx_word' id='word_1_459' title='bbox 2396 2031 2449 2074; x_wconf 89' lang='lat' dir='ltr'><strong><em>te</em></strong></span> <span class='ocrx_word' id='word_1_460' title='bbox 2483 2006 2591 2075; x_wconf 89' lang='lat' dir='ltr'><strong><em>non</em></strong></span> <span class='ocrx_word' id='word_1_461' title='bbox 2620 2022 2937 2090; x_wconf 84' lang='lat' dir='ltr'><strong><em>prohiberet</em></strong></span> <span class='ocrx_word' id='word_1_462' title='bbox 2969 2025 3220 2078; x_wconf 88' lang='lat' dir='ltr'><strong><em>habitare</em></strong></span> <span class='ocrx_word' id='word_1_463' title='bbox 3269 2039 3391 2078; x_wconf 89' lang='lat' dir='ltr'><strong><em>cum</em></strong></span> <span class='ocrx_word' id='word_1_464' title='bbox 3443 2039 3577 2078; x_wconf 91' lang='lat' dir='ltr'><strong><em>cou-</em></strong></span> 
     </span>
    </p>
   </div>
   <div class='ocr_carea' id='block_1_66' title="bbox 2001 2114 3581 2188">
    <p class='ocr_par' dir='ltr' id='par_1_66' title="bbox 2001 2114 3581 2188">
     <span class='ocr_line' id='line_1_67' title="bbox 2001 2114 3581 2188; baseline 0.002 -16"><span class='ocrx_word' id='word_1_465' title='bbox 2001 2131 2180 2175; x_wconf 90' lang='lat' dir='ltr'><strong><em>serva.</em></strong></span> <span class='ocrx_word' id='word_1_466' title='bbox 2221 2114 2357 2170; x_wconf 85' lang='lat' dir='ltr'><strong><em>Cum</em></strong></span> <span class='ocrx_word' id='word_1_467' title='bbox 2394 2117 2582 2170; x_wconf 85' lang='lat' dir='ltr'><strong><em>uxoris</em></strong></span> <span class='ocrx_word' id='word_1_468' title='bbox 2607 2115 2754 2170; x_wconf 91' lang='lat' dir='ltr'><strong><em>enim</em></strong></span> <span class='ocrx_word' id='word_1_469' title='bbox 2799 2131 3070 2174; x_wconf 89' lang='lat' dir='ltr'><strong><em>consensu</em></strong></span> <span class='ocrx_word' id='word_1_470' title='bbox 3101 2119 3370 2188; x_wconf 82' lang='lat' dir='ltr'><strong><em>ejusmodi</em></strong></span> <span class='ocrx_word' id='word_1_471' title='bbox 3399 2123 3465 2174; x_wconf 87' lang='lat' dir='ltr'><strong><em>ad</em></strong></span> <span class='ocrx_word' id='word_1_472' title='bbox 3500 2135 3581 2175; x_wconf 71' lang='grc' dir='ltr'><strong><em>πθ-</em></strong></span> 
     </span>
    </p>
   </div>
   <div class='ocr_carea' id='block_1_67' title="bbox 2003 2210 3577 2278">
    <p class='ocr_par' dir='ltr' id='par_1_67' title="bbox 2003 2210 3577 2278">
     <span class='ocr_line' id='line_1_68' title="bbox 2003 2210 3577 2278; baseline 0.002 -16"><span class='ocrx_word' id='word_1_473' title='bbox 2003 2211 2184 2278; x_wconf 86' lang='lat' dir='ltr'><strong><em>gimen</em></strong></span> <span class='ocrx_word' id='word_1_474' title='bbox 2247 2210 2541 2266; x_wconf 90' lang='lat' dir='ltr'><strong><em>sacerdotii</em></strong></span> <span class='ocrx_word' id='word_1_475' title='bbox 2611 2218 3046 2277; x_wconf 85' lang='lat' dir='ltr'><strong><em>promoventur;</em></strong></span> <span class='ocrx_word' id='word_1_476' title='bbox 3127 2213 3368 2266; x_wconf 82' lang='lat' dir='ltr'><strong><em>maxime</em></strong></span> <span class='ocrx_word' id='word_1_477' title='bbox 3453 2227 3577 2266; x_wconf 82' lang='lat' dir='ltr'><strong><em>cum</em></strong></span> 
     </span>
    </p>
   </div>
   <div class='ocr_carea' id='block_1_68' title="bbox 2003 2299 3579 2370">
    <p class='ocr_par' dir='ltr' id='par_1_68' title="bbox 2003 2299 3579 2370">
     <span class='ocr_line' id='line_1_69' title="bbox 2003 2299 3579 2370; baseline 0.003 -15"><span class='ocrx_word' id='word_1_478' title='bbox 2003 2301 2248 2370; x_wconf 82' lang='lat' dir='ltr'><strong><em>Apostoli</em></strong></span> <span class='ocrx_word' id='word_1_479' title='bbox 2297 2299 2538 2370; x_wconf 87' lang='lat' dir='ltr'><strong><em>Epistola</em></strong></span> <span class='ocrx_word' id='word_1_480' title='bbox 2589 2309 2923 2370; x_wconf 65' lang='lat' dir='ltr'><strong><em>praeceptum</em></strong></span> <span class='ocrx_word' id='word_1_481' title='bbox 2975 2302 3080 2358; x_wconf 88' lang='lat' dir='ltr'><strong><em>hoc</em></strong></span> <span class='ocrx_word' id='word_1_482' title='bbox 3130 2305 3370 2362; x_wconf 85' lang='lat' dir='ltr'><strong><em>habeat:</em></strong></span> <span class='ocrx_word' id='word_1_483' title='bbox 3409 2302 3579 2359; x_wconf 77' lang='lat' dir='ltr'><strong><em>Unius</em></strong></span> 
     </span>
    </p>
   </div>
   <div class='ocr_carea' id='block_1_69' title="bbox 2003 2394 3578 2466">
    <p class='ocr_par' dir='ltr' id='par_1_69' title="bbox 2003 2394 3578 2466">
     <span class='ocr_line' id='line_1_70' title="bbox 2003 2394 3578 2466; baseline 0.005 -20"><span class='ocrx_word' id='word_1_484' title='bbox 2003 2395 2186 2447; x_wconf 68' lang='lat' dir='ltr'><strong><em>uxoris</em></strong></span> <span class='ocrx_word' id='word_1_485' title='bbox 2220 2395 2391 2446; x_wconf 80' lang='lat' dir='ltr'><strong><em>uirum</em></strong></span> <span class='ocrx_word' id='word_1_486' title='bbox 2420 2394 2486 2447; x_wconf 89' lang='lat' dir='ltr'><strong><em>ad</em></strong></span> <span class='ocrx_word' id='word_1_487' title='bbox 2519 2395 2778 2449; x_wconf 89' lang='lat' dir='ltr'><strong><em>honorem</em></strong></span> <span class='ocrx_word' id='word_1_488' title='bbox 2806 2395 3102 2450; x_wconf 85' lang='lat' dir='ltr'><strong><em>clericatus</em></strong></span> <span class='ocrx_word' id='word_1_489' title='bbox 3127 2395 3458 2466; x_wconf 80' lang='lat' dir='ltr'><strong><em>eligendum.</em></strong></span> <span class='ocrx_word' id='word_1_490' title='bbox 3499 2397 3578 2454; x_wconf 84' lang='lat' dir='ltr'><strong><em>Te</em></strong></span> 
     </span>
    </p>
   </div>
   <div class='ocr_carea' id='block_1_70' title="bbox 2005 2486 3578 2559">
    <p class='ocr_par' dir='ltr' id='par_1_70' title="bbox 2005 2486 3578 2559">
     <span class='ocr_line' id='line_1_71' title="bbox 2005 2486 3578 2559; baseline 0.004 -19"><span class='ocrx_word' id='word_1_491' title='bbox 2005 2501 2134 2541; x_wconf 89' lang='lat' dir='ltr'><strong><em>vero</em></strong></span> <span class='ocrx_word' id='word_1_492' title='bbox 2153 2501 2260 2540; x_wconf 91' lang='lat' dir='ltr'><strong><em>non</em></strong></span> <span class='ocrx_word' id='word_1_493' title='bbox 2293 2486 2370 2541; x_wconf 92' lang='lat' dir='ltr'><strong><em>ita</em></strong></span> <span class='ocrx_word' id='word_1_494' title='bbox 2389 2486 2656 2542; x_wconf 85' lang='lat' dir='ltr'><strong><em>salutaria</em></strong></span> <span class='ocrx_word' id='word_1_495' title='bbox 2684 2496 2953 2556; x_wconf 71' lang='lat' dir='ltr'><strong><em>praecepta</em></strong></span> <span class='ocrx_word' id='word_1_496' title='bbox 2975 2489 3382 2559; x_wconf 85' lang='lat' dir='ltr'><strong><em>constringunt.</em></strong></span> <span class='ocrx_word' id='word_1_497' title='bbox 3404 2489 3578 2546; x_wconf 79' lang='lat' dir='ltr'><strong><em>Aliter</em></strong></span> 
     </span>
    </p>
   </div>
   <div class='ocr_carea' id='block_1_71' title="bbox 2005 2578 3576 2649">
    <p class='ocr_par' dir='ltr' id='par_1_71' title="bbox 2005 2578 3576 2649">
     <span class='ocr_line' id='line_1_72' title="bbox 2005 2578 3576 2649; baseline 0.004 -15"><span class='ocrx_word' id='word_1_498' title='bbox 2005 2578 2298 2649; x_wconf 85' lang='lat' dir='ltr'><strong><em>ceujugati,</em></strong></span> <span class='ocrx_word' id='word_1_499' title='bbox 2325 2579 2485 2634; x_wconf 88' lang='lat' dir='ltr'><strong><em>aliter</em></strong></span> <span class='ocrx_word' id='word_1_500' title='bbox 2536 2579 2778 2646; x_wconf 79' lang='lat' dir='ltr'><strong><em>virgines</em></strong></span> <span class='ocrx_word' id='word_1_501' title='bbox 2819 2578 3181 2636; x_wconf 89' lang='lat' dir='ltr'><strong><em>admonentur</em></strong></span> <span class='ocrx_word' id='word_1_502' title='bbox 3206 2582 3576 2640; x_wconf 86' lang='lat' dir='ltr'><strong><em>ecclesiastici</em></strong></span> 
     </span>
    </p>
   </div>
   <div class='ocr_carea' id='block_1_72' title="bbox 2005 2671 3583 2733">
    <p class='ocr_par' dir='ltr' id='par_1_72' title="bbox 2005 2671 3583 2733">
     <span class='ocr_line' id='line_1_73' title="bbox 2005 2671 3583 2733; baseline 0.004 -7"><span class='ocrx_word' id='word_1_503' title='bbox 2005 2685 2145 2726; x_wconf 89' lang='lat' dir='ltr'><strong><em>onus</em></strong></span> <span class='ocrx_word' id='word_1_504' title='bbox 2201 2671 2386 2726; x_wconf 85' lang='lat' dir='ltr'><strong><em>subire</em></strong></span> <span class='ocrx_word' id='word_1_505' title='bbox 2435 2671 2749 2727; x_wconf 89' lang='lat' dir='ltr'><strong><em>ministerii.</em></strong></span> <span class='ocrx_word' id='word_1_506' title='bbox 2798 2671 3151 2728; x_wconf 84' lang='lat' dir='ltr'><strong><em>Feminarum</em></strong></span> <span class='ocrx_word' id='word_1_507' title='bbox 3190 2691 3312 2730; x_wconf 88' lang='lat' dir='ltr'><strong><em>cum</em></strong></span> <span class='ocrx_word' id='word_1_508' title='bbox 3367 2675 3583 2733; x_wconf 86' lang='lat' dir='ltr'><strong><em>clericis</em></strong></span> 
     </span>
    </p>
   </div>
   <div class='ocr_carea' id='block_1_73' title="bbox 2005 2759 3583 2833">
    <p class='ocr_par' dir='ltr' id='par_1_73' title="bbox 2005 2759 3583 2833">
     <span class='ocr_line' id='line_1_74' title="bbox 2005 2759 3583 2833; baseline 0.006 -20"><span class='ocrx_word' id='word_1_509' title='bbox 2005 2759 2159 2815; x_wconf 90' lang='lat' dir='ltr'><strong><em>nullo</em></strong></span> <span class='ocrx_word' id='word_1_510' title='bbox 2192 2769 2354 2829; x_wconf 89' lang='lat' dir='ltr'><strong><em>pacto</em></strong></span> <span class='ocrx_word' id='word_1_511' title='bbox 2401 2761 2695 2830; x_wconf 89' lang='lat' dir='ltr'><strong><em>conjuncta</em></strong></span> <span class='ocrx_word' id='word_1_512' title='bbox 2733 2764 3048 2833; x_wconf 68' lang='lat' dir='ltr'><strong><em>praccipitur</em></strong></span> <span class='ocrx_word' id='word_1_513' title='bbox 3077 2768 3443 2824; x_wconf 89' lang='lat' dir='ltr'><strong><em>conversatio.</em></strong></span> <span class='ocrx_word' id='word_1_514' title='bbox 3491 2766 3583 2826; x_wconf 72' lang='lat' dir='ltr'><strong><em>Ja-</em></strong></span> 
     </span>
    </p>
   </div>
   <div class='ocr_carea' id='block_1_74' title="bbox 2008 2853 3582 2932">
    <p class='ocr_par' dir='ltr' id='par_1_74' title="bbox 2008 2853 3582 2932">
     <span class='ocr_line' id='line_1_75' title="bbox 2008 2853 3582 2932; baseline 0.008 -26"><span class='ocrx_word' id='word_1_515' title='bbox 2008 2869 2114 2907; x_wconf 89' lang='lat' dir='ltr'><strong><em>nua</em></strong></span> <span class='ocrx_word' id='word_1_516' title='bbox 2159 2853 2386 2918; x_wconf 88' lang='lat' dir='ltr'><strong><em>diaboli,</em></strong></span> <span class='ocrx_word' id='word_1_517' title='bbox 2415 2853 2502 2909; x_wconf 77' lang='lat' dir='ltr'><strong><em>via</em></strong></span> <span class='ocrx_word' id='word_1_518' title='bbox 2553 2855 2882 2925; x_wconf 84' lang='lat' dir='ltr'><strong><em>iniquitatis,</em></strong></span> <span class='ocrx_word' id='word_1_519' title='bbox 2919 2859 3229 2929; x_wconf 88' lang='lat' dir='ltr'><strong><em>scorpionis</em></strong></span> <span class='ocrx_word' id='word_1_520' title='bbox 3275 2863 3582 2932; x_wconf 80' lang='lat' dir='ltr'><strong><em>percussio,</em></strong></span> 
     </span>
    </p>
   </div>
   <div class='ocr_carea' id='block_1_75' title="bbox 2008 2947 3576 3021">
    <p class='ocr_par' dir='ltr' id='par_1_75' title="bbox 2008 2947 3576 3021">
     <span class='ocr_line' id='line_1_76' title="bbox 2008 2947 3576 3021; baseline 0.006 -21"><span class='ocrx_word' id='word_1_521' title='bbox 2008 2947 2373 3016; x_wconf 84' lang='lat' dir='ltr'><strong><em>nocivumque</em></strong></span> <span class='ocrx_word' id='word_1_522' title='bbox 2401 2948 2572 3018; x_wconf 84' lang='lat' dir='ltr'><strong><em>genus</em></strong></span> <span class='ocrx_word' id='word_1_523' title='bbox 2601 2958 2688 3004; x_wconf 91' lang='lat' dir='ltr'><strong><em>est</em></strong></span> <span class='ocrx_word' id='word_1_524' title='bbox 2714 2949 2917 3005; x_wconf 80' lang='lat' dir='ltr'><strong><em>femina</em></strong></span> <span class='ocrx_word' id='word_1_525' title='bbox 2945 2966 3104 3010; x_wconf 85' lang='lat' dir='ltr'><strong><em>:cum</em></strong></span> <span class='ocrx_word' id='word_1_526' title='bbox 3136 2954 3433 3021; x_wconf 76' lang='lat' dir='ltr'><strong><em>proximat,</em></strong></span> <span class='ocrx_word' id='word_1_527' title='bbox 3471 2956 3576 3010; x_wconf 88' lang='lat' dir='ltr'><strong><em>sti-</em></strong></span> 
     </span>
    </p>
   </div>
   <div class='ocr_carea' id='block_1_76' title="bbox 2009 3036 3586 3115">
    <p class='ocr_par' dir='ltr' id='par_1_76' title="bbox 2009 3036 3586 3115">
     <span class='ocr_line' id='line_1_77' title="bbox 2009 3036 3586 3115; baseline 0.008 -25"><span class='ocrx_word' id='word_1_528' title='bbox 2009 3036 2196 3102; x_wconf 89' lang='lat' dir='ltr'><strong><em>mulat,</em></strong></span> <span class='ocrx_word' id='word_1_529' title='bbox 2226 3037 2466 3093; x_wconf 88' lang='lat' dir='ltr'><strong><em>incendit</em></strong></span> <span class='ocrx_word' id='word_1_530' title='bbox 2511 3037 2714 3108; x_wconf 80' lang='lat' dir='ltr'><strong><em>ignem.</em></strong></span> <span class='ocrx_word' id='word_1_531' title='bbox 2762 3041 3129 3113; x_wconf 83' lang='lat' dir='ltr'><strong><em>Flammigero</em></strong></span> <span class='ocrx_word' id='word_1_532' title='bbox 3176 3045 3301 3114; x_wconf 83' lang='lat' dir='ltr'><strong><em>igne</em></strong></span> <span class='ocrx_word' id='word_1_533' title='bbox 3346 3049 3586 3115; x_wconf 89' lang='lat' dir='ltr'><strong><em>percutit</em></strong></span> 
     </span>
    </p>
   </div>
   <div class='ocr_carea' id='block_1_77' title="bbox 2005 3127 3585 3214">
    <p class='ocr_par' dir='ltr' id='par_1_77' title="bbox 2005 3127 3585 3214">
     <span class='ocr_line' id='line_1_78' title="bbox 2005 3127 3585 3214; baseline 0.007 -30"><span class='ocrx_word' id='word_1_534' title='bbox 2005 3127 2214 3214; x_wconf 74' lang='lat' dir='ltr'><strong><em>femina</em></strong></span> <span class='ocrx_word' id='word_1_535' title='bbox 2233 3131 2628 3186; x_wconf 88' lang='lat' dir='ltr'><strong><em>conscientiam</em></strong></span> <span class='ocrx_word' id='word_1_536' title='bbox 2677 3133 2888 3202; x_wconf 90' lang='lat' dir='ltr'><strong><em>pariter</em></strong></span> <span class='ocrx_word' id='word_1_537' title='bbox 2927 3135 3258 3205; x_wconf 85' lang='lat' dir='ltr'><strong><em>habitantis,</em></strong></span> <span class='ocrx_word' id='word_1_538' title='bbox 3294 3142 3585 3212; x_wconf 79' lang='lat' dir='ltr'><strong><em>exuritque</em></strong></span> 
     </span>
    </p>
   </div>
   <div class='ocr_carea' id='block_1_78' title="bbox 2009 3221 3584 3299">
    <p class='ocr_par' dir='ltr' id='par_1_78' title="bbox 2009 3221 3584 3299">
     <span class='ocr_line' id='line_1_79' title="bbox 2009 3221 3584 3299; baseline 0.008 -23"><span class='ocrx_word' id='word_1_539' title='bbox 2009 3221 2364 3277; x_wconf 80' lang='lat' dir='ltr'><strong><em>fundamenta</em></strong></span> <span class='ocrx_word' id='word_1_540' title='bbox 2407 3226 2696 3280; x_wconf 90' lang='lat' dir='ltr'><strong><em>montium.</em></strong></span> <span class='ocrx_word' id='word_1_541' title='bbox 2728 3226 2842 3299; x_wconf 86' lang='lat' dir='ltr'><strong><em>Ego</em></strong></span> <span class='ocrx_word' id='word_1_542' title='bbox 2868 3229 3082 3298; x_wconf 89' lang='lat' dir='ltr'><strong><em>judico,</em></strong></span> <span class='ocrx_word' id='word_1_543' title='bbox 3117 3231 3163 3285; x_wconf 89' lang='lat' dir='ltr'><strong><em>si</em></strong></span> <span class='ocrx_word' id='word_1_544' title='bbox 3198 3247 3322 3286; x_wconf 90' lang='lat' dir='ltr'><strong><em>cum</em></strong></span> <span class='ocrx_word' id='word_1_545' title='bbox 3352 3234 3484 3290; x_wconf 89' lang='lat' dir='ltr'><strong><em>viris</em></strong></span> <span class='ocrx_word' id='word_1_546' title='bbox 3507 3235 3584 3289; x_wconf 82' lang='lat' dir='ltr'><strong><em>fe-</em></strong></span> 
     </span>
    </p>
   </div>
   <div class='ocr_carea' id='block_1_79' title="bbox 2008 3313 3585 3394">
    <p class='ocr_par' dir='ltr' id='par_1_79' title="bbox 2008 3313 3585 3394">
     <span class='ocr_line' id='line_1_80' title="bbox 2008 3313 3585 3394; baseline 0.01 -26"><span class='ocrx_word' id='word_1_547' title='bbox 2008 3313 2168 3370; x_wconf 65' lang='lat' dir='ltr'><strong><em>mina?</em></strong></span> <span class='ocrx_word' id='word_1_548' title='bbox 2213 3315 2481 3382; x_wconf 88' lang='lat' dir='ltr'><strong><em>habitent,</em></strong></span> <span class='ocrx_word' id='word_1_549' title='bbox 2513 3317 2805 3374; x_wconf 82' lang='lat' dir='ltr'><strong><em>viscarium</em></strong></span> <span class='ocrx_word' id='word_1_550' title='bbox 2859 3336 2968 3377; x_wconf 91' lang='lat' dir='ltr'><strong><em>non</em></strong></span> <span class='ocrx_word' id='word_1_551' title='bbox 3015 3321 3202 3378; x_wconf 72' lang='lat' dir='ltr'><strong><em>‘deerit</em></strong></span> <span class='ocrx_word' id='word_1_552' title='bbox 3239 3325 3440 3381; x_wconf 89' lang='lat' dir='ltr'><strong><em>diaboli</em></strong></span> <span class='ocrx_word' id='word_1_553' title='bbox 3471 3343 3486 3394; x_wconf 90' lang='lat'><strong>;</strong></span> <span class='ocrx_word' id='word_1_554' title='bbox 3518 3343 3585 3383; x_wconf 78' lang='lat' dir='ltr'><strong><em>ex</em></strong></span> 
     </span>
    </p>
   </div>
   <div class='ocr_carea' id='block_1_80' title="bbox 2008 3407 3588 3482">
    <p class='ocr_par' dir='ltr' id='par_1_80' title="bbox 2008 3407 3588 3482">
     <span class='ocr_line' id='line_1_81' title="bbox 2008 3407 3588 3482; baseline 0.011 -22"><span class='ocrx_word' id='word_1_555' title='bbox 2008 3407 2088 3462; x_wconf 90' lang='lat' dir='ltr'><strong><em>eis</em></strong></span> <span class='ocrx_word' id='word_1_556' title='bbox 2113 3418 2420 3476; x_wconf 85' lang='lat' dir='ltr'><strong><em>aucupatus</em></strong></span> <span class='ocrx_word' id='word_1_557' title='bbox 2452 3418 2535 3464; x_wconf 81' lang='lat' dir='ltr'><strong><em>est</em></strong></span> <span class='ocrx_word' id='word_1_558' title='bbox 2559 3411 2628 3466; x_wconf 86' lang='lat' dir='ltr'><strong><em>ab</em></strong></span> <span class='ocrx_word' id='word_1_559' title='bbox 2659 3411 2816 3467; x_wconf 89' lang='lat' dir='ltr'><strong><em>initio</em></strong></span> <span class='ocrx_word' id='word_1_560' title='bbox 2842 3415 3398 3482; x_wconf 85' lang='lat' dir='ltr'><strong><em>peccatum.Ferreas</em></strong></span> <span class='ocrx_word' id='word_1_561' title='bbox 3433 3435 3588 3476; x_wconf 85' lang='lat' dir='ltr'><strong><em>men-</em></strong></span> 
     </span>
    </p>
   </div>
   <div class='ocr_carea' id='block_1_81' title="bbox 2013 3500 3588 3581">
    <p class='ocr_par' dir='ltr' id='par_1_81' title="bbox 2013 3500 3588 3581">
     <span class='ocr_line' id='line_1_82' title="bbox 2013 3500 3588 3581; baseline 0.011 -28"><span class='ocrx_word' id='word_1_562' title='bbox 2013 3511 2095 3554; x_wconf 83' lang='lat' dir='ltr'><strong><em>tes</em></strong></span> <span class='ocrx_word' id='word_1_563' title='bbox 2127 3500 2296 3555; x_wconf 87' lang='lat' dir='ltr'><strong><em>libido</em></strong></span> <span class='ocrx_word' id='word_1_564' title='bbox 2329 3505 2517 3556; x_wconf 89' lang='lat' dir='ltr'><strong><em>domat</em></strong></span> <span class='ocrx_word' id='word_1_565' title='bbox 2551 3520 2567 3561; x_wconf 85' lang='lat'><strong>:</strong></span> <span class='ocrx_word' id='word_1_566' title='bbox 2601 3503 2660 3558; x_wconf 86' lang='lat' dir='ltr'><strong><em>Si</em></strong></span> <span class='ocrx_word' id='word_1_567' title='bbox 2687 3505 2989 3577; x_wconf 78' lang='lat' dir='ltr'><strong><em>alligaverit</em></strong></span> <span class='ocrx_word' id='word_1_568' title='bbox 3023 3512 3142 3580; x_wconf 87' lang='lat' dir='ltr'><strong><em>quis</em></strong></span> <span class='ocrx_word' id='word_1_569' title='bbox 3170 3510 3339 3581; x_wconf 86' lang='lat' dir='ltr'><strong><em>ignem</em></strong></span> <span class='ocrx_word' id='word_1_570' title='bbox 3372 3515 3426 3568; x_wconf 86' lang='lat' dir='ltr'><strong><em>in</em></strong></span> <span class='ocrx_word' id='word_1_571' title='bbox 3464 3516 3588 3570; x_wconf 84' lang='lat' dir='ltr'><strong><em>sinu</em></strong></span> 
     </span>
    </p>
   </div>
   <div class='ocr_carea' id='block_1_82' title="bbox 1945 3593 3588 3678">
    <p class='ocr_par' dir='ltr' id='par_1_82' title="bbox 1945 3593 3588 3678">
     <span class='ocr_line' id='line_1_83' title="bbox 1945 3593 3588 3678; baseline 0.011 -34"><span class='ocrx_word' id='word_1_572' title='bbox 1945 3603 1951 3610; x_wconf 84' lang='lat'>&#39;</span> <span class='ocrx_word' id='word_1_573' title='bbox 2009 3607 2131 3657; x_wconf 84' lang='lat' dir='ltr'><strong><em>suo,</em></strong></span> <span class='ocrx_word' id='word_1_574' title='bbox 2154 3593 2465 3648; x_wconf 80' lang='lat' dir='ltr'><strong><em>uestimenta</em></strong></span> <span class='ocrx_word' id='word_1_575' title='bbox 2494 3595 2608 3664; x_wconf 84' lang='lat' dir='ltr'><strong><em>ejus</em></strong></span> <span class='ocrx_word' id='word_1_576' title='bbox 2640 3613 2744 3650; x_wconf 85' lang='lat' dir='ltr'><strong><em>non</em></strong></span> <span class='ocrx_word' id='word_1_577' title='bbox 2789 3599 3164 3656; x_wconf 85' lang='lat' dir='ltr'><strong><em>comburentur</em></strong></span> <span class='ocrx_word' id='word_1_578' title='bbox 3188 3604 3214 3657; x_wconf 81' lang='lat'><strong><em>.’</em></strong></span> <span class='ocrx_word' id='word_1_579' title='bbox 3241 3607 3348 3659; x_wconf 78' lang='lat' dir='ltr'><strong><em>Aut</em></strong></span> <span class='ocrx_word' id='word_1_580' title='bbox 3397 3609 3443 3660; x_wconf 84' lang='lat' dir='ltr'><strong><em>si</em></strong></span> <span class='ocrx_word' id='word_1_581' title='bbox 3472 3610 3588 3678; x_wconf 85' lang='lat' dir='ltr'><strong><em>quis</em></strong></span> 
     </span>
    </p>
   </div>
   <div class='ocr_carea' id='block_1_83' title="bbox 2011 3682 3588 3762">
    <p class='ocr_par' dir='ltr' id='par_1_83' title="bbox 2011 3682 3588 3762">
     <span class='ocr_line' id='line_1_84' title="bbox 2011 3682 3588 3762; baseline 0.011 -26"><span class='ocrx_word' id='word_1_582' title='bbox 2011 3682 2361 3739; x_wconf 78' lang='lat' dir='ltr'><strong><em>ambulaverit</em></strong></span> <span class='ocrx_word' id='word_1_583' title='bbox 2403 3701 2565 3756; x_wconf 80' lang='lat' dir='ltr'><strong><em>super</em></strong></span> <span class='ocrx_word' id='word_1_584' title='bbox 2624 3688 2875 3744; x_wconf 86' lang='lat' dir='ltr'><strong><em>carbones</em></strong></span> <span class='ocrx_word' id='word_1_585' title='bbox 2927 3692 3087 3761; x_wconf 86' lang='lat' dir='ltr'><strong><em>ignis,</em></strong></span> <span class='ocrx_word' id='word_1_586' title='bbox 3117 3695 3275 3762; x_wconf 82' lang='lat' dir='ltr'><strong><em>pedes</em></strong></span> <span class='ocrx_word' id='word_1_587' title='bbox 3325 3713 3450 3752; x_wconf 90' lang='lat' dir='ltr'><strong><em>suos</em></strong></span> <span class='ocrx_word' id='word_1_588' title='bbox 3484 3715 3588 3754; x_wconf 81' lang='lat' dir='ltr'><strong><em>non</em></strong></span> 
     </span>
    </p>
   </div>
   <div class='ocr_carea' id='block_1_84' title="bbox 2013 3775 2881 3852">
    <p class='ocr_par' dir='ltr' id='par_1_84' title="bbox 2013 3775 2881 3852">
     <span class='ocr_line' id='line_1_85' title="bbox 2013 3775 2881 3852; baseline 0.005 -22"><span class='ocrx_word' id='word_1_589' title='bbox 2013 3775 2280 3830; x_wconf 82' lang='lat' dir='ltr'><strong><em>comburet</em></strong></span> <span class='ocrx_word' id='word_1_590' title='bbox 2303 3778 2486 3846; x_wconf 82' lang='lat' dir='ltr'><strong><em>(Prov.</em></strong></span> <span class='ocrx_word' id='word_1_591' title='bbox 2510 3785 2594 3844; x_wconf 84' lang='lat' dir='ltr'><strong><em>vi,</em></strong></span> <span class='ocrx_word' id='word_1_592' title='bbox 2623 3779 2715 3845; x_wconf 67' lang='lat'><strong><em>26,</em></strong></span> <span class='ocrx_word' id='word_1_593' title='bbox 2742 3781 2834 3852; x_wconf 72' lang='lat'><strong><em>27)</em></strong></span> <span class='ocrx_word' id='word_1_594' title='bbox 2857 3783 2881 3834; x_wconf 87' lang='lat'><strong>?</strong></span> 
     </span>
    </p>
   </div>
   <div class='ocr_carea' id='block_1_85' title="bbox 2085 3855 3588 3942">
    <p class='ocr_par' dir='ltr' id='par_1_85' title="bbox 2085 3855 3588 3942">
     <span class='ocr_line' id='line_1_86' title="bbox 2085 3855 3588 3942; baseline 0.013 -20"><span class='ocrx_word' id='word_1_595' title='bbox 2085 3867 2175 3924; x_wconf 90' lang='lat' dir='ltr'><strong><em>IV.</em></strong></span> <span class='ocrx_word' id='word_1_596' title='bbox 2209 3855 2336 3924; x_wconf 80' lang='lat' dir='ltr'><strong><em>Mihi</em></strong></span> <span class='ocrx_word' id='word_1_597' title='bbox 2379 3871 2564 3936; x_wconf 88' lang='lat' dir='ltr'><strong><em>crede,</em></strong></span> <span class='ocrx_word' id='word_1_598' title='bbox 2601 3887 2706 3926; x_wconf 88' lang='lat' dir='ltr'><strong><em>non</em></strong></span> <span class='ocrx_word' id='word_1_599' title='bbox 2758 3882 2941 3942; x_wconf 88' lang='lat' dir='ltr'><strong><em>potest</em></strong></span> <span class='ocrx_word' id='word_1_600' title='bbox 2983 3885 3097 3934; x_wconf 88' lang='lat' dir='ltr'><strong><em>toto</em></strong></span> <span class='ocrx_word' id='word_1_601' title='bbox 3124 3881 3288 3936; x_wconf 85' lang='lat' dir='ltr'><strong><em>corde</em></strong></span> <span class='ocrx_word' id='word_1_602' title='bbox 3315 3897 3438 3938; x_wconf 89' lang='lat' dir='ltr'><strong><em>cum</em></strong></span> <span class='ocrx_word' id='word_1_603' title='bbox 3478 3884 3588 3940; x_wconf 84' lang='lat' dir='ltr'><strong><em>Do-</em></strong></span> 
     </span>
    </p>
   </div>
   <div class='ocr_carea' id='block_1_86' title="bbox 2016 3964 3589 4049">
    <p class='ocr_par' dir='ltr' id='par_1_86' title="bbox 2016 3964 3589 4049">
     <span class='ocr_line' id='line_1_87' title="bbox 2016 3964 3589 4049; baseline 0.01 -31"><span class='ocrx_word' id='word_1_604' title='bbox 2016 3965 2166 4018; x_wconf 89' lang='lat' dir='ltr'><strong><em>mino</em></strong></span> <span class='ocrx_word' id='word_1_605' title='bbox 2207 3964 2484 4030; x_wconf 82' lang='lat' dir='ltr'><strong><em>habitare,</em></strong></span> <span class='ocrx_word' id='word_1_606' title='bbox 2525 3968 2616 4036; x_wconf 91' lang='lat' dir='ltr'><strong><em>qui</em></strong></span> <span class='ocrx_word' id='word_1_607' title='bbox 2652 3966 2976 4024; x_wconf 88' lang='lat' dir='ltr'><strong><em>leminarum</em></strong></span> <span class='ocrx_word' id='word_1_608' title='bbox 3017 3975 3334 4048; x_wconf 82' lang='lat' dir='ltr'><strong><em>accessibus</em></strong></span> <span class='ocrx_word' id='word_1_609' title='bbox 3361 3980 3589 4049; x_wconf 80' lang='lat' dir='ltr'><strong><em>capula-</em></strong></span> 
     </span>
    </p>
   </div>
   <div class='ocr_carea' id='block_1_87' title="bbox 2018 4054 3592 4132">
    <p class='ocr_par' dir='ltr' id='par_1_87' title="bbox 2018 4054 3592 4132">
     <span class='ocr_line' id='line_1_88' title="bbox 2018 4054 3592 4132; baseline 0.011 -25"><span class='ocrx_word' id='word_1_610' title='bbox 2018 4063 2125 4110; x_wconf 92' lang='lat' dir='ltr'><strong><em>tur.</em></strong></span> <span class='ocrx_word' id='word_1_611' title='bbox 2176 4054 2286 4111; x_wconf 88' lang='lat' dir='ltr'><strong><em>Sed</em></strong></span> <span class='ocrx_word' id='word_1_612' title='bbox 2333 4057 2508 4112; x_wconf 89' lang='lat' dir='ltr'><strong><em>dicis:</em></strong></span> <span class='ocrx_word' id='word_1_613' title='bbox 2546 4057 2650 4122; x_wconf 81' lang='lat' dir='ltr'><strong><em>Qui</em></strong></span> <span class='ocrx_word' id='word_1_614' title='bbox 2690 4058 2927 4114; x_wconf 82' lang='lat' dir='ltr'><strong><em>ambulat</em></strong></span> <span class='ocrx_word' id='word_1_615' title='bbox 2982 4064 3312 4132; x_wconf 79' lang='lat' dir='ltr'><strong><em>simpliciter,</em></strong></span> <span class='ocrx_word' id='word_1_616' title='bbox 3351 4070 3592 4125; x_wconf 89' lang='lat' dir='ltr'><strong><em>ambulat</em></strong></span> 
     </span>
    </p>
   </div>
   <div class='ocr_carea' id='block_1_88' title="bbox 2015 4147 3596 4232">
    <p class='ocr_par' dir='ltr' id='par_1_88' title="bbox 2015 4147 3596 4232">
     <span class='ocr_line' id='line_1_89' title="bbox 2015 4147 3596 4232; baseline 0.011 -31"><span class='ocrx_word' id='word_1_617' title='bbox 2015 4147 2336 4216; x_wconf 75' lang='lat' dir='ltr'><strong><em>conﬁdenter</em></strong></span> <span class='ocrx_word' id='word_1_618' title='bbox 2361 4147 2544 4218; x_wconf 84' lang='lat' dir='ltr'><strong><em>(Prov.</em></strong></span> <span class='ocrx_word' id='word_1_619' title='bbox 2581 4166 2634 4214; x_wconf 69' lang='grc' dir='ltr'><strong>κ,</strong></span> <span class='ocrx_word' id='word_1_620' title='bbox 2665 4151 2744 4214; x_wconf 90' lang='lat'><strong><em>9).</em></strong></span> <span class='ocrx_word' id='word_1_621' title='bbox 2784 4151 2928 4207; x_wconf 77' lang='lat' dir='ltr'><strong><em>Bene</em></strong></span> <span class='ocrx_word' id='word_1_622' title='bbox 2967 4163 3022 4210; x_wconf 90' lang='lat' dir='ltr'><strong><em>et</em></strong></span> <span class='ocrx_word' id='word_1_623' title='bbox 3052 4167 3260 4227; x_wconf 85' lang='lat' dir='ltr'><strong><em>argute.</em></strong></span> <span class='ocrx_word' id='word_1_624' title='bbox 3293 4159 3398 4216; x_wconf 85' lang='lat' dir='ltr'><strong><em>Sed</em></strong></span> <span class='ocrx_word' id='word_1_625' title='bbox 3432 4177 3596 4232; x_wconf 82' lang='lat' dir='ltr'><strong><em>opor-</em></strong></span> 
     </span>
    </p>
   </div>
   <div class='ocr_carea' id='block_1_89' title="bbox 2017 4242 3594 4327">
    <p class='ocr_par' dir='ltr' id='par_1_89' title="bbox 2017 4242 3594 4327">
     <span class='ocr_line' id='line_1_90' title="bbox 2017 4242 3594 4327; baseline 0.014 -36"><span class='ocrx_word' id='word_1_626' title='bbox 2017 4247 2096 4294; x_wconf 89' lang='lat' dir='ltr'><strong><em>tet</em></strong></span> <span class='ocrx_word' id='word_1_627' title='bbox 2149 4248 2202 4295; x_wconf 90' lang='lat' dir='ltr'><strong><em>te</em></strong></span> <span class='ocrx_word' id='word_1_628' title='bbox 2235 4242 2584 4295; x_wconf 84' lang='lat' dir='ltr'><strong><em>testiinonium</em></strong></span> <span class='ocrx_word' id='word_1_629' title='bbox 2621 4244 2813 4298; x_wconf 85' lang='lat' dir='ltr'><strong><em>bonum</em></strong></span> <span class='ocrx_word' id='word_1_630' title='bbox 2865 4247 3058 4303; x_wconf 84' lang='lat' dir='ltr'><strong><em>habere</em></strong></span> <span class='ocrx_word' id='word_1_631' title='bbox 3093 4267 3158 4306; x_wconf 74' lang='lat' dir='ltr'><strong><em>ex</em></strong></span> <span class='ocrx_word' id='word_1_632' title='bbox 3209 4253 3288 4309; x_wconf 88' lang='lat' dir='ltr'><strong><em>Itis</em></strong></span> <span class='ocrx_word' id='word_1_633' title='bbox 3335 4257 3426 4326; x_wconf 88' lang='lat' dir='ltr'><strong><em>qui</em></strong></span> <span class='ocrx_word' id='word_1_634' title='bbox 3462 4259 3594 4327; x_wconf 84' lang='lat' dir='ltr'><strong><em>[oris</em></strong></span> 
     </span>
    </p>
   </div>
   <div class='ocr_carea' id='block_1_90' title="bbox 2018 4330 3598 4407">
    <p class='ocr_par' dir='ltr' id='par_1_90' title="bbox 2018 4330 3598 4407">
     <span class='ocr_line' id='line_1_91' title="bbox 2018 4330 3598 4407; baseline 0.015 -23"><span class='ocrx_word' id='word_1_635' title='bbox 2018 4341 2140 4387; x_wconf 86' lang='lat' dir='ltr'><strong><em>sunt</em></strong></span> <span class='ocrx_word' id='word_1_636' title='bbox 2172 4330 2224 4403; x_wconf 88' lang='grc' dir='ltr'><strong><em>(ι</em></strong></span> <span class='ocrx_word' id='word_1_637' title='bbox 2259 4331 2397 4387; x_wconf 87' lang='lat' dir='ltr'><strong><em>Tim.</em></strong></span> <span class='ocrx_word' id='word_1_638' title='bbox 2433 4349 2515 4399; x_wconf 88' lang='lat' dir='ltr'><strong><em>tn,</em></strong></span> <span class='ocrx_word' id='word_1_639' title='bbox 2557 4336 2635 4402; x_wconf 89' lang='lat'><strong><em>7).</em></strong></span> <span class='ocrx_word' id='word_1_640' title='bbox 2689 4335 2842 4394; x_wconf 85' lang='lat' dir='ltr'><strong><em>Licet</em></strong></span> <span class='ocrx_word' id='word_1_641' title='bbox 2887 4354 3069 4397; x_wconf 86' lang='lat' dir='ltr'><strong><em>coram</em></strong></span> <span class='ocrx_word' id='word_1_642' title='bbox 3105 4344 3218 4401; x_wconf 88' lang='lat' dir='ltr'><strong><em>Deo</em></strong></span> <span class='ocrx_word' id='word_1_643' title='bbox 3267 4355 3412 4404; x_wconf 88' lang='lat' dir='ltr'><strong><em>recte</em></strong></span> <span class='ocrx_word' id='word_1_644' title='bbox 3445 4351 3598 4407; x_wconf 83' lang='lat' dir='ltr'><strong><em>ince-</em></strong></span> 
     </span>
    </p>
   </div>
   <div class='ocr_carea' id='block_1_91' title="bbox 332 4412 3596 4509">
    <p class='ocr_par' dir='ltr' id='par_1_91' title="bbox 332 4412 3596 4509">
     <span class='ocr_line' id='line_1_92' title="bbox 332 4412 3596 4509; baseline -0.003 -41"><span class='ocrx_word' id='word_1_645' title='bbox 332 4419 410 4468; x_wconf 84' lang='lat' dir='ltr'><strong><em>ab</em></strong></span> <span class='ocrx_word' id='word_1_646' title='bbox 435 4415 992 4479; x_wconf 81' lang='lat' dir='ltr'><strong><em>Apostolosumamus</em></strong></span> <span class='ocrx_word' id='word_1_647' title='bbox 1011 4412 1326 4509; x_wconf 76' lang='lat' dir='ltr'><strong><em>exordium,</em></strong></span> <span class='ocrx_word' id='word_1_648' title='bbox 1348 4414 1594 4509; x_wconf 33' lang='lat' dir='ltr'><strong><em>qtt-i-ait:</em></strong></span> <span class='ocrx_word' id='word_1_649' title='bbox 1631 4412 1914 4469; x_wconf 84' lang='lat' dir='ltr'><strong><em>Humanus</em></strong></span> <span class='ocrx_word' id='word_1_650' title='bbox 1950 4439 1992 4496; x_wconf 72' lang='grc' dir='ltr'>υ</span> <span class='ocrx_word' id='word_1_651' title='bbox 2022 4425 2141 4491; x_wconf 61' lang='lat' dir='ltr'><strong><em>das,</em></strong></span> <span class='ocrx_word' id='word_1_652' title='bbox 2197 4433 2382 4480; x_wconf 53' lang='lat' dir='ltr'><strong><em>tamen</em></strong></span> <span class='ocrx_word' id='word_1_653' title='bbox 2449 4441 2634 4482; x_wconf 69' lang='lat' dir='ltr'><strong><em>coram</em></strong></span> <span class='ocrx_word' id='word_1_654' title='bbox 2689 4429 3004 4489; x_wconf 59' lang='lat' dir='ltr'><strong><em>hominibus</em></strong></span> <span class='ocrx_word' id='word_1_655' title='bbox 3060 4436 3201 4491; x_wconf 62' lang='lat' dir='ltr'><strong><em>hom</em></strong></span> <span class='ocrx_word' id='word_1_656' title='bbox 3259 4442 3596 4509; x_wconf 47' lang='lat' dir='ltr'><strong>providenda</strong></span> 
     </span>
    </p>
   </div>
   <div class='ocr_carea' id='block_1_92' title="bbox 333 4503 1914 4575">
    <p class='ocr_par' dir='ltr' id='par_1_92' title="bbox 333 4503 1914 4575">
     <span class='ocr_line' id='line_1_93' title="bbox 333 4503 1914 4575; baseline 0 -17"><span class='ocrx_word' id='word_1_657' title='bbox 333 4519 513 4558; x_wconf 86' lang='lat' dir='ltr'><strong><em>sermo</em></strong></span> <span class='ocrx_word' id='word_1_658' title='bbox 557 4511 607 4555; x_wconf 88' lang='lat' dir='ltr'><strong><em>et</em></strong></span> <span class='ocrx_word' id='word_1_659' title='bbox 654 4504 796 4556; x_wconf 87' lang='lat' dir='ltr'><strong><em>omni</em></strong></span> <span class='ocrx_word' id='word_1_660' title='bbox 826 4503 1123 4570; x_wconf 81' lang='lat' dir='ltr'><strong><em>acceptione</em></strong></span> <span class='ocrx_word' id='word_1_661' title='bbox 1150 4503 1364 4573; x_wconf 85' lang='lat' dir='ltr'><strong><em>dignus.</em></strong></span> <span class='ocrx_word' id='word_1_662' title='bbox 1397 4503 1456 4557; x_wconf 90' lang='lat' dir='ltr'><strong><em>Si</em></strong></span> <span class='ocrx_word' id='word_1_663' title='bbox 1497 4507 1616 4573; x_wconf 87' lang='lat' dir='ltr'><strong><em>quis</em></strong></span> <span class='ocrx_word' id='word_1_664' title='bbox 1645 4508 1914 4575; x_wconf 83' lang='lat' dir='ltr'><strong><em>episcopa—</em></strong></span> 
     </span>
    </p>
   </div>
   <div class='ocr_carea' id='block_1_93' title="bbox 335 4591 1918 4663">
    <p class='ocr_par' dir='ltr' id='par_1_93' title="bbox 335 4591 1918 4663">
     <span class='ocr_line' id='line_1_94' title="bbox 335 4591 1918 4663; baseline 0.001 -14"><span class='ocrx_word' id='word_1_665' title='bbox 335 4607 454 4649; x_wconf 70' lang='lat' dir='ltr'><strong><em>tum</em></strong></span> <span class='ocrx_word' id='word_1_666' title='bbox 482 4594 774 4660; x_wconf 80' lang='lat' dir='ltr'><strong><em>desiderat,</em></strong></span> <span class='ocrx_word' id='word_1_667' title='bbox 807 4591 1000 4646; x_wconf 84' lang='lat' dir='ltr'><strong><em>bonum</em></strong></span> <span class='ocrx_word' id='word_1_668' title='bbox 1039 4609 1168 4662; x_wconf 86' lang='lat' dir='ltr'><strong><em>opus</em></strong></span> <span class='ocrx_word' id='word_1_669' title='bbox 1197 4594 1485 4649; x_wconf 87' lang='lat' dir='ltr'><strong><em>desiderat.</em></strong></span> <span class='ocrx_word' id='word_1_670' title='bbox 1516 4596 1733 4663; x_wconf 83' lang='lat' dir='ltr'><strong><em>Oportet</em></strong></span> <span class='ocrx_word' id='word_1_671' title='bbox 1777 4600 1918 4651; x_wconf 87' lang='lat' dir='ltr'><strong><em>enim</em></strong></span> 
     </span>
    </p>
   </div>
   <div class='ocr_carea' id='block_1_94' title="bbox 332 4683 1920 4757">
    <p class='ocr_par' dir='ltr' id='par_1_94' title="bbox 332 4683 1920 4757">
     <span class='ocr_line' id='line_1_95' title="bbox 332 4683 1920 4757; baseline 0.003 -19"><span class='ocrx_word' id='word_1_672' title='bbox 332 4689 641 4756; x_wconf 79' lang='lat' dir='ltr'><strong><em>episcopum</em></strong></span> <span class='ocrx_word' id='word_1_673' title='bbox 689 4683 1194 4752; x_wconf 84' lang='lat' dir='ltr'><strong><em>irreprelieusibilem</em></strong></span> <span class='ocrx_word' id='word_1_674' title='bbox 1253 4701 1388 4750; x_wconf 87' lang='lat' dir='ltr'><strong><em>esse,</em></strong></span> <span class='ocrx_word' id='word_1_675' title='bbox 1434 4689 1668 4741; x_wconf 87' lang='lat' dir='ltr'><strong><em>sobrium</em></strong></span> <span class='ocrx_word' id='word_1_676' title='bbox 1697 4727 1714 4753; x_wconf 92' lang='lat'><strong><em>,</em></strong></span> <span class='ocrx_word' id='word_1_677' title='bbox 1763 4691 1920 4757; x_wconf 86' lang='lat' dir='ltr'><strong><em>pudi-</em></strong></span> 
     </span>
    </p>
   </div>
   <div class='ocr_carea' id='block_1_95' title="bbox 331 4775 1914 4846">
    <p class='ocr_par' dir='ltr' id='par_1_95' title="bbox 331 4775 1914 4846">
     <span class='ocr_line' id='line_1_96' title="bbox 331 4775 1914 4846; baseline 0.003 -17"><span class='ocrx_word' id='word_1_678' title='bbox 331 4792 482 4840; x_wconf 83' lang='lat' dir='ltr'><strong><em>cum,</em></strong></span> <span class='ocrx_word' id='word_1_679' title='bbox 541 4775 844 4843; x_wconf 84' lang='lat' dir='ltr'><strong><em>benignum,</em></strong></span> <span class='ocrx_word' id='word_1_680' title='bbox 906 4786 1174 4840; x_wconf 80' lang='lat' dir='ltr'><strong><em>ornatum,</em></strong></span> <span class='ocrx_word' id='word_1_681' title='bbox 1226 4775 1567 4846; x_wconf 80' lang='lat' dir='ltr'><strong><em>hospitalem,</em></strong></span> <span class='ocrx_word' id='word_1_682' title='bbox 1611 4780 1914 4846; x_wconf 85' lang='lat' dir='ltr'><strong><em>docibilem,</em></strong></span> 
     </span>
    </p>
   </div>
   <div class='ocr_carea' id='block_1_96' title="bbox 333 4870 1912 4940">
    <p class='ocr_par' dir='ltr' id='par_1_96' title="bbox 333 4870 1912 4940">
     <span class='ocr_line' id='line_1_97' title="bbox 333 4870 1912 4940; baseline 0.004 -21"><span class='ocrx_word' id='word_1_683' title='bbox 333 4885 441 4919; x_wconf 80' lang='lat' dir='ltr'><strong><em>non</em></strong></span> <span class='ocrx_word' id='word_1_684' title='bbox 477 4882 854 4934; x_wconf 78' lang='lat' dir='ltr'><strong><em>percussorem,</em></strong></span> <span class='ocrx_word' id='word_1_685' title='bbox 881 4870 970 4920; x_wconf 87' lang='lat' dir='ltr'><strong><em>sed</em></strong></span> <span class='ocrx_word' id='word_1_686' title='bbox 993 4871 1306 4935; x_wconf 83' lang='lat' dir='ltr'><strong><em>modestum,</em></strong></span> <span class='ocrx_word' id='word_1_687' title='bbox 1335 4885 1436 4922; x_wconf 88' lang='lat' dir='ltr'><strong><em>non</em></strong></span> <span class='ocrx_word' id='word_1_688' title='bbox 1468 4871 1778 4940; x_wconf 78' lang='lat' dir='ltr'><strong><em>litigiosum,</em></strong></span> <span class='ocrx_word' id='word_1_689' title='bbox 1807 4890 1912 4927; x_wconf 85' lang='lat' dir='ltr'><strong><em>non</em></strong></span> 
     </span>
    </p>
   </div>
   <div class='ocr_carea' id='block_1_97' title="bbox 332 4961 1914 5032">
    <p class='ocr_par' dir='ltr' id='par_1_97' title="bbox 332 4961 1914 5032">
     <span class='ocr_line' id='line_1_98' title="bbox 332 4961 1914 5032; baseline 0.004 -20"><span class='ocrx_word' id='word_1_690' title='bbox 332 4964 680 5024; x_wconf 68' lang='lat' dir='ltr'><strong><em>vinolentum,</em></strong></span> <span class='ocrx_word' id='word_1_691' title='bbox 712 4961 890 5013; x_wconf 88' lang='lat' dir='ltr'><strong><em>domui</em></strong></span> <span class='ocrx_word' id='word_1_692' title='bbox 922 4975 1033 5014; x_wconf 72' lang='lat' dir='ltr'><strong><em>sua:</em></strong></span> <span class='ocrx_word' id='word_1_693' title='bbox 1057 4962 1144 5029; x_wconf 88' lang='lat' dir='ltr'><strong><em>qui</em></strong></span> <span class='ocrx_word' id='word_1_694' title='bbox 1173 4963 1296 5015; x_wconf 86' lang='lat' dir='ltr'><strong><em>bene</em></strong></span> <span class='ocrx_word' id='word_1_695' title='bbox 1325 4971 1511 5029; x_wconf 74' lang='lat' dir='ltr'><strong><em>praeest</em></strong></span> <span class='ocrx_word' id='word_1_696' title='bbox 1559 4963 1608 5031; x_wconf 79' lang='grc' dir='ltr'><strong><em>(Ι</em></strong></span> <span class='ocrx_word' id='word_1_697' title='bbox 1653 4964 1790 5019; x_wconf 80' lang='lat' dir='ltr'><strong><em>Tim.</em></strong></span> <span class='ocrx_word' id='word_1_698' title='bbox 1830 4981 1914 5032; x_wconf 87' lang='lat' dir='ltr'><strong><em>nt,</em></strong></span> 
     </span>
    </p>
   </div>
   <div class='ocr_carea' id='block_1_98' title="bbox 334 5051 1917 5125">
    <p class='ocr_par' dir='ltr' id='par_1_98' title="bbox 334 5051 1917 5125">
     <span class='ocr_line' id='line_1_99' title="bbox 334 5051 1917 5125; baseline 0.005 -21"><span class='ocrx_word' id='word_1_699' title='bbox 334 5053 362 5104; x_wconf 77' lang='grc'><strong>1</strong></span> <span class='ocrx_word' id='word_1_700' title='bbox 405 5056 572 5120; x_wconf 70' lang='lat' dir='ltr'><strong><em>seqq.)</em></strong></span> <span class='ocrx_word' id='word_1_701' title='bbox 613 5067 626 5103; x_wconf 90' lang='lat'><strong>:</strong></span> <span class='ocrx_word' id='word_1_702' title='bbox 664 5063 719 5104; x_wconf 89' lang='lat' dir='ltr'><strong><em>et</em></strong></span> <span class='ocrx_word' id='word_1_703' title='bbox 749 5051 976 5121; x_wconf 81' lang='lat' dir='ltr'><strong><em>reliqua.</em></strong></span> <span class='ocrx_word' id='word_1_704' title='bbox 999 5051 1196 5125; x_wconf 72' lang='lat' dir='ltr'><strong><em>Totum</em></strong></span> <span class='ocrx_word' id='word_1_705' title='bbox 1225 5056 1647 5122; x_wconf 83' lang='lat' dir='ltr'><strong><em>comprehendit</em></strong></span> <span class='ocrx_word' id='word_1_706' title='bbox 1670 5072 1792 5112; x_wconf 86' lang='lat' dir='ltr'><strong><em>esse</em></strong></span> <span class='ocrx_word' id='word_1_707' title='bbox 1821 5073 1917 5112; x_wconf 55' lang='lat' dir='ltr'><strong><em>ca-</em></strong></span> 
     </span>
    </p>
   </div>
   <div class='ocr_carea' id='block_1_99' title="bbox 329 5145 1548 5215">
    <p class='ocr_par' dir='ltr' id='par_1_99' title="bbox 329 5145 1548 5215">
     <span class='ocr_line' id='line_1_100' title="bbox 329 5145 1548 5215; baseline 0.011 -24"><span class='ocrx_word' id='word_1_708' title='bbox 329 5145 597 5207; x_wconf 76' lang='lat' dir='ltr'><strong><em>vendam,</em></strong></span> <span class='ocrx_word' id='word_1_709' title='bbox 628 5159 750 5196; x_wconf 84' lang='lat' dir='ltr'><strong><em>cum</em></strong></span> <span class='ocrx_word' id='word_1_710' title='bbox 793 5145 1328 5214; x_wconf 86' lang='lat' dir='ltr'><strong><em>irreprehensihilem</em></strong></span> <span class='ocrx_word' id='word_1_711' title='bbox 1370 5150 1548 5215; x_wconf 88' lang='lat' dir='ltr'><strong><em>ponit.</em></strong></span> 
     </span>
    </p>
   </div>
   <div class='ocr_carea' id='block_1_100' title="bbox 408 5236 1913 5310">
    <p class='ocr_par' dir='ltr' id='par_1_100' title="bbox 408 5236 1913 5310">
     <span class='ocr_line' id='line_1_101' title="bbox 408 5236 1913 5310; baseline 0.005 -18"><span class='ocrx_word' id='word_1_712' title='bbox 408 5237 476 5292; x_wconf 89' lang='lat' dir='ltr'><strong><em>ll.</em></strong></span> <span class='ocrx_word' id='word_1_713' title='bbox 511 5236 789 5302; x_wconf 86' lang='lat' dir='ltr'><strong><em>Quomodo</em></strong></span> <span class='ocrx_word' id='word_1_714' title='bbox 843 5241 1008 5306; x_wconf 87' lang='lat' dir='ltr'><strong><em>igitur</em></strong></span> <span class='ocrx_word' id='word_1_715' title='bbox 1058 5240 1288 5293; x_wconf 87' lang='lat' dir='ltr'><strong><em>alterum</em></strong></span> <span class='ocrx_word' id='word_1_716' title='bbox 1343 5244 1734 5310; x_wconf 85' lang='lat' dir='ltr'><strong><em>reprehendet,</em></strong></span> <span class='ocrx_word' id='word_1_717' title='bbox 1787 5262 1913 5300; x_wconf 89' lang='lat' dir='ltr'><strong><em>cum</em></strong></span> 
     </span>
    </p>
   </div>
   <div class='ocr_carea' id='block_1_101' title="bbox 333 5328 1916 5408">
    <p class='ocr_par' dir='ltr' id='par_1_101' title="bbox 333 5328 1916 5408">
     <span class='ocr_line' id='line_1_102' title="bbox 333 5328 1916 5408; baseline 0.008 -30"><span class='ocrx_word' id='word_1_718' title='bbox 333 5332 458 5398; x_wconf 83' lang='lat' dir='ltr'><strong><em>ipse</em></strong></span> <span class='ocrx_word' id='word_1_719' title='bbox 499 5331 590 5398; x_wconf 83' lang='lat' dir='ltr'><strong><em>qui</em></strong></span> <span class='ocrx_word' id='word_1_720' title='bbox 624 5328 834 5397; x_wconf 85' lang='lat' dir='ltr'><strong><em>accepit</em></strong></span> <span class='ocrx_word' id='word_1_721' title='bbox 883 5337 1207 5398; x_wconf 88' lang='lat' dir='ltr'><strong><em>potestatem</em></strong></span> <span class='ocrx_word' id='word_1_722' title='bbox 1270 5340 1329 5384; x_wconf 86' lang='lat' dir='ltr'><strong><em>ut</em></strong></span> <span class='ocrx_word' id='word_1_723' title='bbox 1365 5333 1581 5402; x_wconf 81' lang='lat' dir='ltr'><strong><em>doceat,</em></strong></span> <span class='ocrx_word' id='word_1_724' title='bbox 1626 5337 1700 5389; x_wconf 93' lang='lat' dir='ltr'><strong><em>sit</em></strong></span> <span class='ocrx_word' id='word_1_725' title='bbox 1733 5351 1916 5408; x_wconf 86' lang='lat' dir='ltr'><strong><em>repre-</em></strong></span> 
     </span>
    </p>
   </div>
   <div class='ocr_carea' id='block_1_102' title="bbox 338 5418 1919 5488">
    <p class='ocr_par' dir='ltr' id='par_1_102' title="bbox 338 5418 1919 5488">
     <span class='ocr_line' id='line_1_103' title="bbox 338 5418 1919 5488; baseline 0.004 -14"><span class='ocrx_word' id='word_1_726' title='bbox 338 5418 666 5474; x_wconf 82' lang='lat' dir='ltr'><strong><em>hensibilis?</em></strong></span> <span class='ocrx_word' id='word_1_727' title='bbox 713 5418 853 5482; x_wconf 82' lang='lat' dir='ltr'><strong><em>Quia</em></strong></span> <span class='ocrx_word' id='word_1_728' title='bbox 906 5423 1012 5482; x_wconf 82' lang='lat' dir='ltr'><strong><em>vita</em></strong></span> <span class='ocrx_word' id='word_1_729' title='bbox 1047 5421 1315 5488; x_wconf 88' lang='lat' dir='ltr'><strong><em>episcopi,</em></strong></span> <span class='ocrx_word' id='word_1_730' title='bbox 1351 5422 1523 5476; x_wconf 85' lang='lat' dir='ltr'><strong><em>forma</em></strong></span> <span class='ocrx_word' id='word_1_731' title='bbox 1578 5426 1740 5478; x_wconf 85' lang='lat' dir='ltr'><strong><em>debet</em></strong></span> <span class='ocrx_word' id='word_1_732' title='bbox 1797 5441 1919 5482; x_wconf 89' lang='lat' dir='ltr'><strong><em>esse</em></strong></span> 
     </span>
    </p>
   </div>
   <div class='ocr_carea' id='block_1_103' title="bbox 331 5512 1914 5585">
    <p class='ocr_par' dir='ltr' id='par_1_103' title="bbox 331 5512 1914 5585">
     <span class='ocr_line' id='line_1_104' title="bbox 331 5512 1914 5585; baseline 0.006 -18"><span class='ocrx_word' id='word_1_733' title='bbox 331 5514 684 5568; x_wconf 84' lang='lat' dir='ltr'><strong><em>clericorum.</em></strong></span> <span class='ocrx_word' id='word_1_734' title='bbox 734 5512 815 5567; x_wconf 78' lang='lat' dir='ltr'><strong><em>Ex</em></strong></span> <span class='ocrx_word' id='word_1_735' title='bbox 854 5516 1110 5584; x_wconf 84' lang='lat' dir='ltr'><strong><em>episcopo</em></strong></span> <span class='ocrx_word' id='word_1_736' title='bbox 1142 5517 1344 5585; x_wconf 77' lang='lat' dir='ltr'><strong><em>gradus</em></strong></span> <span class='ocrx_word' id='word_1_737' title='bbox 1373 5522 1552 5574; x_wconf 66' lang='lat' dir='ltr'><strong><em>cazteri</em></strong></span> <span class='ocrx_word' id='word_1_738' title='bbox 1585 5521 1914 5576; x_wconf 89' lang='lat' dir='ltr'><strong><em>clericorum</em></strong></span> 
     </span>
    </p>
   </div>
   <div class='ocr_carea' id='block_1_104' title="bbox 331 5605 1920 5672">
    <p class='ocr_par' dir='ltr' id='par_1_104' title="bbox 331 5605 1920 5672">
     <span class='ocr_line' id='line_1_105' title="bbox 331 5605 1920 5672; baseline 0.008 -17"><span class='ocrx_word' id='word_1_739' title='bbox 331 5605 954 5672; x_wconf 84' lang='lat' dir='ltr'><strong><em>condiscuutquomodo</em></strong></span> <span class='ocrx_word' id='word_1_740' title='bbox 979 5606 1208 5663; x_wconf 79' lang='lat' dir='ltr'><strong><em>debeant</em></strong></span> <span class='ocrx_word' id='word_1_741' title='bbox 1231 5612 1412 5666; x_wconf 85' lang='lat' dir='ltr'><strong><em>vivere</em></strong></span> <span class='ocrx_word' id='word_1_742' title='bbox 1436 5612 1490 5666; x_wconf 91' lang='lat' dir='ltr'><strong><em>in</em></strong></span> <span class='ocrx_word' id='word_1_743' title='bbox 1519 5614 1618 5667; x_wconf 79' lang='lat' dir='ltr'><strong><em>huc</em></strong></span> <span class='ocrx_word' id='word_1_744' title='bbox 1645 5615 1751 5666; x_wconf 85' lang='lat' dir='ltr'><strong><em>vita</em></strong></span> <span class='ocrx_word' id='word_1_745' title='bbox 1777 5629 1920 5668; x_wconf 91' lang='lat' dir='ltr'><strong><em>mor-</em></strong></span> 
     </span>
    </p>
   </div>
   <div class='ocr_carea' id='block_1_105' title="bbox 333 5695 1911 5773">
    <p class='ocr_par' dir='ltr' id='par_1_105' title="bbox 333 5695 1911 5773">
     <span class='ocr_line' id='line_1_106' title="bbox 333 5695 1911 5773; baseline 0.008 -21"><span class='ocrx_word' id='word_1_746' title='bbox 333 5697 454 5752; x_wconf 80' lang='lat' dir='ltr'><strong><em>tali.</em></strong></span> <span class='ocrx_word' id='word_1_747' title='bbox 501 5695 723 5766; x_wconf 87' lang='lat' dir='ltr'><strong><em>Seipsos</em></strong></span> <span class='ocrx_word' id='word_1_748' title='bbox 753 5701 1044 5752; x_wconf 83' lang='lat' dir='ltr'><strong><em>imitabiles</em></strong></span> <span class='ocrx_word' id='word_1_749' title='bbox 1083 5701 1277 5758; x_wconf 87' lang='lat' dir='ltr'><strong><em>debent</em></strong></span> <span class='ocrx_word' id='word_1_750' title='bbox 1311 5718 1611 5773; x_wconf 74' lang='lat' dir='ltr'><strong><em>proponere</em></strong></span> <span class='ocrx_word' id='word_1_751' title='bbox 1650 5711 1911 5764; x_wconf 81' lang='lat' dir='ltr'><strong><em>sacerdo-</em></strong></span> 
     </span>
    </p>
   </div>
   <div class='ocr_carea' id='block_1_106' title="bbox 621 5792 1124 5858">
    <p class='ocr_par' dir='ltr' id='par_1_106' title="bbox 621 5792 1124 5858">
     <span class='ocr_line' id='line_1_107' title="bbox 621 5792 1124 5858; baseline 0.014 -8"><span class='ocrx_word' id='word_1_752' title='bbox 621 5792 887 5851; x_wconf 77' lang='lat' dir='ltr'><strong><em>PATROL.</em></strong></span> <span class='ocrx_word' id='word_1_753' title='bbox 933 5794 1124 5858; x_wconf 77' lang='lat' dir='ltr'><strong><em>XXX.</em></strong></span> 
     </span>
    </p>
   </div>
   <div class='ocr_carea' id='block_1_107' title="bbox 2023 4516 3598 4588">
    <p class='ocr_par' dir='ltr' id='par_1_107' title="bbox 2023 4516 3598 4588">
     <span class='ocr_line' id='line_1_108' title="bbox 2023 4516 3598 4588; baseline 0.013 -20"><span class='ocrx_word' id='word_1_754' title='bbox 2023 4523 2188 4582; x_wconf 89' lang='lat' dir='ltr'><strong><em>sunt;</em></strong></span> <span class='ocrx_word' id='word_1_755' title='bbox 2225 4516 2351 4586; x_wconf 88' lang='lat' dir='ltr'><strong><em>quia</em></strong></span> <span class='ocrx_word' id='word_1_756' title='bbox 2377 4525 2433 4571; x_wconf 90' lang='lat' dir='ltr'><strong><em>et</em></strong></span> <span class='ocrx_word' id='word_1_757' title='bbox 2467 4517 2762 4574; x_wconf 88' lang='lat' dir='ltr'><strong><em>astutiores</em></strong></span> <span class='ocrx_word' id='word_1_758' title='bbox 2791 4533 2919 4577; x_wconf 88' lang='lat' dir='ltr'><strong><em>sunt</em></strong></span> <span class='ocrx_word' id='word_1_759' title='bbox 2960 4524 3088 4580; x_wconf 84' lang='lat' dir='ltr'><strong><em>(iliis</em></strong></span> <span class='ocrx_word' id='word_1_760' title='bbox 3129 4526 3268 4584; x_wconf 90' lang='lat' dir='ltr'><strong><em>lucis</em></strong></span> <span class='ocrx_word' id='word_1_761' title='bbox 3313 4529 3410 4585; x_wconf 84' lang='lat' dir='ltr'><strong><em>lilii</em></strong></span> <span class='ocrx_word' id='word_1_762' title='bbox 3442 4539 3598 4588; x_wconf 88' lang='lat' dir='ltr'><strong><em>tene-</em></strong></span> 
     </span>
    </p>
   </div>
   <div class='ocr_carea' id='block_1_108' title="bbox 2021 4603 3592 4689">
    <p class='ocr_par' dir='ltr' id='par_1_108' title="bbox 2021 4603 3592 4689">
     <span class='ocr_line' id='line_1_109' title="bbox 2021 4603 3592 4689; baseline 0.012 -32"><span class='ocrx_word' id='word_1_763' title='bbox 2021 4603 2270 4660; x_wconf 88' lang='lat' dir='ltr'><strong><em>brarum.</em></strong></span> <span class='ocrx_word' id='word_1_764' title='bbox 2299 4605 2436 4660; x_wconf 82' lang='lat' dir='ltr'><strong><em>Cum</em></strong></span> <span class='ocrx_word' id='word_1_765' title='bbox 2470 4620 2602 4678; x_wconf 83' lang='lat' dir='ltr'><strong><em>ergo</em></strong></span> <span class='ocrx_word' id='word_1_766' title='bbox 2627 4607 2733 4663; x_wconf 90' lang='lat' dir='ltr'><strong><em>hoc</em></strong></span> <span class='ocrx_word' id='word_1_767' title='bbox 2761 4623 2931 4679; x_wconf 89' lang='lat' dir='ltr'><strong><em>genus</em></strong></span> <span class='ocrx_word' id='word_1_768' title='bbox 2968 4628 2997 4667; x_wconf 86' lang='lat' dir='ltr'><strong><em>a</em></strong></span> <span class='ocrx_word' id='word_1_769' title='bbox 3032 4623 3082 4669; x_wconf 91' lang='lat' dir='ltr'><strong><em>te</em></strong></span> <span class='ocrx_word' id='word_1_770' title='bbox 3121 4631 3230 4670; x_wconf 83' lang='lat' dir='ltr'><strong><em>non</em></strong></span> <span class='ocrx_word' id='word_1_771' title='bbox 3255 4629 3592 4689; x_wconf 82' lang='lat' dir='ltr'><strong><em>amputatur,</em></strong></span> 
     </span>
    </p>
   </div>
   <div class='ocr_carea' id='block_1_109' title="bbox 2021 4697 3598 4777">
    <p class='ocr_par' dir='ltr' id='par_1_109' title="bbox 2021 4697 3598 4777">
     <span class='ocr_line' id='line_1_110' title="bbox 2021 4697 3598 4777; baseline 0.012 -26"><span class='ocrx_word' id='word_1_772' title='bbox 2021 4697 2120 4752; x_wconf 89' lang='lat' dir='ltr'><strong><em>das</em></strong></span> <span class='ocrx_word' id='word_1_773' title='bbox 2148 4698 2676 4768; x_wconf 88' lang='lat' dir='ltr'><strong><em>reprehendentibus</em></strong></span> <span class='ocrx_word' id='word_1_774' title='bbox 2711 4710 2764 4756; x_wconf 87' lang='lat' dir='ltr'><strong><em>te</em></strong></span> <span class='ocrx_word' id='word_1_775' title='bbox 2808 4702 3013 4770; x_wconf 88' lang='lat' dir='ltr'><strong><em>locum,</em></strong></span> <span class='ocrx_word' id='word_1_776' title='bbox 3055 4705 3173 4777; x_wconf 88' lang='lat' dir='ltr'><strong><em>ipse</em></strong></span> <span class='ocrx_word' id='word_1_777' title='bbox 3218 4719 3270 4765; x_wconf 88' lang='lat' dir='ltr'><strong><em>te</em></strong></span> <span class='ocrx_word' id='word_1_778' title='bbox 3304 4701 3598 4770; x_wconf 80' lang='lat' dir='ltr'><strong><em>detrahen-</em></strong></span> 
     </span>
    </p>
   </div>
   <div class='ocr_carea' id='block_1_110' title="bbox 2023 4791 3598 4870">
    <p class='ocr_par' dir='ltr' id='par_1_110' title="bbox 2023 4791 3598 4870">
     <span class='ocr_line' id='line_1_111' title="bbox 2023 4791 3598 4870; baseline 0.002 -26"><span class='ocrx_word' id='word_1_779' title='bbox 2023 4792 2154 4844; x_wconf 90' lang='lat' dir='ltr'><strong><em>tium</em></strong></span> <span class='ocrx_word' id='word_1_780' title='bbox 2209 4791 2483 4846; x_wconf 88' lang='lat' dir='ltr'><strong><em>morsibus</em></strong></span> <span class='ocrx_word' id='word_1_781' title='bbox 2528 4793 2822 4862; x_wconf 87' lang='lat' dir='ltr'><strong><em>tradidisti,</em></strong></span> <span class='ocrx_word' id='word_1_782' title='bbox 2869 4797 2916 4854; x_wconf 90' lang='lat' dir='ltr'><strong><em>si</em></strong></span> <span class='ocrx_word' id='word_1_783' title='bbox 2954 4800 3320 4870; x_wconf 81' lang='lat' dir='ltr'><strong><em>Agapetarum</em></strong></span> <span class='ocrx_word' id='word_1_784' title='bbox 3378 4821 3598 4863; x_wconf 86' lang='lat' dir='ltr'><strong><em>consor.</em></strong></span> 
     </span>
    </p>
   </div>
   <div class='ocr_carea' id='block_1_111' title="bbox 2023 4881 3592 4967">
    <p class='ocr_par' dir='ltr' id='par_1_111' title="bbox 2023 4881 3592 4967">
     <span class='ocr_line' id='line_1_112' title="bbox 2023 4881 3592 4967; baseline 0.014 -35"><span class='ocrx_word' id='word_1_785' title='bbox 2023 4881 2152 4933; x_wconf 88' lang='lat' dir='ltr'><strong><em>tium</em></strong></span> <span class='ocrx_word' id='word_1_786' title='bbox 2201 4896 2309 4964; x_wconf 79' lang='lat' dir='ltr'><strong><em>non</em></strong></span> <span class='ocrx_word' id='word_1_787' title='bbox 2355 4881 2654 4938; x_wconf 84' lang='lat' dir='ltr'><strong><em>dimiseris.</em></strong></span> <span class='ocrx_word' id='word_1_788' title='bbox 2702 4885 2976 4957; x_wconf 89' lang='lat' dir='ltr'><strong><em>Benignus</em></strong></span> <span class='ocrx_word' id='word_1_789' title='bbox 3021 4906 3120 4955; x_wconf 90' lang='lat' dir='ltr'><strong><em>es,</em></strong></span> <span class='ocrx_word' id='word_1_790' title='bbox 3156 4894 3401 4966; x_wconf 83' lang='lat' dir='ltr'><strong><em>gaudeo;</em></strong></span> <span class='ocrx_word' id='word_1_791' title='bbox 3436 4900 3592 4967; x_wconf 85' lang='lat' dir='ltr'><strong><em>pudi-</em></strong></span> 
     </span>
    </p>
   </div>
   <div class='ocr_carea' id='block_1_112' title="bbox 2023 4969 3597 5046">
    <p class='ocr_par' dir='ltr' id='par_1_112' title="bbox 2023 4969 3597 5046">
     <span class='ocr_line' id='line_1_113' title="bbox 2023 4969 3597 5046; baseline 0.013 -23"><span class='ocrx_word' id='word_1_792' title='bbox 2023 4984 2140 5036; x_wconf 84' lang='lat' dir='ltr'><strong><em>cus,</em></strong></span> <span class='ocrx_word' id='word_1_793' title='bbox 2174 4969 2368 5024; x_wconf 77' lang='lat' dir='ltr'><strong><em>falsum</em></strong></span> <span class='ocrx_word' id='word_1_794' title='bbox 2409 4982 2515 5028; x_wconf 91' lang='lat' dir='ltr'><strong><em>est.</em></strong></span> <span class='ocrx_word' id='word_1_795' title='bbox 2544 4973 2600 5027; x_wconf 89' lang='lat' dir='ltr'><strong><em>Si</em></strong></span> <span class='ocrx_word' id='word_1_796' title='bbox 2629 4975 2834 5046; x_wconf 89' lang='lat' dir='ltr'><strong><em>aliquis</em></strong></span> <span class='ocrx_word' id='word_1_797' title='bbox 2859 4981 3101 5036; x_wconf 88' lang='lat' dir='ltr'><strong><em>senserit</em></strong></span> <span class='ocrx_word' id='word_1_798' title='bbox 3142 4983 3404 5041; x_wconf 65' lang='lat' dir='ltr'><strong><em>cleric‘um</em></strong></span> <span class='ocrx_word' id='word_1_799' title='bbox 3440 4989 3597 5043; x_wconf 87' lang='lat' dir='ltr'><strong><em>habi-</em></strong></span> 
     </span>
    </p>
   </div>
   <div class='ocr_carea' id='block_1_113' title="bbox 2023 5063 3596 5136">
    <p class='ocr_par' dir='ltr' id='par_1_113' title="bbox 2023 5063 3596 5136">
     <span class='ocr_line' id='line_1_114' title="bbox 2023 5063 3596 5136; baseline 0.014 -22"><span class='ocrx_word' id='word_1_800' title='bbox 2023 5071 2139 5116; x_wconf 91' lang='lat' dir='ltr'><strong><em>tare</em></strong></span> <span class='ocrx_word' id='word_1_801' title='bbox 2169 5078 2292 5117; x_wconf 90' lang='lat' dir='ltr'><strong><em>cum</em></strong></span> <span class='ocrx_word' id='word_1_802' title='bbox 2327 5063 2567 5129; x_wconf 88' lang='lat' dir='ltr'><strong><em>feminis,</em></strong></span> <span class='ocrx_word' id='word_1_803' title='bbox 2597 5082 2700 5122; x_wconf 90' lang='lat' dir='ltr'><strong><em>non</em></strong></span> <span class='ocrx_word' id='word_1_804' title='bbox 2731 5071 2908 5127; x_wconf 88' lang='lat' dir='ltr'><strong><em>credit</em></strong></span> <span class='ocrx_word' id='word_1_805' title='bbox 2942 5089 3066 5129; x_wconf 87' lang='lat' dir='ltr'><strong><em>eum</em></strong></span> <span class='ocrx_word' id='word_1_806' title='bbox 3099 5091 3224 5134; x_wconf 90' lang='lat' dir='ltr'><strong><em>esse</em></strong></span> <span class='ocrx_word' id='word_1_807' title='bbox 3269 5089 3502 5135; x_wconf 90' lang='lat' dir='ltr'><strong><em>castum.</em></strong></span> <span class='ocrx_word' id='word_1_808' title='bbox 3536 5082 3596 5136; x_wconf 88' lang='lat' dir='ltr'><strong><em>Si</em></strong></span> 
     </span>
    </p>
   </div>
   <div class='ocr_carea' id='block_1_114' title="bbox 2022 5154 3605 5229">
    <p class='ocr_par' dir='ltr' id='par_1_114' title="bbox 2022 5154 3605 5229">
     <span class='ocr_line' id='line_1_115' title="bbox 2022 5154 3605 5229; baseline 0.011 -23"><span class='ocrx_word' id='word_1_809' title='bbox 2022 5154 2334 5223; x_wconf 84' lang='lat' dir='ltr'><strong><em>pudicitiam</em></strong></span> <span class='ocrx_word' id='word_1_810' title='bbox 2369 5158 2591 5225; x_wconf 70' lang='lat' dir='ltr'><strong><em>quaeris,</em></strong></span> <span class='ocrx_word' id='word_1_811' title='bbox 2621 5175 2792 5229; x_wconf 87' lang='lat' dir='ltr'><strong><em>quare</em></strong></span> <span class='ocrx_word' id='word_1_812' title='bbox 2827 5164 3039 5220; x_wconf 86' lang='lat' dir='ltr'><strong><em>habitas</em></strong></span> <span class='ocrx_word' id='word_1_813' title='bbox 3061 5183 3181 5222; x_wconf 89' lang='lat' dir='ltr'><strong><em>cum</em></strong></span> <span class='ocrx_word' id='word_1_814' title='bbox 3221 5168 3467 5227; x_wconf 74' lang='lat' dir='ltr'><strong><em>feminis?</em></strong></span> <span class='ocrx_word' id='word_1_815' title='bbox 3488 5173 3605 5229; x_wconf 62' lang='grc' dir='ltr'><strong><em>ινδ..</em></strong></span> 
     </span>
    </p>
   </div>
   <div class='ocr_carea' id='block_1_115' title="bbox 2023 5249 3592 5332">
    <p class='ocr_par' dir='ltr' id='par_1_115' title="bbox 2023 5249 3592 5332">
     <span class='ocr_line' id='line_1_116' title="bbox 2023 5249 3592 5332; baseline 0.015 -31"><span class='ocrx_word' id='word_1_816' title='bbox 2023 5249 2224 5303; x_wconf 87' lang='lat' dir='ltr'><strong><em>minam</em></strong></span> <span class='ocrx_word' id='word_1_817' title='bbox 2277 5263 2439 5317; x_wconf 87' lang='lat' dir='ltr'><strong><em>quam</em></strong></span> <span class='ocrx_word' id='word_1_818' title='bbox 2488 5254 2623 5308; x_wconf 91' lang='lat' dir='ltr'><strong><em>bene</em></strong></span> <span class='ocrx_word' id='word_1_819' title='bbox 2666 5257 2868 5311; x_wconf 90' lang='lat' dir='ltr'><strong><em>videris</em></strong></span> <span class='ocrx_word' id='word_1_820' title='bbox 2911 5275 3355 5332; x_wconf 75' lang='lat' dir='ltr'><strong><em>conversantem,</em></strong></span> <span class='ocrx_word' id='word_1_821' title='bbox 3409 5282 3592 5325; x_wconf 85' lang='lat' dir='ltr'><strong><em>mente</em></strong></span> 
     </span>
    </p>
   </div>
   <div class='ocr_carea' id='block_1_116' title="bbox 2025 5341 3597 5420">
    <p class='ocr_par' dir='ltr' id='par_1_116' title="bbox 2025 5341 3597 5420">
     <span class='ocr_line' id='line_1_117' title="bbox 2025 5341 3597 5420; baseline 0.016 -26"><span class='ocrx_word' id='word_1_822' title='bbox 2025 5341 2212 5410; x_wconf 79' lang='lat' dir='ltr'><strong><em>dilige,</em></strong></span> <span class='ocrx_word' id='word_1_823' title='bbox 2238 5358 2343 5397; x_wconf 89' lang='lat' dir='ltr'><strong><em>non</em></strong></span> <span class='ocrx_word' id='word_1_824' title='bbox 2374 5349 2642 5415; x_wconf 83' lang='lat' dir='ltr'><strong><em>corporali</em></strong></span> <span class='ocrx_word' id='word_1_825' title='bbox 2681 5348 2992 5420; x_wconf 83' lang='lat' dir='ltr'><strong><em>frequentes</em></strong></span> <span class='ocrx_word' id='word_1_826' title='bbox 3022 5367 3240 5412; x_wconf 89' lang='lat' dir='ltr'><strong><em>ornatu.</em></strong></span> <span class='ocrx_word' id='word_1_827' title='bbox 3283 5359 3398 5416; x_wconf 85' lang='lat' dir='ltr'><strong><em>Non</em></strong></span> <span class='ocrx_word' id='word_1_828' title='bbox 3430 5365 3597 5419; x_wconf 78' lang='lat' dir='ltr'><strong><em>vesus</em></strong></span> 
     </span>
    </p>
   </div>
   <div class='ocr_carea' id='block_1_117' title="bbox 2026 5435 3594 5518">
    <p class='ocr_par' dir='ltr' id='par_1_117' title="bbox 2026 5435 3594 5518">
     <span class='ocr_line' id='line_1_118' title="bbox 2026 5435 3594 5518; baseline 0.015 -30"><span class='ocrx_word' id='word_1_829' title='bbox 2026 5444 2213 5489; x_wconf 85' lang='lat' dir='ltr'><strong><em>tenera</em></strong></span> <span class='ocrx_word' id='word_1_830' title='bbox 2247 5435 2510 5492; x_wconf 79' lang='lat' dir='ltr'><strong><em>clericum</em></strong></span> <span class='ocrx_word' id='word_1_831' title='bbox 2550 5439 2703 5506; x_wconf 75' lang='lat' dir='ltr'><strong><em>facit,</em></strong></span> <span class='ocrx_word' id='word_1_832' title='bbox 2737 5454 2831 5498; x_wconf 87' lang='lat' dir='ltr'><strong><em>aut</em></strong></span> <span class='ocrx_word' id='word_1_833' title='bbox 2866 5449 3203 5504; x_wconf 87' lang='lat' dir='ltr'><strong><em>sacerdotem</em></strong></span> <span class='ocrx_word' id='word_1_834' title='bbox 3247 5469 3264 5518; x_wconf 87' lang='lat'><strong>;</strong></span> <span class='ocrx_word' id='word_1_835' title='bbox 3295 5454 3390 5509; x_wconf 87' lang='lat' dir='ltr'><strong><em>sed</em></strong></span> <span class='ocrx_word' id='word_1_836' title='bbox 3445 5469 3594 5512; x_wconf 72' lang='lat' dir='ltr'><strong><em>casta</em></strong></span> 
     </span>
    </p>
   </div>
   <div class='ocr_carea' id='block_1_118' title="bbox 2029 5529 3596 5604">
    <p class='ocr_par' dir='ltr' id='par_1_118' title="bbox 2029 5529 3596 5604">
     <span class='ocr_line' id='line_1_119' title="bbox 2029 5529 3596 5604; baseline 0.015 -24"><span class='ocrx_word' id='word_1_837' title='bbox 2029 5529 2231 5582; x_wconf 85' lang='lat' dir='ltr'><strong><em>mentis</em></strong></span> <span class='ocrx_word' id='word_1_838' title='bbox 2269 5530 2520 5586; x_wconf 82' lang='lat' dir='ltr'><strong><em>intentio.</em></strong></span> <span class='ocrx_word' id='word_1_839' title='bbox 2556 5531 2676 5588; x_wconf 72' lang='lat' dir='ltr'><strong><em>llaec</em></strong></span> <span class='ocrx_word' id='word_1_840' title='bbox 2721 5539 2869 5590; x_wconf 87' lang='lat' dir='ltr'><strong><em>enim</em></strong></span> <span class='ocrx_word' id='word_1_841' title='bbox 2899 5541 3246 5598; x_wconf 72' lang='lat' dir='ltr'><strong><em>detotiouem</em></strong></span> <span class='ocrx_word' id='word_1_842' title='bbox 3292 5545 3516 5603; x_wconf 87' lang='lat' dir='ltr'><strong><em>honoris</em></strong></span> <span class='ocrx_word' id='word_1_843' title='bbox 3543 5551 3596 5604; x_wconf 92' lang='lat' dir='ltr'><strong><em>iu</em></strong></span> 
     </span>
    </p>
   </div>
   <div class='ocr_carea' id='block_1_119' title="bbox 2029 5621 3601 5710">
    <p class='ocr_par' dir='ltr' id='par_1_119' title="bbox 2029 5621 3601 5710">
     <span class='ocr_line' id='line_1_120' title="bbox 2029 5621 3601 5710; baseline 0.017 -40"><span class='ocrx_word' id='word_1_844' title='bbox 2029 5629 2081 5674; x_wconf 93' lang='lat' dir='ltr'><strong><em>te</em></strong></span> <span class='ocrx_word' id='word_1_845' title='bbox 2115 5621 2370 5674; x_wconf 88' lang='lat' dir='ltr'><strong><em>custodit.</em></strong></span> <span class='ocrx_word' id='word_1_846' title='bbox 2407 5622 2677 5678; x_wconf 85' lang='lat' dir='ltr'><strong><em>Honorem</em></strong></span> <span class='ocrx_word' id='word_1_847' title='bbox 2708 5628 2924 5696; x_wconf 83' lang='lat' dir='ltr'><strong><em>quidem</em></strong></span> <span class='ocrx_word' id='word_1_848' title='bbox 2961 5632 3278 5702; x_wconf 79' lang='lat' dir='ltr'><strong><em>gloriosum,</em></strong></span> <span class='ocrx_word' id='word_1_849' title='bbox 3319 5639 3447 5694; x_wconf 90' lang='lat' dir='ltr'><strong><em>boni</em></strong></span> <span class='ocrx_word' id='word_1_850' title='bbox 3473 5657 3601 5710; x_wconf 80' lang='lat' dir='ltr'><strong><em>cpe-</em></strong></span> 
     </span>
    </p>
   </div>
   <div class='ocr_carea' id='block_1_120' title="bbox 2027 5712 3597 5800">
    <p class='ocr_par' dir='ltr' id='par_1_120' title="bbox 2027 5712 3597 5800">
     <span class='ocr_line' id='line_1_121' title="bbox 2027 5712 3597 5800; baseline 0.015 -34"><span class='ocrx_word' id='word_1_851' title='bbox 2027 5712 2104 5766; x_wconf 79' lang='lat' dir='ltr'><strong><em>ris</em></strong></span> <span class='ocrx_word' id='word_1_852' title='bbox 2143 5712 2285 5766; x_wconf 85' lang='lat' dir='ltr'><strong><em>fama</em></strong></span> <span class='ocrx_word' id='word_1_853' title='bbox 2317 5727 2625 5770; x_wconf 76' lang='lat' dir='ltr'><strong><em>conservat.</em></strong></span> <span class='ocrx_word' id='word_1_854' title='bbox 2675 5717 2994 5778; x_wconf 68' lang='lat' dir='ltr'><strong><em>Sacerdotes</em></strong></span> <span class='ocrx_word' id='word_1_855' title='bbox 3043 5728 3241 5798; x_wconf 80' lang='lat' dir='ltr'><strong><em>quippe</em></strong></span> <span class='ocrx_word' id='word_1_856' title='bbox 3297 5733 3470 5800; x_wconf 80' lang='lat' dir='ltr'><strong><em>decet,</em></strong></span> <span class='ocrx_word' id='word_1_857' title='bbox 3513 5739 3597 5788; x_wconf 66' lang='lat' dir='ltr'><strong><em>v.21</em></strong></span> 
     </span>
    </p>
   </div>
   <div class='ocr_carea' id='block_1_121' title="bbox 3281 5825 3348 5886">
    <p class='ocr_par' dir='ltr' id='par_1_121' title="bbox 3281 5825 3348 5886">
     <span class='ocr_line' id='line_1_122' title="bbox 3281 5825 3348 5886; baseline -0.015 0"><span class='ocrx_word' id='word_1_858' title='bbox 3281 5825 3348 5886; x_wconf 79' lang='lat'><strong><em>10</em></strong></span> 
     </span>
    </p>
   </div>
  </div>
