4012 6188
363 282 468 352 301

1141 285 1507 348 EPISTOLA
1544 287 1748 355 XLIV.
1787 286 2228 352 HIERONYMI
2269 287 2372 349 AD
2416 286 2810 349 DAMASUM.

3489 286 3599 350 302

363 417 430 459 ac
463 413 561 474 per
600 399 893 456 fenestram
930 399 1255 472 respiciens,
1281 401 1360 456 ait
1404 409 1598 457 sancto
1627 401 1748 458 viro
1781 400 1927 465 :.lbi,
1964 408 2002 464 Α
2037 401 2164 456 bere
2210 399 2417 456 curavi.
2465 397 2658 454 Testes
2702 404 2888 452 autem
2947 395 3127 453 idonei
3177 409 3314 468 quos
3353 398 3420 452 ad
3455 400 3598 458 hanc

285 555 288 558 ,
369 495 528 550 Pater
555 503 766 559 sattrtc,
790 506 885 547 ora
911 508 926 558 ;
951 491 1079 560 quia
1101 505 1132 545 a
1162 491 1280 548 viro
1307 507 1602 560 numquam
1637 506 1756 546 sum
1799 492 1930 545 risi-

372 595 509 639 tata.
545 584 760 639 Gratias
789 582 902 651 egit
933 581 1046 636 Deo
1069 592 1290 636 sanctus
1310 581 1598 647 Martinus,
1627 582 1770 654 quod
1815 583 1936 637 tali-

366 673 476 728 bus
513 672 720 726 imbuta
756 669 1022 736 moribus,
1056 679 1265 724 castam
1305 670 1630 728 custodierit
1677 673 1934 734 volunta-

366 772 476 818 tem
503 780 520 828 ;
552 770 603 816 ct
633 759 970 822 benedicens
994 774 1138 824 eam,
1170 759 1304 814 abiit
1336 760 1514 820 hctus.

437 853 531 914 XI.
570 852 864 919 ﬂuensque
890 849 1121 904 suiliciat
1165 850 1237 906 de
1273 849 1491 906 feminis
1534 852 1764 910 dictum.
1791 852 1936 909 Con-

367 953 642 1001 summata
685 942 889 1016 quippe
933 938 1202 1010 virginum
1253 955 1441 1008 causa,
1474 951 1816 1002 transeamus
1867 945 1936 1000 ad

368 1037 599 1104 reliqua.
648 1032 980 1102 Hospitalem
1046 1032 1295 1102 praecipit
1341 1033 1631 1098 Apostolus
1672 1035 1932 1092 clericum

364 1125 750 1181 ordinandum.
778 1123 892 1180 Hoc
915 1133 1188 1194 pmcepto
1229 1133 1384 1192 pater
1406 1125 1684 1180 Abraham
1734 1134 1788 1182 et
1831 1127 1934 1182 Lot

363 1217 588 1285 angelos
618 1223 975 1283 sttsceperunt
1009 1229 1026 1270 :
1068 1215 1195 1282 quia
1221 1215 1641 1282 hospitalitatem
1673 1215 1814 1270 inter
1834 1231 1937 1271 cae-

365 1316 515 1361 teras
548 1307 852 1360 dilexerunt
881 1305 1128 1364 virtutes.
1163 1301 1257 1358 Sic
1285 1313 1336 1358 et
1388 1303 1762 1376 Onesiphorus
1791 1307 1935 1362 Pau-

362 1397 478 1450 lum
507 1394 769 1448 doctrina:
801 1393 1003 1448 fontem
1033 1395 1292 1461 suscepit.
1328 1392 1422 1448 ﬂat
1455 1394 1794 1450 iitationes
1823 1398 1934 1451 sint

364 1498 569 1542 vestra
600 1503 616 1540 :
649 1497 704 1540 et
733 1501 801 1538 ne
837 1485 1034 1538 sinatis
1083 1484 1317 1538 incolam
1345 1486 1644 1554 praterire,
1674 1488 1764 1556 qui
1793 1489 1931 1556 apud

363 1595 467 1634 vos
506 1592 697 1645 panem
726 1592 830 1632 non
860 1575 1130 1632 comedat.
1175 1574 1460 1648 Sequitur,
1495 1575 1619 1632 Non
1655 1593 1935 1648 percusso-

367 1687 478 1723 rem
515 1665 570 1736 (1
615 1666 752 1723 Tim.
814 1682 895 1732 ιιι,
926 1666 1006 1738 5).
1051 1665 1160 1722 Nec
1205 1669 1348 1724 enim
1404 1670 1636 1738 pugilem
1675 1671 1934 1725 describit

2042 505 2154 551 rem
2192 490 2648 548 corroborandam
2680 488 2972 555 concitari,
3003 489 3056 544 hi
3101 502 3232 545 sunt
3259 490 3598 563 :Gregorius

2038 579 2413 636 Nazianzenus
2435 580 2696 636 mirabilis
2713 579 2924 646 doctor,
2950 579 3208 650 Cyrillus,
3239 582 3598 650 Athanasius,

2039 670 2412 741 Theophilus,
2481 672 2800 738 Anatolius,
2844 668 3084 728 Joannes
3141 671 3596 744 Chrysostomus,

2037 760 2353 817 Eustathius
2379 759 2490 830 {AL
2547 760 2921 834 Eustachius],
2954 762 3222 820 Eusebius
3269 766 3599 836 chroiiograv

2037 851 2202 920 phus,
2240 861 2296 906 et
2316 863 2503 906 noster
2527 849 2763 905 Hilarius
2795 867 2812 905 :
2850 852 2943 920 qui
2971 867 3160 908 omnes
3205 867 3315 908 uno
3359 870 3457 910 ore
3502 861 3597 910 eo-

2037 943 2268 1011 demque
2291 956 2564 998 consensu
2595 943 2758 998 veluti
2801 959 2932 1000 vera
2980 945 3155 998 sancti
3185 943 3420 1014 Spiritus
3447 961 3602 1015 orga-

2037 1045 2128 1095 na,
2163 1031 2526 1088 anathematis
2565 1046 2828 1088 mucrone
2879 1043 3105 1088 censent
3145 1048 3266 1088 esse
3300 1033 3597 1100 leriendos,

2035 1121 2128 1192 qui
2161 1121 2214 1176 in
2247 1136 2347 1176 usu
2374 1121 2636 1178 laicorum
2671 1137 2840 1192 panes
2861 1123 3198 1179 oblationem
3222 1127 3597 1193 contulerint;

2035 1212 2160 1279 quia
2190 1212 2415 1266 omnino
2431 1213 2806 1267 sacerdotibus
2847 1216 2981 1268 solis
3013 1216 3300 1278 debentur,
3324 1216 3428 1270 nisi
3457 1216 3600 1270 forte

2038 1299 2314 1368 religionis
2358 1303 2550 1368 gratia,
2590 1300 2716 1360 laici
2754 1314 2852 1369 pro
2899 1303 3275 1359 benediCtione
3323 1307 3388 1360 de
3435 1321 3594 1358 manu

2034 1389 2332 1445 sacerdotis
2364 1389 2655 1458 accipiant.
2687 1389 2806 1452 Non
2839 1391 3012 1450 solum
3041 1405 3222 1455 autem
3263 1398 3328 1454 de
3362 1397 3595 1464 panibus

2035 1481 2088 1535 in
2144 1481 2386 1536 Ecclesia
2445 1481 2552 1535 hoc
2586 1492 2889 1536 sanxerunt
2932 1493 3116 1553 patres
3162 1488 3358 1552 nostri,
3386 1491 3480 1541 sed
3529 1488 3598 1541 de

2032 1571 2286 1628 omnibus
2313 1585 2436 1641 qua
2467 1572 2626 1625 altari
2654 1571 2995 1640 oll‘eruntur;
3030 1575 3273 1630 dicentes
3304 1587 3466 1643 atque
3488 1576 3590 1629 do-

2033 1673 2240 1727 centes,
2270 1678 2522 1732 magnum
2553 1661 2705 1716 nefas
2739 1677 2882 1726 esse,
2912 1675 2965 1717 et
2993 1679 3088 1734 per
3117 1667 3296 1720 omnia
3329 1668 3594 1721 diabolica

365 1761 682 1828 Apostolus.
715 1759 816 1824 Qui
841 1745 1206 1813 conscientias
1243 1774 1352 1813 non
1382 1761 1652 1826 percutiat
1689 1763 1931 1830 singulo.
1967 1758 2010 1814 Β
2041 1753 2345 1808 temeritate
2379 1753 2484 1809 hoc
2519 1753 2636 1808 ﬁeri
2671 1753 2999 1824 ubicumque
3030 1757 3310 1819 acciderit,
3340 1768 3394 1812 et
3447 1759 3599 1812 valde

371 1867 537 1916 runt;
597 1851 688 1905 sed
733 1847 1050 1912 modestum.
1110 1858 1164 1904 et
1215 1850 1443 1920 reliqua.
1505 1849 1730 1904 Domum
1779 1868 1933 1906 suam

369 1943 497 1996 bene
531 1949 791 2010 regentem
835 1935 1028 2010 (lbid.)
1069 1955 1083 1992 ε
1115 1953 1374 2008 perquam
1425 1940 1685 1998 horribile
1736 1943 1864 2009 erit,
1888 1943 1934 1997 si

367 2034 553 2092 domui
587 2032 774 2092 clerici
809 2032 1149 2086 detrahatur.
1179 2029 1362 2086 Laedet
1385 2032 1685 2089 sacerdotis
1723 2036 1938 2104 Opinio-

368 2139 492 2180 nem
525 2121 580 2177 in
605 2124 786 2192 plebe,
819 2123 1039 2191 quando
1068 2124 1133 2176 de
1157 2123 1416 2192 proximis
1437 2122 1555 2190 ejus
1588 2124 1728 2180 male
1758 2125 1935 2194 loqui-

370 2229 462 2271 tur
501 2215 752 2286 populus.
785 2214 961 2288 Super
1013 2213 1198 2270 omnia
1255 2216 1376 2272 Διιέιιιι
1425 2218 1682 2287 praecepit
1724 2216 1938 2274 clericis

369 2309 498 2366 boni
521 2307 818 2366 testimonii
848 2305 1145 2374 Apostolus
1171 2303 1524 2361 fundamenta
1553 2322 1882 2378 componere
1917 2326 1932 2363 :

369 2410 432 2456 ut
469 2399 732 2456 honorum
770 2411 990 2468 operum
1035 2397 1370 2465 testiﬁcatio,
1395 2407 1547 2460 casto
1581 2400 1938 2456 conﬁrmetur

370 2492 591 2547 aﬂectu.

502 2646 820 2705 MONITUM
847 2645 916 2706 ιη
943 2645 1332 2706 ΕΡιεΤοιΑιι
1359 2647 1804 2717 SEQUENTEM.

463 2760 647 2816 Multa:
678 2767 806 2814 sunt
865 2757 1140 2832 ὀμοιὸσιει
1196 2759 1252 2820 id
1293 2775 1468 2830 genus
1516 2762 1779 2828 epistolae,
1816 2778 1937 2832 quae

372 2833 762 2899 Hieronymum
813 2827 964 2900 atque
996 2843 1064 2883 ac
1088 2827 1375 2886 Damasum
1425 2827 1798 2900 mentiuntur;
1833 2827 1938 2892 nos

375 2906 484 2956 huc
520 2898 614 2954 eas
647 2898 998 2959 contulimus,
1031 2911 1133 2950 una
1163 2900 1328 2952 etiam
1358 2908 1522 2967 atque
1547 2903 1717 2955 altera
1762 2898 1938 2956 inedi-

375 2973 447 3025 tis
475 2977 685 3030 auctas,
718 2977 902 3034 utpote
927 2976 1047 3034 qua:
1073 2972 1320 3021 eumdem
1349 2968 1462 3022 fere
1495 2984 1685 3023 Omnes
1743 2980 1934 3024 aucto-

376 3057 488 3096 rem
526 3037 822 3108 redoleant.
855 3035 980 3090 Otio
1009 3038 1225 3108 abutar,
1261 3038 1307 3094 si
1361 3038 1520 3108 velim
1569 3040 1800 3108 singula,
1831 3055 1933 3107 per
1959 3055 2028 3108 η’

372 3086 494 3177 illi;
772 3086 1112 3177 uita—quicque
1125 3086 1929 3177 ’τῄέᾶεῖηέιιἶιῦινξ-ρτῖείὲτὶίίὶίῖιιὲ
1957 3086 2002 3148 c

373 3174 512 3231 satis
541 3175 764 3248 abunde
796 3174 916 3226 lalst
946 3175 1218 3228 convincit
1251 3174 1388 3230 unus
1435 3174 1530 3248 ille
1565 3179 1633 3248 de
1691 3179 1930 3248 Chrysa-

374 3257 558 3308 sterno
615 3245 792 3317 locus,
821 3257 982 3310 quem
1024 3253 1446 3311 utpraeteream,
1476 3247 1547 3317 si
1574 3245 1934 3317 Hierouy'nius

377 3329 634 3382 umquam
660 3315 956 3382 laudasset,
985 3323 1191 3372 certoin
1237 3324 1342 3378 est,
1373 3316 1590 3370 biennio
1632 3315 1826 3372 salteiu
1865 3320 1934 3382 ab

376 3387 531 3454 obitu
593 3385 844 3446 Damasi,
883 3381 1070 3454 luisse
1120 3383 1355 3437 electum
1396 3385 1812 3454 presbyterum,
1881 3381 1936 3439 et

373 3453 692 3520 Scripturas
717 3461 830 3504 tum
864 3450 1079 3504 deruum
1110 3454 1344 3520 cmpisse
1387 3450 1808 3521 conuu'entariis,
1843 3463 1936 3507 aut

377 3523 626 3594 honnli'ts
649 3521 715 3574 ad
745 3522 998 3594 populum
1044 3522 1355 3594 iil_t_tstrare_._
1369 3521 1510 3586 Quid
1554 3525 1723 3594 quod;
1758 3537 1936 3594 neque

380 3601 464 3650 est
490 3591 866 3659 Chrysostotni
907 3593 1058 3644 locus
1092 3591 1182 3644 ille
1223 3591 1276 3644 iu
1313 3589 1661 3650 natumut?
1690 3589 1864 3648 εει-ιδ’
1879 3598 1933 3647 ιιι

378 3665 526 3714 veris
556 3661 672 3730 ejus
709 3660 1116 3712 commentariis
1146 3659 1282 3712 nihil
1323 3662 1499 3714 simile
1531 3663 1932 3730 inVcnit-eest.

380 3730 498 3784 Nec
526 3728 686 3802 satis
733 3738 918 3802 tamen
968 3730 1155 3781 habuit
1211 3729 1495 3796 itnpostor,
1526 3728 1935 3802 ilteronymiani

379 3801 628 3856 nominis
676 3801 864 3868 uiubra
896 3812 1023 3868 suas
1073 3812 1249 3866 nugas
1299 3809 1592 3868 praetexere
1629 3819 1642 3856 :
1678 3801 1939 3856 cunilnxit

382 3873 539 3940 idem?
556 3869 670 3937 ipse
697 3866 916 3940 Dattiasi
943 3881 1284 3940 responsum,
1303 3866 1438 3940 sive
1463 3871 1762 3934 decretum,
1793 3873 1936 3940 quod

383 3936 684 3991 Gratianus
732 3937 797 3989 l0
841 3947 1034 4004 quaest.
1068 3936 1118 3998 i,
1172 3952 1293 4004 cap.
1355 3937 1443 4002 15,
1494 3941 1745 4007 profert:
1782 3936 1937 3994 Hanc

383 4007 837 4067 consuetudinem,
863 4021 980 4072 quia
1017 4015 1202 4057 contra
1232 4019 1472 4058 sanctam
1514 4007 1808 4063 Ecclesium
1848 4025 1939 4062 ca-

383 4081 644 4146 tholicam
692 4075 874 4146 augeri
921 4075 1144 4146 videtur,
1191 4079 1404 4128 autnino
1441 4079 1828 4146 interdicimus,
1881 4091 1938 4132 ut

387 4145 538 4200 nullo
579 4145 731 4196 modo
763 4159 992 4211 unquam
1041 4145 1352 4211 oblationes,
1376 4160 1493 4214 qua:
1513 4151 1656 4204 intra
1695 4145 1941 4204 sanctam

387 4215 686 4266 Ecclesium
706 4213 1011 4280 oﬁerumur,
1031 4219 1124 4264 sub
1143 4215 1372 4266 dominio
1390 4213 1650 4269 laicoram
1669 4220 1941 4280 detinean-

387 4296 499 4346 tur,
532 4296 634 4336 etc.
668 4283 868 4335 Confer
895 4283 1180 4348 utriusque
1211 4283 1499 4348 dictatum,
1521 4297 1574 4339 et
1626 4294 1692 4343 ab
1719 4304 1826 4344 uno
1853 4303 1942 4344 eo-

385 4370 618 4422 demque
645 4353 856 4406 artiﬁce
883 4354 1251 4418 deprehendes
1281 4355 1569 4420 prodiisse.

885 4506 1222 4564 EPISTULA
1269 4508 1462 4568 XLIII.

988 4639 1057 4677 AD
1082 4639 1351 4681 DAIASUI.

786 4735 863 4792 De
893 4736 1246 4794 oblationibus
1279 4739 1470 4794 altaris
1501 4741 1540 4794 ‘.

459 4853 506 4908 1.
528 4850 753 4907 Noverit
782 4857 967 4904 sancta
992 4852 1291 4905 auctoritas
1317 4861 1429 4917 tua,
1461 4867 1598 4922 papa
1621 4853 1953 4920 venerande,
1985 4870 1987 4872 ·

385 4948 518 5015 quia
553 4948 620 4999 de
651 4945 968 5014 quaestione,
999 4958 1163 5012 quam
1192 4944 1453 4999 clientulo
1477 4956 1568 5001 tuo
1593 4949 1950 5015 proposuisti,

384 5050 446 5094 et
474 5052 714 5107 congrua
760 5049 1018 5102 responsa
1065 5050 1159 5103 per
1202 5037 1483 5104 epistolam
1527 5039 1822 5103 mandasti,
1849 5041 1958 5093 hoc

385 5137 503 5193 est,
537 5131 604 5182 de
649 5128 878 5196 panibus
913 5140 946 5180 a
993 5126 1248 5180 ﬁdelibus
1282 5127 1336 5180 itt
1371 5129 1530 5180 altari
1579 5129 1800 5194 oblatis,
1835 5130 1956 5197 quis

387 5223 502 5276 illis
530 5220 649 5290 jure
685 5220 759 5275 uti
795 5219 1031 5274 debeat:
1065 5228 1328 5288 quantum
1375 5221 1658 5290 praecipuis
1701 5221 1958 5278 Ecclesia:

388 5313 710 5370 doctoribus
742 5312 1073 5380 investigare
1105 5313 1271 5375 valui,
1296 5311 1348 5364 in
1382 5315 1571 5380 paucis
1615 5315 1711 5368 tibi
1755 5319 1955 5371 rescri-

469 5468 488 5498 ⁸
523 5463 844 5532 Quanquam
897 5460 1228 5531 Hieronymo
1281 5463 1516 5532 ascripta
1569 5463 1718 5535 folim
1799 5468 1956 5535 vulgo

389 5538 646 5599 habetur,
674 5546 860 5586 uolatu
908 5536 1128 5601 dignum
1159 5544 1255 5605 est
1295 5543 1497 5605 tamen,
1530 5534 1650 5605 ejus
1675 5551 1852 5605 neque
1895 5534 1956 5592 in

387 5607 578 5665 editis,
613 5618 790 5676 neque
813 5617 942 5676 mss.
972 5617 1109 5676 quos
1155 5603 1592 5676 vidintus‘libris,
1629 5603 1825 5660 nctneu
1862 5624 1959 5676 ap-

393 5676 550 5742 poni,
587 5674 732 5740 quod
780 5673 834 5725 in
881 5675 1001 5727 aliis
1033 5671 1300 5740 ejusmodi
1335 5673 1577 5729 solemne
1624 5686 1729 5730 est.
1784 5671 1957 5730 Atinii

2036 1859 2156 1900 esse
2187 1845 2526 1901 intolerabile
2557 1856 2759 1904 sancta:
2802 1847 3080 1914 Ecclesiae,
3121 1859 3182 1902 ut
3207 1851 3326 1904 sine
3359 1850 3596 1904 vindicta

2037 1941 2348 1988 sanctorum
2375 1949 2642 1988 canonum
2675 1947 2976 1990 remaneat.
3581 1990 3588 1994 .

2106 2023 2172 2084 ll.
2220 2023 2370 2080 Unde
2412 2025 2832 2095 Chrysostouius
2880 2027 2933 2080 in
2982 2030 3389 2086 commentariis
3435 2045 3601 2099 super

2037 2113 2371 2180 Hatthatum,
2405 2115 2496 2170 ubi
2526 2116 2774 2185 discipuli
2819 2119 2999 2186 spicas
3048 2120 3298 2175 manibus
3333 2120 3599 2192 vellebaut

2036 2208 2283 2271 sabbato,
2313 2217 2368 2260 et
2407 2207 2659 2276 pharisiei
2689 2209 3182 2278 reprehendebant,
3206 2213 3287 2268 sic
3318 2213 3393 2268 ait
3427 2228 3443 2270 :
3481 2232 3499 2266 ι
3541 2211 3600 2268 Si

2035 2313 2146 2358 non
2173 2299 2326 2354 licuit
2348 2299 2517 2354 David
2546 2310 2602 2356 et
2627 2301 2758 2356 viris
2782 2301 2898 2368 ejus
2919 2304 3099 2360 adhuc
3119 2305 3224 2362 sub
3245 2305 3431 2361 umbra
3468 2306 3602 2374 legis

2036 2391 2324 2445 comedere
2347 2404 2513 2460 partes
2535 2391 2951 2460 Propositionis,
2977 2395 3195 2461 quando
3218 2395 3286 2450 ab
3315 2396 3599 2451 Abimelch

2037 2497 2207 2552 panes
2233 2482 2386 2551 petiit
2417 2483 2558 2537 fame
2585 2483 2898 2539 stimulante
2925 2503 2938 2540 :
2968 2486 3240 2554 quomodo
3262 2501 3406 2544 nunc
3425 2487 3604 2544 Evan-

2035 2575 2176 2650 gelia
2202 2584 2524 2630 coruscante
2547 2574 2860 2648 persuaderi
2889 2561 3048 2636 debet
3078 2577 3254 2642 laicis.
3281 2589 3341 2636 ιιι
3365 2580 3600 2636 oblatio-

2040 2682 2164 2726 nont
2191 2681 2390 2736 panum
2425 2667 2538 2721 Deo
2568 2667 2869 2721 oblaturum
2901 2669 3019 2722 suis
3049 2669 3237 2725 usibus
3288 2671 3541 2734 rapiant?
3577 2689 3598 2723 ι

2040 2757 2183 2813 Dicit
2224 2771 2463 2825 namque
2501 2757 2723 2826 perinde
2763 2757 3051 2828 Apostolus
3094 2776 3109 2819 :
3158 2759 3261 2824 Qui
3287 2763 3451 2818 altari
3489 2780 3604 2817 ser-

2037 2851 2206 2917 viunt,
2243 2850 2306 2904 de
2340 2849 2500 2905 altari
2532 2849 2848 2919 participem
2915 2850 2962 2921 (1
3002 2850 3126 2912 Cor.
3172 2866 3251 2916 ix,
3302 2853 3416 2923 15).
3465 2855 3605 2924 Ergo

2040 2943 2162 3012 quia
2193 2941 2506 2998 sacerdotes
2535 2955 2634 3010 pro
2662 2941 2916 2997 omnibus
2944 2956 3102 2996 orare
3136 2943 3337 3008 solent,
3368 2960 3600 3014 quorum

2039 3035 2415 3104 eleemosynas
2455 3042 2508 3086 et
2544 3031 2851 3088 oblationes
2894 3031 3166 3099 accipiunt
3211 3049 3227 3086 :
3268 3048 3373 3101 qua
3423 3035 3605 3094 fronte

2036 3133 2370 3195 prarsumuut
2425 3121 2548 3178 laici
2595 3121 2916 3190 oblationes,
2965 3136 3101 3190 quas
3148 3122 3446 3184 Christiani
3501 3142 3603 3196 pro

2035 3217 2270 3286 peccatis
2303 3215 2419 3286 suis
2455 3213 2710 3276 oll'erunt,
2741 3213 2826 3268 vel
2859 3213 3170 3277 comedere,
3205 3215 3289 3266 vel
3322 3215 3448 3270 aliis
3474 3231 3603 3270 con-

2037 3308 2236 3362 cedere
2269 3323 2284 3362 :
2314 3321 2440 3360 cum
2487 3305 2589 3374 ipsi
2632 3319 2739 3358 non
2771 3304 3005 3358 debeant
3043 3321 3140 3372 pro
3177 3307 3374 3376 populo
3408 3307 3603 3362 orare‘l

2036 3399 2118 3454 Ob
2153 3400 2278 3464 hoc,
2323 3411 2460 3466 papa
2493 3397 2749 3468 gloriose,
2787 3397 3001 3452 mittere
3045 3408 3258 3464 oportet
3289 3399 3410 3454 illos
3460 3416 3602 3470 pra:-

2036 3499 2344 3560 sutnptores
2389 3489 2442 3542 iri
2490 3489 3114 3546 “communicationem
3160 3502 3499 3562 perpetuam,
3544 3502 3603 3548 ut

2033 3581 2221 3636 caueri
2251 3589 2452 3635 metum
2485 3581 2740 3647 habeant,
2769 3590 2826 3635 et
2868 3580 3099 3651 amplius
3128 3581 3245 3639 haec
3275 3584 3329 3638 in
3361 3582 3604 3640 Ecclesia

2039 3689 2110 3728 ne
2147 3673 2298 3728 iiant.

2176 3786 2496 3844 MONITUM
2530 3787 2594 3842 IN
2626 3787 3008 3844 EPISTULAS
3031 3789 3464 3855 SEQUENTES.
3515 3836 3522 3844 .

2110 3879 2440 3952 Godeiridus
2462 3878 2836 3952 Henschenius
2858 3882 3066 3952 primus,
3085 3884 3226 3951 typis
3249 3883 3606 3952 descripsisse

2042 3951 2141 4005 has
2167 3949 2418 4018 episwlas
2453 3949 2672 4011 dicitur,
2701 3963 2834 4016 quas
2858 3949 2912 4004 et
2940 3952 2990 4003 in
3019 3949 3308 4019 plerisque,
3343 3949 3442 4006 nec
3473 3969 3608 4008 sane

2044 4021 2449 4086 contemnendae
2471 4019 2829 4086 antiquitatis,
2851 4029 2943 4072 aut
2960 4031 3125 4080 notae,
3147 4035 3277 4080 mss.
3302 4024 3606 4082 codicibus.

2045 4085 2376 4158 praefationis
2403 4085 2796 4158 loco_pr:elixas
2825 4089 2958 4141 tibro
2983 4089 3046 4140 de
3085 4087 3218 4142 Viris
3247 4089 3608 4152 Romanorum

2042 4155 2362 4230 Pontiﬁcum
2391 4155 2486 4208 sub
2519 4155 2739 4210 Damasi
2764 4158 3008 4230 nomine,
3044 4159 3287 4230 invenire
3307 4171 3412 4230 est.
3433 4165 3610 4230 Atque

2045 4226 2375 4300 illequidctn
2412 4239 2506 4300 pro
2534 4227 3082 4300 gertnanisbamasci
3113 4238 3274 4296 atque
3303 4226 3609 4300 Hieronimi

2047 4293 2477 4366 scriptisiiabuit
2507 4313 2522 4348 :
2546 4293 2714 4362 utque
2739 4295 2861 4348 aliis
2890 4300 3165 4364 probaret,
3186 4293 3290 4366 pro
3319 4300 3457 4352 virili
3483 4293 3610 4353 con-

2059 4364 2251 4437 tendit.
2290 4363 2442 4437 Nunc
2482 4373 2662 4418 autem
2708 4379 2866 4437 nemo
2898 4363 3004 4418 non
3043 4363 3228 4437 sentit,
3273 4382 3380 4421 atra
3415 4369 3613 4437 lupinis

1979 4408 2036 4470 Β
2061 4408 2265 4487 ante
2290 4408 2740 4501 peragrans;
2748 4408 3380 4488 '5"tio'éii§siiii'{i?aiti'i;a'
3379 4408 3616 4490 nat-:31:

2061 4503 2237 4556 lorum
2267 4503 2432 4573 istylo
2479 4512 2644 4570 atque
2686 4501 2988 4573 er_uditione
3031 4503 3130 4555 has
3175 4519 3344 4573 prope
3383 4507 3614 4560 dixerint

2061 4569 2379 4643 quisquilias
2398 4579 2467 4643 _et
2501 4569 2691 4640 nugas.
2720 4569 2865 4643 Falsi
2902 4576 3122 4643 arguit,_
3149 4569 3446 4643 rciellitque
3493 4582 3616 4629 data

2059 4655 2225 4709 Opera
2251 4638 2672 4696 Schelestratius
2695 4638 2990 4708 Autiquitf
3012 4641 3196 4694 eccler.
3255 4638 3472 4698 Disiert.
3530 4660 3615 4708 ιιι,

2061 4724 2200 4782 (ξιιμ
2220 4709 2272 4771 5,
2313 4719 2423 4782 tum
2447 4709 2875 4782 _Papeb_rochius,
2897 4711 2962 4782 ⁸ιιι
2993 4709 3295 4779 Propylato,
3331 4722 3494 4782 atque
3525 4715 3618 4768 alii

2060 4777 2283 4847 passim.
2321 4777 2568 4837 Oudinus
2617 4777 2846 4832 Damam
2889 4777 3200 4844 Portueiist,
3249 4798 3304 4835 ix
3349 4777 3423 4835 uti
3455 4785 3618 4836 tinent

2061 4848 2332 4916 vergentis
2354 4847 2540 4919 saeculi
2563 4849 2792 4919 auctori,
2819 4851 2886 4902 de
2907 4864 3018 4916 quo
3059 4863 3180 4903 ιιιυιι
3209 4851 3359 4919 plura
3385 4852 3620 4907 dicenda

2055 4916 2684 4990 ¹ιιι-ιιιιι,ῃιιδιιτιιιιιίΝιιδ
2721 4918 2828 4990 huc
2865 4919 3022 4990 primi
3049 4916 3365 4983 ascivimus,
3399 4935 3465 4976 ne
3490 4924 3617 4990 quid

2060 4986 2202 5054 quod
2242 4981 2557 5053 Hieronymi
2593 4987 2816 5041 nomine
2853 4981 3162 5056 insignitur,
3201 4981 3436 5044 deesset.

2563 5116 2894 5178 EPISTOLA
2931 5119 3114 5177 XLlV.

2256 5209 2574 5270 Beatissimo
2597 5226 2748 5282 papee
2777 5211 3008 5268 Damaso
3042 5213 3449 5285 Hieronymus,

2063 5323 2368 5388 ._Gloriam
2400 5326 2714 5390 Sanctitatis
2745 5336 2848 5386 tua
2881 5336 3068 5384 nostra
3105 5328 3385 5385 humilitas
3421 5331 3620 5401 depre-

2061 5481 2610 5553 Psemlo—llieronymi
2640 5484 2921 5553 epistolam
2976 5485 3043 5540 ad
3093 5486 3382 5544 Damasum
3425 5490 3493 5545 de
3529 5505 3623 5546 ca-

2063 5555 2296 5630 nonibus
2321 5554 2734 5676 Egatigetiorum
2768 5555 3114 5611 exhibuimus
3142 5569 3286 5613 tonio
3309 5565 3620 5630 praeceden-

2066 5632 2126 5676 tt.
2165 5637 2287 5676 nan.
3611 5655 3614 5658 ’

2066 5624 2126 5686 ti,
2162 5637 2287 5692 pag.
2323 5624 2446 5678 065.
3309 5624 3324 5630 ’
3611 5655 3614 5658 ~
