4004 6192
325 407 441 472 305

975 403 1338 466 EPISTOLA
1381 390 1738 466 XLIXQAD
1777 405 2306 473 CHROMATIUM
2344 413 2443 474 ET
2484 412 3016 478 HELIODORUM.

3478 415 3584 478 306

330 521 733 592 respondeatur
755 517 1036 575 nocturnis
1067 519 1428 590 temporibus.
1456 518 1514 572 lu
1546 518 1786 573 Ecclesia
1813 533 1878 572 au
1894 549 1912 561 ο
1937 523 1990 581 Α
2014 523 2284 579 Christus.
2311 522 2463 578 Nunc
2481 534 2660 579 autem
2683 525 3031 594 exposuimus
3052 522 3315 590 originem
3335 525 3582 579 Omnium

333 625 447 670 tem
473 622 598 681 post
621 610 1108 666 Resurrectionem
1141 625 1314 680 usque
1340 611 1406 666 ad
1439 622 1683 667 sanctam
1711 610 1908 664 Pente-

335 713 532 759 costen
569 703 830 768 finiatur;
865 700 1008 756 inter
1038 703 1252 756 dierum
1285 717 1416 757 vero
1446 701 1620 770 spatia
1647 701 1914 772 quinqua-

335 796 586 866 gesimae,
615 803 839 862 propter
864 793 1164 850 novitatem
1196 793 1370 848 sancti
1408 793 1646 858 Paschae,
1673 807 1776 848 vox
1811 791 1909 846 ista

337 882 520 937 laudis
542 890 776 935 canatur
801 885 856 935 in
887 881 1082 952 Aleplt,
1107 885 1251 954 quod
1278 880 1466 938 Graece
1495 883 1774 954 prologus,
1809 882 1915 937 La-

337 977 450 1026 tine
475 973 729 1043 praefatio
754 973 952 1028 dicitur
992 974 1033 1028 ⁸.

411 1064 477 1118 ll.
523 1063 691 1118 David
739 1064 883 1118 ﬁlius
929 1063 1085 1120 Jesse
1131 1079 1252 1119 cum
1290 1073 1438 1122 esset
1479 1065 1533 1120 in
1577 1078 1750 1133 regno
1796 1078 1918 1127 suo,

336 1167 580 1222 quatuor
604 1154 790 1225 elegit,
818 1157 910 1225 qui
939 1157 1176 1225 psalmos
1203 1156 1465 1220 lacerent,
1491 1157 1542 1212 id
1573 1167 1677 1222 est,
1704 1155 1915 1226 Asaph,

337 1247 536 1312 Binan,
577 1246 776 1312 Etban,
821 1257 876 1302 et
919 1248 1158 1304 lditltun.
1203 1250 1345 1321 Ergo
1387 1251 1663 1320 octoginta
1697 1259 1754 1305 et
1796 1261 1922 1307 octo

339 1339 606 1395 dicebant
641 1341 904 1411 psalmos,
949 1349 1002 1394 et
1047 1355 1111 1396 cc
1155 1340 1500 1411 diapsalma;
1547 1349 1603 1397 et
1651 1343 1920 1398 citharam

338 1432 682 1503 percutiebat
719 1433 880 1488 Abira
906 1448 1029 1488 cum
1075 1431 1250 1488 David
1283 1448 1429 1504 rege.
1450 1434 1518 1489 Et
1542 1447 1669 1488 arca
1708 1432 1921 1488 Domini

339 1525 400 1580 in
445 1523 784 1580 Hierusalem
828 1533 952 1596 post
993 1540 1171 1580 annos
1201 1525 1272 1582 40
1309 1534 1600 1581 revocatur
1628 1526 1698 1579 ab
1723 1524 1920 1591 Azoto,

339 1628 469 1669 cum
495 1615 821 1672 mansitaret
847 1617 901 1670 irt
930 1616 1091 1671 domo
1122 1615 1452 1670 Aminadab.
1485 1613 1637 1670 Hanc
1667 1615 1929 1683 imposuit

338 1707 398 1763 in
430 1707 695 1778 snhjugali
723 1722 885 1774 novo,
917 1717 974 1762 et
1002 1711 1228 1763 adduxit
1260 1709 1312 1762 in
1344 1707 1711 1764 Hierusalem.
1742 1707 1927 1762 Electa

341 1801 508 1855 simul
547 1816 613 1856 ex
650 1801 801 1857 omni
839 1817 1040 1871 genere
1075 1801 1309 1856 ﬁliorum
1363 1800 1532 1856 Israel
1583 1801 1928 1872 septuaginta

343 1891 519 1948 millia
546 1894 810 1949 virorum.
841 1893 919 1948 De
948 1893 1094 1948 tribu
1123 1901 1305 1948 autem
1333 1891 1462 1947 Levi
1487 1893 1642 1948 electi
1673 1902 1801 1946 sunt
1826 1893 1926 1945 du-

341 1989 504 2036 centa
551 1980 823 2052 octoginta
868 1991 1074 2053 septem
1124 1981 1290 2036 millia
1336 1982 1466 2042 viri.
1500 1980 1579 2035 Ex
1622 1981 1822 2052 quibus
1869 1980 1924 2036 hi

347 2074 507 2139 primi
545 2087 667 2128 esse
700 2073 978 2144 principes
1013 2073 1328 2129 cantionum
1366 2073 1645 2129 Constituti
1673 2089 1689 2128 :
1721 2071 1779 2128 id
1815 2081 1925 2137 est,

345 2166 559 2232 Asaph,
583 2164 795 2230 Emam,
829 2165 1030 2233 Ethan,
1063 2176 1118 2222 et
1145 2165 1392 2233 .ldithnn,
1419 2165 1713 2238 unicuique
1745 2174 1924 2220 autem

343 2270 543 2310 eorum
577 2257 896 2311 dividuntur
931 2258 1000 2312 72
1037 2259 1140 2314 viri
1178 2257 1542 2314 acclamantes
1573 2256 1766 2312 laudes
1799 2271 1925 2310 can-

345 2351 560 2403 tionum
593 2347 824 2404 Domino
853 2359 1063 2406 nostro.
1097 2349 1164 2406 Et
1204 2363 1348 2406 unus
1383 2349 1600 2419 quidem
1633 2363 1819 2403 eorutn
1853 2347 1930 2402 l'e-

350 2442 505 2497 rebat
553 2445 890 2513 cymbalum,
937 2444 1074 2500 alius
1127 2444 1398 2515 cinyram,
1449 2441 1589 2498 alius
1632 2441 1922 2507 citharam,

343 2536 488 2590 alius
528 2537 654 2592 tuba
690 2552 892 2594 cornea
919 2537 1226 2594 exsultans.

419 2628 510 2684 Ill.
545 2631 606 2684 ln
638 2633 820 2686 medio
849 2642 1029 2687 autem
1063 2633 1243 2688 stabat
1273 2629 1443 2687 David
1469 2645 1561 2687 rex
1589 2639 1780 2688 tenens
1811 2633 1928 2701 ipse

343 2722 698 2792 psalterium.
729 2724 870 2778 Area
892 2734 1070 2778 autem
1091 2724 1304 2779 Domini
1333 2725 1693 2778 antecedebat
1723 2723 1926 2789 choris,

342 2823 402 2869 et
428 2813 498 2869 ad
523 2814 791 2870 sacriﬁcia
813 2815 1010 2870 vitulos
1034 2815 1206 2871 albos.
1234 2814 1468 2885 Papulus
1489 2831 1620 2870 vero
1642 2801 1930 2871 universus

342 2905 682 2973 sequebatur
726 2913 874 2962 retro
907 2922 1114 2962 arcam.
1155 2907 1293 2962 Sunt
1335 2922 1465 2978 ergo
1505 2921 1696 2963 omnes
1737 2907 1928 2976 psalmi

344 2994 525 3050 David
557 3011 643 3060 CL,
672 2997 827 3068 juxta
873 3007 1141 3064 tenorem,
1173 3009 1228 3054 et
1259 2998 1582 3054 vocabulum
1623 2997 1934 3066 Scriptura-

344 3103 501 3156 rum,
560 3089 637 3144 ita
687 3099 743 3144 et
790 3090 1055 3160 propositi
1093 3099 1244 3145 sunt.
1309 3092 1548 3157 Quorum
1609 3091 1824 3160 quidem
1881 3109 1932 3147 ιι

2015 608 2368 677 psalmorum.
2395 609 2460 663 Et
2483 611 2828 678 exponimus,
2852 611 3123 680 quomodo
3149 611 3357 667 Hebraai
3382 613 3583 669 librum

2017 699 2347 768 psalmorum
2376 700 2426 752 in
2451 701 2694 770 quinque
2719 701 2964 756 dividant
2990 701 3178 756 libros.
3207 700 3421 759 Primus
3447 703 3587 759 liber

2015 791 2098 846 sic
2127 791 2437 846 continetur
2471 805 2498 846 a
2537 792 2746 863 psalmo
2773 794 2954 860 primo
2986 807 3159 863 usque
3188 795 3252 848 ad
3283 796 3586 867 quadrage-

2015 881 2235 937 simum.
2275 881 2559 937 Secundus
2599 883 2736 938 liher
2773 883 2856 939 sic
2887 884 3199 940 continetur
3227 901 3256 939 a
3291 901 3378 941 xu
3413 901 3586 957 usque

2019 973 2084 1026 ad
2103 988 2248 1027 Lxxt.
2269 972 2638 1029 Tertiusliber
2655 974 2736 1030 sic
2752 978 3064 1030 continetur
3091 991 3120 1030 a
3153 991 3301 1032 t.xxu
3333 979 3585 1048 usquead

2020 1080 2282 1122 Lxxxvm.
2315 1065 2554 1131 Quartus
2578 1067 2718 1122 liber
2745 1067 2825 1122 sic
2859 1069 3177 1124 continetur
3209 1085 3239 1124 a
3272 1086 3467 1126 Lxxxtx
3499 1087 3590 1128 us-

2024 1170 2131 1222 que
2164 1155 2231 1210 ad
2271 1171 2356 1210 cv.
2377 1157 2610 1222 Quintus
2636 1157 2773 1214 liber
2807 1161 2887 1215 sic
2912 1162 3226 1216 continetur
3249 1177 3275 1214 a
3303 1177 3388 1216 cvt
3420 1175 3591 1232 usque

2023 1244 2089 1300 ad
2111 1260 2195 1300 CL.
2220 1243 2350 1300 Oret
2370 1245 2641 1316 pronohis
2659 1247 2942 1306 Bcatitudo
2959 1259 3072 1316 tua,
3097 1249 3409 1307 beatissime
3427 1265 3586 1321 papa.

2132 1379 2447 1438 MONITUM
2486 1381 2558 1438 ΙΝ
2607 1382 2995 1440 El'lSTOLAM
3037 1383 3480 1452 SEQUENTEM.

2095 1494 2268 1551 Nemo
2301 1512 2410 1552 non
2442 1498 2613 1553 sentit
2641 1498 2828 1560 istam.
2861 1509 2914 1556 et
2947 1514 3067 1562 quae
3094 1499 3448 1564 subsequitur
3472 1497 3592 1567 epi-

2025 1567 2244 1629 stolam,
2296 1569 2581 1636 ipsamque
2631 1571 2768 1624 adeo
2815 1569 2893 1625 De
2948 1569 3245 1624 Natioitate
3290 1569 3351 1624 S.
3396 1568 3589 1622 Maria:

2028 1637 2328 1707 subnexam
2362 1639 2752 1702 narrationem,
2787 1641 2946 1695 unius
2979 1639 3328 1707 ejusdemque
3355 1652 3478 1696 esse
3513 1636 3590 1690 t‘a-

2030 1706 2275 1776 bularum
2307 1707 2612 1762 architecti.
2644 1709 2826 1772 Adito,
2850 1725 2915 1764 ne
2940 1719 2992 1762 te
3012 1706 3226 1763 diutius
3256 1707 3591 1776 argumentis

2031 1775 2632 1848 recitattdismoremur,
2653 1777 2745 1846 qui
2773 1793 2867 1834 eas
2893 1779 3014 1834 falsi
3060 1786 3294 1848 arguunt
3320 1777 3596 1848 refellunt-

1958 1870 1998 1924 Β
2030 1860 2139 1924 que
2195 1845 2494 1924 Baroniunt
2520 1845 2818 1924 adnannum
2849 1849 2954 1904 588
2988 1845 3144 1924 num.
3169 1848 3292 1910 i0l.
3329 1847 3593 1924 Joannem

2029 1914 2302 1984 Molanum
2334 1915 2427 1970 lib.
2459 1916 2522 1971 de
2555 1915 2811 1983 Picturis,
2844 1934 2963 1984 cap.
2997 1918 3102 1984 2i;
3137 1933 3168 1972 e
3201 1915 3594 1972 recentioribus

2028 1983 2336 2058 Fabricium
2358 1988 2412 2039 in
2450 1985 2649 2058 Codice
2680 1983 2988 2058 apocrypha
3019 1983 3151 2041 tom.
3185 1985 3226 2051 l,
3250 1987 3406 2050 cuius
3429 1989 3591 2058 etiam

2031 2055 2348 2110 recensione
2375 2069 2439 2110 ac
2471 2057 2616 2111 notis
2650 2055 2894 2124 utemur,
2915 2073 2982 2112 ne
3007 2066 3190 2112 actum
3216 2070 3380 2126 agere
3411 2056 3594 2112 videa-

2029 2139 2170 2178 nm'
2485 2194 2822 2253 EPISTOLA
2865 2194 3098 2254 XLVlll.

2028 2297 2317 2342 CHROIA’I’II
2341 2301 2408 2340 ET
2430 2301 2718 2342 HBLIODODI
2751 2302 3112 2344 EPISCOPOBUI
3138 2301 3203 2342 AD
3229 2303 3593 2344 ιιιειιοιιῐιιυιι.

2093 2376 2250 2438 (lianc
2269 2375 2422 2428 babes
2441 2380 2860 2453 epistobim_inter
2879 2380 3349 2453 scripta-Chromatio
3358 2379 3597 2431 attributa

2461 2447 2581 2490 tom.
2607 2441 2691 2492 XX
2709 2442 2916 2506 hujusce
2949 2441 3204 2506 Bibliotb.)

2521 2563 2860 2622 EPISTOLA
2883 2564 3070 2622 XLIX.

2204 2673 2490 2714 HIEHONYII
2513 2675 2580 2714 AD
2617 2675 2960 2716 CHBOIATIUI
2991 2675 3060 2714 ΕΤ
3096 2673 3455 2715 ηειιοιιοιιιιιι.

2033 2749 2274 2807 Dominis
2320 2753 2523 2808 sanctis
2571 2764 2625 2808 et
2667 2753 3002 2808 heatissimis
3055 2752 3376 2809 Cbromatio
3405 2761 3461 2808 et
3491 2749 3601 2806 He-

2105 2820 2318 2875 liodoro
2343 2823 2637 2893 episcOpis,
2688 2823 3052 2893 Hieronymus
3109 2821 3342 2893 exiguus
3395 2821 3601 2878 Christi

2104 2904 2321 2958 servus,
2347 2893 2402 2946 in
2431 2891 2660 2948 Domino
2687 2891 2944 2948 salutem.

2105 2994 2149 3049 Ι.
2201 2994 2304 3064 Qui
2367 3006 2570 3052 terram
2605 2998 2726 3054 auri
2779 3000 3054 3056 consciam
3087 3000 3246 3065 fodit,
3307 3014 3413 3056 non
3451 3000 3601 3056 illico

2035 3086 2229 3156 arripit
2290 3089 2551 3158 quidquid
2613 3088 2756 3146 fossa
2819 3091 3122 3162 profuderit
3176 3092 3437 3160 lacerata,
3507 3092 3604 3148 sed

345 3181 484 3237 fecit
536 3180 654 3252 ipse
711 3180 918 3251 David;
975 3197 1128 3237 xxxtt
1191 3196 1302 3238 non
1366 3190 1494 3237 sunt
1545 3184 2004 3258 suprascripti;c
2041 3179 2362 3251 priusquam
2408 3180 2624 3252 fulgens
2664 3185 2878 3253 pondus
2921 3185 3190 3241 vibrantia
3233 3185 3419 3255 jactus
3469 3184 3605 3241 ferri

347 3288 504 3329 Lxxtt
579 3275 632 3328 in
686 3275 857 3330 David
913 3289 1132 3345 regem;
1198 3289 1254 3329 ιιι
1320 3274 1375 3329 in
1441 3275 1656 3345 Asaph;
1726 3293 1800 3331 xu
1872 3279 1927 3334 in

346 3363 616 3431 ltlithun;
667 3380 720 3420 tv
776 3365 834 3420 in
869 3365 1010 3421 lilios
1056 3364 1332 3434 Choreph,
1423 3381 1591 3420 unum
1636 3369 1689 3422 in
1725 3366 1933 3424 Zacha-

348 3457 517 3524 riam,
558 3473 725 3512 unum
770 3459 826 3512 in
872 3459 1150 3528 Aggteum,
1182 3458 1320 3513 duos
1356 3457 1410 3512 in
1452 3457 1665 3526 Mosen,
1710 3459 1846 3514 duos
1877 3460 1930 3514 in

355 3549 713 3604 Salomonem
753 3565 957 3620 regem.
999 3551 1229 3605 Finiunt
1271 3552 1464 3621 utique
1506 3565 1696 3606 omnes
1737 3551 1934 3621 psalmi

353 3642 528 3697 David
575 3641 670 3696 lilii
711 3640 862 3697 Jesse
893 3641 1041 3711 regis
1071 3640 1239 3697 Israel
1274 3658 1501 3698 numero
1529 3658 1614 3698 cs.
1645 3643 1724 3697 lta
1755 3643 1938 3712 dispo-

351 3736 487 3796 sitio
515 3736 630 3802 ipsa
662 3735 928 3799 continet,
959 3735 1012 3790 id
1039 3747 1141 3802 est,
1172 3734 1479 3806 Diapsalma
1511 3749 1674 3799 Lxxv,
1702 3735 1936 3790 Alleluia

350 3847 474 3896 xxt,
503 3830 792 3886 Canticum
818 3827 1081 3899 graduum
1105 3843 1196 3882 xv.
1222 3825 1416 3882 Ctetcri
1447 3843 1577 3882 vero
1607 3837 1764 3897 prout
1787 3836 1936 3881 textu

354 3927 662 3995 Scriptura:
699 3922 1069 3985 continentur,
1107 3919 1186 3974 sic
1224 3921 1524 3974 recitantur
1563 3935 1660 3990 pro
1695 3919 1807 3974 suis
1846 3934 1940 3974 no-

353 4018 625 4074 minibus.
661 4015 798 4069 Nam
835 4014 1046 4082 primus
1079 4011 1320 4082 psalmus
1358 4013 1488 4066 nulli
1524 4012 1854 4082 assignatur,
1887 4021 1942 4068 et

349 4109 509 4175 juxta
547 4104 830 4158 historiam
863 4118 981 4171 quae
1009 4102 1251 4156 omnium
1283 4110 1388 4155 est.
1417 4101 1622 4155 Deinde
1652 4103 1773 4170 quis
1805 4102 1942 4157 alius

355 4199 454 4252 int.
478 4197 687 4264 “igitur
719 4194 1033 4262 plenissime
1063 4206 1206 4258 esse,
1240 4193 1344 4246 nisi
1383 4191 1778 4261 pritnogenitus
1809 4191 1944 4247 Dei?

358 4293 508 4360 Ergo
543 4289 740 4342 merito
758 4287 1155 4356 suprascriptio
1175 4301 1282 4340 non
1315 4283 1419 4340 luit
1453 4285 1784 4348 necessaria,
1815 4285 1942 4355 quia

358 4385 482 4450 ipse
525 4380 739 4445 primus
775 4379 1013 4448 psalmus
1051 4376 1256 4434 Christi
1300 4379 1632 4434 mentionem
1677 4378 1943 4442 faciendo,

358 4483 448 4529 est
487 4470 556 4525 ad
591 4485 781 4526 veram
831 4470 1035 4526 Christi
1077 4471 1450 4540 exponendam
1492 4483 1804 4540 personam.
1839 4469 1946 4526 Sed

2038 3273 2603 3341 suspendat,interim
2639 3276 2916 3332 vertendis
2961 3277 3461 3346 suspendendisque
3520 3291 3610 3332 ce-

2037 3365 2269 3436 spitibus
2297 3365 2640 3431 immoratur,
2656 3377 2708 3422 et
2725 3368 3036 3437 specialiter
3051 3369 3143 3440 qui
3173 3369 3409 3424 nondum
3440 3369 3610 3424 lucris

2040 3467 2286 3527 augetur.
2309 3459 2550 3512 Arduum
2589 3474 2729 3529 opus
2773 3459 3092 3530 injungitur,
3136 3474 3262 3514 cum
3300 3458 3402 3513 hoc
3449 3455 3612 3512 luerit

2041 3550 2174 3604 mihi
2205 3564 2234 3603 a
2291 3557 2472 3604 vestra
2535 3550 2876 3606 beatitudine
2915 3551 3261 3620 imperatum,
3304 3551 3448 3619 quod
3510 3563 3612 3603 nec

2042 3641 2157 3710 ipse
2182 3649 2401 3695 sanctus
2417 3639 3069 3711 Matthaeusapostolusﬁet
3086 3640 3417 3708 evangelista
3445 3639 3616 3694 voluit

2045 3731 2099 3786 in
2159 3739 2348 3800 aperto
2413 3730 2710 3786 conscribi.
2768 3731 2824 3786 Si
2877 3731 3026 3785 enim
3077 3729 3178 3784 hoc
3203 3739 3468 3785 secretum
3507 3744 3613 3784 non

2043 3831 2212 3887 esset,
2237 3821 2530 3892 Evangelia
2561 3823 2749 3891 utique
2781 3821 2951 3890 ipsius
2977 3819 3122 3890 quod
3158 3819 3352 3884 edidit,
3379 3817 3617 3873 addidis-

2047 3925 2132 3970 set
2159 3933 2174 3982 ;
2203 3915 2294 3970 sed
2323 3915 2449 3968 fecit
2473 3916 2619 3968 hunc
2656 3913 2894 3966 libellum
2929 3911 3209 3966 llehraicis
3248 3897 3441 3964 litteris
3468 3910 3616 3964 obsi-

2048 4014 2293 4077 gnatum,
2315 4020 2476 4075 quem
2512 4020 2681 4074 usque
2697 4004 2835 4060 adeo
2871 4003 3062 4069 edidit,
3085 4010 3142 4056 ut
3165 4011 3218 4056 et
3257 4015 3420 4054 manu
3453 4000 3618 4070 ipsius

2049 4097 2187 4152 liber
2213 4097 2448 4165 scriptus
2483 4095 2762 4152 Hebraicis
2795 4095 2993 4150 litteris
3033 4109 3060 4148 a
3105 4095 3239 4150 viris
3274 4092 3621 4163 religiosissi-

2052 4189 2155 4243 mis
2187 4189 2451 4242 habeatur
2485 4205 2499 4242 :
2527 4189 2621 4258 qui
2653 4188 2866 4243 etiama
2905 4186 3022 4242 suis
3055 4187 3328 4256 prioribus
3363 4199 3459 4255 per
3487 4199 3621 4239 suc-

2051 4296 2240 4338 cessus
2279 4289 2578 4352 temporum
2610 4292 2993 4352 susceperunt.
3049 4283 3204 4336 nunc
3229 4292 3406 4335 autem
3445 4281 3619 4350 ipsum

2054 4375 2272 4441 librum,
2297 4390 2570 4446 nunquam
2597 4375 2759 4430 alicui
2787 4374 3223 4431 transferendum
3246 4373 3582 4428 tradiderunt
3605 4389 3621 4430 :

2058 4475 2265 4521 textum
2297 4467 2416 4535 ejus
2443 4466 2604 4522 aliter
2641 4478 2804 4537 atque
2831 4467 2994 4522 aliter
3021 4475 3407 4520 narraverunt.

362 4564 564 4637 psalmi
603 4577 793 4618 omnes
829 4577 937 4617 non
974 4562 1275 4616 secundum
1315 4575 1467 4614 sttam
1509 4560 1817 4627 historiam,
1853 4559 1948 4615 sed
1979 4553 2026 4610 ι)
2126 4558 2190 4613 ll.
2217 4559 2322 4614 Sed
2357 4559 2560 4614 laetum
2600 4571 2765 4616 estut
2791 4575 2820 4613 a
2856 4559 3156 4627 inlanichaai
3199 4557 3487 4628 discipulo,
3525 4572 3623 4612 no-

360 4659 677 4715 secundum
703 4656 1042 4725 prophetiam
1069 4669 1206 4722 pene
1230 4654 1626 4723 intelliguntur.
1650 4651 1784 4707 Nam
1810 4654 1956 4722 psal-

365 4751 445 4806 Ini
487 4764 686 4804 omnes
728 4748 820 4816 qui
869 4749 1205 4812 scribuntur,
1251 4747 1364 4816 ipse
1409 4745 1598 4809 Dauid,
1635 4745 1702 4798 ad
1748 4743 1950 4799 Christi

365 4841 661 4912 pertinent
707 4849 1076 4906 sacramenta,
1127 4838 1252 4908 quia
1300 4838 1416 4908 ipse
1451 4837 1618 4892 David
1656 4836 1830 4892 dictus
1869 4846 1954 4892 est

365 4994 614 5050 traditur
677 5002 929 5048 tractum.
974 4991 1038 5045 Et
1075 4991 1195 5046 ideo
1231 4991 1402 5062 magis
1439 4992 1490 5044 in
1513 4991 1635 5062 _bac
1687 5005 1747 5045 re
1807 4991 1950 5046 illam

361 5063 830 5120 consuetudinem
911 5060 1344 5129 amputavimus.
1407 5080 1425 5112 ι
1511 5060 1802 5129 Disputant
1887 5062 1952 5115 de

365 5139 638 5194 istorum.
690 5133 888 5198 quibus
937 5147 1038 5198 ego
1089 5133 1343 5184 mendum
1397 5130 1621 5184 subesse
1671 5131 1950 5195 existimo,

361 5205 676 5258 Verborum
724 5216 885 5255 sensu
939 5203 994 5254 itt
1044 5211 1326 5269 utramque
1365 5210 1569 5269 partem
1611 5202 1809 5269 su_tmni
1851 5202 1950 5253 viri

363 5271 534 5329 card.
567 5270 740 5331 Bona.
769 5272 834 5325 de
859 5270 1034 5324 Diein.
1067 5267 1342 5324 Psalniod.
1366 5267 1490 5336 cap.
1523 5269 1624 5334 16;
1659 5267 1954 5322 Tilletuon-

363 5347 510 5406 tius,
539 5350 674 5395 tom.
701 5339 840 5404 Vlll,
864 5355 985 5409 pag.
1007 5341 1110 5395 420
1133 5357 1148 5405 ;
1168 5339 1536 5409 Constantius,
1563 5337 1683 5393 loco
1713 5339 1947 5409 laudato,

365 5425 544 5480 atque
579 5411 693 5465 alii.
717 5406 914 5480 Nostra
937 5406 1083 5478 quod
1119 5410 1369 5471 interest,
1399 5408 1488 5477 qui
1521 5409 1785 5480 lsidorum
1816 5406 1951 5462 Mer-

363 5478 627 5538 czttorem
688 5496 756 5534 ex
804 5479 1051 5546 Gregorii
1105 5479 1284 5532 verbis
1337 5489 1552 5532 nactum
1607 5478 1951 5531 occasionem

363 5553 744 5614 contendunt,
805 5550 974 5620 hujus
1030 5549 1407 5620 supponenda}
1437 5547 1712 5620 epistolae,
1771 5548 1956 5620 dicunt

363 5622 602 5690 quidem
649 5616 892 5689 propius'
914 5619 979 5690 ad
1034 5633 1222 5690 verum
1252 5635 1265 5682 ;
1337 5616 1506 5690 nihilo
1541 5627 1720 5690 tamen
1754 5618 1954 5690 Aminus

363 5686 507 5748 cum
549 5686 664 5759 jam
707 5686 832 5744 inde
873 5688 1148 5759 aiDamasi
1205 5686 1536 5755 temporibus
1579 5686 1952 5759 traditionem,

367 5766 496 5817 imo
551 5757 840 5830 decretum
895 5758 1191 5830 Gregorius
1229 5757 1755 5830 repetat,_ratio_neut
1791 5757 1956 5825 hujus

367 5844 605 5905 quoque
635 5829 715 5886 rei
740 5831 973 5901 aliquam
1006 5825 1195 5885 haberi
1229 5825 1411 5883 velim.
1442 5827 1571 5893 Qute
1597 5825 1952 5884 Constantius

2055 4654 2202 4708 mine
2234 4651 2489 4718 Seleuco,
2519 4651 2612 4720 qui
2653 4653 2820 4706 etiam
2854 4651 3246 4721 Apostolorum
3279 4659 3430 4718 gesta
3488 4647 3624 4702 l'also

2054 4759 2305 4801 sermone
2335 4745 2682 4815 conscripsit,
2747 4745 2837 4800 hic
2877 4745 3012 4801 liber
3057 4745 3264 4810 editus,
3302 4759 3408 4798 non
3448 4743 3620 4797 aedili-

2055 4838 2278 4901 cationi,
2319 4839 2417 4894 sed
2446 4836 2804 4893 destructioni
2835 4837 3120 4892 materiam
3145 4835 3478 4907 _exhibuerit
3521 4851 3537 4889 :
3568 4844 3624 4889 et

2055 5010 2121 5051 eo
2146 4993 2411 5059 congerit.
2442 4993 2744 5063 repetitque
2769 5008 2834 5048 ex
2863 5001 2990 5048 nota
3023 5002 3185 5063 atque
3202 4989 3457 5063 familiari
3478 4989 3623 5063 Cret

2094 5067 2210 5119 Orio
2234 5059 2582 5118 Benedimina
2633 5059 2838 5133 regula,
2865 5063 2994 5116 mihi
3030 5059 3249 5131 quidem
3297 5061 3431 5114 satis
3463 5059 3623 5133 haud

2083 5128 2283 5188 aeiunt.
2313 5133 2566 5186 Nonnihil
2589 5128 2754 5186 etia'm
2783 5133 2895 5197 illa,
2922 5128 3082 5202 quam
3108 5133 3440 5202 notavimus,
3463 5128 3624 5202 lectio

2057 5205 2537 5274 quinquagesima,
2569 5217 2668 5274 pro
2704 5198 3111 5271 quinquaginta,
3141 5200 3288 5274 _imo
3352 5198 3445 5274 qui
3483 5199 3622 5274 alius

2060 5267 2186 5327 inde
2238 5267 2480 5340 exsurgit
2525 5267 2626 5326 lo'ci
2673 5267 2888 5337 sensus,
2938 5267 3229 5341 propositae
3277 5267 3625 5337 explicationi

2057 5342 2335 5396 adversari
2373 5341 2609 5396 videtur.

2134 5412 2148 5442 ‘
2173 5410 2300 5465 Plus
2332 5413 2493 5465 habet
2526 5409 2807 5464 Sarazanii
2831 5407 3018 5472 editio,
3047 5415 3102 5461 ut
3127 5421 3229 5461 vox
3260 5407 3387 5473 ista,
3415 5413 3470 5461 et
3498 5416 3623 5476 post

2059 5482 2282 5535 verbum
2318 5481 2505 5550 Aleph,
2531 5480 2672 5550 quod
2701 5489 2776 5550 est
2807 5478 3184 5550 alleluia,_lqus
3213 5477 3310 5530 tibi
3338 5477 3461 5550 soli,
3480 5478 3625 5550 quod

2060 5549 2260 5613 Graec,
2289 5546 2426 5617 etc.,'
2447 5546 2550 5604 sed
2573 5565 2677 5603 non
2711 5548 2782 5603 ita
2813 5549 2942 5617 mihi
2973 5546 3117 5617 felici
3146 5561 3268 5617 esse
3293 5546 3539 5617 contigit,
3568 5555 3628 5603 ut

2059 5622 2193 5676 satis
2233 5621 2370 5674 bene
2405 5615 2754 5688 ’assequerer,
2797 5616 2924 5688 quid
2971 5616 3086 5688 haec
3126 5615 3226 5688 sibi
3274 5615 3464 5688 velint.
3493 5615 3631 5684 Qua

2062 5692 2186 5745 hinc
2220 5684 2650 5761 subsequuntur,
2685 5703 2748 5741 ex
2780 5684 2967 5761 codice
2997 5684 3266 5761 Palatino,
3297 5687 3388 5754 qui
3423 5693 3629 5742 textum

2062 5761 2363 5823 continuat,
2395 5756 2450 5814 ut
2479 5760 2679 5814 dudum
2710 5759 3044 5819 monuimus,
3066 5756 3336 5827 descripta
3365 5769 3513 5812 sunt.
