4012 6188
421 348 529 413 307

1393 362 1458 423 8.
1496 361 1943 423 HIEHONYMI
1983 362 2303 425 OPERUM
2336 362 2744 423 MANTISSA.

3559 356 3663 420 308

416 468 564 541 quod
594 467 714 525 talis
740 472 1063 541 probaretnr
1098 471 1154 528 in
1183 475 1414 543 synodo,
1450 477 1538 529 cui
1576 478 1774 533 merito
1822 493 1990 533 aures
2017 484 2063 539 Α
2093 493 2256 549 quam
2295 494 2419 548 quae
2450 487 2545 532 aut
2571 479 2777 547 scripta
2808 481 2938 533 sunt
2993 471 3093 539 ibi,
3139 481 3231 529 aut
3267 486 3665 545 consequenter

416 563 675 619 Ecclesiae
699 578 804 618 non
838 573 1103 633 paterent.
1154 560 1344 623 CesSet
1394 584 1538 624 nunc
1586 570 1979 625 oblatrantium

413 672 635 713 morsus
665 673 683 715 ξ
723 671 832 711 non
860 657 1022 712 istum
1059 658 1298 714 libellum
1326 662 1612 717 canonicis
1645 678 1745 718 nos
1781 677 1979 732 snper-

414 746 721 800 addidimus
761 748 1083 814 Scripturis.
1138 750 1233 803 sed
1290 751 1355 803 ad
1413 750 1775 821 detegendum
1809 753 1982 808 luere-

411 857 535 896 seos
572 840 862 907 fallaciam,
894 844 1125 912 apostoli
1161 852 1327 914 atque
1382 846 1732 915 evangelista;
1779 849 1981 915 scripta

412 935 793 989 transierimus
822 952 837 999 ;
870 937 922 990 in
950 952 1060 1006 quo
1081 952 1245 1003 opere
1273 952 1377 992 non
1401 947 1510 993 tam
1536 940 1639 1006 piis
1662 938 1981 1007 iubentibus

408 1026 684 1095 episcopis
740 1029 1201 1096 obtemperamus,
1260 1045 1425 1099 quam
1482 1030 1664 1097 impiis
1716 1031 1982 1086 Itmreticis

407 1114 707 1169 obviamus.
750 1116 917 1170 Amor
949 1117 1110 1185 igitur
1145 1127 1229 1172 est
1279 1117 1504 1182 Christi,
1539 1119 1625 1172 cui
1669 1117 1981 1174 satisfacie-

400 1221 551 1275 gnus,
578 1208 861 1262 credentes
884 1208 1034 1277 quod
1053 1224 1153 1265 nos
1174 1210 1291 1263 suis
1314 1209 1659 1265 orationibus
1684 1210 1977 1279 adjuvent;

407 1296 501 1365 qui
551 1299 615 1350 ad
674 1297 976 1353 Salvatoris
1021 1301 1189 1353 nostri
1243 1300 1529 1355 infantiam
1582 1308 1827 1354 sanctam
1886 1315 1982 1370 per

408 1396 648 1444 nostram
687 1393 967 1459 potuerint
998 1392 1359 1447 obedientiam
1391 1393 1697 1463 pervenire.

974 1547 1313 1605 EPISTOLA
1351 1549 1415 1605 L.

721 1640 796 1695 De
828 1638 1125 1697 Nativitate
1169 1653 1368 1698 sanctae
1398 1642 1586 1698 Mario:
1626 1644 1667 1698 ί.

478 1752 673 1809 Petitis
706 1768 736 1807 a
766 1769 879 1820 me,
913 1765 975 1810 ut
1002 1755 1162 1812 vobis
1208 1758 1531 1825 rescribam,
1568 1758 1699 1828 quid
1733 1757 1867 1813 mibi
1906 1757 1975 1814 de

2097 568 2261 625 scribi
2291 576 2607 639 potuerunt.

2169 662 2240 717 Il.
2263 660 2435 730 igitur
2464 662 2621 716 beata
2672 668 2728 714 et
2762 658 2995 727 gloriosa
3052 673 3270 728 semper
3301 658 3455 728 virgo
3487 657 3655 712 Maria

2091 755 2161 809 de
2189 754 2357 822 stirpe
2380 753 2530 822 regia
2553 762 2607 807 et
2629 750 2828 825 familia
2855 750 3023 806 David
3052 749 3278 805 oriunda
3310 766 3324 802 :
3362 750 3415 802 in
3441 750 3663 804 civitate

2092 844 2364 900 Nazareth
2403 853 2554 908 nata,
2585 843 2973 914 Hierosolymis
3002 842 3054 897 in
3091 842 3295 909 templo
3319 840 3530 895 Domini
3567 859 3662 896 nu-

2092 936 2215 990 trita
2264 936 2387 990 fuit.
2420 935 2581 991 Pater
2630 935 2747 1000 ejus
2776 931 3022 988 Joacbim
3057 950 3073 992 :
3102 942 3279 987 mater
3316 948 3448 988 vero
3505 934 3659 987 Anna

2090 1029 2391 1082 dicebatur.
2440 1024 2643 1079 Domus
2674 1033 2897 1094 paterna
2940 1031 3025 1079 est
3055 1038 3124 1078 ex
3185 1022 3405 1077 Galilaea
3430 1033 3484 1076 et
3517 1023 3661 1076 civi-

2089 1127 2200 1175 tate
2226 1116 2518 1172 Nazareth.
2550 1116 2877 1170 Maternum
2924 1126 3105 1170 autem
3132 1130 3299 1184 genus
3327 1130 3391 1168 ex
3440 1115 3657 1169 Betble-

2089 1211 2210 1266 hem
2247 1218 2384 1263 erat.
2449 1208 2567 1263 Vita
2602 1222 2793 1263 eorum
2827 1206 3054 1274 simplex
3087 1216 3141 1260 et
3170 1217 3320 1284 recta
3351 1212 3492 1275 apud
3550 1204 3659 1258 Do.

2088 1302 2315 1365 miuum,
2368 1302 2511 1369 apud
2574 1298 2821 1355 homines
2874 1297 3375 1366 irrepreltensibilis
3434 1309 3555 1350 erat
3602 1308 3655 1350 et

2087 1392 2196 1462 pia.
2261 1390 2396 1445 Nam
2428 1404 2645 1445 omnem
2681 1390 3042 1445 substantiam
3069 1403 3222 1443 suam
3274 1388 3541 1442 trifariam
3578 1388 3658 1440 di-

2085 1483 2351 1537 viserunt.
2390 1480 2563 1536 Unam
2598 1491 2805 1550 partem
2860 1480 3063 1549 templo
3085 1491 3141 1533 et
3201 1479 3388 1548 templi
3423 1479 3657 1533 servito-

2084 1571 2239 1627 ribus
2261 1572 2283 1606 "
2321 1572 2707 1642 impendebant
2743 1587 2759 1638 ;
2797 1570 2955 1626 aliam
2990 1570 3290 1641 peregrinis
3318 1579 3372 1623 et
3404 1570 3656 1639 pauperi-

2081 1663 2186 1719 bus
2211 1664 2511 1733 erogabant
2541 1681 2557 1729 ;
2590 1663 2804 1718 tertiam
2832 1677 2945 1718 suae
2972 1662 3193 1717 familia:
3223 1662 3410 1716 usibus
3430 1671 3485 1716 et
3550 1661 3654 1716 sibi

2085 1756 2465 1811 reservabant.
2494 1756 2575 1810 Ita
2602 1755 2689 1809 isti
2718 1754 2826 1811 Deo
2848 1755 3025 1820 cbari,
3062 1754 3374 1809 hominibus
3404 1752 3474 1823 pii
3513 1770 3527 1807 :
3558 1767 3655 1822 per

410 1844 646 1913 quodam
676 1845 859 1901 libello
907 1847 1181 1917 videatur,
1210 1850 1302 1919 qui
1338 1851 1406 1905 de
1444 1848 1741 1906 Nativitate
1771 1858 1979 1907 sancta
2012 1838 2053 1893 Β
2081 1862 2256 1904 annos
2287 1847 2507 1903 circiter
2539 1848 2751 1918 viginti,
2778 1858 2986 1902 castum
3005 1847 3149 1902 domi
3172 1846 3487 1916 conjugium
3521 1846 3641 1899 sine

406 1935 593 1993 Maria;
620 1954 652 1991 a
683 1934 958 1995 nonnullis
989 1940 1247 1998 habetur.
1283 1941 1352 1996 Et
1394 1943 1518 2000 ideo
1548 1946 1695 2001 scire
1730 1959 1827 2000 vos
1855 1943 1978 1998 volo

405 2029 572 2083 multa
607 2031 661 2084 in
692 2045 757 2084 eo
790 2032 925 2087 falsa
956 2033 1212 2088 inveniri.
1247 2035 1479 2102 Quidam
1508 2050 1749 2105 namque
1778 2034 1977 2091 Seleu-

404 2136 522 2187 cus,
561 2122 652 2190 qui
690 2123 974 2191 passiones
1017 2128 1390 2194 apostolorum
1444 2130 1788 2200 conscripsit,
1824 2129 1978 2183 hunc

402 2211 642 2266 libellum
678 2214 1004 2282 composuit.
1059 2212 1166 2271 Sed
1202 2219 1342 2271 sicut
1367 2218 1434 2272 de
1453 2219 1758 2274 virtutibus
1782 2235 1973 2275 eorum

401 2314 456 2357 et
485 2304 762 2361 miraculis
792 2321 891 2373 per
918 2321 1012 2361 eos
1065 2306 1227 2364 factis
1254 2324 1382 2365 vera
1411 2310 1546 2365 dixit
1577 2327 1591 2377 ;
1634 2312 1701 2366 de
1724 2310 1974 2366 doctrina

401 2406 533 2446 vero
561 2408 749 2448 eorum
803 2394 957 2465 plura
988 2398 1249 2451 mentitus
1272 2408 1395 2453 est:
1449 2401 1524 2454 ita
1574 2409 1629 2456 et
1656 2400 1745 2455 bic
1805 2402 1973 2454 multa

403 2498 509 2537 non
542 2499 667 2537 vera
703 2485 768 2538 de
793 2484 962 2540 corde
992 2501 1091 2540 suo
1135 2488 1382 2543 conﬁxit.
1434 2489 1670 2545 Proinde
1695 2501 1753 2545 ut
1779 2493 1832 2546 in
1865 2491 1973 2548 He-

402 2577 545 2629 braeo
569 2574 801 2630 habetur
824 2579 865 2643 ',
898 2581 1121 2633 verbum
1155 2596 1219 2635 ex
1263 2580 1431 2635 verbo
1471 2582 1770 2638 transferre
1817 2600 1976 2640 cura-

401 2666 490 2720 bo.
552 2665 611 2720 Si
650 2667 867 2736 quidem
930 2680 1184 2726 sauctum
1238 2674 1629 2743 evangelistam
1656 2674 1968 2731 Mat'tbteum

397 2754 652 2809 eumdem
688 2757 930 2813 libellmn
962 2759 1134 2829 liquet
1162 2764 1541 2831 composuisse
1566 2762 1607 2828 ⁸,
1635 2773 1690 2817 et
1714 2764 1767 2817 in
1790 2765 1973 2832 capite

400 2844 679 2918 Evangelii
727 2850 831 2917 sui,
867 2849 1152 2907 Hebraicis
1178 2853 1379 2910 litteris
1419 2855 1765 2926 obsignatum
1800 2866 1976 2926 oppoé

396 2940 577 2995 suisse
606 2939 629 2970 ’⁵
662 2957 677 2995 :
712 2942 856 3010 quod
884 2958 954 2997 an
987 2958 1179 2999 verum
1224 2946 1318 3009 sit,
1356 2949 1570 3002 auctori
1634 2947 1970 3017 praefationis

397 3039 453 3084 ct
481 3030 605 3087 fidei
631 3034 919 3105 scriptoris
945 3039 1248 3093 committo.
1299 3038 1421 3107 Ipse
1458 3042 1603 3094 enim
1641 3050 1700 3094 ut
1730 3041 1845 3095 haec
1871 3043 1968 3094 du-

396 3126 487 3181 bia
519 3141 642 3183 esse
676 3130 1009 3198 pronuntio:
1040 3141 1095 3185 et
1124 3133 1198 3186 ita
1231 3132 1440 3201 liquido
1502 3132 1639 3187 falsa
1670 3148 1779 3188 non
1830 3133 1971 3187 διητ-
1995 3170 2041 3232 c

397 3235 511 3275 mo.
558 3220 694 3275 Illud
732 3231 914 3276 autem
948 3222 1118 3278 libere
1144 3223 1286 3288 dico,
1319 3224 1463 3293 quod
1494 3223 1733 3278 ﬁdelium
1786 3225 1965 3279 nemi-

397 3328 518 3367 uem
547 3322 868 3382 negaturum
913 3322 1063 3383 puto,
1097 3314 1213 3368 sive
1249 3316 1365 3368 bare
1403 3328 1530 3369 vera
1563 3315 1695 3379 sint,
1728 3315 1845 3369 sive
1897 3314 1968 3371 ab

394 3404 581 3472 aliquo
629 3404 888 3467 conficta,
923 3417 1277 3459 sacrosancta
1311 3415 1518 3460 sanctae
1551 3406 1738 3461 Maria:
1770 3422 1966 3476 magna

398 3493 660 3548 miracula
691 3495 713 3525 ⁸
740 3495 1107 3562 praecessisse,
1136 3495 1375 3549 maxima
1419 3507 1715 3551 consecuta
1750 3496 1921 3552 fuisse
1950 3513 1966 3563 ;

393 3593 450 3639 et
475 3584 680 3639 idcirco
714 3585 863 3639 salva
920 3584 1027 3640 fide
1055 3584 1125 3640 ab
1153 3585 1237 3640 his
1293 3588 1384 3656 qui
1423 3586 1589 3642 Deum
1628 3587 1731 3642 ista
1782 3587 1970 3643 facere

395 3688 557 3742 posse
588 3674 837 3739 credunt,
871 3674 993 3730 sine
1030 3674 1274 3744 periculo
1330 3677 1531 3732 animai
1562 3692 1676 3732 suae
1713 3678 1861 3732 credi
1912 3687 1969 3733 et

394 3765 501 3832 legi
529 3779 710 3836 posse.
763 3764 1006 3836 Denique
1042 3768 1097 3822 in
1125 3776 1385 3837 quantum
1419 3770 1695 3824 recordari
1718 3783 1965 3840 possum,

391 3871 615 3912 sensum
657 3867 768 3913 non
828 3860 991 3913 verba
1058 3858 1346 3929 scriptoris
1395 3874 1656 3929 sequens,
1711 3867 1768 3915 et
1823 3873 1968 3913 nunc

391 3953 582 4004 eadem
612 3953 804 4004 semita
870 3951 1219 4006 non-eisdem
1253 3952 1496 4021 vestigiis
1526 3951 1811 4016 incedens,
1868 3966 1968 4008 nec

391 4043 718 4111 quibusdam
747 4043 1088 4099 diverticulis
1104 4044 1174 4099 ad
1196 4050 1447 4098 eamdem
1468 4045 1611 4098 viam
1639 4059 1963 4113 recurrens;

392 4131 476 4189 sic
507 4131 840 4187 narrationis
871 4134 1068 4203 stylum
1101 4134 1323 4190 tentabo
1352 4135 1396 4200 ⁸.
1428 4145 1484 4191 et
1513 4149 1622 4191 non
1644 4135 1751 4189 alia
1785 4136 1964 4191 dicam

432 4290 483 4374 ..ί
525 4291 676 4345 Alias
730 4290 1081 4360 Evangelium
1109 4289 1173 4345 de
1203 4290 1498 4345 Nativt'tate
1531 4288 1722 4345 Mario:
1770 4288 1967 4347 inscri-

394 4360 725 4486 bu“ISelenci
762 4431 958 4486 librum
1012 4431 1225 4487 videtur
1250 4428 1520 4488 afﬁrmare
1546 4446 1605 4487 se
1634 4447 1703 4487 ex
1745 4429 1966 4487 Hebrai-

395 4516 461 4557 σο
515 4501 930 4562 translaturum,
989 4502 1084 4556 sed
1140 4502 1344 4556 rectius
1380 4501 1488 4558 duo
1516 4502 1630 4555 hac
1654 4502 1963 4570 distinguit,
1997 4497 2047 4557 Ι)

395 4580 450 4625 ct
483 4572 697 4626 Seleuci
724 4571 918 4626 librum
955 4572 1105 4641 rejici
1140 4583 1392 4641 tanquam
1424 4571 1604 4641 impiis
1631 4572 1968 4625 additamen-

395 4643 467 4695 tis
500 4641 781 4705 refertum,
811 4652 862 4697 et
891 4642 1120 4696 alterum
1148 4641 1473 4695 Hebraicum
1522 4651 1780 4708 tanquam
1833 4641 1968 4694 nihil

395 4711 619 4781 exitiosi
653 4712 943 4765 habentem
980 4712 1226 4781 probari,
1257 4712 1386 4767 licet
1409 4726 1519 4766 non
1550 4722 1608 4766 ut
1643 4713 1968 4769 canonicum

397 4792 452 4836 et
474 4779 710 4835 Matthxi
743 4779 1061 4847 genuinum.

468 4852 489 4923 ε
525 4851 580 4905 Si
610 4848 911 4920 prazfationi
946 4865 1161 4923 nempe,
1221 4859 1279 4907 ut
1311 4865 1435 4907 mox
1502 4850 1742 4914 additur,
1801 4852 1964 4908 fidem

396 4922 598 4976 habere
622 4923 783 4975 velis.

526 4989 669 5059 Lege
721 4992 1047 5059 apposuisse.

468 5064 489 5096 ⁸
517 5059 647 5131 Leg.
676 5060 1089 5117 Sacrosanctam
1121 5062 1182 5119 S.
1221 5062 1416 5117 Maria
1462 5061 1814 5117 Nativitatem
1856 5078 1969 5115 ma-

394 5150 524 5205 gna,
546 5144 655 5186 etc.

471 5205 492 5235 ⁸
522 5199 678 5271 Ἐστι.
736 5203 1052 5271 temperabo.

468 5274 490 5303 "
521 5269 857 5326 Vocabulum
918 5276 1233 5326 serviturum
1282 5270 1593 5327 barbariem
1655 5273 1863 5343 resipit,
1911 5283 1967 5328 ιιι

400 5342 508 5399 alia
543 5343 699 5408 hujus
730 5345 916 5411 scripti
943 5354 1221 5396 sexcenta.

470 5411 492 5443 ⁸
525 5411 637 5465 Hoc
686 5422 874 5466 votum
918 5413 1177 5474 ostendit,
1204 5411 1345 5480 quod
1389 5424 1595 5467 castum
1652 5412 1964 5481 coniugium

402 5484 457 5537 in
494 5482 931 5548 praecedentibus
976 5482 1161 5537 verbis
1215 5498 1319 5535 non
1358 5484 1428 5535 sit
1457 5482 1864 5550 intelligendum
1898 5484 1966 5537 de

404 5554 717 5628 munimoda
797 5554 1189 5628 dnootspﬁset,
1253 5552 1411 5628 Forte
1476 5552 1959 5628 non_erravyin_t,

402 5625 495 5692 qui
524 5622 664 5692 hanc
718 5625 1087 5677 narrationem
1128 5623 1363 5676 dixerint
1388 5623 1739 5692 compositam
1767 5622 1831 5676 a'd
1887 5623 1964 5675 si-

404 5691 774 5765 militudinem
820 5705 1031 5765 eorum,
1083 5706 1203 5763 quae
1242 5694 1323 5765 de
1349 5690 1750 5749 Anna’Elcana:
1797 5707 1965 5750 uxore

398 5762 653 5837 leguntur
680 5761 702 5822 ι
740 5758 874 5831 Reg.
914 5776 952 5827 ι,
982 5762 1035 5817 1.

2078 1939 2373 1995 liberorum
2405 1941 2782 2009 procreatione
2812 1940 3162 1996 exercebant.
3211 1940 3491 1994 Voverunt
3513 1939 3533 1969 ⁸
3567 1947 3652 1992 ta-

2079 2046 2202 2087 men
2235 2031 2279 2087 si
2312 2032 2449 2086 forte
2480 2031 2619 2086 Deus
2650 2032 2879 2086 donaret
2905 2033 2987 2087 eis
3015 2030 3284 2094 sobolem,
3311 2044 3432 2083 eam
3457 2045 3516 2084 se
3541 2029 3651 2084 Do-

2077 2124 2209 2179 mini
2269 2124 2498 2180 servitio
2556 2124 2965 2194 mancipaturos
2998 2139 3013 2179 :
3045 2122 3204 2194 cujus
3249 2122 3327 2176 rei
3358 2124 3557 2191 gratia.
3595 2131 3651 2176 et

2077 2216 2338 2286 templum
2395 2214 2607 2269 Domini
2661 2214 2889 2285 singulis
2934 2230 3035 2285 per
3074 2228 3276 2269 annum
3330 2212 3486 2269 festis
3536 2211 3651 2269 fre-

2076 2317 2341 2377 quentare
2364 2305 2631 2361 solebant.

2146 2395 2233 2450 Ill.
2268 2395 2495 2451 Factum
2521 2405 2601 2451 est
2621 2404 2799 2451 autem
2834 2404 2894 2449 ut
2928 2395 3299 2450 Encaaniorum
3329 2396 3352 2428 ’
3388 2395 3649 2450 festivitas

2075 2492 2534 2557 appropinquaret
2567 2504 2582 2546 :
2620 2490 2763 2543 unde
2791 2502 2916 2542 cum
2944 2487 3226 2543 nonnullis
3251 2484 3646 2542 contribulibus

2074 2580 2190 2651 suis
2223 2578 2651 2651 Hierosolymam
2682 2590 2738 2634 et
2783 2578 3031 2635 Joacbim
3065 2578 3332 2635 ascendit.
3401 2577 3473 2633 Ea
3521 2564 3648 2631 vero

2075 2680 2399 2740 tempestate
2452 2672 2702 2726 lssacbar
2733 2671 2774 2702 ¹⁰
2809 2671 2880 2726 ibi
2910 2670 3181 2741 pontifex
3210 2677 3346 2723 erat.
3398 2666 3642 2736 Cumque

2073 2760 2213 2815 inter
2267 2771 2495 2816 caeteros
2546 2762 2803 2817 ooncives
2834 2777 2963 2817 suos
2996 2763 3160 2817 etiam
3215 2757 3463 2814 Joaebim
3522 2773 3645 2811 cum

2073 2852 2349 2907 oblatione
2403 2868 2502 2907 sua
2552 2854 2780 2919 videret,
2840 2854 3083 2921 despexit
3132 2866 3280 2913 eum,
3309 2861 3365 2907 et
3420 2862 3647 2904 munera

2074 2946 2195 3015 ejus
2218 2946 2423 3015 sprevit
2457 2963 2471 3000 :
2511 2946 2855 3014 interrogans
2890 2960 2985 2999 cur
3020 2945 3165 3000 inter
3218 2943 3478 2998 fecundos
3512 2939 3648 2995 infe.

2073 3037 2286 3094 Cundus
2324 3038 2441 3107 ipse
2496 3047 2645 3091 stare
2697 3045 3097 3105 prresumeret;
3142 3037 3330 3089 dicens
3362 3051 3379 3088 :
3416 3046 3644 3086 munera

2075 3143 2417 3199 nequaquam
2456 3128 2568 3184 Deo
2620 3127 2783 3198 digna
2840 3143 3003 3196 posse
3059 3129 3230 3183 videri
3269 3140 3476 3197 :quem
3526 3123 3644 3193 ipse

2073 3224 2224 3292 prole
2302 3223 2585 3293 indignum
2640 3223 2967 3292 iudicasset,
3031 3220 3313 3290 Scriptura
3370 3217 3640 3272 dicente:

2071 3315 2412 3371 Maledictum
2474 3315 2513 3345 “
2577 3328 2795 3368 omnem
2852 3327 2996 3378 esse,
3037 3312 3129 3381 qui
3187 3326 3293 3366 non
3361 3308 3640 3380 genuisset

2070 3408 2373 3462 masculum
2405 3406 2457 3460 in
2512 3404 2704 3460 Israel.
2760 3404 2984 3460 Dicebat
3020 3418 3150 3472 ergo
3206 3402 3356 3471 prius
3392 3396 3513 3455 eum
3576 3400 3645 3453 ab

2073 3499 2175 3553 hac
2268 3497 2668 3564 maledictione,
2726 3495 2934 3550 sobolis
3020 3495 3373 3564 generatione
3428 3492 3645 3545 solven-

2050 3585 2224 3657 dum,
2274 3596 2328 3641 et
2370 3587 2449 3641 sic
2495 3586 2711 3640 demum
2767 3585 2823 3638 in
2896 3591 3195 3650 conspectu
3251 3579 3461 3634 Domini
3514 3595 3641 3633 cum

2070 3681 2436 3737 oblationibus
2471 3696 2598 3736 esse
2638 3690 2950 3735 venturum.
2982 3676 3152 3747 Cujus
3184 3674 3461 3745 opprobrii
3493 3672 3645 3741 obje-

2070 3783 2183 3833 ctu.
2216 3777 2420 3842 pudore
2454 3787 2650 3841 magno
2683 3770 2928 3826 suffusus
2962 3768 3239 3831 Joacbim,
3265 3766 3331 3819 ad
3369 3773 3641 3836 pastores,

2069 3864 2160 3934 qui
2194 3880 2317 3918 cum
2358 3864 2653 3933 pecudibus
2682 3871 2858 3929 erant,
2897 3863 2948 3915 in
2980 3858 3200 3929 pascuis
3240 3857 3353 3911 suis
3392 3856 3641 3911 secessit.

2070 3954 2255 4022 Neque
2278 3960 2423 4009 enim
2448 3954 2666 4009 domum
2692 3963 2939 4021 repetere
2967 3949 3131 4005 voluit
3158 3968 3170 4004 :
3199 3963 3268 4003 ne
3292 3947 3433 4003 forte
3452 3962 3478 3999 a
3507 3959 3644 4001 ron-

2072 4048 2359 4103 tribulibus
2391 4047 2527 4113 suis,
2555 4049 2646 4116 qui
2683 4046 2842 4101 simul
2888 4047 3139 4108 aderant,
3171 4053 3226 4098 et
3262 4043 3364 4097 hoc
3393 4057 3422 4095 a
3453 4055 3642 4094 sacer-

2069 4141 2197 4199 dote
2232 4143 2539 4206 audierant,
2568 4141 2758 4197 eodem
2795 4138 3078 4212 opprobrii
3123 4137 3301 4206 elogio
3334 4143 3638 4190 notaretur.

2142 4294 2440 4366 iErtczenia
2522 4294 3044 4366 Hierosoiytnitaua
3072 4291 3434 4366 celebrantur
3489 4290 3635 4366 circa

2071 4365 2364 4421 solstitium
2392 4366 2657 4434 brumale.
2721 4359 2921 4420 mentio
2954 4363 3116 4434 hujus
3162 4359 3336 4417 festi]
3386 4359 3637 4416 Hacbab.

2073 4452 2151 4502 tv,
2183 4435 2272 4499 56,
2304 4443 2357 4489 et
2392 4433 2555 4491 Joan.
2587 4452 2640 4499 x,
2670 4435 2764 4491 22.

2148 4508 2192 4539 ’θ
2220 4496 2486 4560 lsacbaris
2510 4496 2777 4574 pontificis
2806 4503 2923 4561 loco
2948 4504 3000 4558 in
3023 4498 3443 4574 pseudo_Jacobi
3498 4496 3636 4553 Pro-

2074 4576 2445 4642 to-Evangelio
2475 4569 2559 4629 est
2602 4574 2789 4629 Ruben
2828 4591 2843 4629 :
2895 4577 2990 4629 sed
3027 4569 3166 4640 apud
3218 4569 3538 4642 Josepbum,
3580 4580 3638 4624 et

2070 4638 2340 4719 filiosjide
2371 4646 2565 4719 dignos
2594 4648 2892 4719 scriptores
2914 4647 2979 4698 de
2999 4638 3228 4710 utroque
3255 4642 3363 4719 79b
3385 4638 3632 4719 quidem.

2145 4717 2184 4748 ¹¹
2206 4713 2399 4770 Grzeca
2431 4709 2606 4769 Verba
2661 4709 2799 4783 apud
2830 4709 3225 4783 Damascemtm
3256 4709 3365 4783 qui
3405 4709 3637 4783 Leptbe

2071 4787 2405 4854 πρόσταγμα
2431 4796 2589 4837 vorat
2614 4777 2805 4848 tv,‘25,
2842 4786 2905 4836 de
2937 4781 3162 4854 ΟνιΙιοάὲ
3189 4781 3294 4854 [ide
3342 4777 3637 4854 :__'E1_r_:aa-

2068 4844 2379 4923 τᾶρα-οξὸς
2403 4855 2504 4907 οὐκ
2532 4844 2737 4923 εγείρει
2766 4844 3065 4923 σ’πέρμαρν
3094 4844 3451 4923 τᾷίΊιτρωῇλἶ
3480 4844 3634 4901 Hier.

2071 4918 2289 4979 advers.
2322 4922 2499 4978 Jovin.
2534 4918 2817 4976 Maledicta
2844 4918 3040 4976 sierilis
3070 4933 3185 4986 qua:
3223 4934 3327 4971 non
3361 4918 3512 4970 habet
3552 4932 3638 4969 se-

2072 5009 2188 5045 men
2222 4993 2273 5043 in
2301 4991 2491 5046 Israel.
2530 4993 2635 5045 Pro
2672 4993 2881 5045 semine
2908 4988 3197 5044 masculum
3251 4986 3474 5050 ponitur
3531 4986 3638 5041 hoc

2070 5060 2633 5131 Pseudo—Evangelio,
2659 5062 2708 5114 id
2744 5063 2886 5131 enim
2925 5075 3109 5131 semen
3144 5054 3265 5109 κατ’
3286 5057 3503 5126 ἑξοχήν.
3527 5057 3639 5110 Aut.

2070 5132 2212 5184 forte
2238 5129 2611 5201 conjttngentla
2651 5141 2793 5183 sunt.
2819 5129 3162 5201 yaledictum
3182 5142 3393 5201 omnem
3427 5140 3635 5201 mascu-

2072 5202 2206 5264 lum,
2239 5193 2467 5268 qui'noii
2497 5201 2784 5270 genuisset.
2817 5197 2949 5253 Nam
3003 5193 3198 5262 alioqui
3223 5210 3325 5270 nec
3349 5195 3515 5248 Maria
3570 5198 3632 5246 in

2072 5265 2260 5343 lucem
2282 5270 2446 5343 edita,
2477 5265 2773 5343 masculum
2806 5273 3199 5343 generziveramt
3224 5265 3631 5343 ejuSparentcs.

2073 5338 2179 5392 Sed
2205 5342 2254 5391 in
2286 5334 2586 5407 Scripturis
2620 5334 2835 5407 quidem
2888 5338 3089 5407 frustra
3121 5334 3237 5407 iure
3265 5350 3500 5407 ignaras,
3527 5334 3634 5386 etsi

2070 5410 2217 5461 inter
2262 5404 2681 5462 Benedictiones
2734 5409 2929 5478 legitur
2983 5404 3369 5478 Exod._gtxttt.
3406 5405 3639 5478 26ης).

2069 5479 2357 5555 D_eut._vtt,
2392 5478 2637 5555 l4,_0t'a_x
2675 5472 2844 5555 ﬁeri:
2894 5478 3111 5555 ἄγνος,
3137 5474 3258 5555 966s
3308 5476 3497 5555 εῖδει
3536 5472 3636 5523 ἐπὶ

2067 5552 2167 5615 τῆς
2200 5548 2304 5614 γῆς
2338 5563 2451 5600 σου.
2488 5545 2556 5600 Et
2584 5548 2739 5601 isaia:
2767 5562 2914 5611 LxVI,
2938 5546 3113 5625 ultim.
3149 5546 3214 5623 in.
3250 5544 3388 5599 edit.
3417 5544 3634 5603 Graeca,

2068 5632 2191 5670 nam
2234 5620 2301 5672 ab
2336 5616 2578 5670 Hebraeis
2609 5616 2724 5671 haec
2753 5618 2985 5671 derideri
3018 5625 3095 5667 att
3152 5612 3515 5684 Hieronymus
3559 5614 3632 5684 ad

2068 5686 2383 5758 Patntnach.
2447 5687 2515 5741 de
2552 5685 2786 5758 Optimo
2821 5702 2943 5758 gen.
3001 5679 3637 5758 interp.,_blasidptoc5;

2068 5757 2179 5830 ἔχει
2211 5758 2267 5810 ἐν
2292 5757 2430 5811 Σιὼν
2460 5754 2702 5829 σπέρμα,
2734 5754 2847 5813 καῖ
2878 5757 3110 5817 οἰκείους
3141 5757 3197 5808 ἐν
3240 5754 3632 5825 Ἰερουςαλήξγ.
