4004 6192
347 359 463 424 309

1205 363 1576 431 EPISTOLA
1618 368 1683 430 L.
1729 367 1832 432 DE
1873 366 2347 434 NATIVITATE
2387 371 2445 434 S.
2490 369 2785 432 MARLE.

3493 365 3602 432 310

425 473 516 530 IV.
579 473 782 531 Verum
837 490 960 532 eum
1021 475 1096 536 ibi
1143 479 1462 550 aliquandiu
1490 490 1656 547 esset,
1685 483 1924 553 quadam
1956 490 2000 545 Δ
2031 484 2348 556 mologiam,
2385 485 2639 542 Salvator
2667 484 2911 542 omnium
2948 480 3189 551 gentium
3242 477 3372 534 erit.
3403 475 3470 538 Et
3497 477 3602 538 hoc

344 567 440 624 die
466 582 594 623 eum
623 578 772 626 esset
800 569 970 634 solus,
996 571 1222 642 angelus
1257 573 1476 630 Domini
1508 577 1524 608 ¹
1556 578 1606 632 ei
1645 592 1767 632 cum
1816 577 1924 634 im-

347 673 539 714 menso
584 659 791 716 lumine
846 662 1044 722 astitit.
1080 663 1333 729 Quicum
1367 666 1434 721 ad
1483 667 1605 736 ejus
1658 669 1922 726 visionem

349 750 696 815 turbaretur,
728 753 952 820 angelus
1004 755 1098 824 qui
1157 756 1206 810 ei
1255 769 1603 826 apparuerat,
1671 759 1922 816 timorem

343 840 471 906 ejus
526 845 884 913 compescuit,
920 845 1112 904 dicens
1147 863 1162 902 :
1194 847 1315 904 Noli
1378 850 1591 916 timere,
1649 851 1922 920 Joacbim,

349 947 527 1000 neque
575 935 630 989 in
685 935 895 992 visione
935 953 1052 992 mea
1107 939 1372 998 turbaris.
1442 941 1556 1013 Ego
1597 945 1746 999 enim
1804 959 1922 999 sum

345 1026 578 1096 angelos
631 1028 872 1094 Domini,
904 1029 1108 1087 missus
1136 1030 1206 1088 ab
1256 1031 1374 1102 ipso
1411 1034 1478 1090 ad
1505 1045 1576 1100 te,
1615 1047 1674 1091 ut
1707 1050 1925 1098 annuli.

347 1119 479 1172 tiem
516 1119 616 1174 tibi
657 1136 845 1189 preces
873 1132 996 1177 tuas
1049 1138 1175 1180 esse
1223 1126 1530 1189 exauditos,
1591 1136 1645 1182 et
1688 1128 1922 1188 eleemo—

345 1223 515 1279 synas
541 1220 661 1266 tnas
694 1213 1011 1270 ascendisse
1044 1215 1098 1269 in
1130 1217 1482 1286 conspectum
1511 1218 1694 1287 ejus'.
1721 1219 1922 1278 Videtis

343 1302 552 1370 quippe
574 1303 712 1358 vidit
743 1306 1006 1374 pudorem
1055 1316 1229 1370 tuum.
1270 1316 1324 1364 et
1358 1309 1565 1365 audivit
1614 1313 1921 1371 sterilitatis

342 1394 703 1461 opprobrium
735 1411 840 1451 non
873 1407 1025 1454 recte
1064 1400 1163 1454 tibi
1195 1401 1492 1470 obiectum.
1525 1402 1740 1460 Peecati
1768 1422 1922 1461 nam-

342 1497 475 1550 que,
503 1499 610 1540 non
641 1494 846 1544 natura:
875 1487 1020 1543 ultor
1049 1499 1131 1545 est
1169 1489 1350 1547 Deus:
1385 1501 1439 1546 et
1474 1492 1596 1547 ideo
1655 1510 1775 1548 cum
1817 1497 1918 1550 ali-

341 1573 501 1644 enius
545 1585 757 1631 uterum
808 1580 1034 1642 claudit,
1087 1582 1156 1636 ad
1215 1583 1318 1636 hoc
1371 1582 1528 1649 facit,
1583 1594 1640 1639 ttt
1695 1586 1919 1642 mirabi-

342 1665 451 1720 lius
499 1666 678 1722 denno
726 1672 936 1737 aperiat
974 1680 1076 1731 :et
1129 1689 1238 1729 non
1291 1673 1538 1732 libidinis
1597 1691 1720 1733 esse
1775 1678 1917 1746 quod

341 1759 615 1822 nascitur,
645 1761 741 1816 sed
789 1763 958 1818 divini
1021 1765 1263 1820 muneris
1293 1780 1679 1836 cognoscatur.
1733 1767 1915 1824 Prima

340 1851 488 1904 enim
537 1855 713 1921 gentis
763 1865 960 1911 vestra:
1021 1857 1204 1912 Sara'
1259 1867 1455 1922 mater,
1512 1873 1693 1914 nonne
1742 1875 1914 1930 usque
1951 1831 1993 1886 Β

340 1941 412 1995 ad
500 1947 888 2015 octogesimum
973 1962 1176 2002 annum
1259 1947 1546 2004 infecunda
1616 1950 1784 2006 fuit?
1859 1966 1918 2008 et

341 2039 528 2086 tamen
580 2034 632 2087 in
698 2035 887 2091 ultima
920 2037 1221 2093 senectutis
1273 2046 1433 2095 aetate
1486 2040 1673 2110 genuit
1724 2040 1914 2109 Isaae,

345 2127 438 2180 cui
520 2131 850 2197 repromissa
887 2140 1039 2200 gerat
1105 2135 1415 2191 benedictio
1473 2137 1716 2192 omnium
1783 2152 1917 2206 gen-

341 2219 500 2275 tium.
571 2219 780 2278 Rachel
849 2238 1072 2294 quoque
1144 2235 1355 2281 tantum
1421 2227 1650 2282 Domino
1721 2237 1914 2298 grata,

345 2322 671 2383 tantumque
701 2331 731 2370 a
785 2327 978 2372 sancto
1032 2317 1204 2374 Jacob
1255 2320 1524 2385 adamata,
1576 2319 1664 2374 ditt
1713 2321 1915 2377 sterilis

345 2403 448 2458 fuit
479 2420 494 2460 :
521 2413 576 2459 et
606 2413 784 2462 tamen
806 2406 1007 2479 Ioseph
1042 2411 1253 2478 genuit,
1283 2425 1392 2466 non
1425 2412 1599 2466 solum
1635 2413 1912 2468 dominum

341 2495 584 2566 £gypti,
605 2497 702 2553 sed
735 2500 1096 2569 plurimarum
1116 2503 1356 2570 gentium
1378 2503 1521 2559 fame
1549 2504 1914 2574 periturorum

339 2591 723 2647 liberatorem.
756 2593 891 2659 Quis
921 2594 977 2647 in
1005 2595 1235 2650 ducibus
1262 2596 1350 2651 vel
1387 2595 1581 2650 fortior
1623 2596 1910 2663 Samsone,

339 2681 426 2735 vel
478 2683 722 2736 sanctior
764 2683 1018 2740 Samuele
1051 2687 1075 2739 ?
1107 2686 1173 2741 Et
1214 2697 1396 2742 tamen
1425 2688 1483 2743 bi
1508 2689 1668 2743 ambo
1697 2689 1912 2746 steriles

337 2778 548 2825 matres
582 2770 844 2829 habuere.
878 2772 936 2826 Si
976 2789 1108 2845 ergo
1133 2775 1271 2830 ratio
1299 2776 1480 2832 verbis
1517 2777 1650 2832 meis
1674 2778 1768 2833 tibi
1802 2793 1911 2834 non

335 2861 653 2928 persuadet,
697 2865 864 2918 crede
897 2863 922 2896 δ
948 2865 1143 2921 dilatos
1165 2865 1257 2921 diu
1289 2873 1584 2936 conceptus
1615 2878 1667 2923 et
1695 2870 1912 2924 steriles

337 2963 530 3020 partus
598 2953 964 3010 mirabiliores
1010 2971 1134 3012 esse
1198 2959 1395 3014 solere.
1457 2960 1696 3015 Proinde
1749 2960 1911 3015 Anna

337 3059 480 3097 uxor
510 3054 602 3099 tua
634 3047 806 3114 pariet
839 3047 1143 3115 tibiﬁliam,
1183 3059 1237 3104 et
1283 3050 1504 3105 vocabis
1545 3066 1740 3106 nomen
1789 3052 1912 3118 ejus

2033 576 2130 631 tibi
2155 591 2341 632 eorum
2363 592 2483 648 quae
2513 576 2778 642 annuntio
2826 575 3041 645 signum
3081 571 3189 628 erit
3237 569 3511 640 (σημεῖον,
3543 580 3603 628 ιιι

2031 665 2183 728 Lact.
2222 683 2284 735 tr,
2318 668 2408 732 12)
2434 685 2450 724 :
2481 667 2617 724 Cum
2647 667 2960 738 perveneris
2987 665 3053 722 ad
3083 663 3317 720 Auream
3349 663 3406 734 in
3449 661 3602 718 Jero-

2028 758 2252 829 Solymis
2290 769 2500 830 portam
2534 759 2723 828 (Porta
2753 759 2882 813 atrii
2911 755 3233 826 orientalis),
3261 755 3492 832 habebis
3515 747 3614 814 ibi'

2027 851 2242 906 obviam
2273 853 2488 908 Annam
2525 865 2752 906 uxorem
2802 859 2972 915 tuam,
3001 864 3120 919 qua:
3150 848 3219 908 de
3248 857 3350 902 tuae
3381 860 3596 917 regres-

2025 942 2198 1000 sionis
2251 944 2561 1000 tardatione
2593 944 2753 1000 modo
2797 942 3056 1008 sollicita,
3090 951 3219 996 tunc
3279 939 3333 994 in
3365 947 3587 1008 aspectu

2027 1042 2122 1088 tuo
2179 1034 2454 1104 gaudebit.
2504 1035 2601 1091 His
2657 1035 2816 1092 dictis
2849 1033 3077 1104 angelus
3102 1031 3355 1088 discessit
3393 1030 3464 1086 ab
3501 1044 3585 1086 eo.

2101 1124 2162 1180 V.
2197 1125 2402 1188 Deinde
2433 1127 2686 1197 apparuit
2707 1127 2879 1180 Annae
2905 1125 3058 1180 uxori
3090 1123 3210 1194 ejus
3241 1123 3433 1178 dicens
3462 1140 3477 1178 :
3509 1123 3590 1176 Ne

2025 1214 2241 1280 timeas,
2273 1217 2454 1280 Anna,
2501 1229 2682 1287 neque
2729 1217 3051 1288 phantasma
3112 1222 3268 1284 putes
3294 1227 3414 1268 esse
3447 1213 3588 1282 quod

2023 1310 2198 1366 vides.
2241 1310 2354 1380 Ego
2415 1310 2562 1366 enim
2593 1324 2712 1364 sum
2745 1308 2973 1379 angelus
3006 1306 3119 1376 ille,
3156 1306 3250 1376 qui
3308 1319 3502 1374 preces
3536 1313 3589 1359 et

2021 1401 2396 1474 eleemosynas
2441 1413 2649 1457 vestras
2711 1400 2882 1462 obtuli
2925 1400 2979 1455 in
3021 1406 3317 1468 conspectu
3357 1397 3450 1452 Dei
3492 1406 3591 1454 :et

2023 1507 2168 1547 nunc
2200 1492 2400 1548 missus
2425 1507 2544 1547 sum
2581 1493 2648 1548 ad
2680 1508 2796 1557 vos,
2833 1500 2892 1548 ut
2946 1489 3264 1546 annuntiem
3313 1487 3464 1544 vobis
3491 1503 3591 1548 na-

2020 1586 2284 1656 scituram
2315 1584 2504 1647 filiam,
2546 1599 2668 1654 quas
2721 1583 2888 1640 Maria
2943 1591 3157 1642 vocata.
3191 1593 3357 1649 super
3397 1593 3591 1634 omnes

2023 1675 2283 1732 mulieres
2315 1677 2420 1732 erit
2447 1677 2756 1732 benedicta.
2797 1676 2927 1730 Haec
2955 1689 2986 1728 a
3038 1673 3325 1739 nativitate
3347 1687 3446 1728 sua
3469 1677 3588 1726 'sta-

2023 1767 2117 1822 tim
2150 1765 2360 1822 Domini
2394 1769 2566 1837 gratia
2598 1768 2754 1838 plena
2780 1769 2827 1834 ⁶,
2859 1766 3034 1822 tribus
3063 1764 3446 1820 ablactationis
3475 1778 3589 1818 sua:

2019 1858 2178 1913 annis
2204 1857 2227 1891 "
2263 1858 2317 1913 in
2345 1859 2509 1913 domo
2534 1869 2756 1930 paterna
2785 1857 3144 1927 permanebit.
3176 1855 3371 1914 Postea
3409 1856 3588 1908 servi-

2021 1950 2094 2004 tio
2127 1949 2340 2006 Domini
2375 1951 2702 2021 mancipata.
2730 1967 2760 2008 a
2795 1949 2997 2016 templo
3025 1963 3201 2019 usque
3273 1949 3340 2002 ad
3388 1945 3590 2002 intelli-

2018 2039 2209 2110 gibiles
2228 2054 2401 2096 annos
2426 2040 2449 2072 ⁸
2475 2056 2581 2098 non
2613 2041 2874 2097 discedet.
2927 2039 3006 2096 lbi
3032 2040 3263 2108 denique
3281 2037 3502 2108 jejuniis
3530 2044 3588 2090 et

2017 2129 2354 2188 orationibus
2396 2143 2560 2190 nocte
2593 2148 2659 2188 ac
2705 2133 2794 2187 die
2856 2131 2968 2186 Deo
3002 2132 3270 2202 serviens,
3319 2133 3390 2184 ab
3437 2131 3586 2184 omni

2017 2222 2298 2280 immundo
2319 2239 2379 2280 se
2396 2224 2710 2282 abstinebit.
2735 2222 2922 2280 Virum
2965 2237 3242 2292 nunquam
3261 2230 3587 2292 cognoscet:

2015 2314 2112 2370 sed
2146 2315 2261 2370 sola
2292 2316 2411 2371 sine
2438 2316 2710 2385 exemplo,
2751 2317 2870 2372 sine
2925 2315 3163 2378 macula,
3226 2314 3347 2370 sine
3397 2327 3585 2368 eorruo

2016 2405 2218 2474 ptione,
2254 2407 2374 2461 sine
2404 2407 2548 2462 virili
2599 2406 3003 2472 commistione,
3056 2405 3210 2476 virgo
3247 2404 3442 2467 (ilium,
3491 2417 3587 2458 au-

2015 2495 2140 2552 cilla
2170 2497 2477 2563 Dominum,
2503 2505 2556 2554 et
2585 2498 2780 2568 gratia,
2814 2506 2869 2560 et
2895 2497 3136 2560 nomine,
3169 2505 3225 2551 et
3253 2509 3439 2566 Opere,
3469 2493 3586 2550 Sal-

2014 2600 2258 2648 vatorem
2288 2593 2472 2649 mundi
2507 2593 2815 2664 generabit.
2870 2591 3062 2662 itaque
3111 2604 3292 2660 surge.
3347 2591 3586 2646 ascende

2012 2679 2312 2738 Jerusalem
2340 2701 2353 2738 :
2381 2693 2578 2740 etcum
2611 2684 2928 2754 perveneris
2959 2684 3028 2738 ad
3055 2691 3293 2752 portam,
3325 2695 3446 2750 quae
3474 2680 3585 2735 Au—

2011 2787 2128 2840 rea,
2151 2788 2249 2844 pro
2272 2789 2338 2830 eo
2363 2774 2508 2846 quod
2539 2773 2806 2838 deaurata
2855 2783 2943 2830 est
2975 2774 3018 2840 ',
3051 2785 3280 2828 vocatur
3315 2791 3330 2827 :
3365 2772 3438 2825 ibi
3489 2786 3588 2840 pro

2013 2865 2189 2936 signo,
2216 2866 2393 2920 virum
2425 2876 2604 2933 tuum,
2632 2880 2732 2934 pro
2784 2865 2944 2936 cujus
3001 2862 3394 2926 incolumitatis
3440 2871 3585 2922 statu

2013 2957 2245 3013 sollicita
2273 2971 2354 3021 es,
2408 2957 2628 3014 obvium
2666 2957 2911 3014 habebis.
2965 2956 3102 3026 Cum
3131 2955 3247 3010 bare
3275 2954 3441 3022 igitur
3509 2953 3580 3008 ita

2013 3049 2284 3115 venerint,
2341 3050 2480 3106 scito
2513 3053 2658 3122 quod
2705 3064 2827 3120 quae
2881 3047 3168 3113 annuntio,
3237 3046 3356 3102 sine
3417 3044 3586 3100 dubio

336 3131 569 3188 Mariam
596 3153 612 3188 :
637 3137 752 3192 haec
799 3139 927 3200 erit,
958 3147 1017 3194 ut
1065 3139 1288 3196 vovistis
1311 3140 1363 3204 ',
1416 3140 1486 3194 ab
1547 3139 1775 3196 infantia
1814 3157 1907 3195 sna
1938 3155 1982 3213 ο
2014 3137 2331 3208 complenda
2356 3149 2537 3195 erunt.

336 3223 571 3282 Domino
611 3238 957 3293 consecrata,
1011 3238 1068 3284 et
1109 3231 1328 3300 Spiritu
1367 3241 1558 3287 sancto
1611 3233 1910 3303 replebitur

333 3320 518 3375 adhuc
549 3336 616 3374 ex
645 3331 803 3376 utero
838 3324 1048 3378 matris.
1111 3323 1289 3381 Omne
1339 3326 1681 3381 immundum
1731 3341 1910 3396 neque

335 3413 694 3469 manducabit
757 3430 935 3484 neque
985 3417 1182 3472 bibet:
1213 3432 1388 3486 neque
1449 3419 1591 3472 inter
1623 3419 1910 3487 populares

333 3501 646 3559 forinsecus
676 3505 881 3571 turbas,
913 3508 1007 3562 sed
1043 3506 1096 3562 in
1138 3508 1341 3576 templo
1403 3508 1615 3563 Domini
1677 3525 1912 3565 conver-

333 3594 482 3647 satio
505 3593 625 3664 ejus
643 3596 748 3650 erit
777 3613 794 3652 :
831 3612 900 3654 ne
936 3598 1068 3668 quid
1102 3599 1168 3653 de
1199 3613 1258 3652 ea
1297 3599 1582 3654 sinistrum
1625 3601 1910 3671 veisnspi-

329 3683 452 3738 rari
499 3685 689 3740 saltem
740 3686 913 3754 possit
946 3688 1028 3750 vel
1091 3689 1222 3746 dici.
1277 3688 1464 3759 itaque
1522 3701 1682 3745 aetate
1722 3705 1912 3758 proce-

333 3774 529 3839 dente.
567 3777 711 3833 sicut
735 3779 846 3848 ipsa
879 3780 1199 3835 mirabiliter
1249 3796 1314 3834 ex
1369 3781 1537 3835 sterili
1590 3791 1846 3846 nascetur
1887 3801 1900 3841 :

331 3867 416 3922 ita
453 3868 956 3938 incomparabiliter
1003 3872 1155 3942 virgo
1195 3873 1476 3943 generabit
1507 3871 1773 3928 Altissimi
1825 3875 1911 3928 Fi-

328 3958 498 4026 lium,
533 3960 624 4030 qui
653 3958 814 4017 Jesus
870 3971 1102 4017 vocatur
1135 3977 1151 4022 :
1181 3962 1477 4018 secundum
1527 3963 1764 4019 noniinis
1793 3973 1912 4036 ety-

413 4093 432 4124 ί
461 4093 840 4167 ῲιρπξιίοιιθε
855 4095 1170 4167 angelorum
1205 4094 1319 4151 fere
1349 4095 1484 4152 solet
1519 4096 1768 4167 comitari
1794 4096 1907 4164 lux,

325 4177 458 4232 qna:
473 4162 613 4236 955a
637 4165 841 4236 Kupigo
873 4162 1117 4236 vo'catur,
1152 4166 1284 4222 Luc.
1305 4181 1364 4224 tt.
1395 4167 1450 4236 9,
1487 4167 1570 4222 sic
1603 4164 1744 4236 infra
1779 4162 1905 4236 cap.
1965 4176 1970 4181 '

329 4248 414 4302 Is.
458 4232 738 4287 Caeterum
766 4233 1100 4357 Epiphanius
1125 4236 1317 4290 haeresi
1347 4235 1434 4301 79,
1470 4252 1624 4291 num.
1654 4235 1710 4300 5,
1743 4232 1912 4293 refert

329 4303 391 4356 in
426 4303 646 4357 deserto
675 4319 811 4357 amre
835 4322 920 4357 ttm
947 4304 1228 4357 Joacbimo
1255 4305 1597 4357 apparuisse-
1641 4315 1696 4357 et
1723 4303 1910 4357 Marias

329 4303 391 4356 in
421 4303 646 4387 deserto
675 4303 1228 4387 angelumdoacbimo
1255 4305 1597 4376 apparuisse,
1641 4315 1696 4359 et
1723 4303 1910 4363 Mariae

329 4379 688 4426 nativitatem
712 4379 1089 4430 aunttntiasse.

2090 3227 2175 3286 Vi.
2207 3231 2370 3297 lgitur
2411 3231 2561 3300 juxta
2605 3231 2782 3301 angeli
2832 3239 3194 3302 praeceptum,
3245 3237 3477 3298 uterque
3517 3225 3586 3281 de

2013 3320 2134 3379 loco
2163 3323 2217 3382 in
2250 3337 2360 3393 quo
2386 3332 2562 3390 erant,
2589 3333 2998 3393 promoventes,
3030 3321 3390 3378 ascenderunt
3421 3318 3584 3374 Jeru-

2011 3410 2180 3468 salem
2213 3411 2256 3442 ⁸⁰
2284 3427 2300 3464 :
2341 3423 2396 3468 et
2443 3428 2567 3467 cum
2601 3413 2668 3468 ad
2700 3413 2878 3472 locum
2917 3412 3310 3483 pervenissent,
3333 3410 3580 3480 angelico

2013 3499 2268 3556 vaticinia
2285 3501 2644 3570 designatum,
2679 3501 2756 3557 lbi
2785 3502 2901 3569 sibi
2937 3501 3169 3557 invicem
3205 3500 3582 3555 obviavernot.

2011 3592 2163 3648 Tunc
2224 3593 2292 3648 de
2347 3604 2532 3648 mutua
2583 3608 2681 3650 sua
2730 3595 2938 3658 visione
2999 3593 3131 3658 laeti,
3185 3601 3240 3647 et
3299 3591 3582 3662 promissa:

2010 3683 2177 3752 prolis
2224 3683 2550 3744 certitudine
2602 3686 2784 3740 securi
2838 3685 3052 3740 debitas
3097 3683 3356 3747 Domino,
3408 3680 3584 3736 bumi-

2009 3772 2140 3828 lium
2195 3773 2512 3836 exaltatori,
2563 3774 2771 3844 gratias
2810 3783 3060 3840 egerunt.
3093 3772 3286 3842 Itaque
3355 3771 3581 3826 adorato

2011 3863 2274 3930 Domino,
2328 3865 2547 3918 domum
2575 3864 2809 3934 regressi
2843 3863 2908 3930 “,
2959 3863 3206 3918 divinum
3249 3862 3580 3930 promissum

2011 3955 2146 4010 certi
2179 3963 2234 4009 et
2263 3953 2464 4009 hilares
2485 3953 2897 4023 exspectabant.
2940 3953 3205 4022 Concepit
3237 3966 3367 4022 ergo
3399 3953 3576 4016 Anna,

2011 4101 2266 4165 gruenter
2292 4090 2358 4165 fit
2380 4091 2445 4145 ad
2470 4091 2643 4165 angeli
2695 4101 2958 4165 mentem.

2085 4163 2104 4194 ⁷
2136 4162 2226 4216 Sic
2251 4171 2305 4216 et
2330 4155 2775 4230 Proto-E'vangel.
2815 4158 3002 4216 Jacobi
3032 4173 3085 4215 c.
3123 4174 3242 4230 v_t_tt.
3269 4155 3568 4230 'i‘rlmulam

2011 4231 2065 4301 in
2109 4232 2312 4301 templo
2360 4228 2801 4301 reprzesentatam
2842 4231 2918 4286 ait
2946 4232 3109 4286 etiam
3143 4228 3384 4284 Evodius
3429 4230 3574 4298 apud

2007 4300 2379 4366 Niceplmrum
2413 4300 2506 4356 lib.
2541 4317 2599 4366 tt,
2624 4317 2674 4356 c.
2699 4302 2754 4360 ὅ.

2084 4318 2141 4357 ee
2187 4317 2379 4356 norum
2413 4317 2506 4356 ιιι).
2541 4317 2599 4366 ιι,
2624 4317 2674 4356 c.
2700 4317 2754 4360 ο.

2084 4371 2106 4402 ⁸
2141 4317 2195 4426 ΕΙ
2219 4381 2322 4440 est,
2371 4387 2541 4440 usque
2573 4371 2639 4424 ad
2696 4387 2870 4428 annos
2901 4370 3289 4440 intelligentes,
3314 4374 3430 4428 sive
3458 4377 3579 4438 qui-

409 4441 434 4474 ³
491 4440 586 4496 Sic
605 4443 806 4524 .Aetor.
846 4461 902 4524 x_,
1029 4464 1042 4498 :
1079 4446 1149 4500 Al
1199 4448 1507 4524 ᾳροσευχᾳε
1567 4446 1812 4524 σου-κᾳὶ
1848 4447 1905 4499 ai

2016 4435 2308 4524 busbomo
2349 4435 2539 4524 inei'pii
2563 4441 2866 4524 intelligere
2904 4435 3102 4524 malum
3149 4435 3574 4524 reprobandum,

332 4493 715 4588 ἐλεημοέύῖᾶι
727 4493 1147 4584 Ἶάέυῂἇνέότίσῖι)
1180 4493 1275 4580 ei?
1285 4493 1660 4588 Eﬁft'eéuiév'

2016 4493 2314 4588 ctibonum
2373 4493 2701 4588 eligendum,
2731 4493 2978 4588 Iahn,
3001 4493 3124 4588 ςιδ.
3188 4493 3486 4588 Xiljeciivis
3519 4493 3574 4562 iii

325 4579 431 4634 τοῦ
461 4579 625 4636 Θεοῦ.

414 4649 436 4680 ³
473 4649 609 4726 (ξοιι.
646 4651 820 4726 ιιεὸο
853 4669 869 4720 ;
897 4669 1009 4726 avt.
1044 4652 1149 4726 iet
1187 4670 1344 4716 xvnt.
1378 4657 1464 4710 ΙΙ.
1489 4653 1770 4726 Nusquam
1826 4666 1909 4726 ta-

327 4734 462 4772 men
493 4719 554 4770 iit
573 4725 773 4793 mentio
793 4719 920 4777 anni
944 4724 1118 4778 astatis
1167 4719 1638 4793 octogesittti,ottti'
1664 4741 1762 4780 nec
1803 4725 1907 4780 Ge-

321 4803 454 4860 ntes.
493 4795 597 4854 xt,‘
627 4790 714 4860 ubi
767 4802 991 4846 narrant
1043 4790 1396 4860 genitum—ex
1452 4792 1585 4849 Sara
1635 4794 1902 4860 lsaacum,

321 4857 655 4930 ébraltamo
679 4859 790 4925 jam
807 4871 1022 4930 centum
1047 4857 1318 4915 annorum
1348 4872 1562 4930 aetatem
1587 4857 1900 4918 consecuto.

325 4926 633 5000 plenoque
679 4939 857 5000 tamen
899 4929 950 4981 id
979 4931 1204 5000 colligas
1252 4947 1316 4984 ex
1346 4927 1587 5000 tempore
1624 4931 1772 4987 Sara:
1806 4936 1900 4987 tte-

319 4995 541 5050 functz
563 5011 656 5050 an.
683 4999 860 5054 :ctatis
893 4999 1014 5062 £27,
1045 4995 1181 5054 Gell.
1237 5015 1397 5061 sxttt,
1427 4995 1476 5053 ll

403 5067 428 5139 ξ
461 5064 520 5119 ιδ
575 5075 678 5139 est,
714 5077 786 5118 tot
819 5069 1081 5139 exemplis
1113 5084 1143 5120 a
1177 5068 1506 5139 melallatis.
1559 5068 1697 5124 Male
1741 5078 1898 5126 antea

316 5133 569 5198 editum,
627 5135 922 5190 Persuade!
951 5133 1179 5191 credere.

403 5204 430 5236 ³
458 5202 550 5258 Sic
585 5203 725 5272 lego.
757 5221 878 5260 cum
917 5206 1109 5261 vitiose
1139 5209 1192 5259 itt
1220 5206 1339 5261 aliis
1366 5207 1547 5275 editis,
1578 5217 1632 5261 ut
1660 5209 1896 5265 novistis.

320 5273 461 5326 Vid.
497 5289 659 5341 supra
691 5291 810 5342 cap.
847 5277 892 5330 Ι.
923 5276 1169 5330 Meminit
1201 5277 1345 5330 illitis
1377 5277 1481 5330 voti
1516 5273 1546 5334 a
1571 5291 1743 5332 matre
1783 5277 1897 5332 Ma-

319 5345 767 5418 riz::__nuttcutiati
803 5344 1094 5418 Gregorius
1149 5362 1363 5417 quoque
1394 5346 1676 5418 Nyssenus
1703 5347 1892 5403 bontil.

317 5419 380 5472 in
416 5410 594 5466 Natal.
621 5409 852 5469 Domini.

398 5485 426 5515 ⁸
454 5485 886 5559 Κεχαριτῳμὲγη
927 5486 1069 5552 quod
1101 5483 1256 5559 Lnga!
1285 5501 1324 5552 I,
1354 5486 1445 5559 28,
1479 5487 1649 5559 Syrus
1681 5501 1895 5557 quoque

315 5542 1112 5622 ῑιιωτρςὶἐτωόίιιίίδιὴωιο
1141 5542 1323 5622 ΌνδῸί
1346 5542 1540 5614 Grates;
1567 5542 1893 5612 voce-tttiittr

311 5639 466 5679 ante
486 5619 499 5622 ’
522 5619 725 5693 Lucam
779 5622 1120 5693 Syrachides,
1153 5642 1226 5692 ιι,
1257 5619 1310 5690 8,
1341 5637 1392 5682 et
1415 5641 1563 5688 xvttt,
1600 5627 1688 5681 17.
1719 5627 1892 5682 Caete-
1941 5673 1954 5679 -

315 5709 471 5766 rum
496 5691 638 5766 quod
668 5691 949 5750 Ambrosio
980 5705 1032 5748 et
1054 5699 1176 5751 aliis
1212 5691 1550 5766 quibusdam
1588 5701 1884 5760 Vcttﬂ‘ths,

311 5764 510 5838 gratia
537 5760 694 5832 plena
728 5767 1030 5834 esponitur,
1066 5760 1271 5823 Christo
1290 5769 1466 5836 plena,
1521 5784 1710 5840 parum
1762 5784 1888 5824 con-

2013 4581 2134 4635 bilis
2183 4594 2344 4634 sensu
2367 4584 2544 4634 activo
2577 4581 2653 4632 uti
2691 4581 2867 4634 solent
2910 4582 3202 4648 scriptores
3231 4580 3342 4636 non
3374 4580 3575 4635 infimas

2011 4660 2218 4704 tantum
2252 4651 2448 4713 aetatis,
2485 4649 2582 4718 seti
2607 4651 2844 4718 «Optimo:
2898 4665 3134 4718 quoque.

2081 4724 2100 4754 '
2129 4719 2420 4785 .Iosepltus,
2442 4719 2505 4771 de
2526 4717 2679 4790 Bello
2704 4717 2921 4772 Judaic.
2947 4735 2999 4785 v,
3026 4717 3113 4784 is,
3145 4731 3350 4790 portam
3383 4717 3577 4774 Orien-

2010 4790 2169 4844 talem
2219 4798 2447 4860 testatur
2489 4787 2856 4860 abundantius
2886 4804 3020 4844 auro
3049 4799 3104 4842 et
3137 4787 3365 4860 argento
3407 4804 3575 4842 orna-

2008 4865 2117 4912 tam
2172 4859 2338 4911 fuisse
2386 4873 2547 4925 quam
2600 4858 2854 4927 reliquas,
2902 4861 3003 4914 etsi
3051 4868 3106 4916 et
3142 4858 3274 4930 ipsa:
3319 4861 3576 4924 inaurata:

2006 4941 2158 4984 essen
2166 4940 2206 4982 ι.
2970 4985 2974 4988 .

2077 4997 2121 5029 ³⁸
2153 4998 2208 5052 In
2259 4996 2543 5064 templum.
2575 4995 2664 5051 Sic
2689 4996 2824 5052 Luc.
2861 5013 2992 5060 xm,
3027 4997 3114 5053 10.

2074 5068 2115 5099 ¹¹
2139 5067 2197 5120 In
2214 5069 2467 5135 οιψὶόιιιιι
2494 5064 2785 5121 Nazarettt.
2815 5067 3021 5121 Dicitur
3045 5067 3242 5124 deinde
3274 5066 3430 5120 Anna
3455 5077 3577 5135 post

1999 5137 2240 5207 genitam
2271 5137 2518 5207 Mariam,
2553 5137 2752 5207 amisso
2785 5135 3074 5192 Joaeltimo
3106 5140 3326 5207 marito.
3360 5137 3572 5191 duobus

2001 5204 2259 5272 praeterea
2301 5205 2430 5260 vit-is
2472 5204 2741 5272 nupsisse,
2771 5207 3045 5277 Cleophis,
3078 5217 3129 5260 et
3162 5206 3437 5277 Salonini;
3463 5222 3572 5274 qua

1999 5279 2065 5328 de
2099 5292 2155 5330 re
2195 5277 2357 5330 hosce
2389 5285 2499 5330 tres
2527 5289 2716 5328 versus
2748 5274 3018 5331 affert'Jo.
3045 5277 3252 5331 Cersou
3287 5275 3350 5328 de
3380 5274 3565 5331 Natio.

2007 5342 2151 5414 Virg.
2186 5345 2393 5408 Mariis,
2424 5357 2555 5398 tom.
2589 5343 2678 5411 Ill,
2709 5361 2832 5414 pag.
2863 5346 2933 5401 59
2968 5365 2983 5402 :

2090 5435 2229 5486 Anna
2251 5433 2408 5485 tribus
2441 5433 2626 5496 nupsit,
2657 5434 3167 5496 JOacbim,Cle0plt:e,
3199 5436 3507 5498 Salomaeque

2086 5498 2157 5546 Ex
2182 5500 2359 5559 qmbus
2378 5499 2480 5558 ipsa
2502 5499 2615 5544 viris
2660 5500 2858 5558 peperit
2889 5505 2988 5559 tres
3008 5501 3149 5559 Anna
3174 5498 3361 5556 Marias,

2085 5557 2215 5616 Quas
2235 5557 2425 5606 duxere
2447 5559 2647 5620 Josepb,
2668 5557 2912 5619 Alpheus,
2937 5557 3316 5620 Zebedeusque,

2087 5621 2245 5669 Prima
2268 5623 2438 5670 Jesum
2458 5619 2737 5678 ;Jacobum,
2761 5620 2944 5679 Josepb
2966 5631 3076 5665 euut
3101 5619 3306 5669 SimOne
3327 5621 3503 5670 ludam

2086 5685 2256 5732 Altera
2277 5681 2642 5739 dat;Jacobum
2675 5683 2758 5727 dat
2781 5685 2946 5739 tertia,
2989 5683 3139 5740 atque
3180 5683 3439 5732 Joannem.

1990 5766 2091 5822 Sed
2126 5780 2312 5836 parum
2345 5762 2467 5818 fidei
2502 5761 2644 5817 hanc
2681 5761 3029 5818 traditionem
3069 5766 3287 5831 mereri,
3321 5766 3561 5821 ostendit
