4004 6192
446 380 547 446 311

1408 383 1469 444 S.
1522 382 1973 443 HIERONYMI
2026 382 2344 443 OPERUM
2376 381 2782 445 MANTISSA.

3579 381 3685 443 312

446 506 503 553 et
549 496 758 567 peperit
796 496 958 550 tiliam
981 513 999 563 ;
1040 508 1095 552 et
1135 498 1290 566 juxta
1332 503 1649 557 mandatum
1691 504 2105 574 angelicum,‘
2124 505 2621 573 constituebantur,
2657 517 2707 561 ct
2756 506 2859 559 hoc
2900 504 3073 558 a'tatis
3109 512 3321 573 tempus
3353 504 3684 573 implessent.

447 597 699 659 parentes
729 589 990 642 vocabant
1021 604 1214 645 nomen
1242 591 1361 661 ejus
1389 592 1636 648 Mariam.

519 677 630 731 VII.
667 677 911 746 Cumque
959 679 1120 733 triqu
1167 697 1433 738 annorum
1479 685 1717 741 circulus
1758 686 2018 740 volvere-

452 781 539 824 tur
569 771 607 836 ⁸,
646 779 719 822 et
742 771 1124 829 ablactationis
1163 785 1375 841 tempus
1412 779 1737 843 completum
1757 789 1920 843 esset,
1951 778 2017 831 ad

452 861 710 929 templum
771 861 982 916 Domini
1026 864 1284 935 virginem
1330 882 1455 920 cum
1503 867 1873 923 oblationibus
1920 871 2017 922 ad-

450 951 742 1009 duxerunt.
777 952 945 1008 Erant
975 965 1152 1009 autem
1179 958 1325 1012 circa
1374 960 1658 1027 templum,
1684 962 1834 1028 juxta
1863 961 2021 1029 quin-

451 1044 623 1095 decim
675 1046 939 1113 graduum
978 1047 1213 1115 psalmos
1273 1093 1287 1115 ,
1328 1052 1641 1119 quindecim
1686 1052 2023 1106 ascensionis

453 1132 717 1198 gradus‘.
774 1135 908 1189 Nam
940 1138 1064 1204 quia
1103 1139 1364 1207 templum
1415 1151 1535 1195 erat
1590 1142 1643 1194 in
1704 1153 1884 1195 monte
1933 1141 2023 1212 (In

453 1232 624 1275 monte
655 1223 867 1294 Μοῖρα)
899 1229 1274 1296 constitutum,
1302 1230 1473 1284 altare
1500 1231 1820 1297 holocausti,
1878 1231 2022 1300 quod

456 1315 763 1370 forinsecus
826 1330 987 1383 erat,
1047 1321 1183 1375 adiri
1239 1324 1339 1377 nisi
1406 1325 1665 1392 gradibus
1717 1325 1929 1377 valebat
1979 1324 2021 1376 ³.

456 1406 513 1459 In
560 1407 752 1461 horum
802 1410 984 1478 itaque
1030 1427 1173 1477 uno,
1228 1413 1438 1467 beatam
1488 1416 1749 1484 virginem
1798 1414 2024 1469 Mariam

456 1499 737 1565 parvulam
801 1511 1053 1570 parentes
1119 1505 1547 1561 constitueront.
1620 1507 1867 1576 Cumque
1925 1508 2025 1577 ipsi

461 1591 780 1644 vestimenta
812 1606 934 1661 quae
972 1594 1023 1648 in
1069 1596 1263 1651 itinere
1295 1598 1617 1661 habuerant,
1649 1608 1932 1664 exuerent,
1972 1607 2027 1652 et

460 1677 781 1736 cultioribus
834 1700 901 1738 ex
954 1701 1105 1741 more
1154 1689 1395 1743 veStibus
1439 1706 1499 1744 se
1546 1699 1600 1743 et
1651 1689 2029 1743 mundiorihus

459 1769 769 1839 induerent,
801 1774 954 1846 virgo
992 1777 1204 1832 Domini
1237 1791 1462 1835 cunctos
1495 1781 1769 1850 sigillatiin
1799 1780 2026 1850 gradus,

463 1860 579 1915 sine
610 1862 857 1920 ducentis
885 1878 936 1920 et
971 1868 1198 1923 levantis
1226 1887 1383 1923 manu
1415 1872 1488 1925 ita
1527 1873 1788 1934 ascendit,
1816 1883 1871 1925 ut
1906 1886 2026 1939 per-

464 1952 618 2006 fectae
668 1956 810 2010 relati
865 1958 917 2011 in
968 1959 1069 2014 hac
1120 1962 1385 2015 duntaxat
1442 1976 1605 2016 causa
1652 1962 1787 2016 nihil
1839 1962 2030 2016 deesse

464 2054 703 2113 putares.
738 2048 855 2102 Jam
889 2050 1089 2120 quippe
1139 2052 1398 2107 Dominus
1445 2055 1497 2107 in
1533 2054 1759 2122 virginis
1796 2069 1907 2109 sua:
1948 2055 2030 2107 in-

464 2135 631 2187 fantia
666 2152 915 2207 maguum
952 2141 1079 2206 quid
1114 2142 1477 2209 Operabatur;
1515 2152 1570 2197 et
1599 2153 1800 2212 quanta
1848 2143 2029 2196 futura

462 2238 607 2279 esset
638 2227 798 2297 ltujus
829 2230 1075 2285 miraculi
1121 2231 1322 2287 indicro
1358 2236 1810 2303 praemonstrabat
1844 2233 1883 2285 ⁸.
1927 2233 2032 2304 Igi-

465 2328 554 2370 tur
589 2318 860 2375 sacrificio
900 2322 1197 2377 secundum
1235 2325 1681 2378 consuetudinem
1725 2325 1856 2394 legis
1883 2324 2031 2377 cele-

463 2415 639 2479 brato,
670 2426 723 2470 et
753 2426 880 2470 voto
909 2432 1008 2472 suo
1043 2421 1286 2487 perfecto
1317 2421 1359 2484 ',
1397 2420 1670 2489 Virginem
1706 2420 1847 2472 intra
1880 2429 2032 2487 septa

464 2506 650 2574 templi
681 2505 723 2572 °,
760 2523 881 2560 cum
933 2509 1055 2563 aliis
1104 2509 1402 2576 virginibus
1450 2511 1647 2564 ibidem
1697 2509 2031 2564 educandam

464 2595 784 2651 dimiserunt
824 2615 838 2651 :
876 2600 975 2667 ipsi
1010 2614 1141 2654 vero
1172 2601 1388 2654 domum
1426 2601 1655 2671 regressi
1687 2610 1835 2654 sunt.

535 2685 672 2741 VIII.
711 2685 874 2754 Virgo
911 2697 1087 2743 autem
1130 2689 1361 2754 Domini,
1401 2706 1522 2743 cum
1556 2690 1733 2744 aetatis
1771 2704 2033 2758 processu

465 2793 521 2835 et
572 2781 862 2835 virtutibus
924 2781 1282 2850 proficiebat;
1338 2791 1393 2835 et
1444 2781 1594 2851 juxta
1651 2782 2031 2849 Psalmistam,

465 2882 620 2944 pater
645 2884 699 2928 et
732 2884 903 2926 mater
932 2873 1337 2944 dereliquerant
1372 2890 1528 2941 eam;
1559 2876 1823 2929 Dominus
1853 2886 2035 2931 autem

466 2965 763 3033 assumpsit
802 2979 923 3017 eam
976 2962 1148 3035 (Psal.
1185 2982 1332 3022 .vxvt,
1368 2965 1475 3035 l0).
1511 2966 1762 3031 Quotidie
1805 2982 2037 3036 namque

465 3058 534 3109 ab
583 3057 792 3126 angelis
845 3058 1295 3128 frequentabatur
1326 3061 1375 3127 1';
1423 3062 1665 3130 quotidie
1724 3060 1905 3114 divina
1952 3060 2037 3115 vi-

2118 598 2337 653 domum
2362 607 2799 657 reverterentur,
2830 605 2885 650 et
2916 593 3121 663 nuptiis
3152 594 3448 648 secundum
3482 606 3687 645 tttnrem

2119 690 2320 757 gentis,
2353 697 2406 742 et
2446 687 2627 741 aetatis
2662 687 3054 748 maturitatem,
3084 698 3305 751 operam
3346 684 3555 735 darent.
3588 680 3689 734 Cui

2121 781 2376 833 mandato
2409 792 2534 832 cum
2563 785 2775 831 caetera:
2804 790 2987 845 prona:
3017 775 3365 843 paruissent;
3395 772 3505 828 sola
3540 773 3694 835 virgo

2124 872 2335 926 Domini
2373 869 2543 924 Maria
2591 871 2693 923 hoc
2730 884 2790 923 se
2834 868 3015 922 facere
3059 882 3167 921 non
3200 881 3357 936 posse
3387 864 3691 933 respondit.

2121 964 2308 1017 dicens
2341 978 2355 1017 :
2390 960 2461 1016 Se
2491 962 2707 1028 quidem
2741 970 2795 1014 et
2823 972 3075 1029 parentes
3114 974 3244 1012 suos
3279 958 3491 1010 Domini
3522 954 3696 1009 servi-

2124 1057 2199 1108 tio
2230 1054 2592 1121 mancipasse,
2626 1062 2680 1105 et
2718 1051 2939 1119 insuper
2973 1066 3032 1104 se
3070 1051 3240 1119 ipsam
3273 1049 3497 1102 Domino
3530 1047 3698 1116 virgi-

2126 1153 2349 1196 nitatem
2381 1141 2629 1204 vovisse;
2666 1155 2825 1208 quam
2858 1154 3132 1208 nunquam
3164 1137 3279 1191 viro
3305 1138 3510 1203 aliquo,
3541 1150 3701 1188 com-

2127 1235 2397 1289 mistionis
2446 1247 2598 1287 more
2642 1235 2862 1301 cognito
2891 1229 2955 1297 ³⁸,
2986 1228 3189 1284 violare
3228 1226 3409 1281 vellet.
3450 1223 3694 1278 Pontifex

2125 1339 2257 1379 vero
2306 1325 2359 1378 in
2408 1322 2662 1391 angustia
2715 1320 3044 1375 constitutus
3095 1316 3297 1377 animi,
3346 1329 3467 1369 cum
3515 1327 3699 1380 neque

2127 1422 2319 1471 contra
2368 1402 2741 1479 scripturam,
2792 1424 2915 1477 quas
2957 1408 3138 1462 dicit:
3181 1406 3368 1460 Vovete
3413 1414 3461 1458 et
3496 1404 3700 1457 reddite

2129 1506 2303 1577 (Psal.
2358 1521 2521 1567 Lxxv,
2574 1503 2689 1574 12),
2732 1512 2915 1557 votum
2977 1500 3381 1570 infringendum
3443 1504 3701 1565 putaret;

2130 1612 2304 1665 neque
2353 1611 2559 1650 morem
2610 1594 2759 1664 genti
2812 1594 3090 1647 insuetum
3135 1590 3480 1643 introducere
3533 1585 3706 1638 aude-

2112 1698 2213 1745 ret
2244 1691 2306 1753 “,
2342 1688 2613 1756 praecepit,
2644 1697 2703 1739 ut
2730 1689 2796 1739 ad
2828 1685 3175 1740 festivitatem
3208 1699 3329 1752 qua:
3362 1682 3699 1744 imminebat,

2130 1796 2318 1835 omnes
2369 1795 2434 1835 ex
2488 1778 2874 1847 Hierosolymis
2916 1783 2970 1830 et
3005 1775 3196 1828 vicinis
3242 1772 3377 1827 locis
3438 1772 3704 1839 primores

2133 1875 2403 1937 adessent,
2455 1885 2684 1939 quorum
2738 1867 2966 1922 consilio
3015 1866 3160 1920 scire
3206 1872 3407 1931 posset,
3454 1862 3580 1927 quid
3631 1862 3705 1915 de

2136 1975 2242 2018 tam
2283 1962 2443 2017 dubia
2490 1977 2548 2016 re
2599 1960 2905 2014 faciendum
2959 1969 3127 2013 esset.
3162 1956 3315 2022 Quod
3359 1973 3479 2010 cum
3528 1955 3702 2017 lieres,

2132 2057 2386 2111 omnibus
2418 2057 2471 2109 iu
2502 2069 2790 2110 commune
2819 2051 3023 2121 placuit
3058 2051 3344 2105 Dominum
3388 2064 3555 2118 super
3598 2050 3708 2101 hac

2135 2162 2194 2202 re
2222 2161 2342 2202 esse
2371 2145 2784 2201 consulendum.
2834 2143 2899 2197 Et
2949 2142 3160 2197 cunctis
3203 2142 3423 2211 quidem
3467 2138 3706 2193 orationi

2134 2237 2591 2303 incumbentibus,
2624 2236 2861 2305 pontifex
2893 2236 2960 2288 ad
2991 2234 3379 2290 cansulendum
3402 2232 3596 2298 Deum,
3625 2248 3705 2288 ex

2136 2344 2285 2385 more
2331 2329 2584 2383 accessit.
2628 2327 2743 2382 Nec
2781 2341 2932 2380 mora
2977 2325 3191 2380 cunctis
3232 2324 3601 2386 audientibus,
3629 2322 3711 2378 de

2133 2420 2390 2485 oraculo,
2439 2428 2494 2475 et
2544 2419 2611 2473 de
2660 2416 3020 2487 propitiatorii
3073 2416 3225 2477 loco,
3278 2430 3381 2469 vox
3431 2413 3570 2467 facta
3614 2421 3710 2467 est

2134 2513 2426 2567 secundum
2463 2511 2613 2566 Isaia:
2649 2510 2989 2574 vaticinium,
3029 2508 3411 2577 requirendum
3451 2522 3569 2561 esse
3610 2508 3709 2560 cui

2136 2607 2287 2675 virgo
2324 2605 2410 2659 illa
2450 2601 2823 2658 commendari
2866 2609 2922 2655 et
2965 2599 3283 2667 desponsari
3329 2599 3566 2652 deberet.
3608 2596 3711 2652 Li-

2136 2706 2266 2764 quet
2306 2697 2449 2750 enim
2496 2694 2688 2748 Isaiam
2730 2692 2913 2746 dicere
2942 2706 2961 2747 :
2997 2688 3308 2759 Egredietur
3342 2690 3490 2757 rirgo
3522 2686 3584 2740 de
3614 2704 3718 2740 ra—

2137 2793 2251 2845 dice
2296 2787 2465 2851 Jesse,
2502 2796 2550 2841 et
2588 2787 2686 2854 [los
2731 2786 2794 2837 de
2845 2784 3021 2836 radice
3067 2782 3183 2849 ejus
3222 2783 3487 2841 ascendet,
3524 2791 3572 2833 et
3622 2796 3716 2833 re-

2137 2884 2366 2951 quiescet
2412 2894 2571 2948 super
2616 2892 2732 2930 eum
2780 2873 3005 2943 Spiritus
3048 2871 3304 2936 Domini;
3350 2873 3564 2939 spiritus
3614 2886 3716 2922 sa-

2137 2974 2344 3041 pientia
2373 2983 2417 3025 et
2448 2969 2770 3030 intellectus,
2795 2966 3007 3031 spiritus
3036 2966 3243 3018 consilii
3278 2974 3324 3018 et
3353 2963 3716 3026 fortitudinis,

2139 3065 2357 3129 spiritus
2396 3058 2629 3114 scientia:
2661 3068 2707 3112 et
2741 3056 2969 3127 pietatis,
3002 3054 3052 3109 et
3085 3054 3298 3123 replebit
3333 3071 3449 3108 eum
3483 3054 3717 3121 spiritus

467 3151 621 3206 sione
655 3150 973 3217 fruebatur;
1006 3167 1128 3220 qua:
1167 3168 1285 3207 eam
1326 3171 1351 3206 a
1389 3156 1549 3207 malis
1577 3155 1828 3209 omnibus
1857 3165 2038 3209 custo-
2062 3179 2108 3241 ο
2144 3154 2348 3207 timoris
2394 3150 2603 3204 Domini
2631 3149 2769 3219 (lsa.
2797 3166 2874 3215 xt,
2916 3150 2941 3202 I
2985 3150 3188 3219 seqq.).
3223 3147 3532 3203 Secundum
3565 3148 3717 3201 hanc

468 3244 670 3309 dicbat,
696 3255 749 3298 et
774 3244 929 3297 bonis
956 3245 1211 3300 omnibus
1241 3246 1546 3301 redundare
1570 3246 1819 3302 faciebat.
1851 3246 2039 3314 Itaque

469 3335 536 3389 ad
583 3346 839 3401 quartum
911 3336 1179 3389 decimum
1228 3352 1431 3390 annum
1464 3337 1487 3368 ⁸
1545 3352 1718 3405 usque
1766 3337 2037 3405 pervenit,

470 3435 529 3478 ut
564 3439 669 3479 non
721 3427 895 3479 solum
941 3427 1074 3481 nihil
1106 3429 1173 3483 de
1219 3443 1281 3482 ea
1329 3429 1454 3483 mali
1508 3430 1928 3496 reprehensione
1961 3429 2043 3481 di-

471 3529 635 3581 guunt
685 3515 992 3585 confingere
1035 3527 1292 3585 possent;
1330 3518 1425 3572 sed
1466 3527 1522 3571 et
1561 3518 1686 3571 boni
1727 3532 1917 3572 omnes
1950 3517 2042 3584 qui

471 3622 590 3662 eam
628 3619 912 3673 noverant,
947 3610 1112 3662 vitam
1153 3619 1209 3663 et
1258 3610 1728 3665 conversationem
1772 3611 1892 3679 ejus
1939 3610 2042 3663 ad-

476 3701 764 3755 miratione
813 3701 1030 3772 dignam
1077 3702 1411 3767 iudicarent.
1462 3700 1615 3756 Tunc
1659 3702 1901 3770 pontifex
1948 3717 2045 3771 pu-

475 3794 614 3849 blice
664 3795 1014 3850 denuntiabat
1051 3794 1097 3860 ’,
1145 3803 1203 3848 ut
1255 3794 1491 3865 virgines
1565 3809 1687 3865 quae
1740 3795 1793 3849 in
1845 3794 2047 3866 templo

477 4052 721 4097 veterum
770 4045 1064 4108 silentium,
1100 4054 1154 4097 et
1198 4046 1337 4113 quod
1391 4047 1613 4100 Salome
1658 4046 1903 4102 mulieris
1948 4061 2048 4101 no-

480 4128 604 4170 men
635 4125 740 4177 est,
776 4130 878 4165 non
917 4115 1041 4176 viri,
1072 4115 1239 4168 Marc.
1269 4132 1377 4176 xvi,
1409 4116 1461 4168 1.

556 4182 571 4211 ¹
606 4182 678 4232 De
706 4185 902 4247 quibus
934 4185 1154 4250 angelus
1185 4200 1345 4251 supra
1375 4204 1422 4237 ιτ.
1456 4187 1509 4238 4.

553 4257 573 4284 ¹
606 4253 679 4306 De
719 4252 978 4320 gradibus
1011 4254 1114 4305 illis
1144 4255 1452 4317 quindecim
1499 4257 1695 4309 Ezech.
1726 4272 1814 4317 ιιι..
1843 4254 1877 4307 6
1904 4264 1958 4307 et
1985 4255 2053 4308 Si

480 4337 635 4390 seqq.
668 4324 914 4375 meminit
938 4331 994 4375 et
1017 4320 1303 4389 .Iosephus.
1330 4323 1481 4387 Quod
1513 4342 1640 4379 vero
1667 4329 1864 4395 gradus
1893 4326 2054 4379 hosce

475 4415 631 4481 juxta
678 4411 903 4468 totidem
954 4413 1190 4482 psalmos
1236 4423 1491 4480 mam-1,
1539 4417 1654 4468 sive
1698 4416 2055 4467 ascensionem

479 4499 624 4536 circa
678 4487 934 4551 templum
986 4483 1155 4538 fuisse
1209 4485 1294 4535 hic
1349 4485 1686 4549 allirmatur,
1739 4484 1933 4547 legitur
1985 4484 2039 4536 in

479 4551 761 4616 Talmude,
788 4565 841 4607 et
872 4554 1221 4607 confirmatur
1250 4569 1278 4606 a
1308 4553 1554 4607 Iiimchio
1586 4565 1639 4608 et
1670 4555 1790 4607 aliis
1816 4553 2037 4607 .Iudteis.

480 4624 558 4677 De
586 4623 672 4677 bis
708 4640 812 4676 non
849 4623 1216 4690 infrequenter
1254 4634 1464 4677 veteres
1511 4624 1695 4676 l’alres
1724 4624 2049 4677 Christiani.

482 4701 525 4753 Δ
563 4693 769 4748 Grmcis
809 4693 999 4760 psalmi
1042 4695 1128 4745 isti
1166 4693 1418 4763 dicuntur
1450 4694 1519 4746 τὰ
1562 4694 1896 4763 προσκὺρια,
1928 4695 2052 4763 quia

482 4764 693 4829 primus
725 4780 788 4817 cx
826 4763 932 4817 illis
962 4763 1156 4831 inquit,
1184 4762 1320 4833 πρὸς
1354 4763 1558 4834 Κύριον
1583 4760 1640 4816 ev
1666 4763 1743 4831 τῷ
1773 4760 2055 4814 θλίϐεσθαι

484 4850 575 4905 με,
612 4845 719 4890 etc.

558 4932 578 4962 ³
610 4930 718 4985 Etsi
754 4930 927 4983 altare
960 4929 1133 4995 ipsum
1167 4929 1424 4996 gradibus
1456 4926 1750 4996 ascendere
1785 4923 2058 4992 prohibuit

482 5003 594 5065 lex,
625 5002 793 5053 Exod.
824 5015 917 5064 xx,
944 4999 1035 5051 9.6.
1065 4995 1218 5063 Quod
1251 5011 1309 5050 ut
1335 5014 1456 5050 cum
1488 5012 1638 5050 more
1664 4995 1973 5065 .Iodieorum
2004 5004 2059 5045 et

484 5063 708 5134 Ezecb.,
734 5063 1007 5132 xt.ttt,I7,
1031 5068 1372 5131 concilietur,
1404 5067 1684 5134 inquirunt
1711 5067 1806 5117 viri
1832 5063 2054 5115 eruditi.

486 5166 955 5222 Verisimillimum
982 5173 1162 5215 autem
1186 5171 1288 5224 est,
1314 5161 1455 5228 quod
1485 5159 1732 5213 Ezechiel
1762 5171 1855 5225 per
1874 5140 2059 5214 1115373

488 5239 677 5293 altaris
712 5237 975 5307 intelligat
1009 5233 1189 5307 plures
1224 5233 1460 5307 acclines
1495 5229 2060 5307 tramitesppeiqquos

486 5316 741 5377 poterant
768 5295 1091 5377 sace'rdo'tes
1126 5303 1241 5377 sine
1266 5299 1535 5377 gradibus
1571 5298 1853 5366 pervenire
1892 5295 1946 5348 in
1983 5298 2060 5348 al-

490 5371 626 5431 latis
658 5376 1021 5444 pavimentum
1052 5383 1105 5425 et
1136 5371 1395 5423 atnbitus.

560 5474 582 5501 ⁵
613 5472 767 5537 Quod
798 5468 975 5538 puella
1008 5478 1119 5521 tres
1150 5479 1322 5538 annos
1358 5456 1936 5538 nata_se_mic_ubitales
1957 5459 2060 5527 (ta-

489 5545 593 5601 lem
623 5532 772 5594 cuim
800 5532 997 5594 'eorum
1034 5534 1374 5591 altitudinem
1406 5545 1459 5586 et
1490 5532 1827 5585 latitudini-in
1866 5532 2059 5601 fuisse,

490 5598 567 5668 ait
610 5610 842 5664 lat-obus
882 5607 1017 5662 .iuda
1050 5608 1162 5661 Leo
1204 5608 1269 5659 de
1317 5602 1533 5669 templo,
1578 5617 1698 5671 pag.
1732 5600 1824 5667 2f)
1860 5598 2061 5667 gradus

464 5682 858 5740 ’Conscendere
895 5691 1094 5745 posset.

565 5754 585 5783 ⁵
622 5750 825 5802 Morem
855 5737 964 5803 voti
1004 5746 1329 5815 virginitatis
1378 5741 1627 5815 faciernli
1652 5755 1681 5793 a
1725 5737 2059 5815 Jephledilia

498 5822 716 5895 quidam
744 5827 1017 5894 repetunt.
1054 5809 1250 5872 Votum
1286 5827 1465 5872 autem
1500 5810 1682 5867 Maria:
1725 5810 1879 5865 inulti
1921 5809 2059 5865 intcr

2143 3259 2273 3315 ergo
2304 3244 2670 3313 prophetiam,
2691 3254 2917 3297 cunctos
2940 3242 3009 3296 de
3034 3241 3196 3296 domo
3217 3253 3271 3294 et
3294 3239 3496 3295 familia
3515 3237 3715 3302 Daiid,

2145 3336 2329 3404 nuptui
2366 3334 2594 3397 habiles,
2626 3348 2731 3388 non
2761 3334 3083 3402 cortjugatos
3112 3334 3174 3395 η,
3213 3333 3388 3401 virgas
3421 3345 3546 3384 suas
3575 3330 3718 3383 alla-

2145 3439 2295 3481 turos
2330 3428 2396 3481 ad
2428 3425 2597 3479 altare
2641 3426 2884 3493 praedixit
2917 3442 2930 3477 :
2965 3433 3020 3479 et
3064 3424 3440 3492 cujuscunque
3473 3432 3593 3491 post
3631 3421 3721 3474 al-

2147 3521 2402 3574 lationem
2443 3517 2655 3587 virgula
2683 3517 2727 3548 "
2759 3514 2942 3569 florem
2973 3515 3353 3584 germinasset,
3387 3523 3443 3567 et
3485 3514 3541 3567 in
3595 3512 3723 3580 ejus

2147 3610 2431 3666 cacumine
2465 3608 2699 3676 Spiritus
2736 3607 2946 3661 Domini
2980 3607 3032 3660 in
3061 3606 3245 3675 specie
3276 3604 3537 3658 columba:
3580 3618 3724 3657 coa-

2148 3700 2400 3763 sedisset,
2439 3700 2609 3767 ipsum
2652 3712 2775 3754 esse
2802 3697 2888 3751 cui
2919 3698 3070 3765 virgo
3115 3695 3486 3751 commendari
3528 3704 3583 3748 et
3621 3695 3726 3748 de-

2149 3790 2399 3860 sponsari
2432 3788 2669 3844 deberet.

2152 4034 2494 4088 Christianos
2523 4033 2802 4095 theologos
2828 4040 3102 4093 astruunt,
3132 4044 3267 4099 quos
3298 4030 3438 4083 inter
3464 4027 3730 4086 Petavius

2155 4104 2248 4157 lib.
2281 4120 2370 4157 xw
2403 4103 2467 4156 de
2499 4102 2775 4157 lncarnat.
2808 4118 2857 4156 c.
2889 4104 2945 4155 4.

2225 4173 2247 4203 ⁸
2283 4173 2619 4241 Epiphanius
2650 4174 2701 4226 in
2734 4172 3001 4226 Ancorato
3037 4188 3091 4224 ιι.
3124 4169 3191 4223 60
3220 4171 3298 4223 ait
3332 4171 3727 4238 primogenitos

2158 4251 2267 4296 tam
2317 4258 2515 4305 mares,
2551 4258 2710 4309 quam
2769 4242 2996 4295 feminas
3047 4243 3098 4293 in
3146 4241 3343 4307 templo
3383 4242 3729 4306 consecrari,

2157 4313 2340 4382 ibique
2369 4314 2434 4365 ad
2463 4327 2635 4382 annos
2661 4313 2966 4382 pubertatis
2996 4309 3213 4382 eilucari
3241 4310 3451 4382 solitos.

2228 4380 2263 4415 τῇ
2299 4380 2840 4450 ΡτυιοσΕνίιιιεριὶυιιι
2862 4380 3047 4434 Jacobi
3072 4390 3262 4449 praeter
3285 4380 3539 4447 frequens
3563 4395 3732 4448 ange-

2159 4453 2334 4506 lorum
2385 4453 2817 4518 commercium,
2873 4452 3035 4503 etiam
3094 4450 3160 4501 ab
3209 4450 3404 4519 angelo
3460 4453 3731 4504 nutritam

2073 4522 2125 4582 D
2151 4533 2358 4575 narrat.

2225 4611 2248 4642 ⁸
2285 4611 2361 4664 Ita
2405 4623 2457 4664 et
2509 4611 2741 4665 Evmlius
2788 4609 2927 4679 apud
2978 4608 3335 4675 Nicephorum
3387 4611 3423 4664 l.
3463 4626 3521 4672 II,
3553 4624 3605 4663 c.
3670 4612 3727 4665 3.

2160 4679 2265 4732 Sed
2303 4686 2355 4734 in
2393 4680 2556 4735 Proto
2586 4678 2840 4748 Evangel.
2877 4678 3064 4733 Jacobi
3110 4682 3473 4733 duodecennis
3512 4691 3730 4734 tantum

2159 4750 2331 4802 fuisse
2362 4753 2581 4813 dicitur,
2615 4767 2733 4805 cum
2766 4749 3000 4817 .Iosepho
3035 4751 3478 4816 desponsaretur.

2229 4821 2248 4851 ’
2279 4820 2521 4873 Pontifex
2550 4822 2647 4874 isre
2698 4817 2993 4873 Zacharias
3022 4831 3241 4871 vacatur
3270 4822 3321 4872 in
3353 4820 3734 4877 I’roto-Evan-

2160 4890 2299 4959 gelio
2330 4889 2533 4943 Jacobi.

2235 4958 2276 4989 ¹⁰
2320 4959 2408 5012 Sic
2448 4961 2590 5013 enim
2643 4959 2912 5026 accipiunt
2936 4961 3095 5013 verba
3125 4959 3324 5021 Mariae,
3356 4958 3489 5012 Luc.
3530 4976 3569 5022 ι,
3605 4959 3682 5016 34
3714 4981 3730 5017 :

2164 5028 2371 5096 ’Δνδρα
2402 5031 2463 5081 οὐ
2500 5030 2752 5096 γινώσκω
2772 5043 2787 5057 ⁸
2818 5031 2869 5081 id
2899 5042 2999 5094 est,
3028 5046 3128 5081 non
3157 5032 3429 5096 cognitum
3459 5029 3656 5083 cirum.

2239 5046 2371 5096 νορα
2402 5046 2463 5081 ου
2500 5046 2752 5096 γινωσκω
2772 5046 2787 5057 ·
2818 5046 2869 5081 ιιι
2899 5046 2999 5094 est,
3028 5046 3128 5081 non
3157 5046 3215 5081 co
3255 5046 3429 5081 mtura
3459 5046 3656 5083 cirum.

2237 5098 2276 5128 ”
2314 5096 2379 5150 Ut
2423 5115 2614 5166 m-mpe
2660 5113 2755 5165 per
2798 5109 2962 5151 totam
3004 5101 3168 5151 vitam
3203 5046 3364 5164 tirgo
3393 5098 3628 5150 adultior
3676 5102 3735 5155 in

2164 5169 2361 5234 templo
2406 5171 2648 5236 degeret.
2674 5168 2827 5232 Quod
2851 5166 3015 5236 Greg.
3047 5166 3320 5237 Nyssenus
3345 5168 3437 5219 lib.
3459 5182 3542 5228 tu,
3567 5167 3736 5224 Orat.

2162 5239 2228 5291 de
2262 5240 2351 5291 die
2386 5237 2563 5290 Natal.
2601 5238 2833 5301 Domini,
2867 5238 2997 5291 dicit
3040 5237 3318 5289 ιιιυΙίυιέιιι
3368 5239 3509 5289 inter
3545 5252 3741 5291 sacer-

2162 5309 2315 5361 dotes
2348 5308 2399 5361 in
2447 5308 2646 5375 templo
2693 5310 2923 5367 versari,
2957 5317 3119 5373 atque
3168 5305 3220 5357 in
3269 5309 3471 5357 sanctis
3516 5307 3739 5363 aedibus

2164 5378 2567 5445 conspici,rnec
2622 5377 2722 5438 lex,
2766 5392 2865 5429 nec
2912 5378 3147 5445 gravitas
3190 5377 3569 5445 permittchat,
3600 5376 3741 5431 οὔτε

2162 5443 2525 5529 νόμιεέιονῆν,
2562 5450 2655 5500 καὶ
2710 5449 2827 5515 ἅμα
2872 5443 2950 5516 τῷ
2994 5446 3277 5515 πράγματι
3311 5444 3373 5496 τὺ
3419 5443 3620 5513 σεμνὸν
3668 5452 3740 5501 οὐ

2161 5533 2393 5587 προσην,
2705 5568 2715 5575 ,

2240 5587 2281 5619 ¹¹
2312 5584 2713 5657 I’roto-Evang.
2734 5586 2919 5643 Jacobi
2948 5595 3102 5640 vocat
3130 5587 3252 5644 τοὺς
3275 5584 3612 5657 χηρεύοντας
3632 5586 3745 5641 τοῦ

2164 5657 2314 5711 λαοῦ.
2350 5660 2542 5727 Epiplt.
2592 5662 2642 5711 in
2687 5661 2939 5727 Ancorat.
2972 5672 3026 5708 ιι.
3059 5660 3126 5712 (30
3152 5674 3169 5712 :
3194 5657 3411 5727 Χήρους
3453 5656 3549 5708 καὶ
3588 5660 3751 5725 ἀγάσ-

2167 5744 2300 5797 pos;
2333 5731 2452 5781 καθ’
2481 5730 2718 5797 ἑκάστην
2749 5726 2942 5798 φύκην,

2243 5802 2283 5833 ⁸³
2319 5802 2647 5871 Εηιιιδδιιω
2677 5795 2855 5855 ἐκρο
2880 5795 3029 5870 quod
3068 5808 3321 5855 narratur
3347 5795 3499 5851 Num.
3544 5796 3610 5853 I7
3644 5799 3749 5855 cui
