4012 6188
245 336 349 398 313

1073 347 1436 409 EPISTOLA
1481 351 1542 412 L.
1621 351 1719 411 DE
1761 351 2229 416 NATIVITATE
2272 358 2334 421 S.
2378 361 2665 423 MARIrE.

3393 353 3500 415 3η

319 450 415 506 ¹Χο
468 453 593 508 Ετθι
624 465 804 511 “mem
852 457 992 512 Ῐηίθτ
1039 469 1265 517 εἰεΙετοε
1305 459 1524 528 λοεθριιο
1559 461 1722 516 homo
1754 461 1822 517 de
1849 466 1897 523 Α
1925 475 1978 520 et
2011 470 2258 538 regnabit
2291 471 2342 525 in
2379 471 2542 526 domo
2589 469 2756 525 Jacob
2802 469 2854 524 in
2909 477 3194 529 aeternum,
3242 473 3295 520 et
3344 465 3495 531 regni

245 543 414 597 domo
443 555 496 601 et
531 545 730 602 familia
773 551 938 604 David
983 552 1305 620 grandaevus
1332 555 1345 582 ‘
1385 570 1400 610 :
1436 556 1650 608 cunctis
1695 569 1823 607 vero

247 637 438 704 virgas
463 653 590 692 suas
614 638 766 706 juxta
800 640 1040 695 ordinem
1084 642 1479 705 deferentibus,
1529 643 1678 697 solus
1710 643 1826 712 ipse

249 745 410 784 suam
456 733 741 787 subtraxit.
787 730 941 786 Unde
979 748 1101 787 cum
1144 735 1275 788 nihil
1316 735 1514 789 divina!
1546 737 1664 789 voci
1697 751 1828 790 con-

251 837 450 876 sonum
497 824 856 891 apparuisset,
893 826 1136 892 pontitex
1181 825 1374 880 iterato
1419 826 1584 878 Deum
1630 841 1829 880 consu-

254 915 473 968 landum
505 917 731 982 putavit.
772 918 872 980 Qui
919 916 1227 982 respondit,
1260 919 1432 970 solum
1464 917 1612 971 illum
1646 934 1711 972 ex
1745 919 1829 972 his

255 1004 346 1070 qui
371 1005 638 1072 designati
661 1015 852 1071 erant,
873 1007 1077 1075 virgam
1119 1023 1269 1061 suam
1301 1023 1410 1062 non
1434 1011 1704 1073 attulisse,
1738 1009 1828 1078 qui

255 1095 522 1163 virginem
550 1096 886 1163 desponsare
933 1099 1178 1152 deberet.
1215 1099 1470 1153 Proditus
1525 1111 1608 1154 est
1647 1100 1832 1169 itaque

255 1181 486 1252 Joseph.
528 1185 659 1239 Cum
708 1187 854 1241 enim
902 1187 1106 1253 virgam
1157 1203 1308 1241 suam
1358 1187 1652 1254 attulisset,
1679 1199 1730 1244 et
1778 1191 1832 1243 in

256 1276 547 1330 cacumine
593 1277 735 1346 ejus,
783 1277 1032 1332 columba
1081 1279 1147 1332 de
1188 1278 1327 1332 ctelo
1373 1280 1600 1335 veniens
1643 1295 1835 1335 consev

258 1369 461 1431 disset,
507 1369 706 1438 liquido
751 1371 1048 1425 omnibns'
1103 1374 1282 1440 patuit
1333 1371 1381 1424 ei
1427 1372 1692 1442 virginem
1739 1373 1836 1428 de-

257 1463 629 1531 sponsandam
675 1461 812 1516 fore.
855 1462 1022 1533 Igitur
1065 1465 1377 1532 nuptiarum
1419 1465 1543 1534 jure
1581 1465 1649 1518 de
1686 1481 1838 1520 inore

260 1553 541 1606 celebrato
567 1551 610 1616 ³,
638 1551 750 1620 ipse
779 1553 995 1620 quidem
1033 1551 1083 1605 in
1116 1551 1430 1606 Bethlehem
1466 1554 1671 1608 recedit
1701 1553 1839 1606 civi-

262 1652 456 1705 tatem,
496 1640 713 1696 donium
766 1656 920 1694 suam
971 1641 1354 1709 disposituras,
1394 1651 1449 1698 et
1497 1642 1699 1709 nuptiis
1746 1657 1842 1697 ne-

264 1733 508 1786 cessaria
540 1739 959 1802 procuraturus.
990 1731 1154 1802 Virgo
1183 1744 1362 1788 autem
1404 1733 1612 1788 Domini
1649 1733 1839 1800 Maria,

264 1840 392 1879 cum
442 1823 562 1878 aliis
617 1834 822 1894 septem
883 1823 1182 1894 virginibus
1233 1825 1432 1881 co.evis
1477 1834 1533 1879 et
1579 1825 1841 1879 collacta-

268 1920 388 1970 neis
412 1917 453 1981 ⁵,
491 1931 626 1984 quas
653 1931 684 1970 a
721 1916 1006 1971 sacerdote
1049 1925 1351 1985 acceperat,
1385 1915 1452 1970 ad
1491 1915 1709 1970 domum
1751 1929 1841 1984 pa-

267 2022 487 2064 rentum
521 2024 740 2064 suorum
773 2009 825 2063 in
857 2008 1132 2064 Galilaeam
1166 2024 1383 2062 reversa
1416 2017 1520 2063 est.

340 2099 410 2155 X.
448 2099 544 2154 llis
587 2101 974 2164 vero’diebus,
1008 2103 1184 2170 primo
1219 2101 1430 2156 scilicet
1459 2101 1724 2156 adventus
1759 2103 1842 2157 sui

267 2193 323 2246 in
354 2192 631 2246 Galilaeam
683 2204 948 2262 tempore,
983 2196 1182 2247 missus
1228 2203 1309 2247 est
1344 2194 1410 2248 ad
1453 2210 1572 2248 eam
1620 2197 1846 2266 angelus

265 2283 490 2339 Gabriel
517 2302 544 2339 a
575 2287 683 2340 Deo
713 2303 726 2339 :
754 2288 844 2354 qui
889 2286 938 2340 ei
981 2299 1302 2356 conceptum
1337 2288 1680 2342 Deminicuin
1725 2306 1849 2342 nar-

271 2388 446 2443 raret,
496 2389 546 2432 et
590 2379 959 2447 conceptionis
985 2381 1066 2434 vel
1097 2383 1337 2446 modum,
1361 2383 1441 2436 vel
1471 2385 1719 2436 ordinem
1746 2398 1844 2437 ex-

273 2479 524 2540 poneret.
583 2469 824 2539 Denique
881 2471 1162 2539 ingressus
1215 2473 1282 2525 ad
1341 2487 1484 2534 eam,
1530 2472 1845 2526 cubiculum

273 2564 491 2630 quidem
516 2562 604 2616 ubi
626 2562 895 2626 manebat,
916 2562 1120 2631 ingenti
1147 2563 1346 2616 lumine
1371 2561 1601 2631 perfudit
1626 2579 1644 2630 ;
1675 2564 1845 2632 ipsam

273 2669 409 2707 vero
457 2655 857 2720 gratantissime
903 2655 1181 2718 salutans,
1231 2655 1366 2708 dixit
1415 2671 1428 2709 :
1477 2656 1608 2718 Ave,
1657 2655 1846 2720 Maria,

277 2743 431 2811 virgo
475 2741 688 2797 Domini
733 2745 1074 2810 gratissima;
1117 2744 1266 2814 virgo
1303 2745 1475 2812 gratia
1521 2745 1708 2814 plena,
1751 2746 1850 2798 Do-

278 2833 460 2887 minus
504 2843 713 2898 tecum,
749 2834 1028 2888 benedicta
1077 2845 1128 2887 tu
1172 2850 1282 2904 prae
1321 2834 1576 2888 omnibus
1611 2834 1852 2888 mulieri-

277 2925 415 2990 bus;
449 2925 733 2980 benedicta
773 2941 884 2995 praa
919 2928 1172 2983 omnibus
1214 2929 1473 2982 hactenus
1508 2927 1652 2982 natis
1681 2927 1854 2981 homi-

277 3017 463 3071 nibus.
501 3016 664 3085 Virgo
685 3027 862 3072 autem
899 3035 1019 3086 quae
1052 3019 1164 3088 jam
1198 3021 1473 3087 angelicos
1508 3019 1645 3074 bene
1687 3035 1852 3074 nove-

1925 563 2046 632 ejus
2079 579 2184 617 non
2217 565 2323 618 erit
2365 565 2503 620 ﬁnis.
2541 567 2664 634 Ipse
2692 563 2890 632 quippe
2929 575 3023 614 rex
3069 573 3253 624 regum
3304 563 3359 608 et
3393 553 3503 606 Do-

1929 655 2111 710 minus
2150 657 2542 710 dominantium
2573 665 2694 722 est;
2732 665 2784 708 et
2821 653 3054 706 thronus
3091 649 3208 716 ejus
3236 646 3288 700 in
3323 660 3500 700 saecu-

1927 745 2037 799 lntn
2073 747 2278 800 saeculi.
2317 746 2409 800 His
2443 747 2616 814 angeli
2647 746 2848 806 verbis,
2880 744 3033 811 virgo
3061 754 3166 793 non
3201 734 3500 799 incredula,

1931 838 2024 892 sed
2053 839 2265 892 modum
2295 839 2436 893 scire
2464 841 2668 902 volens,
2697 835 2977 906 respondit
3005 849 3021 891 :
3047 827 3328 898 ίὶιιοῐηοσῖο
3355 825 3498 879 ῖειυά

1935 930 2046 984 fieri
2093 931 2314 1000 potest?
2350 929 2486 984 Nam
2541 945 2664 984 cum
2719 929 2834 995 ipsa
2893 927 3067 979 virum
3123 922 3273 988 juxta
3320 927 3502 968 votum

1933 1038 2111 1078 meum
2155 1037 2431 1090 nunquam
2497 1035 2768 1090 cognosco
2801 1036 2816 1073 :
2849 1016 3118 1087 quomodo
3171 1012 3286 1064 sine
3336 995 3568 1084 virilisf

1936 1091 2158 1168 seminis
2187 1112 2528 1167 incremento
2567 1124 2757 1178 parere
2791 1105 3050 1177 possum?
3085 1101 3164 1155 Ad
3203 1101 3303 1151 hoc
3337 1110 3503 1163 ange-

1939 1204 2022 1259 lus
2061 1219 2078 1255 :
2120 1201 2195 1256 Ne
2246 1202 2549 1265 existimes,
2594 1200 2790 1268 inquit,
2830 1196 3020 1256 Maria,
3077 1190 3220 1260 quod
3274 1187 3507 1240 humano

1936 1309 2091 1351 more
2118 1294 2420 1364 concipias.
2454 1292 2582 1347 Nam
2607 1291 2728 1346 sine
2753 1289 2896 1342 virili
2923 1283 3324 1343 commistione,
3351 1277 3508 1344 virgo

1940 1387 2234 1456 concipies,
2299 1387 2450 1455 virgo
2505 1384 2707 1453 paries,
2756 1384 2908 1449 virgo
2960 1374 3226 1431 nutries‘.
3273 1370 3506 1438 Spiritus

1914 1480 2082 1540 enim
2118 1463 2338 1532 sanctus
2375 1476 2724 1544 superveniet
2751 1475 2803 1527 in
2840 1483 2911 1537 te,
2956 1480 3013 1526 et
3042 1468 3212 1522 virtus
3245 1461 3506 1519 Altissimi

1942 1568 2289 1623 obumbrabit
2347 1568 2466 1629 tibi,
2509 1576 2696 1618 contra
2743 1577 2931 1616 omnes
2979 1560 3204 1614 ardores
3249 1552 3509 1608 libidinis.

1946 1659 2176 1729 Ideoque
2217 1659 2362 1728 quod
2397 1667 2647 1711 nascetur
2675 1671 2740 1710 ex
2775 1665 2846 1715 te,
2875 1652 3046 1706 solum
3084 1649 3190 1704 erit
3217 1654 3462 1701 sanetum
3492 1659 3509 1696 :

1945 1749 2068 1816 quia
2097 1749 2268 1802 solum
2291 1747 2410 1802 sine
2432 1756 2654 1815 peccato
2671 1754 3013 1811 conceptum,
3035 1748 3090 1794 et
3125 1747 3336 1800 natum,
3355 1748 3516 1787 voca-

1945 1841 2091 1894 bitur
2121 1838 2294 1892 Filius
2325 1837 2437 1892 Dei.
2474 1836 2626 1889 Tunc
2652 1835 2840 1898 Maria,
2880 1833 3128 1886 inanibus
3153 1825 3425 1896 expansis,
3463 1830 3518 1877 et

1944 1931 2117 1988 oculis
2146 1932 2211 1984 ad
2246 1933 2441 1984 cmlum
2475 1929 2667 1984 levatis
2698 1928 2827 1981 dixit
2857 1942 2874 1985 ;
2909 1925 3044 1978 Ecce
3079 1921 3269 1976 ancilla
3305 1914 3516 1969 Dmuiui

1947 2026 2146 2097 (neque
2175 2025 2319 2078 enim
2351 2023 2585 2077 domina:
2615 2021 2833 2099 nomine
2865 2017 3024 2086 digna
3059 2015 3227 2076 sum),
3263 2011 3355 2064 fiat
3384 2007 3516 2062 inihi

1947 2119 2244 2176 secundum
2270 2117 2492 2172 verbum
2525 2125 2695 2170 tuum.
2727 2113 2970 2183 Longum
3002 2109 3141 2162 forte
3161 2107 3179 2137 ⁷
3204 2116 3261 2160 et
3287 2101 3518 2172 quibus-

1947 2211 2071 2264 dam
2108 2208 2388 2263 taadiosum
2435 2206 2560 2271 erit,
2593 2206 2636 2260 si
2680 2213 2876 2258 cuncta
2921 2199 3045 2254 huic
3077 2194 3335 2266 opusculo
3370 2192 3521 2244 inse-

1948 2316 2070 2357 rere
2109 2301 2463 2364 voluerimus,
2500 2313 2622 2366 ane
2676 2296 3014 2350 nativitatem
3051 2288 3388 2343 Dominiram
3435 2279 3522 2335 vel

1949 2395 2296 2464 pracessisse
2323 2393 2405 2446 vel
2439 2393 2727 2447 subsecuta
2762 2387 2928 2442 fuisse
2959 2384 3206 2454 legimus.
3247 2377 3404 2434 Unde
3439 2375 3525 2429 his

1950 2485 2190 2549 omissis,
2222 2498 2342 2551 qua:
2377 2482 2431 2536 in
2465 2481 2763 2548 Evangelio
2792 2477 3003 2548 plenius
3039 2473 3240 2540 scripta
3273 2476 3418 2530 sunt,
3452 2464 3524 2520 ad

1952 2592 2011 2631 ea
2043 2591 2160 2645 quae
2193 2575 2370 2628 minus
2391 2574 2686 2634 habentur,
2717 2571 2988 2624 narranda
3017 2567 3367 2620 accedamus.

2027 2669 2116 2723 XI.
2157 2667 2356 2735 Josepli
2387 2666 2549 2735 igitur
2579 2681 2608 2716 a
2639 2663 2822 2716 .ludzea
2862 2659 2916 2712 in
2959 2657 3233 2711 Galilream
3277 2649 3526 2709 veniens,

1953 2763 2338 2832 desponsatam
2399 2759 2502 2811 sibi
2560 2757 2864 2824 virginem,
2911 2763 3131 2804 uxorein
3182 2746 3384 2797 ducere
3432 2741 3520 2793 iii-

1958 2854 2214 2909 tendebat
2253 2868 2268 2904 :
2310 2850 2422 2920 jam
2472 2861 2705 2912 namque
2746 2855 2854 2896 tres
2895 2841 3162 2894 fluxeraut
3200 2847 3434 2897 menses,
3472 2842 3531 2887 et

1956 2952 2184 3014 quartus
2232 2939 2476 2995 instabat
2512 2937 2556 3001 ⁸.
2595 2949 2661 2988 ex
2711 2948 2776 2988 eo
2828 2944 3070 2999 tempore
3113 2941 3222 2996 quo
3281 2924 3384 2979 sibi
3429 2924 3527 2977 de-

1959 3046 2213 3105 sponsata
2255 3032 2450 3087 fuerat.
2499 3029 2711 3082 Interea
2758 3025 3018 3094 paulatim
3061 3031 3216 3075 utero
3251 3029 3529 3087 puerpera:

279 3119 366 3164 rat
404 3109 607 3173 vultus,
638 3119 692 3164 et
739 3111 919 3163 lumen
970 3110 1193 3164 caeleste
1239 3111 1506 3163 insuetum
1545 3124 1649 3162 non
1689 3109 1856 3163 habe-

1960 3131 2376 3188 intumescente,
2409 3134 2732 3192 puerperam
2768 3132 2828 3171 se
2891 3113 3234 3169 manifestare
3278 3109 3442 3176 erepit
3466 3108 3487 3139 '
3517 3121 3533 3156 .-

281 3203 416 3266 bat;
450 3217 625 3270 neque
654 3202 896 3271 angelica
929 3202 1134 3256 visione
1167 3202 1380 3266 territa,
1414 3217 1588 3268 neque
1635 3201 1858 3255 luminis

281 3293 658 3364 magnitudine
705 3293 1028 3362 stupefacta,
1063 3294 1157 3348 sed
1197 3295 1251 3346 in
1297 3293 1416 3348 solo
1450 3293 1567 3362 ejus
1609 3307 1861 3348 sermone

282 3389 504 3440 turbata
528 3396 646 3455 est;
678 3396 732 3442 et
759 3387 1001 3456 cogitare
1029 3385 1193 3454 cmpit
1223 3386 1399 3454 qualis
1433 3386 1535 3439 ista
1603 3387 1862 3441 salutatio

283 3491 398 3536 tam
447 3484 662 3538 insolita
707 3498 830 3538 esse
878 3491 1083 3551 posset,
1126 3483 1323 3549 quidve
1364 3483 1733 3550 portenderet,
1780 3482 1863 3537 vel

287 3591 452 3639 quem
482 3573 640 3629 ﬁnem
672 3586 815 3630 esset
854 3576 1126 3629 habitura.
1163 3574 1296 3630 Huic
1356 3575 1669 3645 cogitationi
1701 3591 1866 3646 ange-

287 3669 378 3722 lus
406 3667 666 3721 divinitus
703 3667 995 3736 inspiratus
1037 3681 1334 3721 occurrens
1366 3684 1381 3722 :
1415 3665 1494 3722 Ne
1537 3667 1752 3731 timeas,
1786 3669 1864 3720 iti-

286 3761 435 3828 quit,
464 3757 660 3824 Maria,
688 3759 843 3828 quasi
883 3758 1089 3827 aliquid
1122 3759 1458 3812 cootrarium
1491 3769 1597 3812 tua:
1625 3759 1865 3814 castitati

292 3857 402 3907 bac
433 3853 754 3905 salutatione
797 3858 1111 3920 praatexam.
1147 3849 1400 3904 Invenisti
1449 3852 1593 3904 enim
1636 3851 1865 3920 gratiam

292 3943 443 4014 apud
478 3943 761 3997 Dominum
798 3959 814 3996 :
849 3943 974 4013 quia
1018 3943 1326 3996 castitatem
1374 3942 1604 4012 elegisti.
1639 3940 1870 4012 Ideoque

290 4039 450 4102 virgo
483 4036 598 4090 sine
631 4044 852 4104 peccato
898 4035 1194 4104 concipies,
1230 4043 1283 4089 et
1319 4035 1500 4105 paries
1541 4033 1730 4087 filium.
1771 4034 1872 4087 llic

292 4130 407 4182 erit
461 4141 707 4192 magnus,
745 4128 838 4196 qui
893 4127 1261 4180 dominabitur
1313 4141 1344 4180 a
1404 4127 1541 4180 mari
1595 4140 1766 4195 usque
1803 4125 1871 4180 ad

293 4236 453 4276 mare
486 4222 529 4287 ',
581 4232 638 4275 et
689 4236 718 4275 a
779 4221 1000 4276 flumine
1053 4237 1229 4290 usque
1283 4222 1350 4275 ad
1405 4221 1668 4276 terminos
1726 4221 1874 4277 orbis

295 4325 482 4371 terrae.
521 4315 586 4369 Et
633 4315 773 4370 filius
822 4315 1083 4370 Altissitni
1139 4315 1468 4368 vocabitur:
1510 4315 1635 4384 quia
1679 4314 1770 4382 qui
1821 4315 1873 4369 in

296 4405 467 4460 terris
493 4405 729 4460 nascitur
759 4405 997 4467 humilis,
1025 4407 1076 4458 in
1103 4405 1242 4459 coelo
1283 4415 1473 4474 regnat
1501 4405 1771 4460 sublimis.
1809 4407 1876 4460 Et

1963 3232 2140 3286 neque
2169 3217 2276 3270 hoc
2311 3215 2482 3270 latere
2518 3212 2690 3280 potuit
2732 3207 2958 3278 Ioseph.
2992 3205 3126 3260 Nam
3162 3203 3344 3270 sponsi
3382 3212 3538 3253 more

1963 3309 2188 3363 liberius
2219 3307 2286 3360 ad
2323 3305 2585 3374 virginem
2630 3302 2920 3362 introieris,
2951 3310 3006 3351 et
3045 3294 3372 3352 familiarius
3412 3305 3534 3345 cum

1963 3415 2024 3456 ea
2068 3402 2318 3470 loquens,
2350 3395 2628 3466 gravidam
2672 3408 2800 3448 esse
2853 3389 3232 3459 deprehendit.
3281 3384 3538 3439 Estnare

1966 3493 2150 3558 itaque
2198 3491 2378 3542 animo
2421 3497 2475 3542 et
2521 3486 2784 3540 ﬂuctuare
2834 3482 3041 3550 coepit:
3078 3480 3204 3548 quia
3257 3474 3542 3545 ignorabat

1965 3581 2094 3651 quid
2126 3580 2230 3634 sibi
2263 3579 2606 3647 potissimum
2637 3586 2784 3630 esset
2814 3572 3146 3627 faciendum.
3180 3567 3366 3636 Neque
3396 3559 3541 3628 enim

1968 3688 2084 3728 eam
2137 3672 2422 3725 traducere
2464 3669 2653 3730 voluit,
2687 3665 2815 3733 quia
2857 3665 3039 3733 justus
3085 3671 3202 3715 erat
3243 3657 3461 3728 (Matth.
3497 3671 3541 3717 ι,

1970 3764 2091 3834 l9);
2130 3777 2306 3831 neque
2339 3759 2716 3813 fornicationis
2743 3755 3053 3822 suspicione
3095 3751 3380 3813 infamare,
3413 3748 3540 3815 quia

1969 3860 2112 3926 pius.
2147 3855 2332 3924 Itaque
2366 3852 2640 3922 cogitabat
2675 3849 2816 3904 clam
2859 3847 3158 3901 dissolvere
3202 3842 3538 3912 coniugium,

1971 3957 2026 4002 et
2050 3947 2260 4001 occulte
2293 3945 2569 3998 dimittere
2607 3957 2748 3996 eam.
2787 3938 2912 3992 Ilaec
2939 3947 3120 3990 autem
3152 3949 3218 3986 eo
3248 3934 3543 3998 cogitante,

1973 4053 2101 4094 ecce
2125 4039 2348 4107 angelus
2377 4033 2586 4088 Domini
2618 4033 2665 4087 ei
2696 4032 2949 4101 apparuit
2975 4031 3027 4082 in
3059 4025 3291 4089 somnis,
3317 4025 3546 4078 dicens:
3593 4019 3606 4024 ’

1973 4130 2197 4200 Ioseph,
2233 4129 2306 4184 Iili
2350 4125 2541 4194 David,
2577 4127 2684 4179 noli
2733 4126 2956 4190 timere;
3007 4123 3109 4175 hoc
3157 4129 3261 4182 est,
3303 4132 3372 4170 ne
3413 4115 3548 4169 velis

1979 4227 2350 4284 fornicationis
2413 4223 2779 4293 suspicionem
2832 4221 2885 4274 in
2939 4218 3148 4287 virgine
3198 4214 3421 4276 habere,
3463 4208 3547 4262 vel

1977 4323 2178 4392 aliquid
2225 4320 2505 4375 sinistrum
2555 4316 2818 4385 cogitare,
2862 4326 3036 4378 neque
3089 4309 3282 4363 timeas
3321 4320 3440 4360 eam
3491 4303 3546 4358 in

1980 4427 2203 4468 uxorem
2261 4412 2482 4464 ducere.
2535 4405 2688 4474 Quod
2741 4404 2886 4458 enim
2933 4402 2986 4454 in
3020 4414 3083 4453 ea
3125 4406 3308 4450 natum
3353 4403 3456 4456 est,
3495 4399 3550 4448 et

296 4497 460 4553 dabit
497 4499 573 4552 illi
621 4497 880 4553 Dominus
929 4497 1070 4553 Deus
1117 4497 1301 4552 sedem
1337 4495 1505 4552 David
1540 4499 1710 4568 patris
1741 4500 1876 4568 ejus,
1909 4481 1957 4540 θ
1985 4520 2130 4562 nunc
2159 4508 2400 4558 animum
2436 4515 2586 4556 tuum
2620 4499 2801 4568 angit:
2845 4509 2953 4549 non
2994 4491 3255 4554 hominis,
3287 4489 3380 4542 sed
3403 4483 3552 4554 .Spi-

299 4706 504 4763 deinde
541 4705 945 4775 superadditnm
991 4705 1056 4759 de
1097 4701 1300 4771 Spiritu
1340 4710 1552 4775 sancto.
1601 4701 1882 4758 Columba:

301 4780 492 4844 specie
525 4771 685 4844 virga:
723 4777 1010 4840 insidente,
1043 4777 1332 4828 occasione
1361 4771 1556 4826 Matth.
1589 4788 1667 4833 In.
1704 4776 1789 4844 16.

385 4846 403 4876 ¹
438 4843 634 4914 Epiph.
685 4849 878 4900 haeres.
923 4860 1010 4915 LI,
1057 4845 1145 4906 IO,
1182 4843 1881 4915 νυοθι--εαιιιμπρεσὸύτην

301 4909 642 4982 ὸγόοήᾶιοῖιτιι
681 4915 816 4968 ἐτῶν
853 4914 1026 4965 πλείω
1060 4915 1292 4966 ὲὶὰσσω.
1329 4909 1497 4961 Verus
1531 4909 1676 4965 llier.
1714 4916 1808 4966 lib.
1836 4909 1878 4968 ἰι

303 4988 364 5039 in
392 4985 579 5037 Matth.
607 4985 748 5038 velut
770 5001 834 5039 ex
865 4986 1226 5053 deliramentis
1270 4982 1701 5048 Apocryphornm
1733 5000 1885 5053 rvpe-

306 5057 473 5107 titum
514 5055 707 5122 reiicit,
736 5058 787 5108 id
821 5064 926 5116 est,
957 5059 1099 5122 quod
1145 5051 1346 5121 Joseph
1383 5054 1574 5105 viduus
1613 5051 1804 5116 fuerit,
1830 5064 1884 5108 et

307 5125 456 5178 filios
489 5125 732 5190 ﬁliasque
761 5136 916 5178 antea
950 5124 1273 5188 susceperit.

387 5196 619 5261 ’Epiph.
650 5197 844 5249 haeres.
871 5208 1095 5254 Lxxvnt,
1125 5208 1274 5246 num.
1297 5196 1346 5258 7,
1376 5192 1596 5262 κλήρων
1621 5194 1701 5253 εἰς
1729 5193 1885 5247 τοῦτο

309 5264 758 5333 ἀναγκαζόντων,
793 5265 1032 5318 sartibus
1073 5278 1271 5334 nempe
1297 5267 1362 5316 ad
1398 5262 1502 5315 hoc
1538 5265 1881 5334 cogentibus,

309 5332 463 5404 quod
503 5339 695 5400 repetit
733 5337 785 5389 in
823 5339 1096 5386 Ancorato
1127 5349 1178 5384 u.
1218 5332 1305 5386 60.

393 5407 416 5438 ³
445 5405 558 5459 Hoc
591 5414 678 5458 est
711 5404 1050 5472 sponsalibus
1081 5417 1199 5470 qua:
1233 5407 1450 5466 liebant,
1487 5418 1609 5460 cum
1652 5403 1882 5458 solemni

311 5478 432 5534 ritu
461 5477 515 5528 in
546 5486 811 5528 εοιινυηιυ
846 5473 1028 5542 sponsi
1067 5489 1387 5542 sponsaeque
1429 5475 1644 5526 nomina
1689 5475 1886 5528 t:.bulis

311 5548 768 5608 inscriberentur,
803 5541 1089 5596 nt’auctor
1128 5554 1210 5596 est
1251 5541 1405 5598 Philo
1433 5544 1497 5596 de
1529 5543 1736 5612 legibus
1766 5559 1888 5610 spe-

313 5619 449 5672 cial.
505 5617 549 5668 A
601 5615 1001 5679 spansaliorum
1053 5623 1292 5679 tempore
1339 5627 1467 5666 vero
1505 5616 1571 5666 ad
1607 5615 1887 5667 deductio-

313 5702 445 5744 nem
482 5702 653 5753 usque
687 5699 834 5739 mora
869 5684 1050 5750 aliqua
1087 5681 1309 5736 concedi
1349 5684 1530 5737 solita.

405 5759 422 5786 ‘
457 5756 534 5810 Ita
575 5755 764 5824 scripsi
800 5769 896 5823 pro
927 5768 993 5809 eo
1024 5754 1163 5824 quod
1194 5753 1396 5809 editum
1430 5755 1607 5808 fuerat
1639 5753 1883 5809 collecta-

1985 4707 2134 4760 neis:
2169 4702 2424 4771 intelligit
2457 4700 2602 4756 enim
2632 4699 2892 4772 virgines,
2933 4709 3052 4772 quae
3080 4692 3270 4772 eodem
3300 4700 3554 4772 tempere

1983 4791 2106 4830 cum
2157 4775 2248 4828 illa
2297 4760 2499 4826 [υἷι-ἰπὶ
2550 4781 2671 4840 post
2718 4760 3140 4823 ablactationem
3183 4763 3236 4816 in
3297 4760 3552 4826 templum

1985 4844 2250 4899 adductae.

1985 4864 2381 4966 δ”ῗῗξῶἰδδθι
2429 4926 2576 4973 LXXI,
2618 4909 2670 4962 8.
2714 4907 2884 4972 Quem
2936 4905 3191 4975 hymnum
3243 4902 3308 4954 de
3356 4895 3553 4951 Messio

1985 4984 2156 5040 Juilnti
2193 4985 2292 5051 ipsi
2327 4985 2774 5051 interpretantur:
2986 5046 2995 5051 Α
3197 5042 3208 5051 ,
3255 5048 3264 5051 _
3341 5037 3387 5051 _.
3456 5035 3468 5047 .

2059 5054 2079 5083 ⁸
2114 5037 2438 5106 Anastasius
2475 5037 2692 5103 'Sinaita
2738 5047 2918 5101 Serm.
2971 5042 3288 5097 Annuntial.
3341 5037 3554 5099 Mariae,

1986 5123 2369 5185 ὰσυνὸυὰστως
2420 5118 2817 5186 ἐκυοφὸρῃσεν,
2853 5113 3219 5183 ἁνυμφεύτως
3264 5107 3554 5186 ἀςξξῖτεκεν.

1989 5176 2128 5246 illnc
2164 5176 2403 5246 solemne
2445 5176 2600 5251 illud,
2629 5176 2813 5257 'V'irgo'
2851 5176 2975 5238 anté
3019 5176 3256 5252 partum,
3305 5176 3461 5245 Virgo
3501 5176 3557 5227 in

1987 5276 2169 5334 partit,
2213 5259 2366 5327 Virgo
2399 5268 2512 5328 post
2537 5267 2778 5334 part-itm.
2816 5328 2825 5334 _
2898 5324 2959 5334 ω
3195 5321 3205 5330 .

2061 5335 2080 5365 ⁷
2118 5313 2598 5396 liicipiu'nt'verba
2649 5321 3208 5392 Pseudo-Ilieronymi
3268 5329 3439 5385 usque
3491 5313 3559 5368 ad

1993 5421 2058 5456 na
2067 5410 2262 5455 rramla
2295 5401 2624 5454 accedamus.

2059 5477 2081 5506 ⁵
2118 5472 2352 5526 Evudius
2413 5471 2553 5538 apud
2589 5466 2950 5538 Nicephorum
2986 5463 3020 5516 l.
3057 5479 3118 5524 ll,
3150 5476 3197 5538 c_.
3233 5459 3287 5512 '5.

2061 5548 2081 5576 ν
2119 5542 2174 5595 In
2222 5541 2406 5594 homil.
2449 5527 2736 5592 Athanasii
2767 5539 2846 5597 sl;
2905 5531 3234 5600 ἀπογραφὴν
3265 5530 3362 5598 τῆς
3393 5527 3560 5594 ἁγίας

1991 5616 2209 5684 Μαρίας
2285 5610 2553 5678 Joseplius
2614 5607 2885 5684 inducitur
2939 5613 3176 5684 graViter
3233 5616 3405 5684 super:
3456 5609 3559 5684 nec

1991 5670 2117 5737 cum
2161 5670 2357 5743 sponsa
2407 5670 2502 5733 sua
2539 5677 2909 5746 exposlulans,
2945 5670 3086 5729 tom.
3117 5673 3182 5737 ll,
3217 5689 3266 5741 p.
3302 5670 3426 5726 650.
3469 5670 3560 5723 Sic

1994 5751 2390 5822 l'roto-Evang.
2425 5749 2630 5805 Jacobi.
