4004 6192
477 367 582 432 315
1437 369 1500 430 S.
1542 369 1987 430 HIERONYMI
2023 369 2352 434 OPERUM
2396 373 2802 440 MANTISSA.
3616 385 3726 448 316

474 481 612 534 ritus
645 479 818 538 sancti
861 487 946 537 est
985 491 1144 551 Opus.
1187 479 1373 536 Pariet
1420 481 1568 536 enim
1604 482 1846 536 omnium
1885 459 2120 550 Virgo’A
2155 497 2319 547 unus,
2352 483 2493 539 Dens
2519 495 2787 553 aeternus;
2831 489 2920 558 qui
2948 491 3109 552 etiam
3139 492 3206 548 ad
3239 494 3520 550 Dominum
3552 495 3722 554 Deum

473 571 592 628 sola
629 573 722 627 Dei
753 569 971 636 Filium,
1006 583 1063 628 et
1093 572 1313 628 vocabis
1341 587 1539 628 nomen
1585 575 1705 644 ejus
1753 573 1959 636 Jesum,
1991 575 2046 629 id
2149 574 2553 640 deprecandum
2611 577 2664 632 in
2714 579 2928 647 litania;
2987 581 3070 636 vel
3119 585 3210 653 qui
3258 601 3287 639 a
3334 587 3723 656 paenitentibus

473 675 581 721 est.
617 663 958 718 Salvatorem
991 664 1153 733 :ipse
1180 665 1325 720 enim
1356 666 1562 719 salvum
1597 663 1758 721 iaciet
1786 666 2045 735 populum
2150 666 2304 734 psalli
2335 667 2565 722 debeant
2602 671 2730 740 :qui
2763 676 2926 726 etiam
2974 674 3028 728 in
3065 675 3230 730 natali
3263 685 3574 732 sanctorum
3607 677 3716 732 dici

475 771 631 812 suum
669 771 697 806 a
735 756 972 824 peccatis
1019 771 1232 811 eorum.
1287 757 1458 826 Igitur
1498 755 1700 826 Joseph
1747 758 2044 813 secundum
2149 758 2366 816 debent.
2396 759 2632 816 Caeteros
2663 779 2792 818 vero
2823 765 3060 834 psalmos
3090 767 3334 824 invenies
3361 769 3450 839 qui
3477 770 3721 838 quotidie

473 847 649 914 angeli
707 855 1031 915 praeceptum
1085 851 1348 920 virginem
1401 865 1624 906 uxorem
1677 851 1832 906 duxit
1879 868 1896 904 :
1943 865 2047 908 nec
2147 849 2360 918 legendi
2395 862 2542 904 sunt.

473 949 653 993 tamen
687 941 939 1006 cognovit
967 955 1107 1006 eam,
1146 943 1240 996 sed
1280 953 1428 997 caste
1469 959 1766 1012 procurans
1802 943 2047 1000 eustodi-
2224 940 2310 998 Ill.
2343 940 2543 998 Omnes
2576 952 2755 1000 tamen
2803 947 2997 1016 psalmi
3045 950 3290 1020 quotidie
3332 951 3386 1006 in
3433 961 3545 1006 toto
3573 967 3725 1007 anno

474 1033 572 1085 vit.
608 1030 839 1098 Jamque
883 1047 1058 1087 nonus
1090 1050 1118 1088 a
1147 1037 1502 1104 conceptione
1549 1037 1788 1092 instabat
1814 1038 2044 1099 mensis,
2152 1050 2248 1104 per
2279 1037 2522 1090 ordinem
2564 1040 2714 1107 psalli
2751 1053 2996 1110 possunt,
3030 1046 3326 1100 secundum
3370 1047 3722 1102 consuetudi-

473 1140 597 1179 eutn
654 1123 892 1192 Jnseph,
944 1143 1116 1182 uxore
1207 1143 1328 1182 cum
1388 1129 1510 1183 aliis
1563 1144 1683 1198 qua
1742 1131 2044 1185 necessaria
2150 1141 2270 1182 nem
2297 1125 2662 1184 Ecclesiarum
2689 1139 2743 1184 et
2772 1135 3243 1190 monasteriorum.
3270 1135 3410 1189 Sane
3431 1137 3520 1205 qui
3551 1136 3712 1204 legis,

474 1223 630 1270 erant
679 1226 993 1286 assumpta,
1048 1217 1362 1273 Bethlehem
1413 1220 1689 1275 civitatem
1729 1223 1884 1276 unde
1934 1224 2047 1290 ipse
2150 1219 2460 1284 considera,
2492 1220 2616 1288 quia
2655 1237 2795 1276 unus
2839 1224 3076 1294 psalmus
3107 1226 3172 1278 ad
3211 1226 3405 1280 multos
3437 1227 3550 1282 dies
3590 1243 3721 1281 san-

473 1317 612 1368 erat,
645 1309 896 1363 tetendit.
932 1309 1153 1366 Factum
1212 1320 1296 1367 est
1341 1323 1524 1368 autem
1565 1328 1688 1367 eum
1733 1325 1913 1368 essent
1947 1313 2044 1376 ibi,
2149 1319 2264 1363 ctos
2291 1310 2559 1378 pertinet;
2592 1322 2647 1365 et
2676 1313 2862 1380 psalmi
2901 1312 3010 1368 Deo
3055 1316 3419 1383 multipliciter
3449 1319 3719 1374 iterantur

475 1399 682 1467 impleti
719 1411 844 1454 sunt
869 1403 986 1456 dies
1019 1414 1076 1456 ut
1101 1415 1339 1472 pareret,
1366 1415 1420 1461 et
1447 1407 1655 1475 peperit
1687 1407 1852 1461 illium
1885 1423 2044 1462 suum
2151 1417 2248 1471 per
2269 1402 2510 1473 singulos
2532 1404 2666 1458 dies.
2695 1403 2829 1457 Nam
2857 1415 2934 1460 est
2965 1408 3203 1474 psalmus
3226 1409 3316 1475 qui
3345 1407 3538 1477 ubique
3561 1408 3716 1476 psalli

473 1491 918 1561 primogenitum,
953 1495 1092 1549 sicut
1118 1499 1293 1552 sancti
1327 1498 1678 1566 evangelista:
1717 1499 2044 1564 docuerunt,
2153 1501 2348 1561 potest.
2398 1493 2500 1548 Alii
2535 1493 2726 1548 iterum
2757 1507 2901 1559 sunt,
2934 1497 3023 1563 qui
3057 1497 3120 1549 ad
3158 1497 3316 1552 unius
3347 1499 3447 1554 diei
3490 1499 3718 1567 figuram

477 1583 759 1636 Dominum
805 1592 1049 1638 nostrum
1080 1585 1264 1640 Iesum
1297 1586 1574 1642 Christum
1608 1587 1759 1656 (Luc.
1795 1604 1854 1654 ιι,
1886 1588 1940 1653 6,
1971 1589 2046 1659 7).
2151 1585 2462 1653 Per'iﬂcmi
2497 1597 2856 1654 aPPe"sa"'es
2888 1602 3014 1640 νθτο
3044 1589 3222 1656 (ιιιειῖε
3255 1604 3501 1656 Per“me
3543 1590 3718 1656 ﬁer“.

475 1674 567 1743 qui
600 1689 720 1727 cum
755 1673 936 1740 Patre,
977 1685 1032 1730 et
1064 1677 1221 1744 Filio,
1255 1689 1310 1732 et
1355 1680 1560 1748 Spiritu
1605 1691 1796 1736 sancto
1833 1682 1965 1736 vivit
1993 1691 2049 1737 et
2153 1686 2332 1730 utrum
2388 1676 2668 1746 religiosae,
2709 1691 2776 1730 an
2828 1677 3001 1732 laicm.
3037 1679 3110 1732 De
3155 1680 3378 1750 psalmis
3409 1682 3496 1749 qui
3529 1682 3718 1752 quinta

476 1776 664 1837 regnat
693 1769 831 1822 Deus
859 1784 957 1838 per
982 1771 1161 1826 omnia
1193 1773 1384 1826 saecula
1417 1773 1764 1828 surculorum.
2082 1809 2125 1864 Β
2153 1767 2284 1821 feria
2319 1774 2446 1820 ante
2475 1768 2803 1834 passionem,
2837 1777 2927 1822 aut
2959 1769 3048 1838 qui
3085 1769 3139 1822 iu
3175 1770 3286 1838 ipsa
3329 1770 3576 1840 passione
3605 1770 3722 1826 Do-

592 1996 874 2060 equiorum
909 1996 1077 2050 multo
1105 2006 1406 2066 temporum
1435 2011 1708 2054 auctorem
1743 2008 1889 2054 ιοιυε
1923 2016 2048 2054 ora.
2155 1996 2382 2018 ’-Ἦν-’ψ
2422 1996 2544 2054 --ξ-Π
2581 1996 2770 2017 rum"
2795 1996 2809 2013 ’
2838 1996 2910 2054 ﬂ:
3141 1996 3206 2006 vv
3236 1996 3457 2054 *ν’-η’...
3488 1996 3712 2056 {HT-“'7

597 2063 640 2112 is
705 2073 990 2112 contextus
1047 2067 1264 2112 clamat-
1329 2066 1584 2112 Erasmus
1612 2109 1622 2112 -
1690 2086 1757 2112 nn
1809 2070 2046 2112 [santuine
2155 2050 2330 2096 tarum
2381 2041 2626 2101 ἴδηαιῃῆ
2658 2049 2716 2094 “l’
2749 2055 2854 2094 non
2895 2056 2946 2094 m
2975 2040 3166 2095 d'ebus
3212 2042 3543 2112 supradicus
3585 2059 3726 2098 con-

2154 2130 2274 2186 fuse
2305 2131 2604 2202 psallantur
2636 2149 2648 2184 :
2683 2131 2774 2186 sed
2806 2135 2895 2202 qui
2937 2133 2988 2186 in
3023 2147 3129 2201 quo
3175 2134 3260 2188 die
3307 2134 3413 2189 dici
3462 2134 3723 2203 debeant,

2154 2225 2246 2294 qui
2285 2223 2418 2294 legis
2455 2225 2718 2278 invenies.

2224 2315 2305 2370 Ad
2330 2315 2564 2384 majores
2584 2332 2780 2385 operas
2808 2318 3038 2387 pertinet
3076 2320 3311 2388 psalmus
3335 2334 3537 2374 sum.
3562 2317 3731 2372 Cate—

2155 2408 2441 2463 chumenis
2469 2417 2520 2462 et
2549 2409 2760 2475 electis,
2791 2425 2941 2466 xxiv.
2975 2408 3078 2465 Per
3099 2411 3389 2484 jejunium,
3419 2428 3528 2476 six,
3558 2423 3732 2464 xxstv

2156 2508 2207 2553 et
2239 2515 2407 2553 utut.
2447 2499 2519 2553 De
2547 2501 2816 2567 baptismo
2845 2516 2940 2569 per
2967 2501 3195 2565 Pascha,
3231 2518 3372 2556 Littv.
3411 2501 3482 2555 De
3514 2502 3734 2554 lamen-

2160 2593 2386 2656 tatione,
2421 2606 2607 2646 cxxxt.
2653 2591 2732 2644 Ad
2782 2593 3194 2646 conventionem
3231 2592 3478 2656 fratrum,
3514 2607 3731 2646 curti.

2157 2684 2238 2738 Ad
2273 2684 2723 2748 benedictionem,
2771 2698 2996 2738 cxxxiii.
3032 2685 3103 2739 Ut
3152 2684 3336 2739 laudes
3384 2696 3508 2737 ante
3554 2684 3732 2737 Deum

2161 2775 2471 2840 fundantur,
2497 2789 2570 2830 ts.
2595 2773 2668 2829 Ut
2693 2775 2953 2843 paeniteat
2983 2775 3163 2838 homo,
3190 2791 3240 2828 L.
3273 2775 3344 2828 De
3383 2774 3483 2827 fixa
3518 2775 3640 2839 ille,
3669 2791 3732 2828 ι.

2162 2864 2238 2918 De
2287 2863 2578 2930 monendo,
2625 2877 2774 2917 cvm.
2821 2862 2893 2917 Ut
2938 2863 3154 2918 oculum
3205 2863 3474 2931 pudicitia-
3503 2879 3650 2931 agas,
3686 2875 3733 2918 r.

2164 2959 2237 3012 De
2270 2955 2465 3024 vigiliis
2499 2956 2550 3008 in
2583 2955 2864 3023 grabbato,
2899 2970 2972 3010 vt.
3007 2957 3080 3009 De
3108 2955 3342 3023 iustitia,
3376 2970 3486 3009 xtv.
3521 2955 3595 3008 De
3627 2954 3733 3008 bo-

2163 3058 2314 3101 uesta
2349 3047 2615 3110 oratione,
2649 3062 2845 3102 Lxxsv.
2875 3046 2950 3100 De
2981 3046 3364 3100 communione
3394 3061 3516 3100 cum
3549 3045 3738 3099 omni-

480 2061 640 2132 tionis
705 2073 990 2118 contextus
1047 2061 1264 2120 clamat.
1329 2066 1624 2132 Erasmus,
1690 2086 1757 2124 tte
1809 2070 2046 2124 tantulus

478 2130 732 2210 quidem,
763 2133 874 2196 ait,
924 2134 976 2186 in
1009 2135 1131 2210 _ha_c
1178 2136 1413 2201 Epistula
1458 2130 1767 2210 Hieronymi
1817 2149 2044 2208 gustus,

479 2201 588 2254 imo
616 2201 904 2257 barbarum
933 2203 1188 2270 quiddam
1215 2222 1278 2262 ac
1305 2209 1639 2264 neotericum
1659 2201 1834 2279 sapit;

1029 2315 1368 2372 ‘EPISTOLA
1410 2318 1494 2373 LI.

855 2425 924 2462 AD
959 2425 1168 2463 PAULLI
1208 2425 1278 2464 ετ
1315 2427 1668 2470 εινετοοιιιυιι.

926 2500 1000 2553 De
1034 2502 1221 2556 virtute
1248 2503 1599 2571 psalmorum.

548 2620 592 2643 ι.
629 2588 765 2654 Quia
798 2604 908 2654 me,
943 2591 1274 2646 dulcissima.-
1305 2593 1425 2647 ftliaa
1457 2609 1612 2658 mea),
1650 2596 1701 2649 in
1747 2610 1846 2666 spe
1889 2598 2051 2653 mise-

480 2679 732 2733 ricordia:
762 2680 852 2734 Dei
883 2681 1120 2748 petistis,
1148 2689 1207 2734 tit
1233 2683 1386 2738 vobis
1418 2685 1664 2740 diversos
1693 2687 1930 2754 psalmos
1957 2703 2052 2756 per

481 2769 726 2822 ordinem
755 2778 1178 2839 sequestrarem,
1207 2774 1296 2842 qui
1334 2775 1421 2828 ubi
1456 2777 1608 2845 psalli
1648 2778 1879 2832 debeant
1909 2794 1925 2835 :
1957 2793 2052 2834 vos

479 2874 695 2930 quoque
719 2875 820 2931 ego
848 2863 976 2931 petii
1005 2879 1104 2933 pro
1133 2881 1218 2920 me
1239 2867 1533 2935 deprecare
1567 2870 1854 2924 Dominum
1881 2871 2049 2926 Deum

479 2962 760 3014 nostrum,
791 2962 856 3008 ut
899 2956 1040 3010 dono
1073 2971 1174 3011 suo
1204 2959 1335 3013 mihi
1371 2962 1669 3017 concedere
1699 2961 2047 3032 dignaretur,

479 3059 590 3114 quo
619 3047 814 3113 passim
851 3060 1094 3103 sanctam
1144 3051 1457 3112 petitionem
1495 3063 1730 3109 vestram
1783 3057 2050 3126 arripere,

481 3136 570 3190 Vel
611 3138 728 3205 ipso
758 3139 994 3194 donante
1040 3144 1309 3210 complere
1343 3162 1356 3198 :
1389 3143 1442 3198 in
1485 3145 1644 3212 cujus
1679 3145 2052 3199 misericordia
2080 3155 2124 3212 ε
2160 3137 2259 3193 bus
2294 3137 2626 3201 hominibus.
2662 3138 2743 3191 vel
2793 3138 3133 3207 pauperibus.
3174 3153 3260 3204 XL.
3301 3136 3373 3192 De
3397 3137 3570 3191 Natali
3616 3136 3736 3192 DO-

481 3243 711 3296 sperans
746 3231 928 3298 (prout
963 3232 1223 3287 Dominus
1249 3235 1548 3288 concedere
1581 3235 1833 3303 dignatus
1864 3244 1945 3289 est
1972 3238 2054 3290 in-

483 3321 758 3375 tellectum
785 3324 1071 3379 humilitati
1101 3328 1256 3394 mea!)
1280 3341 1504 3381 necesse
1527 3327 1688 3381 habui
1718 3337 1823 3381 tam
1855 3337 2055 3382 sanctae

485 3411 735 3477 petitioni
761 3425 976 3480 vestras,
1011 3429 1108 3483 pro
1137 3415 1332 3470 affectu
1367 3416 1577 3471 Domini
1608 3419 1780 3472 nostri
1811 3419 2052 3475 obedire.

483 3500 592 3555 Pro
617 3518 726 3571 quo
767 3519 934 3573 opere
964 3508 1007 3560 si
1041 3508 1198 3562 nobis
1243 3511 1412 3578 gratia
1463 3509 1630 3564 fuerit
1676 3510 1884 3580 integre
1914 3511 2054 3564 assi-

485 3603 671 3662 gnata.
703 3593 770 3648 de
797 3597 1050 3650 omnibus
1077 3611 1432 3666 quaecumque
1463 3599 1602 3653 dicta
1637 3609 1788 3661 sunt.
1824 3599 1924 3667 ipsi
1951 3601 2056 3654 Do-

489 3683 637 3736 mino
667 3694 850 3737 nostro
880 3686 1238 3754 omnipotenti
1275 3703 1372 3756 pro
1399 3689 1703 3744 humilitate
1733 3705 1848 3744 mea
1891 3706 2056 3744 oran-

489 3784 592 3839 tes,
619 3775 826 3843 gratias
853 3776 1049 3832 referte
1079 3793 1094 3834 :
1119 3779 1210 3846 qui
1237 3780 1400 3833 etiam
1434 3781 1598 3835 asina
1626 3781 1771 3852 loqui
1803 3785 2054 3853 pmcepit

488 3882 609 3936 quae
635 3868 749 3937 ipse
777 3867 1038 3924 Dominus
1061 3871 1252 3926 voluit.

559 3959 625 4014 li.
669 3959 823 4016 Licet
867 3962 1012 4016 enim
1062 3963 1300 4018 universi
1351 3964 1585 4034 psalmi,
1616 3966 1706 4035 qui
1760 3966 2055 4036 requisitus

487 4049 676 4115 fuerit,
709 4051 844 4122 legis
885 4053 1083 4108 divinae
1127 4058 1517 4125 propemodum
1564 4056 1742 4111 omnia
1776 4057 2052 4112 habeant:

489 4151 674 4215 tamen
703 4143 935 4196 donante
959 4143 1091 4207 Deo,
1116 4154 1170 4197 et
1195 4144 1421 4199 Domino
1441 4145 1567 4200 Jesu
1595 4147 1832 4210 Christo,
1857 4159 1915 4222 et
1934 4147 2058 4218 Spi-

489 4233 599 4286 ritu
649 4244 838 4290 sancto
887 4237 939 4290 in
993 4237 1336 4293 confessione
1379 4239 1686 4302 Trinitatis,
1719 4240 1812 4310 qui
1862 4239 2053 4307 psalmi

494 4328 712 4397 proprie
740 4331 805 4383 ad
832 4329 1078 4400 singulos
1105 4330 1222 4386 dies
1257 4331 1481 4386 feriatos
1512 4330 1723 4386 Domini
1756 4331 2056 4390 Salvatoris

395 4427 408 4439 ’
491 4423 665 4475 nostri
702 4420 822 4476 Filii
873 4421 968 4476 Dei
1019 4424 1343 4492 pertineant,
1376 4423 1756 4491 sequestratim
1801 4424 2054 4492 exposui—

2157 3231 2310 3292 mini,
2347 3246 2454 3286 cu.
2502 3229 2577 3283 De
2608 3229 2894 3293 Trinitate,
2927 3240 2985 3284 ut
3020 3245 3123 3283 non
3158 3230 3408 3282 timeatur
3434 3229 3616 3294 homo,
3645 3244 3731 3283 ix.

2157 3322 2231 3376 De
2258 3322 2471 3378 insidiis
2493 3322 2782 3386 haeresunt,
2810 3337 2891 3377 ιιι.
2911 3321 2986 3378 De
3008 3321 3278 3376 monendo
3298 3321 3626 3390 proximum,
3647 3337 3731 3377 tv.

2157 3414 2231 3468 De
2258 3428 2351 3482 spe
2387 3414 2440 3467 in
2476 3413 2662 3478 Deum,
2696 3429 2829 3467 χιιι.
2879 3413 2956 3468 De
3005 3413 3345 3472 credulitate.
3393 3428 3447 3464 ι.
3487 3411 3562 3464 De
3599 3426 3734 3464 ora-

2157 3506 2304 3561 tione
2355 3505 2408 3559 in
2463 3504 2707 3567 homine,
2760 3520 2888 3559 xxx.
2939 3503 3256 3558 Benedictio
3309 3517 3470 3571 super
3519 3502 3734 3570 princi-

2155 3610 2273 3666 pes,
2311 3611 2402 3649 xs.
2435 3595 2512 3649 De
2545 3609 2728 3649 amore
2757 3593 2908 3664 legis,
2939 3610 3093 3648 xxvr.
3131 3592 3208 3648 De
3242 3592 3588 3647 tribulatione
3620 3593 3736 3645 ini-

2158 3689 2444 3748 micorum.
2482 3702 2605 3740 xxv.
2643 3684 2715 3740 Ut
2750 3695 3000 3740 creatura
3054 3695 3356 3740 creatorem
3389 3683 3592 3742 laudet,
3627 3698 3735 3739 cu.

2158 3779 2230 3833 De
2262 3781 2542 3849 martyrio,
2573 3794 2696 3833 xuv
2728 3787 2782 3832 et
2817 3794 2848 3832 ι.
2869 3817 2884 3832 .
2923 3776 2996 3829 De
3023 3777 3484 3846 persecutoribus,
3517 3791 3737 3830 Lxxsn.

2157 3871 2292 3925 Dum
2345 3872 2516 3924 intras
2564 3870 2629 3924 ad
2679 3869 3066 3938 alienigenam,
3116 3883 3297 3923 um.
3328 3866 3514 3921 Oratio
3561 3881 3742 3934 super

2155 3978 2384 4033 agrum,
2450 3976 2674 4016 Lxxxttt.
2728 3958 2918 4016 Oratio
2982 3959 3234 4014 nocturni
3287 3958 3550 4028 temporis
3637 3973 3736 4012 xc.

2155 4054 2345 4110 Oratio
2373 4053 2440 4108 ad
2472 4054 2664 4120 altare,
2695 4065 2888 4106 χχχιιι.
2949 4048 2952 4051 ’

2699 4143 3032 4200 EPISTOLA
3073 4141 3181 4198 LII.

2714 4252 2783 4290 AD
2821 4250 3176 4291 AUGUSTINUI.

2221 4329 2380 4389 (Inter
2397 4327 2454 4376 S.
2478 4327 2742 4384 Augustini
2777 4329 3012 4386 epistolas
3052 4328 3220 4375 ultima
3265 4325 3476 4375 habetur
3516 4325 3568 4373 in
3605 4324 3740 4389 edit.

2157 4386 2391 4458 Beitedjct
2401 4425 2412 4437 .
2425 4402 2534 4438 cum
2549 4390 2640 4440 hoc
2652 4395 2970 4458 argumento;
2995 4389 3298 4458 augustino
3313 4393 3341 4436 Α
3353 4399 3594 4458 nonymus
3605 4386 3622 4444 (
3629 4401 3740 4456 non

2083 4486 2133 4512 ,ι
2158 4450 2290 4512 enim
2321 4451 2669 4512 Hieronymus,
2693 4457 2744 4497 ut
2766 4450 2990 4512 esstylo
3013 4450 3189 4510 liquet,
3230 4450 3421 4496 tametsi
3473 4450 3520 4494 in
3571 4450 3745 4512 ipsius

495 4529 635 4570 mus.
661 4514 762 4581 Qui
796 4517 861 4570 ad
888 4486 1150 4580 Natalem,
1183 4517 1274 4582 qui
1305 4486 1371 4572 ad
1400 4486 1641 4570 sanctam
1671 4486 2050 4584 Epiphaniam,
2081 4486 2134 4546 Β
2157 4486 3744 4620 ἓῇἓέἱοῑὲἔὲἄῆἔι’ἔιῖἳιιῖιὶιῖὲῶῖὲῖκὶὶῗὰἒὲἰίξῖὲ’πῗιὲιτὸῑε’ἷῶἓῑ

496 4607 547 4622 ο.
719 4620 732 4622 ,
765 4609 776 4622 .
811 4606 822 4622 .
1028 4621 1033 4622 γ
1170 4606 1208 4622 λ
1306 4607 1319 4619 .
1367 4607 1405 4622 ,ν
1714 4621 1717 4622 ν
2013 4605 2047 4622 .,
2158 4587 2183 4622 a
2224 4579 2406 4622 ectum.
2433 4574 2740 4622 auodtusum
2767 4584 2873 4617 cum
2897 4571 3083 4618 Severo
3120 4571 3262 4618 stmul
3315 4583 3408 4617 non
3478 4577 3744 4622 reperertt

492 4607 548 4662 id
577 4615 679 4670 est,
711 4609 777 4660 ad
811 4606 1138 4676 baptismum
1170 4606 1525 4670 Dominicum,
1557 4606 1670 4660 sive
1702 4605 2058 4676 apparitionis

2224 4575 2406 4633 'ectum,
2433 4574 2561 4633 quod
2585 4572 2740 4633 ipsum
2767 4571 3083 4633 cum_Severo
3120 4571 3262 4618 simul
3315 4583 3408 4617 non
3478 4573 3747 4627 repererit

2158 4631 2212 4682 in
2246 4632 2367 4680 urbe
2400 4630 2582 4696 Leges,
2605 4630 2664 4682 et
2685 4643 2866 4694 quanto
2888 4630 3046 4694 ipsum
3067 4643 3233 4680 amore
3265 4636 3591 4694 prosequatur
3634 4642 3748 4678 ex-

485 4698 662 4754 atellat
693 4699 868 4765 diem;
893 4706 950 4752 et
981 4699 1072 4768 qui
1121 4699 1175 4752 in
1210 4699 1398 4767 quinta
1430 4698 1561 4753 feria
1591 4707 1719 4752 ante
1748 4697 2056 4768 passionem
2156 4706 2365 4756 ponens.
2395 4708 2416 4742 ι

491 4792 746 4860 Domini;
793 4801 847 4845 et
879 4792 967 4861 qui
1011 4791 1063 4844 in
1101 4792 1217 4860 ipsa
1255 4792 1508 4860 passione
1539 4791 1845 4854 Dontinica,
1880 4791 1970 4857 qui
2005 4791 2056 4842 in

492 4886 692 4956 pascha
721 4882 1152 4936 Resnrrectionis
1180 4883 1347 4949 ipsius
1378 4881 1586 4936 Domini
1623 4882 1792 4936 nostri
1831 4880 2060 4934 Redem-

492 4977 702 5048 ptoris;
734 4975 892 5042 elqili
915 4974 966 5026 in
991 4974 1318 5028 Ascensione
1338 4977 1454 5043 ejus
1478 4973 1529 5026 in
1561 4971 1757 5034 caelos;
1785 4969 1874 5038 qui
1899 4970 2056 5024 ctiam

487 5071 547 5126 in
575 5068 820 5123 Adventu
853 5067 997 5134 ejus;
1027 5076 1079 5121 et
1104 5065 1193 5134 qui
1227 5065 1294 5118 de
1321 5065 1526 5134 judicio
1545 5061 1767 5125 futuro;
1797 5071 1851 5116 et
1874 5064 1965 5128 qui
1992 5061 2058 5114 de

493 5163 715 5218 civitate
759 5171 980 5222 aeterna,
1015 5160 1067 5214 in
1105 5173 1208 5227 qua
1253 5157 1507 5212 Christus
1560 5155 1818 5210 Dominus
1852 5162 2058 5216 noster,

494 5265 713 5310 sanctos
743 5269 872 5308 suos
897 5269 924 5304 a
955 5251 1216 5322 principio
1247 5249 1430 5303 mundi
1459 5263 1632 5316 usque
1662 5247 1726 5300 ad
1757 5245 1918 5298 linem
1955 5244 2057 5298 hu-

487 5347 580 5415 .jns
611 5344 816 5408 steculi,
847 5344 949 5412 sibi
993 5350 1284 5411 congregat
1321 5354 1504 5394 secum
1539 5344 1964 5407 conregnaturos
2006 5336 2057 5388 in

495 5449 698 5492 aeterno
742 5452 907 5506 regno
942 5434 1170 5500 cmlesti,
1204 5441 1424 5487 sanctus
1473 5429 1752 5496 Dominus,
1787 5428 1964 5483 trinus
2005 5435 2060 5482 et

569 5595 586 5626 ⁸
635 5593 789 5648 Edita
840 5590 1072 5658 primum
1117 5596 1200 5643 est
1245 5602 1273 5640 a
1324 5582 2057 5658 MabillonioLAnalcctorum

499 5675 630 5716 tnnt.
669 5663 707 5726 I,
739 5675 791 5714 ct
841 5649 896 5718 in
938 5659 1230 5728 appendice
1276 5671 1496 5728 operum
1635 5652 1918 5728 βοτη-πώ.
1948 5649 2058 5705 Nos

503 5749 610 5788 nuc
637 5723 1023 5782 transtulimus
1042 5729 1248 5781 critica:
1280 5723 1609 5798 pratiatiottis
1634 5725 1752 5780 loco
1778 5723 1832 5778 itt
1859 5735 2061 5794 suppo-

503 5803 603 5856 sita
641 5799 952 5867 Hieronymi
985 5803 1201 5866 scripta.
2001 5807 2004 5809 ‘

2649 4751 2988 4810 EPISTOLA
3033 4751 3148 4814 ,ιιιι
3187 4751 3226 4807 ί.

2157 4861 2404 4903 οωςοιηιε
2435 4848 2494 4913 θ,
2547 4859 2769 4900 ΙΔιοιιιδ
2823 4858 3089 4899 ωιιτυειι
3144 4857 3353 4897 Ριιιοιιιε
3401 4856 3620 4905 QUIN'I'I,
3673 4859 3750 4898 ιι)

2609 4951 2847 4990 FRATBES
2886 4949 3274 4989 DURBONENSBS.

2351 5027 2426 5082 De
2453 5027 2802 5094 supposititiis
2833 5025 2903 5090 Β.
2940 5025 3245 5093 Hieronymi
3275 5022 3532 5091 epistolis.

2158 5116 2360 5172 Amicis
2391 5128 2441 5173 et
2476 5118 2734 5172 fratribus
2767 5118 2818 5171 in
2849 5115 3068 5171 Christo
3093 5115 3479 5175 dilectissimis,
3517 5113 3753 5171 Lazaro

2233 5188 2570 5241 Durboneusi
2619 5187 2810 5252 priori.
2846 5195 2901 5239 et
2948 5185 3160 5238 caeteris
3201 5185 3259 5236 .in
3295 5186 3485 5236 eadem
3537 5200 3753 5242 eremo

2231 5257 2341 5311 Deo
2371 5255 2774 5316 famulantibus.
2800 5255 3061 5308 Cartusiaa
3093 5253 3244 5323 prior
3272 5263 3494 5308 vocatus
3521 5253 3753 5323 Guigo,

2230 5337 2489 5380 aeternam
2520 5340 2551 5378 a
2585 5324 2810 5378 Domino
2839 5324 3091 5378 salutem.

2231 5416 2382 5472 inter
2417 5424 2613 5472 czetera
2642 5414 3028 5470 catholicorum
3060 5413 3325 5482 virorum,
3357 5427 3474 5483 qua:
3505 5413 3575 5467 ad
3605 5427 3760 5472 eru-

2229 5577 2251 5608 ¹
2280 5576 2486 5631 Auctor
2518 5571 2714 5630 saeculo
2745 5570 3067 5628 duodecimo
3114 5568 3226 5626 fere
3276 5569 3452 5632 medio
3493 5567 3700 5628 ﬂoruit
3740 5593 3758 5633 ε

2161 5655 2220 5700 ιιι
2269 5643 2757 5716 magisdingenium
2783 5642 3063 5716 “hominis
3088 5652 3250 5716 atque
3293 5654 3418 5704 acre
3457 5640 3759 5710 judicium

2162 5710 2408 5773 barbaris
2437 5710 2898 5781 illis'temporibus
2924 5710 3228 5772 admireris.
3747 5717 3756 5725 ‘
