4012 6188
264 335 348 400 317

1397 331 1496 393 DE
1535 331 1958 393 HEBRAICIS
1997 331 2388 394 LITTERIS.

3398 329 3506 390 318

255 453 514 508 ditionem
551 447 791 504 ﬁdelium
827 447 1242 504 elaboraverunt
1270 460 1458 516 opera,
1493 462 1612 517 quae
1646 423 1830 502 nostra
1861 449 1906 503 A
1934 450 2168 518 virginis,
2204 449 2319 504 sive
2351 448 2414 502 de
2450 446 2757 515 paenitentia
2805 445 2874 500 ad
2928 444 3209 499 Susum:
3260 441 3506 515 (uterque

245 556 471 612 quoque
501 541 744 611 parvitas
767 553 1099 608 congregare
1132 537 1363 604 studuit,
1399 538 1480 592 vel
1510 539 1824 601 emendare,

246 632 411 686 etiam
458 629 722 699 epistolas
765 628 828 683 Β.
877 626 1199 692 Hunorum,
1233 637 1498 698 quotquot
1530 627 1826 697 potuimus.

245 725 638 790 undecumque
667 720 944 789 qmesitas,
973 728 1027 772 et
1048 733 1148 788 pro
1183 731 1446 772 concessa
1471 733 1500 772 a
1527 718 1636 772 Deo
1659 717 1830 772 facul-

251 824 385 879 tate,
418 811 724 868 mendaciis
753 823 1105 879 expurgatas,
1153 809 1206 864 in
1243 823 1410 865 unum
1443 810 1650 880 grande
1679 812 1830 865 volu-

249 922 376 960 men
404 905 733 972 redegimus.
760 903 1108 958 Abscidimus
1145 911 1324 956 autem
1358 903 1426 956 ab
1457 902 1522 957 iis
1541 902 1822 970 quasdam,

248 1010 388 1065 quas
421 994 510 1048 vel
540 1009 607 1046 ex
637 992 864 1046 aliorum
892 993 1178 1046 doctorum
1210 990 1447 1060 scriptis,
1475 991 1555 1045 vel
1583 1007 1646 1046 es
1679 991 1825 1062 styli.

247 1085 764 1153 sententiarumque
805 1082 1087 1146 distantia,
1123 1083 1276 1137 titulo
1312 1082 1442 1136 tanti
1476 1081 1576 1136 viri
1607 1096 1828 1150 compe-

249 1191 427 1228 rimus
458 1175 710 1244 indignas
739 1190 753 1230 :
777 1189 842 1227 ex
873 1174 1068 1243 quibus
1094 1173 1183 1228 illa
1209 1181 1312 1241 est,
1345 1174 1500 1244 cujus
1524 1183 1608 1228 est
1634 1175 1828 1230 titulus

249 1269 315 1318 ad
343 1267 765 1329 DEIETBIADEI,
790 1267 892 1320 hoc
921 1265 1132 1320 habens
1160 1265 1369 1320 initium
1402 1265 1498 1324 :Si
1520 1281 1724 1320 summa
1750 1266 1830 1320 in-

247 1361 422 1427 genio,
455 1361 678 1428 parique
718 1358 882 1427 fretus
928 1357 1168 1411 scientia.
1201 1355 1351 1412 Hanc
1379 1359 1575 1427 quippe
1606 1355 1667 1413 Β.
1717 1359 1829 1412 Au-

247 1451 504 1516 gustinus
536 1449 588 1501 in
622 1463 786 1516 opere
811 1458 997 1502 contra
1026 1446 1298 1518 Pelagium
1327 1449 1390 1502 de
1415 1447 1605 1503 Gratia
1631 1448 1828 1504 Christi

247 1549 298 1592 et
335 1541 400 1593 de
451 1538 674 1592 Peccato
707 1540 978 1607 originali,
1012 1539 1254 1608 ejusdem
1286 1539 1490 1608 Pelagii
1525 1555 1646 1597 esse
1673 1541 1825 1608 dicit,

251 1629 510 1697 quaedam
561 1628 733 1698 ipsius
779 1630 949 1682 frusta
983 1629 998 1660 ³
1051 1638 1282 1683 tractatu
1328 1643 1426 1684 suo
1474 1631 1822 1697 interserens,

253 1730 425 1788 atque
455 1719 806 1789 redarguens.
835 1719 973 1776 Huic
997 1721 1274 1775 adduntur
1301 1730 1354 1774 ct
1385 1721 1524 1785 istae,
1551 1721 1617 1774 ad
1644 1719 1832 1775 Turu-

251 1826 365 1867 m
395 1812 463 1866 de
489 1824 656 1868 morte
681 1814 830 1882 ﬁlice,
864 1815 1019 1882 cujus
1049 1814 1260 1868 initium
1293 1813 1398 1868 tale
1421 1825 1504 1868 est
1533 1833 1546 1867 :
1578 1813 1826 1868 Charita-

250 1903 324 1955 tis
373 1913 479 1958 tua
523 1905 714 1968 scripta
765 1904 990 1974 percepi.
1023 1903 1103 1957 Ad
1151 1902 1408 1958 Oceanum
1440 1904 1821 1970 consolatoria,

250 1995 365 2048 tale
399 1995 606 2050 habens
649 1995 858 2048 initium
894 2012 910 2050 :
949 1991 1288 2049 Diversorurn
1323 1995 1624 2065 opprobria,
1659 1996 1826 2050 tribu-

248 2087 480 2140 lationes
530 2088 867 2154 multiplices.
902 2087 982 2142 Ad
1018 2087 1245 2153 VIDUAI,
1291 2103 1412 2160 qua:
1462 2089 1542 2144 sic
1587 2089 1820 2159 incipit:

243 2183 505 2246 Magnam
557 2180 848 2232 humilitati
884 2189 1075 2233 nostra:
1121 2180 1376 2248 ﬁduciam
1424 2179 1706 2234 scribendi.
1741 2181 1822 2235 Ad

245 2268 540 2331 Vinctam,
573 2272 686 2325 sive
717 2273 781 2324 ad
810 2269 998 2325 FILIAI
1031 2270 1282 2336 Maurum,
1318 2272 1604 2341 dupliciter
1629 2273 1826 2342 quippe

245 2364 522 2417 inlitulata
581 2365 893 2433 reperitur,
945 2366 1224 2418 exordium
1285 2365 1426 2420 istud
1485 2367 1757 2433 accipiens
1805 2385 1820 2425 :

249 2454 522 2521 Quantam
555 2457 608 2510 in
639 2455 928 2510 caelestibus
977 2455 1373 2510 beatitudinem.
1412 2456 1544 2511 lfém
1578 2458 1642 2512 de
1672 2457 1825 2527 lapsu

1930 542 2076 596 enim
2129 541 2318 596 titulus
2366 541 2418 594 in
2468 541 2698 594 diversis
2749 537 3028 594 codicibus
3059 535 3355 604 invenitur)
3387 551 3508 606 qua!

1931 640 2041 688 tam
2073 634 2306 688 diversis
2339 630 2587 687 titulatur
2617 627 2952 695 auctoribus,
2981 637 3040 681 ut
3069 642 3256 682 eorum
3308 627 3507 684 nullius

1929 723 2002 778 sit
2035 721 2340 778 decoranda
2373 721 2672 785 vocabulo;
2707 720 2863 788 cujus
2909 719 3014 774 hoc
3045 727 3130 773 est
3178 718 3231 772 in
3279 718 3509 784 quibus-

1930 816 2052 868 dam
2107 812 2261 867 libris
2305 811 2516 867 iuitium
2551 829 2564 866 :
2595 809 2732 864 Puto
2763 810 2868 864 lere
2899 826 3009 864 esse
3053 812 3270 865 crimen.
3301 809 3356 864 In
3388 809 3511 867 aliis

1932 905 2076 961 istud
2108 925 2122 960 :
2155 906 2294 970 Quid
2341 906 2478 975 agis,
2529 905 2757 958 anima?
2787 904 2912 973 quid
2956 902 3366 974 cogitationibus
3409 920 3510 958 tes-

1931 998 2092 1052 tuas?
2119 999 2200 1052 Ad
2224 997 2550 1052 Desnnsmuu
2577 996 2642 1050 de
2671 1011 2746 1050 nt
2787 985 3090 1057 lectoribus,
3120 1009 3149 1048 a
3194 997 3375 1048 nescio
3399 1009 3506 1063 quo
3543 1013 3568 1096 ἶ

1929 1089 1983 1144 in
2033 1089 2340 1144 irrisionetn
2373 1088 2654 1142 doctorum
2690 1086 3016 1156 composita.
3063 1085 3142 1140 Ad
3175 1083 3510 1148 Ceumxu,
3543 1083 3548 1122 ἶ

1931 1181 2011 1234 sic
2041 1181 2304 1250 incipiens
2334 1195 2350 1235 :
2383 1178 2576 1233 Veteris
2623 1178 2901 1246 scriptura:
2949 1177 3212 1232 celebrata
3247 1178 3509 1232 sententia

1928 1283 2026 1328 est.
2079 1273 2207 1330 Hae
2260 1273 2400 1344 stylo
2434 1271 2651 1342 quidem
2702 1271 2971 1325 nobiliore
3023 1279 3106 1326 est
3141 1269 3379 1339 scripta;
3416 1270 3509 1324 sed

1933 1383 2031 1423 nec
2059 1369 2141 1422 sic
2179 1366 2242 1420 Β.
2273 1366 2600 1436 Hieronymo
2629 1363 2808 1436 digna.
2843 1363 3125 1420 Postrema
3161 1371 3263 1428 est,
3293 1360 3370 1416 De
3397 1362 3510 1415 ori‘

1927 1459 2049 1530 gine
2093 1457 2286 1512 anima:
2318 1455 2632 1524 disputatio,
2661 1454 2814 1524 quasi
2853 1454 2992 1508 inter
3029 1452 3088 1506 Β.
3117 1452 3506 1524 Hieronymum

1929 1560 1985 1605 et
2021 1548 2416 1619 Augustinum;
2457 1546 2546 1602 ubi
2579 1548 2708 1602 licet
2755 1545 2922 1601 multa
2971 1560 3035 1600 es
3069 1560 3258 1599 eorum
3291 1545 3512 1613 scriptis

1932 1650 2220 1710 ponantur,
2255 1641 2388 1694 falsa
2417 1650 2597 1694 tamen
2622 1649 2743 1694 est:
2785 1648 2897 1692 tum
2923 1638 3047 1706 quia
3082 1636 3290 1706 praefati
3321 1637 3510 1689 docto-

1932 1747 2021 1789 res
2066 1747 2359 1802 numquam
2407 1731 2550 1786 inter
2584 1747 2645 1786 se
2682 1730 3100 1800 prasentialiter
3145 1739 3272 1784 sunt
3307 1727 3504 1792 locuti;

1928 1833 2043 1880 tum
2091 1825 2213 1894 quia
2260 1824 2449 1878 eadem
2501 1824 2731 1890 questio
2765 1837 2864 1877 nec
2896 1821 3037 1892 apud
3069 1836 3182 1884 eos,
3219 1835 3321 1874 nec
3366 1819 3507 1884 apud

1929 1925 2157 1969 caeteros
2189 1913 2311 1968 lldei
2349 1911 2631 1968 catholicae
2663 1921 2968 1967 sectatores
2998 1911 3179 1965 adhuc
3211 1925 3386 1980 usque
3415 1923 3510 1976 po-

1932 2008 2032 2062 tuit
2066 2007 2269 2075 liquido
2303 2009 2537 2063 dellniri.
2577 2007 2747 2076 llujus
2794 2005 3178 2075 disputationis
3214 2005 3319 2057 tale
3353 2016 3510 2072 repe-

1927 2099 2066 2155 ritur
2094 2099 2422 2168 principium
2455 2114 2470 2156 :
2497 2096 2629 2152 Cum
2659 2097 2801 2166 apud
2829 2113 2917 2151 eos
2955 2097 3178 2150 caelestis
3205 2094 3505 2162 eloquentia

1926 2191 2197 2258 purissimi
2247 2190 2432 2259 fontis.
2468 2189 2546 2246 Ne
2585 2199 2761 2243 autem
2812 2189 3050 2255 praedicti
3101 2185 3342 2240 doctoris
3390 2184 3507 2253 epi-

1926 2283 2078 2334 stola:
2110 2279 2228 2336 sine
2265 2277 2574 2334 rationabili
2603 2292 2764 2333 causa
2799 2278 2940 2346 apud
2984 2276 3267 2346 imperitos
3297 2288 3397 2328 suo
3425 2271 3507 2325 vi-

1927 2373 2156 2425 deantur
2187 2386 2417 2425 numero
2450 2371 2694 2433 minutae.
2729 2369 2826 2424 has
2857 2378 3058 2424 nostra:
3099 2367 3381 2437 parvitatis
3413 2366 3504 2418 lit-

1927 2470 2071 2518 teras
2102 2465 2154 2517 in
2183 2461 2448 2533 principio
2474 2460 2757 2517 collocate.
2783 2458 2990 2515 Valete.
3017 2458 3180 2515 Orate
3197 2475 3296 2530 pro
3321 2458 3499 2513 nobis.

324 2637 344 2668 ⁸
377 2634 672 2706 Perperam
723 2638 862 2707 apud
915 2637 1281 2693 Mabillonium
1329 2638 1556 2705 frustra,
1595 2655 1880 2709 operarum
1909 2644 2124 2698 mendo.

1575 2855 3502 2894 “W—

246 2855 1879 2893 Μ

810 3044 942 3158 8.
1011 3041 1721 3172 EUSEBII
1797 3048 1826 3159 1

1935 3044 2866 3157 IERONYMI

1284 3265 1862 3327 STRlDONENSIS
1917 3266 2414 3331 PRESBYTER]
2441 3315 2456 3343 ,

707 3457 1692 3620 OPERUM
1865 3457 3074 3622 MANTISSA

1662 3729 2056 3786 CONTINENS

917 3908 1585 4040 SCRIPTA
1676 3913 2829 4044 SUPPOSITITIA.

1221 4339 1619 4447 PARS
1757 4342 2546 4501 SECUNDA.

1337 4535 1684 4601 SCRIPTA
1745 4538 1977 4601 VARI!
2023 4543 2388 4607 GENERIS.

1818 4704 1898 4722 -ο

735 4853 869 4934 DE
933 4844 1320 4932 FORMIS
1388 4847 2114 4930 HEBRAICARUM
2175 4837 2197 4871 ¹
2253 4851 2951 4932 LITTERARUM.

1273 5005 1376 5067 (Ex
1403 5007 1577 5057 codice
1598 5019 1688 5057 ms.
1713 5005 1914 5056 Mediol.
1943 5007 2174 5058 Ambros.
2207 5007 2470 5070 Biblioth.)

289 5295 699 5354 ﬂebraicarum
746 5294 1046 5349 litterarum
1095 5292 1286 5344 turmae
1332 5291 1450 5346 dua:
1496 5301 1622 5344 sunt
1656 5309 1671 5345 :
1703 5305 1812 5344 una
1840 5299 1883 5356 ο
1916 5306 2023 5360 qua
2058 5288 2252 5344 Judaei.
2279 5287 2354 5342 Ea
2385 5286 2454 5343 de
2482 5300 2643 5342 causa
2673 5283 2869 5355 captivi
2906 5282 3034 5337 facti
3081 5283 3265 5344 lsrnel,
3295 5295 3348 5334 et
3381 5281 3476 5335 Βεε-

212 5393 479 5462 antiqua,
514 5403 622 5458 qua
657 5381 990 5442 Samaritani
1035 5391 1284 5449 utuntur,
1319 5383 1486 5437 altera
1513 5383 1808 5451 posterior,

1919 5383 2192 5453 byloniam
2239 5381 2411 5446 ducti,
2441 5378 2602 5449 jussit
2631 5391 2730 5432 res
2761 5373 3132 5444 Assyriorum,
3165 5392 3236 5430 ne
3267 5376 3479 5432 desert.

286 5550 310 5584 ί
343 5548 432 5604 Ut
467 5544 602 5600 nihil
633 5542 708 5598 ait
731 5542 960 5598 dubium
1011 5536 1386 5611 deseriptionis
1419 5537 1580 5607 huius
1612 5548 1802 5611 aucto-
1909 5540 2107 5611 puldici
2131 5541 2267 5608 juris
2291 5541 2468 5604 ﬂeret,
2489 5543 2686 5611 quippe
2708 5557 2829 5611 quae
2851 5541 3152 5596 litterarum
3186 5538 3479 5593 chraica-

217 5636 367 5682 rem,
399 5617 658 5685 quisquis
687 5614 775 5668 ille
799 5611 985 5685 fuerit,
1012 5609 1323 5685 llieronymi
1362 5623 1560 5685 nomen
1584 5618 1637 5662 et
1661 5609 1803 5685 cala-

1914 5626 2035 5682 ruin
2071 5610 2300 5666 fot'tuam
2352 5610 2734 5680 repraesentat,
2762 5613 3181 5682 quantunt_scio
3217 5613 3478 5682 hactenus

212 5678 372 5744 trium
422 5678 689 5746 'meutiri,
741 5700 771 5736 a
818 5681 974 5749 cujus
1022 5679 1240 5749 ingenio
1271 5686 1338 5754 _et
1369 5680 1616 5754 doctrina
1652 5679 1805 5732 abest
1911 5678 2260 5754 editisatque
2293 5678 2796 5754 ipso—Ablurnaceusi—
2826 5682 2966 5753 apud
3012 5679 3478 5738 Montl'uuconium

209 5762 470 5816 imane
497 5765 795 5822 quantum;
831 5747 988 5822 digna
1021 5747 1201 5804 tamen
1232 5748 1348 5803 visa
1389 5747 1509 5816 ipsa
1533 5757 1651 5812 est,
1681 5762 1802 5818 qua:
1909 5747 2196 5815 alpliabeto
2232 5747 2608 5821 aniiquiorcm.
