4012 6188
478 349 587 415 319

467 562 713 615 habitare
747 560 797 611 in
835 557 1031 613 locum.
1078 554 1189 610 Hos
1235 554 1553 619 Samaritas,
1603 553 1695 621 qui
1745 563 1799 606 et
1847 553 2033 622 patria:

466 646 913 703 consuetudinem
946 656 1186 709 servant,
1218 646 1395 714 ignem
1427 644 1687 708 colentes,
1720 652 1773 696 et
1808 642 2033 697 Iudaica

468 739 741 801 mandata,
780 737 979 791 Esdras
1008 737 1167 790 nobis
1210 735 1349 790 scire
1382 735 1599 789 tradidit
1643 736 1857 803 scriptis
1898 736 2031 789 suis.

469 829 579 883 Hos
613 831 755 895 ipsos
780 827 951 881 Judwi
986 827 1284 879 Samaritas
1314 826 1586 893 appellant
1620 825 1793 894 patria
1829 826 2061 892 lingua,

468 925 558 989 qui
596 922 1016 986 interpretantur
1062 919 1325 971 custodes.
1378 916 1514 970 Nam
1566 933 1686 971 cum
1721 933 1815 986 per
1846 918 2035 972 Medos

465 1012 637 1082 Cyrus
667 1020 910 1075 regnaret
926 1006 1126 1069 Persis,
1156 1010 1397 1077 Astyage
1433 1009 1673 1073 deposito
1706 1021 1831 1072 rege
1861 1006 2039 1058 Medo-

466 1118 585 1155 rum
613 1116 712 1153 avo
739 1116 856 1163 suo,
885 1109 1045 1167 atque
1076 1098 1140 1152 ad
1170 1098 1363 1151 Persas
1413 1113 1632 1167 regnum
1669 1105 1836 1151 totum
1864 1105 2046 1150 trans-

468 1193 712 1256 tulisset,
780 1190 1144 1258 captivitatem
1194 1203 1409 1243 onmem
1453 1186 1763 1241 .ludaaorum
1810 1187 2035 1241 dimisit.

466 1284 644 1351 Atque
676 1284 896 1345 reversi,
930 1280 1172 1350 permisti
1209 1281 1425 1334 luerunt
1453 1278 1781 1346 supradictis
1808 1277 2040 1346 Assyriis

471 1376 838 1439 Samaritani,
890 1376 979 1443 qui
1031 1388 1149 1427 esse
1197 1373 1522 1426 videbantur
1568 1370 1757 1426 Judaei.
1817 1368 2041 1437 Promet-

468 1468 613 1536 quod
643 1474 700 1518 ut
739 1473 924 1519 essent
954 1463 1187 1531 separati
1214 1462 1281 1515 ab
1312 1461 1408 1523 eis,
1442 1460 1643 1513 Esdras
1692 1458 1834 1527 legis.
1851 1457 2042 1511 doctor

470 1558 701 1613 formam
743 1556 905 1609 aliam
954 1554 1252 1608 litterarum
1304 1551 1540 1606 instituit
1602 1559 1763 1619 atque
1821 1546 2043 1601 tradidit

471 1651 571 1712 eis,
604 1648 800 1701 virtute
862 1655 1044 1699 tamen
1080 1645 1384 1697 litterarum
1417 1643 1604 1696 eadem
1650 1650 1886 1704 servata,
1915 1640 2040 1707 qui-

476 1740 580 1793 bus
616 1737 809 1790 litteris
840 1735 1003 1789 etiam
1039 1749 1184 1787 nunc
1213 1742 1437 1786 utuntur
1468 1730 1661 1787 Judaei.

544 1829 683 1882 Sunt
731 1828 892 1894 igitur
936 1823 1215 1878 Hebr-uicae
1257 1824 1468 1888 litterae,
1501 1839 1619 1892 qua:
1677 1839 1773 1894 per
1824 1823 2039 1894 Moysen

471 1930 596 1974 sunt
628 1919 834 1973 tradita:
866 1916 1030 1971 XXII.
1062 1916 1285 1971 Nomina
1321 1927 1442 1971 sunt
1473 1917 1575 1970 ista
1610 1932 1626 1974 :

579 2058 765 2115 Deleth
849 2028 854 2032 .
978 2055 1150 2112 Gimel
1367 2053 1503 2109 Beth
1730 2054 1901 2119 Aleph

646 2132 690 2182 D
1047 2125 1091 2179 G
1410 2124 1453 2176 Β
1804 2127 1851 2180 Α

618 2230 686 2327 εἰ
1026 2218 1088 2322 Ἰ
1396 2216 1479 2317 li
1805 2224 1889 2317 I

1414 349 1475 410 S.
1518 347 1956 407 HIERONYMI
2001 343 2313 403 ORERUM
2362 338 2765 400 MANTISSA.

464 476 765 526 remaneret
815 474 953 520 terra
1007 478 1169 533 supra
1214 463 1501 525 dictorum,
1536 461 1789 529 Assyrios
1824 476 1919 530 pro
1950 460 2029 512 eis
2059 464 2103 522 Α

2077 1792 2124 1852 Β

2306 456 2362 506 Et
2374 457 2405 509 ll
2682 451 2772 505 Ζειί
3044 449 3158 505 Vau
3454 444 3534 500 He

2318 525 2392 579 Ec
2728 520 2769 575 Ζ
3090 517 3133 567 ν
3474 518 3517 571 Ε

2239 787 2313 842 La
2323 784 2441 839 mad
2677 780 2750 837 Ca
2758 780 2829 849 ph
3055 778 3180 836 Joth
3410 774 3544 849 Tetti

2311 856 2354 911 L
2709 847 2786 907 Ch
3104 849 3126 905 Ι
3467 847 3509 898 Τ

2246 950 2405 1052 Ξ
2720 953 2800 1036 υ.
3043 966 3150 1034 :r:
3467 945 3515 1027 6

2315 1119 2417 1173 Ain
2645 1116 2874 1173 Samech
3052 1116 3175 1170 Nun
3290 1141 3296 1147 α
3392 1109 3575 1181 ~lium

2320 1189 2384 1243 Ei
2709 1187 2748 1241 S
3065 1184 3110 1238 N
3466 1182 3509 1233 Μ

2309 1288 2399 1377 V.
2671 1281 3647 1378 SCM/

2318 1452 2427 1506 Res
2679 1449 2786 1504 Col
3034 1448 3176 1501 Sade
3454 1443 3529 1499 Fe

2353 1522 2399 1575 ιι
2703 1521 2743 1574 C
3067 1518 3141 1572 Ts
3462 1515 3502 1568 F

2667 1782 2822 1835 'l‘hau
3074 1778 3182 1836 Sen

2705 1851 2785 1907 Th
3089 1851 3161 1905 Sc

2696 1992 2779 2068 Λ
3075 1992 3183 2053 tu.

2224 2106 2555 2163 Scribuntur
2589 2114 2767 2161 autem
2808 2121 2996 2161 versus
3042 2106 3197 2162 nobis
3235 2107 3483 2160 universe
3532 2121 3559 2160 a
3593 2105 3728 2160 des-

2158 2201 2279 2261 tris,
2310 2214 2544 2269 namque
2579 2198 2645 2251 ad
2670 2198 2946 2252 sinistram
2989 2206 3197 2268 partem
3223 2211 3317 2253 eas
3345 2198 3557 2251 liniunt.
3592 2198 3732 2253 Pro-

2156 2305 2275 2364 pter
2300 2293 2439 2361 quod
2462 2303 2518 2345 et
2549 2305 2650 2345 nos
2677 2291 2781 2346 hoc
2800 2290 2995 2346 eodem
3022 2290 3179 2345 modo
3200 2289 3407 2345 litteras
3431 2291 3732 2358 posuimus.

1038 2645 1718 2737 CATALOGUS
1794 2643 2308 2750 QUORUM
2332 2644 2570 2731 DAM
2660 2641 3161 2735 OPERUM

789 2819 937 2895 Qute
981 2823 1211 2876 veteres
1258 2813 1549 2875 nonnulli
1584 2809 1679 2871 vel
1730 2822 2015 2871 auctores
2063 2809 2158 2871 vel
2206 2830 2352 2871 mss.
2409 2810 2591 2874 codd.
2651 2812 2914 2878 laudant
2972 2815 3157 2897 (falso
3195 2820 3418 2899 tamen)

1421 2973 1928 3068 TAMQUAM
2012 2974 2093 3051 S.

2167 2973 2777 3056 HIEBONYMI.

556 3329 633 3384 De
660 3326 997 3382 induratione
1022 3326 1194 3379 cordis
1222 3325 1525 3379 Pharaonis
1560 3324 1735 3381 Liber.
1776 3322 2052 3378 Laudatur
2079 3324 2121 3383 C
2155 3319 2293 3374 alius
2325 3318 2474 3373 innui
2505 3318 2625 3388 ejus
2688 3318 2827 3374 liber
2878 3335 3039 3389 quam
3070 3320 3511 3391 Cosmographica
3536 3326 3740 3381 descri-

482 3421 723 3492 Epistola
755 3418 776 3473 l
804 3416 1057 3472 Ecclesia:
1084 3416 1481 3488 Lugdunensis,
1508 3417 1575 3472 de
1620 3414 2054 3484 praedestinatio—

482 3527 572 3577 ne,
608 3519 798 3565 contra
839 3518 947 3561 tres
978 3506 1249 3572 Epistolas
1288 3507 1408 3573 ejus
1461 3504 1731 3569 monachi,
1761 3504 1853 3574 qui
1904 3518 2054 3573 quaa-

481 3598 711 3651 stionem
738 3608 857 3648 eam
892 3605 1156 3655 moverat,
1190 3602 1244 3646 et
1278 3594 1477 3647 dicitur
1533 3594 1843 3662 opinionem
1901 3609 2051 3647 suam

480 3688 743 3756 probasse
777 3684 1096 3739 auctoritate
1130 3684 1189 3737 D.
1213 3682 1528 3755 Hieronymi
1554 3686 1606 3738 in
1624 3683 1783 3738 Libro
1810 3686 1872 3738 de
1902 3687 2052 3739 indu-

483 3779 691 3832 ratione
713 3777 885 3830 cordis
913 3774 1238 3830 Pharaonis.
1269 3774 1481 3844 Scripta
1532 3786 1615 3830 est
1647 3774 1881 3843 Epistola
1910 3778 2055 3830 circa

480 3872 549 3926 Α.
569 3869 725 3924 Dom.
750 3867 876 3933 855,
909 3876 1194 3935 exstatque
1226 3869 1277 3920 in
1310 3865 1411 3921 SS.
1444 3866 1668 3919 Patrum
1697 3866 2055 3921 Bibliotheca.

484 3962 695 4016 Laudat
718 3968 770 4013 et
798 3959 1059 4013 Rabanus
1092 3956 1388 4027 Epistolam
1454 3958 1519 4011 ad
1561 3955 1906 4011 Hincmarum
1952 3955 2057 4009 Re.

486 4070 731 4112 mensem
759 4052 960 4108 editam
992 4067 1020 4105 a
1068 4054 1133 4109 P.
1172 4052 1461 4107 Sirmondo
1511 4061 1642 4107 tom.
1677 4053 1742 4117 ll,
1779 4069 1901 4123 pag.
1930 4052 2055 4112 992.

485 4148 687 4200 Ansam
725 4142 1191 4196 comminiscendo
1221 4143 1370 4211 operi
1402 4142 1515 4209 ipse
1562 4143 1775 4197 videtur
1815 4143 1874 4197 S.
1904 4142 2060 4197 Pater

487 4236 703 4290 dedisse
743 4234 797 4286 in
825 4231 1276 4286 Commentar.in
1304 4232 1499 4286 Isaiam
1553 4247 1673 4301 cap.
1733 4249 1887 4298 LXIII,
1942 4236 2055 4301 ubi,

493 4325 812 4387 Pharaonis.
841 4325 1037 4393 inquit,
1089 4324 1289 4378 dicitur
1318 4323 1457 4378 Deus
1506 4325 1779 4380 indurasse
1831 4343 2057 4382 cor......

491 4420 663 4482 Quam
694 4419 1031 4486 quwstionem
1057 4415 1456 4486 diligentissime
1490 4415 1691 4473 Paulus
1720 4416 1966 4470 disseruit
1992 4418 2062 4471 ad

488 4508 780 4573 Romanos,
808 4518 855 4561 et
902 4524 990 4561 nos
1020 4508 1075 4561 in
1135 4508 1361 4576 quodam
1420 4522 1571 4576 opere
1634 4510 2063 4577 perstrinximus.

490 4601 729 4671 Epistola
763 4599 971 4654 scilicet
996 4600 1063 4653 ad
1094 4597 1400 4665 Hedibiam,
1431 4608 1623 4669 quaest.
1657 4601 1745 4656 10.

2158 3412 2265 3479 ptio
2290 3412 2374 3466 illa
2404 3427 2525 3481 quae
2552 3412 2620 3466 ab
2638 3411 2760 3466 aliis
2785 3411 2930 3465 Julio
2952 3410 3190 3468 Honorio
3210 3416 3414 3469 oratori
3440 3418 3737 3474 ascribitur

2156 3502 2309 3572 juxta
2332 3504 2637 3558 Cassiodori
2678 3504 3071 3561 testimonium.
3094 3503 3232 3559 Nam
3263 3505 3532 3576 Ethicus,
3559 3512 3741 3580 inquit

2163 3595 2461 3649 Salmasius
2493 3595 2560 3649 ad
2594 3596 2861 3660 Solinum,
2894 3595 3033 3649 alius
3056 3604 3155 3661 est,
3176 3596 3442 3653 Histricus
3475 3603 3739 3671 sophista,

2160 3702 2312 3757 quem
2333 3687 2395 3739 de
2423 3685 2605 3741 Gnaeo
2631 3686 2953 3740 translatum
2976 3686 3038 3739 ab
3064 3687 3403 3758 Hieronymo,
3423 3701 3472 3744 et
3500 3694 3743 3747 nondum

2161 3779 2381 3840 editum.
2412 3790 2555 3833 vetus
2579 3778 2708 3831 liber
2736 3779 2891 3832 habet
2913 3777 2967 3829 in
2998 3777 3325 3834 Bibliotheca
3358 3781 3645 3838 Thuantea.
3672 3786 3746 3840 Et

2162 3868 2320 3925 Mart.
2349 3869 2585 3939 Opilius,
2620 3872 2818 3940 Hister,
2847 3876 2951 3928 sive
2980 3872 3111 3937 Iste,
3158 3873 3347 3926 Ethici
3371 3886 3741 3943 cognomento,

2162 3963 2383 4030 scriptor
2404 3947 2825 4033 antiquissimus,
2854 3966 3008 4034 cujus
3033 3963 3476 4034 Cosmographica
3501 3983 3529 4019 e
3551 3963 3743 4022 Graec

2164 4050 2229 4103 ab
2256 4049 2571 4120 Hieronymo
2588 4053 2863 4107 saltuatim
2881 4069 3027 4109 versa
3044 4056 3099 4107 in
3120 4052 3389 4107 Thuamea
3410 4054 3743 4110 Biblimheca

2164 4137 2405 4206 Lutetia,
2430 4158 2582 4208 penes
2600 4158 2678 4197 me
2699 4159 2904 4213 quoque
2947 4152 3177 4207 exstant,
3203 4144 3382 4198 littera
3416 4160 3541 4199 sane
3593 4148 3746 4200 anti-

2166 4230 2439 4297 quissima.
2460 4231 2600 4297 Quin
2629 4232 2743 4301 ipsa
2770 4235 2891 4288 libri
2929 4235 3213 4305 inscriptio
3239 4237 3294 4290 in
3324 4237 3530 4307 aliquot
3559 4254 3697 4293 mss.
3722 4255 3742 4296 :

2170 4319 2519 4391 lncipit'liber
2550 4322 2756 4378 zEthici
2782 4326 3137 4394 philosophica
3197 4328 3369 4382 editus
3417 4330 3652 4395 oraculo,
3707 4347 3742 4385 ο

2172 4412 2485 4483 Hieronymo
2512 4417 2811 4486 presbytero
2843 4420 3160 4473 translatum
3179 4419 3232 4474 in
3259 4419 3505 4475 Latinum
3521 4437 3586 4476 ex
3608 4421 3748 4477 Cos-

2171 4508 2477 4576 mographia
2508 4518 2556 4563 et
2585 4510 2769 4565 Mundi
2797 4513 3082 4581 scriptura.
3110 4512 3470 4569 Nihilosecius
3503 4516 3635 4571 satis
3659 4528 3752 4571 est

2174 4599 2348 4666 ipsum
2384 4600 2618 4657 lustrare
2649 4603 2822 4659 oculis
2851 4605 3114 4671 libellum,
3139 4620 3167 4658 a
3200 4605 3434 4661 Simlero
3465 4608 3749 4677 vulgatum

566 4693 640 4748 De
662 4694 1123 4762 consanguinitate
1172 4693 1336 4746 beata:
1369 4690 1559 4745 Maria:
1603 4691 1850 4762 Virginis.
1884 4693 1942 4748 In
1968 4708 2060 4747 co-
2090 4681 2140 4742 D
2165 4705 2228 4744 ex
2254 4690 2542 4747 Pithmano
2571 4709 2699 4760 ms.,
2746 4705 2807 4750 ut
2855 4710 2923 4750 ex
2966 4696 3104 4767 stylo
3146 4707 3512 4769 contextoque
3561 4702 3752 4769 operis

492 4786 612 4841 dice
643 4800 745 4840 ms.
772 4799 918 4838 num.
943 4786 1032 4846 48,
1061 4783 1404 4838 Bibliotheca:
1430 4782 1486 4838 S.
1513 4783 1678 4839 Marci
1704 4782 2071 4842 Venetiarum.

565 4878 642 4932 De
666 4879 834 4931 tribus
870 4878 1166 4931 virtutibus.
1192 4875 1330 4930 Citat
1352 4873 1542 4930 Petrus
1564 4875 1879 4930 Abtelardus
1903 4875 2079 4930 Theo-

492 4969 648 5040 logia:
671 4969 996 5024 Christianam
1020 4968 1113 5022 lib.
1151 4982 1194 5031 ι,
1221 4981 1287 5021 es
1318 4968 1550 5021 editione
1578 4966 1637 5020 P.
1674 4966 1912 5022 Martene
1943 4975 2075 5021 tom.

494 5059 539 5114 ν
572 5061 969 5114 Monumentor.
1003 5074 1125 5129 pag.
1171 5059 1332 5113 H75.

567 5151 772 5206 ίΕιΙιίσὶ
809 5151 1159 5220 Alphabetum
1190 5151 1255 5205 de
1284 5151 1463 5208 στωεο
1485 5153 1539 5205 in
1571 5151 1823 5206 Latinum
1851 5151 1915 5204 ab
1948 5152 2074 5206 Hie-

498 5261 715 5316 ronymo
734 5262 1059 5301 conversum.
1091 5245 1303 5300 Laudat
1336 5244 1593 5302 Rabanus
1618 5246 1755 5300 libro
1787 5246 1855 5300 de
1884 5247 2074 5301 inven-

500 5340 649 5394 tione
675 5339 988 5410 linguarum
1023 5349 1155 5393 tom.
1191 5337 1253 5393 Vl
1277 5353 1501 5406 operum
1525 5355 1577 5406 p.
1612 5339 1738 5403 555,
1764 5348 1915 5394 vetus
1940 5354 2075 5409 quo-

502 5446 609 5494 que
643 5446 743 5485 ms.
777 5445 841 5484 ex
900 5429 1233 5485 Bibliotheca
1282 5429 1628 5495 llautiniana,
1676 5445 1834 5498 quem
1878 5431 2075 5500 allegat

503 5521 742 5592 Cangius
773 5523 825 5577 in
857 5523 1156 5593 appendice
1189 5520 1623 5577 ad-Glossarium
1658 5522 1928 5578 Graecum.
1963 5522 2076 5580 Nec

507 5628 637 5668 sane
666 5613 801 5669 alius
826 5614 1038 5669 videtur
1061 5623 1268 5680 auctor,
1298 5629 1458 5682 quam
1483 5613 1733 5670 Ethicus
1756 5612 1892 5669 Ister
1918 5614 2078 5670 Chri-

511 5703 722 5762 stianus
749 5706 983 5777 scriptor
1014 5705 1492 5776 postConstanlini
1512 5707 1583 5764 Μ.
1612 5716 1876 5780 tempora,
1903 5721 2082 5780 neque

2178 4787 2359 4840 statim
2394 4786 2682 4858 intelligas,
2710 4788 2933 4843 minime
2960 4790 3203 4844 omnium
3243 4790 3412 4846 fuisse
3456 4793 3525 4845 ab
3553 4789 3751 4846 Hiero-

2180 4894 2338 4949 nymo
2373 4877 2665 4937 Latinitate
2695 4884 2950 4936 donatum
2983 4900 2998 4938 :
3032 4884 3149 4952 plus
3182 4884 3329 4939 enim
3359 4900 3521 4954 quam
3555 4887 3752 4941 barba-

2177 4985 2238 5024 re
2258 4973 2498 5039 scriptus
2532 4982 2636 5035 est,
2667 4974 2825 5041 nugis
2853 4984 2907 5028 et
2944 4973 3145 5030 fabulis
3196 4974 3552 5043 ineptissimis
3581 4976 3753 5031 reler-

2182 5072 2288 5124 tus,
2313 5073 2367 5117 et
2398 5064 2656 5134 pleraque
2681 5065 2863 5119 omnia
2896 5064 2964 5119 de
2993 5065 3270 5119 creatione
3309 5066 3518 5133 mundi,
3551 5067 3619 5121 de
3641 5069 3751 5122 mi-

2184 5154 2470 5219 rabilibus,
2505 5165 2640 5217 etc.,
2671 5156 2849 5221 docet,
2900 5169 3022 5225 quae
3072 5155 3135 5212 ὃ.
3187 5155 3472 5225 lnterpreti
3532 5160 3751 5228 probari

2182 5244 2406 5298 omnino
2438 5260 2544 5298 non
2576 5246 2898 5314 potuissent.
2938 5244 3179 5316 Denique
3205 5262 3272 5300 ne
3298 5246 3499 5302 :Etbici
3529 5250 3754 5319 quidem

2182 5348 2304 5392 eat:
2336 5338 2604 5401 siquidem
2635 5341 2811 5406 ipsum
2843 5334 3119 5393 Ethicum
3148 5335 3353 5395 Istrum
3381 5341 3761 5411 philosophum

2180 5424 2248 5481 de
2276 5426 2493 5481 nomine
2520 5426 2718 5494 saepius
2740 5428 2940 5482 laudat.

2260 5517 2451 5587 Cyelus
2480 5517 2543 5573 S.
2579 5517 2910 5591 Hieronymi.
2946 5518 3002 5575 ln
3035 5519 3261 5591 antiquo
3298 5522 3420 5578 cod.
3450 5539 3602 5579 num.
3648 5525 3764 5581 547

2184 5609 2528 5668 bibliotheca;
2567 5612 3119 5672 San—Germanensis.

2262 5705 2409 5765 Ordo
2445 5706 2647 5765 vivendi
2682 5717 2988 5764 sanctarum
3034 5709 3313 5780 virginum.
3348 5708 3766 5771 Sententiarum
