4004 6192
238 263 349 329 321

1591 265 1691 325 AD
1732 261 2158 324 MONACHOS.

3389 255 3497 319 322

247 394 308 436 ex
333 378 511 434 variis
541 378 854 449 Hieronymi
887 377 942 434 in
971 393 1092 435 eam
1125 395 1238 436 rem
1273 381 1490 450 scriptis
1544 381 1826 450 congeries
1855 393 1899 444 Α
2002 375 2273 444 Expositio
2299 375 2645 442 psalmorum,
2679 373 2793 430 sive
2815 371 3080 434 omnium,
3111 370 3224 424 sive
3251 384 3316 426 ex
3346 382 3501 440 parte

243 473 361 526 haec
385 478 472 524 est
491 469 546 524 in
582 478 894 540 pervetusto
920 486 1025 527 ms.
1057 470 1312 527 Ecclesiae
1339 474 1554 528 cathed.
1597 471 1656 526 S.
1683 472 1828 526 Petri

161 629 164 632 .
241 561 294 617 in
321 559 606 615 Vaticano.

317 652 398 705 De
424 650 713 706 lueresibus
742 649 1072 716 Graecorum,
1109 651 1440 718 ludworum,
1481 664 1530 708 et
1568 653 1832 709 Christia-

245 758 461 796 norum.
494 742 697 795 Desinit
733 743 786 797 in
845 740 1154 797 Tritheitis.
1210 744 1452 798 ilabelur
1505 748 1572 798 ad
1625 746 1828 798 calcem

246 834 476 888 alterius
501 851 603 888 ms.
642 832 790 886 Libri
823 834 885 887 de
910 836 1071 904 gestis
1125 852 1446 889 summorum
1502 837 1827 902 pontiﬁcum,

250 941 317 980 ex
342 929 529 979 eadem
558 927 614 979 S.
642 925 784 980 Petri
821 926 1174 980 bibliotheca.
1212 926 1348 981 Vide
1377 927 1677 982 Indiculum
1709 928 1832 982 Hce—

252 1034 456 1074 reseon,
491 1033 649 1084 quem
690 1017 932 1084 vulgavit
979 1019 1062 1070 (ll.
1101 1017 1388 1072 Mvttardus
1421 1019 1638 1074 Parisiis
1673 1019 1830 1072 1617.

329 1109 446 1160 Dici
475 1111 782 1178 Hieronymi
801 1111 864 1161 de
893 1111 1080 1163 timore
1107 1110 1519 1176 ultimijudicii,
1553 1123 1598 1164 et
1630 1113 1832 1178 defectu

253 1201 413 1268 hujus
451 1203 590 1254 vitta.
616 1197 799 1268 Incipit
836 1217 850 1256 :
893 1201 1027 1254 Inde
1056 1204 1185 1255 satis
1218 1206 1406 1266 times;
1447 1219 1510 1256 ne
1541 1203 1636 1256 illa
1661 1206 1826 1256 tribu-

251 1293 476 1344 lationis
503 1293 606 1355 die,
629 1301 735 1344 etc.
777 1291 1069 1346 Tractatus
1097 1294 1383 1346 maximam
1438 1305 1649 1362 partem
1706 1309 1835 1347 con-

265 1381 470 1440 misitis
494 1382 613 1431 hine
641 1380 766 1433 inde
795 1379 1102 1450 Hieronymi
1128 1381 1410 1434 sententiis
1433 1392 1710 1436 constans.
1730 1381 1830 1436 Ms.

252 1473 394 1523 liber
423 1472 564 1536 apud
601 1487 685 1524 me
711 1479 814 1534 est,
837 1486 933 1523 nec
961 1474 1135 1525 aetatis
1168 1471 1382 1534 inﬁma},
1411 1489 1508 1526 nec
1531 1481 1694 1526 notas.

327 1556 573 1622 Epistula
607 1574 713 1609 una
753 1558 1084 1628 Hieronymi,
1110 1569 1157 1611 et
1192 1559 1300 1612 alia
1329 1559 1591 1614 Μαντινειὶ
1611 1562 1834 1626 episcopi

248 1651 312 1701 de
349 1659 550 1701 secreto
588 1648 979 1701 Incarnationis
1007 1649 1204 1703 Christi
1247 1651 1302 1702 in
1363 1667 1464 1703 uno
1514 1651 1710 1704 codice.
1745 1651 1836 1707 Sic

1935 479 2182 525 tantum:
2209 466 2460 538 Homilies
2487 467 2617 520 item
2654 466 2707 520 in
2767 465 2976 534 aliquot
3025 462 3318 531 Scriptura:
3357 464 3500 530 loca,

1933 557 2130 624 saepius
2152 563 2443 609 occurrunt
2500 557 2557 608 in
2591 570 2721 610 mss.
2763 568 2900 624 quos
2953 566 3236 608 recensere
3283 551 3503 623 longum

1939 661 2048 704 est.

2003 742 2420 798 Commentarius
2447 739 2508 796 S.
2531 739 2846 810 Hieronymi
2861 741 2925 793 de
2952 740 3262 810 Apocalypsi
3281 738 3507 793 Joannis

1933 834 2180 899 apostoli.
2211 831 2290 886 lta
2328 832 2647 886 inscribitur
2670 833 2721 884 in
2753 833 2978 898 antiquo
3015 832 3260 900 catalogo
3301 830 3508 884 Biblio-

1935 926 2104 977 theca:
2135 924 2447 977 monasterii
2477 922 2830 991 Pomposani,
2861 938 3020 992 quem
3049 925 3250 978 saeculo
3276 939 3330 976 xx
3363 923 3507 977 Hen-

1935 1015 2076 1067 ricus
2120 1013 2342 1067 clericus
2379 1015 2578 1067 dicitur
2607 1015 2922 1070 adornasse.
2951 1015 3138 1084 Incipit
3173 1030 3189 1070 :
3249 1014 3508 1078 Joannes,

1934 1108 2022 1175 qui
2053 1107 2226 1175 gratia
2258 1106 2350 1159 Dei
2383 1106 2780 1172 interpretatur,
2807 1105 3033 1174 ﬁguram
3082 1105 3278 1160 Christi
3320 1107 3506 1160 tenuit.

1937 1194 2107 1248 Etiam
2153 1193 2345 1246 Latina
2376 1197 2554 1248 vet-sio
2579 1197 3101 1248 commentariorum
3139 1195 3402 1250 Victorini
3450 1198 3502 1248 in

1937 1285 2315 1354 Apocalypsim
2366 1285 2694 1355 Hieronymo
2755 1287 2953 1354 possim
3009 1288 3283 1342 tribuitur.
3339 1286 3402 1340 Et
3444 1287 3512 1340 de

1937 1379 2252 1446 praefatione
2273 1378 2489 1446 quidem
2517 1379 2586 1430 ad
2616 1377 2945 1441 Anatolium,
2975 1395 3096 1448 qum
3133 1379 3243 1433 illis
3278 1379 3509 1448 praeﬁgi-

1939 1478 2044 1532 tur,
2075 1467 2322 1522 dubitant
2361 1468 2658 1523 etiamnum
2685 1470 2856 1522 critici
2888 1471 3065 1540 magni
3097 1471 3351 1535 nominis,
3382 1486 3509 1524 num

1939 1558 2329 1628 Hieronymum
2373 1569 2652 1614 auctorem
2699 1561 2915 1614 haheat.

2013 1649 2296 1706 Slaaonica
2327 1650 2620 1704 Bibliorum
2654 1655 2838 1715 uersio,
2863 1663 2918 1704 ut
2947 1661 2998 1706 et
3033 1653 3369 1720 alphabetum
3389 1653 3513 1708 Sla-

252 1743 424 1794 habet
479 1741 878 1793 vetustissimus
931 1742 1207 1808 catalogus
1261 1741 1522 1794 librorum
1584 1741 1835 1811 praeﬁxos
1867 1721 1909 1774 Β
1941 1745 2688 1812 vonicumHicronymianum.
2716 1744 2818 1810 Qui
2844 1745 2959 1799 haec
2986 1744 3314 1816 llieronymo
3341 1749 3511 1801 ascri-

255 1848 364 1884 rns.
391 1828 655 1884 Vaticano
689 1830 933 1884 Palatino
958 1848 1112 1885 num.
1143 1833 1232 1885 57.

329 1923 531 1976 Glosste
550 1921 830 1976 secundum
867 1923 1185 1976 llebraicam
1212 1926 1480 1979 veritatem
1511 1923 1836 1980 translatca

256 2013 569 2079 supradicto
608 2009 951 2081 Hieronymo.
987 2009 1065 2064 Ex
1096 2013 1286 2065 eodem
1321 2013 1588 2082 catalogo.

649 2271 665 2290 ο

1940 1843 2184 1903 pserunt.
2231 1849 2407 1886 rerum
2443 1834 2772 1904 lllyricarmu
2811 1839 3106 1906 scriptores
3130 1849 3182 1892 et
3202 1838 3373 1891 (τι-ἰιίιοί
3407 1854 3511 1892 nou

1942 1924 2348 1985 contemnendi,
2378 1937 2659 1990 perperam
2699 1925 2996 1982 intellectis
3027 1926 3340 1996 Hieronymi
3392 1943 3516 1982 ver-

1944 2013 2052 2078 bis,
2083 2028 2211 2067 mete
2254 2013 2451 2083 lingua.-
2479 2014 2777 2068 horninibus
2811 2015 2946 2080 dedi,
2991 2017 3301 2070 hallucinati
3325 2025 3472 2072 sunt.

806 2374 1392 2453 ADMONlTlO
1472 2375 1608 2452 DE
1683 2370 2421 2463 SUBSEQUENTE
2502 2373 2982 2453 HOMILIA.

338 2537 597 2596 Collectio
627 2539 738 2592 haec
767 2542 1140 2593 sententiarum
1171 2550 1271 2603 est,
1303 2541 1533 2594 maxime
1559 2554 1674 2609 qua
1696 2537 1764 2590 ad
1798 2539 1958 2606 probe
1988 2539 2371 2609 instituendam
2407 2541 2783 2596 monachorum
2808 2542 2966 2595 vitam
2997 2548 3253 2609 spectant,
3292 2553 3355 2592 ea:
3389 2536 3518 2593 Hie-

266 2609 740 2681 ronymiepistolis
771 2625 833 2662 ac
854 2610 1010 2662 libris
1031 2611 1095 2662 ab
1120 2612 1356 2664 studioso
1379 2605 1627 2681 quopiam
1655 2609 1942 2662 adornata.
1977 2605 2222 2681 Occurrit
2252 2627 2314 2663 ea
2344 2614 2491 2665 trabis
2517 2614 2570 2664 in
2599 2615 2930 2681 perantiquo,
2963 2622 3009 2663 et
3023 2605 3182 2664 bona:
3214 2609 3515 2681 cumprimis

269 2676 432 2742 stulte,
467 2676 711 2749 Vaticano
743 2696 843 2732 ms.
876 2681 1074 2744 codice,
1108 2683 1198 2746 qui
1231 2676 1400 2734 num.'
1436 2676 1539 2731 140
1565 2689 1896 2744 praenotatur
1919 2691 1939 2729 :
1975 2678 2189 2746 visaque
2213 2691 2290 2733 est
2317 2683 2473 2743 tanti,
2507 2694 2561 2733 ut
2593 2676 2645 2734 in
2698 2676 2864 2734 lucem
2895 2681 2976 2734 edi
3007 2681 3145 2734 inter
3179 2676 3512 2749 suppositum

267 2752 471 2821 scripta
502 2763 620 2800 cum
640 2747 853 2821 legentis
873 2749 1052 2816 fructu
1085 2749 1263 2815 aliqua
1301 2757 1476 2816 posset
1505 2763 1525 2803 :
1561 2749 1792 2802 maxime
1817 2761 1935 2800 cum
1983 2749 2118 2800 viam
2154 2752 2354 2805 munire
2396 2749 2617 2821 [legulae
2647 2751 3062 2816 monachorum,
3087 2751 3225 2819 quod
3246 2747 3253 2749 “
3277 2747 3512 2816 ejusdem

268 2817 472 2885 ingenii
508 2830 664 2888 atque
691 2819 853 2870 animi
879 2834 1007 2886 opus
1035 2827 1132 2887 est,
1159 2823 1420 2874 videatur.

1441 3065 1592 3151 AD
1667 3061 2354 3153 MONACHOS.

343 3366 453 3421 Alii
471 3365 731 3423 festinant
760 3368 826 3423 ad
848 3367 1113 3437 ctelestia,
1145 3379 1200 3425 et
1238 3383 1473 3438 superna
1521 3370 1850 3436 desiderant,
1877 3383 1918 3440 ε
1953 3370 2106 3426 culos
2127 3385 2226 3440 pro
2255 3370 2490 3426 summis
2517 3371 2681 3425 ducat
2700 3369 2932 3426 deliciis.
2951 3368 3223 3440 Quidquid
3247 3367 3390 3424 enim
3419 3382 3519 3438 per

270 3459 368 3512 alii
390 3462 621 3515 terrenis
647 3461 875 3515 faecibus
891 3460 1188 3527 inhiantes,
1219 3463 1455 3516 fomenta
1499 3479 1606 3518 non
1641 3466 1846 3520 habent

273 3550 545 3606 veritatis.
577 3551 634 3604 Si
671 3552 789 3620 quis
822 3552 981 3606 habet
1005 3553 1240 3608 animam
1273 3555 1610 3625 virginalem,
1632 3568 1848 3612 etama-

275 3651 366 3694 tor
386 3651 470 3695 est
497 3643 790 3714 pudicitiae,
817 3658 922 3696 non
957 3644 1119 3698 debet
1159 3644 1524 3700 mediocribus
1552 3663 1673 3702 esse
1719 3663 1847 3702 cou-

271 3740 487 3793 tentus,
515 3748 635 3801 qua:
669 3733 780 3786 cito
799 3733 1134 3797 exolescunt,
1156 3745 1210 3789 et
1231 3746 1420 3789 exorto
1445 3747 1696 3792 caumate
1729 3754 1848 3792 arc-

275 3825 420 3875 tiunt
452 3823 587 3876 :sed
623 3823 888 3890 periectas
924 3825 1154 3880 virtutes
1205 3837 1485 3895 sequatur,
1546 3838 1603 3882 ut
1665 3828 1846 3883 lumen

270 3913 476 3968 habeat
507 3915 916 3982 sempiternum.
948 3914 1039 3969 Illa
1073 3917 1388 3973 studeamus
1417 3920 1629 3976 discere
1660 3922 1711 3975 in
1741 3931 1850 3976 ter-

269 4007 374 4068 ris,
412 4019 643 4073 quarum
706 4007 901 4061 notitia
956 4021 1269 4077 perseveret
1325 4011 1377 4066 in
1434 4015 1608 4069 cmlis.
1675 4011 1848 4068 Nemo

267 4098 686 4152 renuntiaturus
751 4100 971 4164 saeculo,
1029 4100 1165 4156 bene
1227 4111 1404 4172 potest
1442 4106 1676 4159 vendere
1728 4121 1848 4173 quae

268 4189 620 4258 contempsit.
654 4188 927 4244 Christum
975 4195 1126 4262 sequi
1187 4195 1434 4264 cupiens,
1490 4197 1536 4250 si
1587 4195 1753 4250 habes
1793 4195 1845 4248 in

269 4287 544 4351 potestate
579 4293 692 4335 rem
721 4289 892 4349 tuam;
931 4283 1108 4340 vende
1142 4305 1156 4341 :
1191 4287 1236 4340 si
1275 4301 1378 4340 non
1425 4287 1612 4352 habes,
1655 4301 1850 4356 magno

266 4385 444 4427 onere
474 4370 734 4428 liberatus
757 4386 842 4428 es.
876 4373 1073 4431 Totum
1108 4378 1253 4432 enim
1288 4377 1398 4432 Deo
1455 4377 1626 4439 dedit,
1655 4379 1747 4448 qui
1790 4391 1850 4433 se

267 4465 451 4534 ipsum
477 4461 691 4518 obtulit.
726 4461 906 4519 Facile
947 4468 1245 4522 contemnit
1269 4468 1472 4534 omnia,
1504 4468 1594 4539 qui
1627 4484 1687 4524 se
1710 4484 1851 4524 sem-

268 4569 375 4625 per
409 4554 615 4621 cogitat
645 4567 771 4608 esse
802 4555 1147 4610 moriturum.
1183 4553 1522 4628 Frequenter
1552 4559 1852 4626 impudicos

265 4658 434 4699 senes
465 4654 596 4697 atas
621 4644 821 4701 lsseiva
845 4647 1194 4702 condemnat.
1243 4645 1470 4703 Subitus
1507 4649 1656 4703 calor
1685 4647 1850 4720 longo

267 4734 445 4788 vincit
499 4744 763 4802 tempore.
799 4736 935 4802 Quia
985 4737 1139 4793 multi
1204 4739 1293 4794 diu
1351 4740 1583 4796 vivendo
1628 4747 1848 4812 portant
1879 4723 1924 4778 ί)

265 4824 466 4876 tunera
497 4833 689 4889 sua,et
713 4823 872 4893 quasi
919 4827 1170 4896 sepulcra
1219 4830 1464 4885 dealbata
1503 4832 1666 4902 plena
1719 4841 1848 4886 sunt

260 4911 880 4971 ossibusmortuorum.
906 4914 1108 4972 Boatus
1161 4917 1251 4988 qui
1291 4921 1500 4976 divinas
1537 4920 1849 4990 Seripturas

264 5001 486 5072 legens,
515 5001 688 5057 verba
719 5006 883 5060 vertit
908 5005 964 5060 in
1017 5020 1184 5078 opere
1218 5024 1237 5067 :
1275 5016 1331 5065 et
1363 5012 1562 5065 nudam
1629 5027 1848 5068 crucem

265 5093 452 5150 nuda
480 5109 738 5162 sequens,
763 5098 914 5165 puris
951 5100 1203 5156 tuentibus
1236 5111 1292 5155 et
1322 5105 1556 5160 candido
1605 5115 1846 5172 pectore.

262 5199 568 5256 pauperem
608 5201 690 5252 se,
723 5198 780 5242 et
812 5192 1028 5259 spiritu,
1053 5201 1107 5246 et
1134 5193 1332 5264 opibus
1349 5197 1642 5266 glorietur.
1679 5199 1850 5252 Nemo

261 5286 456 5348 potest
477 5287 532 5330 et
563 5276 791 5335 virtutes
848 5279 1009 5335 simul
1040 5294 1093 5338 et
1139 5285 1358 5341 divitias
1392 5290 1692 5356 possidere.
1745 5289 1848 5357 Qui

261 5368 390 5421 vult
408 5382 532 5422 esse
552 5369 848 5438 perlectus,
872 5374 1243 5432 multitudines
1265 5379 1573 5449 hominum,
1599 5391 1654 5436 et
1672 5381 1850 5437 oﬂlcia

261 5461 649 5528 salutationis,
703 5474 758 5518 et
803 5467 1050 5522 convivia
1103 5471 1260 5539 quasi
1323 5474 1584 5542 quasdam
1632 5487 1851 5532 catenas

259 5550 449 5620 lugiat
486 5553 841 5621 voluptatum.
873 5556 1154 5615 Monachis
1178 5561 1333 5618 cibus
1383 5564 1452 5619 sit
1483 5565 1605 5622 vilis
1637 5576 1692 5621 ct
1749 5583 1844 5624 ve-

259 5643 571 5714 spertinus.
600 5641 760 5701 Olera
781 5656 835 5703 et
855 5649 1148 5721 legumina,
1181 5653 1566 5728 interdumque
1598 5667 1650 5712 et
1681 5659 1844 5728 pisci-

1947 3463 2127 3532 gulam
2157 3477 2264 3516 non
2290 3463 2543 3528 sentitur,
2571 3462 2674 3516 hoc
2702 3462 2750 3517 ei
2782 3461 3010 3530 sitquod
3029 3470 3083 3516 et
3108 3461 3265 3530 panis
3287 3470 3344 3515 et
3367 3461 3520 3528 legu-

1949 3557 2114 3608 tnina.
2141 3551 2440 3607 Monachus
2481 3552 2796 3622 frequenter
2821 3560 2961 3619 oret,
2993 3560 3068 3616 et,
3103 3551 3242 3606 tlexo
3275 3563 3523 3619 corpore,

1949 3655 2183 3699 mentem
2214 3647 2280 3699 ad
2303 3640 2576 3699 Christum
2594 3646 2785 3715 eriget.
2809 3643 3017 3700 Crebro
3043 3643 3245 3714 vigilet,
3267 3653 3320 3698 et
3340 3651 3525 3696 ventre

1949 3728 2150 3791 vacuus
2180 3751 2322 3805 saepe
2361 3735 2614 3799 dormiat,
2652 3736 2869 3788 etinter
2899 3734 3017 3788 inec
3063 3733 3433 3795 rumusculos,
3467 3741 3523 3787 et

1947 3829 2212 3900 gloriosos
2236 3841 2287 3882 et
2319 3827 2598 3897 palpantes
2621 3825 2930 3880 adulatores
2949 3825 3107 3894 quasi
3128 3827 3310 3880 hostes
3332 3825 3523 3894 fugiat.

1949 3922 2246 3976 Monachus
2275 3919 2580 3974 hmnilitate
2609 3918 2868 3983 vestium,
2904 3927 3148 3970 tumente
3183 3917 3386 3982 animo,
3415 3932 3524 3972 non

1947 4019 2162 4081 appetat
2188 4009 2528 4065 saecularium
2551 4006 2824 4062 consortia
2853 4024 2869 4072 ;
2901 4006 3124 4062 devitet.
3155 4007 3296 4074 Quid
3317 4009 3367 4062 ei
3390 4022 3525 4076 opus

1947 4114 2032 4158 est
2059 4103 2244 4156 videre
2261 4100 2509 4156 crebrius
2530 4101 2672 4170 quod
2697 4113 2818 4154 esse
2845 4099 3177 4176 contempsit
3194 4097 3528 4162 iMonachus

1952 4195 2147 4249 haheat
2174 4191 2577 4260 simplicitatem
2610 4191 2896 4258 columbae,
2922 4205 3023 4246 nec
3042 4191 3296 4265 Cuiquam
3317 4194 3530 4248 inachi-

1948 4295 2106 4342 netur
2134 4283 2288 4340 dolos
2324 4300 2341 4340 :
2374 4283 2570 4338 habeat
2597 4291 2651 4336 et
2673 4283 2940 4352 serpentis
2963 4284 3250 4349 astutiam,
3287 4297 3356 4340 ne
3386 4284 3528 4338 alio-

1950 4395 2070 4435 rum
2101 4379 2475 4448 supplantetur
2507 4377 2740 4440 insidiis,
2771 4375 2898 4444 quia
2926 4388 3034 4429 non
3061 4377 3296 4430 multum
3327 4375 3526 4434 dissuta

1947 4470 2084 4526 vitio
2119 4469 2201 4522 vel
2236 4466 2490 4535 decipere
2533 4479 2695 4536 posse
2728 4464 2810 4520 vel
2855 4463 3054 4533 decipi.
3093 4461 3398 4520 Monachus
3428 4467 3524 4534 qui

1950 4559 2312 4617 substantiam
2345 4571 2498 4612 suam
2528 4553 2752 4612 Christo
2775 4555 3057 4619 obtulerit,
3095 4567 3286 4612 caveat
3305 4571 3374 4612 ne
3401 4571 3526 4612 eam

1949 4651 2319 4721 imprudenter
2348 4647 2610 4714 effundat,
2643 4647 2695 4702 id
2725 4656 2830 4715 est,
2867 4663 2934 4703 ne
2959 4664 3073 4702 rem
3098 4663 3397 4718 pauperum
3421 4664 3527 4705 non

1953 4732 2528 4815 pauperibus'tribuat,
2570 4751 2624 4796 et
2650 4741 2948 4796 secundum
2982 4740 3187 4796 dictum
3223 4743 3532 4811 prodeuntis-

1953 4836 2078 4892 simi
2107 4835 2229 4901 viri,
2259 4833 2561 4888 liberalitas
2589 4831 2916 4887 liberalitate
2949 4841 3155 4901 pereat.
3191 4832 3531 4902 Quicumque

1953 4927 2181 4984 Domino
2237 4924 2443 4981 servire
2494 4923 2744 4994 ceperit,
2802 4936 2993 4980 omnes
3052 4925 3280 4980 insidias
3329 4925 3531 4980 diaboli

1955 5019 2206 5073 observet
2235 5006 2544 5086 diligenter,
2581 5025 2642 5070 ut
2689 5017 2842 5086 quasi
2905 5027 3099 5073 cautus
3156 5027 3210 5074 et
3269 5017 3532 5074 sollicitus

1957 5110 2310 5179 gubernator,
2353 5107 2406 5162 in
2436 5123 2544 5177 quo
2573 5108 2757 5164 littore
2785 5109 3059 5178 pudicitiae
3089 5112 3261 5181 pirata
3307 5111 3399 5176 sit,
3430 5125 3530 5166 no-

1962 5201 2131 5256 verit:
2168 5201 2259 5255 ubi
2319 5199 2624 5271 Charybdis
2670 5211 2725 5255 et
2771 5201 2926 5256 radis
2992 5203 3228 5256 omnium
3266 5201 3528 5256 malorum

1961 5294 2186 5348 avaritia
2223 5308 2240 5346 :
2279 5292 2368 5347 ubi
2399 5291 2577 5365 Scylla
2598 5302 2652 5348 et
2684 5292 3108 5348 obtrectatorum
3133 5308 3316 5350 canes.
3345 5293 3404 5348 Et
3439 5309 3534 5347 co-

1959 5387 2095 5457 gitet
2132 5385 2406 5453 quomodo
2452 5385 2768 5454 frequenter
2818 5383 2872 5438 in
2903 5384 3080 5440 media
3141 5385 3533 5454 tranquillitate

1959 5476 2158 5541 securi,
2181 5474 2398 5546 Libycis
2424 5475 2680 5531 vitiorum
2707 5476 2944 5546 syrtibus
2966 5477 3277 5542 obruamur,
3304 5487 3532 5544 qualita-

1957 5585 2063 5640 que
2089 5583 2358 5624 venenata
2391 5569 2684 5625 animantia
2716 5574 2991 5624 desertum
3021 5566 3184 5636 hujus
3213 5570 3400 5624 saeculi
3430 5584 3532 5623 nu-

1959 5662 2109 5716 triat.
2136 5659 2194 5715 Si
2225 5661 2586 5732 negotiatores
2619 5659 2778 5732 hujus
2827 5660 3010 5716 satculi
3063 5659 3232 5716 multa
3289 5662 3532 5734 pericula
