4004 6192
500 254 608 319 323

1424 254 1490 313 S.
1531 249 1984 311 IIIERONYMI
2023 249 2345 309 OPERUM
2387 249 2788 310 MANTISSA.

3632 248 3755 313 324

432 434 435 437 δ
495 371 788 434 sustinent,
817 377 878 423 ut
915 365 983 421 ad
1018 366 1256 420 incertas
1317 362 1643 432 perveniant
1698 361 2074 430 periturasque
2103 378 2146 432 Α
2179 360 2321 427 quod
2347 362 2563 424 doceas,
2594 376 2690 415 nec
2726 362 2915 416 credas
2962 359 3337 415 laudatoribus
3373 360 3504 426 tuis,
3528 361 3637 415 imo
3669 363 3761 417 ir-
3830 371 3835 375 ‘

495 460 735 521 divitias,
763 469 819 513 et
848 463 1069 512 servant
1107 454 1255 509 brevi
1289 460 1530 520 tempore
1577 452 1719 519 quod
1743 465 1863 504 cum
1893 451 2073 504 nmltis

497 550 776 620 periculis,
804 562 923 599 cum
946 544 1262 600 discrimine
1284 542 1480 597 animae
1497 551 1551 595 et
1575 542 1822 608 corporis
1846 541 2072 607 quaesie—

499 652 625 694 runt
656 656 671 693 :
710 637 837 707 quid
867 636 1069 692 Christi
1104 636 1423 705 negotiatori
1472 632 1777 687 faciendum
1818 642 1922 696 est,
1952 632 2071 700 qtti,

496 730 735 784 venditis
775 729 1054 794 erunibus,
1093 727 1289 796 quaerit
1324 723 1777 792 pretiosissimam
1807 722 2077 791 margariv

499 831 655 874 tam:
717 822 810 890 qui
864 823 991 875 totis
1029 819 1348 875 substantia:
1392 818 1587 885 opibus
1641 816 1893 880 venditis,
1943 816 2073 869 emit

496 929 710 982 agrum,
772 914 824 965 itt
856 927 964 981 quo
993 910 1235 979 reperiat
1292 909 1631 969 thesaurum,
1667 921 1824 974 quem
1857 920 1954 959 nec
1985 906 2073 958 fur

498 1019 598 1058 nec
623 1003 763 1055 latro
793 1004 961 1071 possit
985 1000 1240 1056 auferre?
1259 998 1600 1066 Quicumque
1623 997 1923 1051 monachus
1950 1012 2073 1052 esse

497 1096 630 1156 vult,
662 1109 769 1147 non
805 1107 919 1147 suae
947 1094 1126 1161 gentis
1157 1090 1356 1145 habeat
1382 1104 1589 1152 curam,
1610 1103 1716 1142 non
1749 1089 1822 1142 rei
1841 1088 2074 1142 familia-

500 1187 598 1248 ris,
638 1185 731 1238 sed
768 1185 963 1237 animae
989 1199 1120 1239 suae.
1161 1181 1361 1236 Sordes
1378 1183 1609 1234 vestium
1644 1180 1886 1234 candidae
1923 1196 2073 1234 men-

499 1279 569 1331 tis
598 1276 796 1331 indicia
851 1276 1009 1328 sint:
1065 1274 1183 1327 vilis
1238 1274 1420 1327 tunica
1469 1280 1838 1339 contemptum
1891 1271 2070 1325 saeculi

497 1370 709 1436 probet.
763 1365 913 1419 Cave
961 1380 1032 1420 ne
1091 1366 1211 1419 sine
1266 1365 1489 1419 doctore
1532 1362 1850 1432 ingrediaris
1903 1364 2068 1428 viam,

497 1479 656 1527 quam
689 1476 983 1528 numquam
1015 1461 1292 1530 ingressus
1329 1474 1408 1523 es,
1430 1471 1484 1513 et
1521 1459 1573 1512 in
1607 1468 1815 1527 partem
1845 1457 2071 1511 alteram

499 1552 778 1605 declinans
808 1561 1045 1606 errarem
1084 1552 1329 1621 patiaris,
1367 1552 1593 1621 plusque
1622 1561 1712 1603 aut
1743 1550 1924 1604 minus
1957 1565 2074 1602 am-

498 1643 651 1697 bules
691 1658 851 1711 quam
887 1657 1109 1697 necesse
1131 1652 1237 1706 est,
1271 1653 1328 1697 et
1388 1656 1621 1696 currens
1684 1642 1924 1706 lasseris,
1982 1651 2075 1696 aut

2172 451 2435 507 risoribus
2465 467 2653 506 aurem
2690 467 2757 507 ne
2797 453 3030 506 libenter
3085 452 3489 506 accommodes.
3528 452 3604 505 ita
3640 454 3749 507 viri

2173 545 2345 599 sancti
2382 545 2447 597 ad
2499 559 2750 613 superna:
2807 544 3108 600 vocationis
3154 546 3385 614 palmam
3443 556 3753 612 spontanea

2172 635 2458 689 devorione
2495 635 3074 703 festinantpquomodo
3100 645 3350 704 potentes
3373 636 3499 707 equi
3527 638 3592 691 ad
3618 652 3752 693 cur-

2173 739 2291 779 sum
2325 726 2509 791 vincti,
2546 728 2732 794 auriga
2761 728 2999 796 desuper
3024 727 3313 790 innitente,
3348 737 3588 793 servent,
3638 744 3753 783 non

2172 827 2555 886 exspectantes
2585 817 2797 889 ﬂagella
2821 821 3126 884 verberum,
3154 822 3248 875 sed
3273 820 3340 874 ad
3373 822 3522 875 vocis
3559 820 3760 875 horta-

2172 919 2354 963 menta
2389 911 2686 965 ferventes.
2714 909 2832 963 Non
2872 921 3096 980 appetas
3139 911 3342 980 majora
3382 910 3584 966 viribus
3615 911 3755 976 tuis,

2172 1002 2299 1069 quia
2339 1000 2531 1055 melior
2558 1001 2713 1056 estin
2747 1003 3128 1057 humilioribus
3162 1011 3277 1056 tttto
3299 1016 3544 1072 pergere,
3576 1018 3751 1071 quam

2172 1090 2409 1160 pendulo
2455 1092 2622 1162 gradu
2669 1092 2719 1145 in
2755 1092 3164 1147 sublimioribus
3197 1092 3478 1148 fluctuare.
3509 1093 3757 1148 Laetatur

2177 1181 2319 1235 Deus
2357 1182 2574 1249 quando
2602 1182 2853 1235 conversi
2901 1182 3096 1235 divites
3143 1197 3230 1236 res
3262 1197 3390 1237 suas
3420 1184 3758 1252 pauperibus

2176 1271 2446 1336 tribuunt,
2502 1275 2717 1337 quando
2767 1272 3023 1327 ardentes
3055 1288 3303 1343 gemmae,
3334 1274 3532 1342 quibus
3583 1288 3751 1329 antea

2175 1362 2371 1416 collum
2409 1373 2461 1417 et
2490 1362 2658 1417 facies
2689 1364 2988 1432 tegebatur,
3022 1365 3301 1435 egentium
3338 1374 3553 1419 ventres
3591 1374 3753 1419 satu-

2177 1463 2318 1508 rant.
2356 1453 2583 1521 Quando
2614 1463 2792 1509 vestes
2822 1457 3031 1521 sericae,
3066 1466 3119 1509 et
3149 1471 3339 1510 aurum
3371 1457 3424 1509 in
3462 1457 3547 1510 illa
3575 1457 3752 1513 lente-

2175 1560 2335 1599 scens
2364 1547 2415 1598 in
2438 1547 2617 1600 mollia
2644 1547 2890 1600 lanarum
2920 1549 3238 1603 vestimenta
3260 1557 3521 1614 mutatur,
3550 1550 3751 1616 quibus

2176 1637 2470 1706 repellatur
2486 1638 2679 1709 frigus,
2703 1654 2806 1691 non
2827 1638 3023 1708 quibus
3040 1639 3232 1692 nititur
3245 1640 3471 1695 ambitio
3492 1655 3507 1699 ;
3530 1641 3749 1706 quando

501 1749 707 1787 moram
731 1734 982 1787 faciendo
1006 1735 1343 1789 obdormias.
1370 1733 1448 1788 illi
1467 1735 1697 1788 aliorum
1724 1733 1925 1787 debent
1949 1748 2069 1788 esse
2112 1730 2496 1795 Bdeliciarum
2559 1730 2953 1798 supellectilem
3006 1731 3180 1785 virtus
3234 1732 3479 1797 insumit,
3531 1734 3748 1801 quando

500 1827 777 1888 doctores,
813 1826 905 1893 qui
951 1826 1190 1892 speciem
1240 1824 1682 1879 conversationis
1733 1838 1844 1877 suae
1898 1825 2070 1877 multo

500 1924 743 1982 tempore
763 1916 1090 1980 didicerunt,
1109 1916 1199 1983 qui
1223 1916 1466 1969 omnium
1491 1915 1717 1969 fuerunt
1744 1914 1977 1977 minimi,
2014 1924 2071 1969 ut

500 2007 656 2075 primi
690 2008 933 2060 omnium
972 2008 1180 2061 fierent.
1217 2006 1363 2071 Quos
1397 2020 1497 2061 nec
1523 2007 1753 2070 esuries,
1796 2021 1896 2059 nec
1922 2013 2072 2059 satu-

504 2102 637 2154 ritas
661 2101 955 2169 aliquando
982 2101 1281 2169 superavit,
1309 2100 1400 2169 qui
1430 2109 1757 2168 paupertate
1793 2099 2069 2161 laetantur,

500 2208 726 2261 quorum
775 2193 1011 2255 habitus,
1046 2205 1248 2254 sermo,
1290 2191 1490 2256 vultus,
1522 2190 1791 2255 incessus,
1825 2191 2069 2243 doctrina

502 2286 759 2338 virtutum
785 2294 886 2337 est.
915 2282 1221 2352 Religiosus
1250 2283 1395 2336 inter
1413 2281 1669 2335 mulieres
1696 2280 1942 2335 habitare
1963 2296 2070 2333 non

502 2378 682 2443 debet,
724 2392 795 2430 ne
832 2376 919 2430 die
958 2377 1162 2440 videat,
1184 2377 1326 2443 quod
1365 2382 1523 2429 nocte
1560 2374 1785 2444 cogitet.
1821 2372 2070 2427 Honachi

502 2469 574 2522 sit
615 2466 741 2536 vigil
792 2479 1009 2529 sensus,
1062 2479 1129 2518 ne
1180 2464 1333 2517 vanis
1383 2463 1807 2533 cogitationibus
1866 2474 2068 2532 pateat.

502 2563 662 2611 Amet
686 2558 970 2611 scientiam
1008 2555 1441 2624 Scripturarum,
1479 2565 1536 2610 et
1562 2558 1745 2610 carnis
1779 2557 1913 2610 vitia
1965 2572 2070 2611 non

504 2650 728 2703 amabit.
768 2647 1067 2703 Monachus
1113 2648 1256 2701 vivat
1301 2650 1353 2701 in
1397 2648 1729 2702 monasterio
1776 2650 1879 2703 sub
1913 2650 2073 2703 unius

503 2742 789 2811 disciplina
814 2742 1012 2811 patris,
1030 2742 1416 2810 consortioque
1439 2742 1755 2805 multorum,
1784 2751 1844 2795 ut
1876 2743 1944 2795 ab
1966 2741 2073 2794 alio

505 2833 676 2886 discat
709 2833 1093 2899 humilitatem,
1121 2833 1187 2886 ab
1223 2833 1326 2885 alio
1355 2832 1694 2901 patientiam.
1747 2833 1897 2888 Unus
1922 2834 2071 2888 enim

503 2924 801 2986 silentium,
826 2922 961 2977 alter
998 2924 1191 2977 doceat
1226 2924 1723 2978 mansuetudinem.
1755 2924 1870 2978 Non
1905 2925 2072 2979 faciat

502 3011 648 3080 quod
687 3013 794 3065 vult
826 3014 1112 3067 :cotnedat
1133 3013 1512 3083 quodjubetur
1544 3029 1559 3070 ;
1592 3014 1788 3068 habeat
1809 3024 2069 3083 quantum

503 3076 774 3172 acceperit
812 3121 828 3160 :
860 3106 1042 3173 operis
1075 3076 1167 3158 sui
1188 3076 1352 3174 pensa
1385 3107 1685 3173 persolvat.
1732 3076 2068 3173 Subjiciatur
2099 3076 2145 3137 ϐ

502 3196 591 3248 cui
622 3210 730 3247 non
770 3196 905 3249 vult.
935 3195 1136 3251 Lassus
1167 3196 1234 3249 ad
1266 3207 1495 3251 stratum
1530 3199 1730 3261 veniat,
1763 3199 2075 3253 ambulans-

503 3301 608 3353 que
643 3288 919 3350 dormitet,
950 3289 1174 3341 necdum
1213 3288 1425 3357 expleto
1454 3303 1643 3342 somno
1673 3304 1897 3357 surgere
1924 3305 2071 3344 com-

505 3378 752 3447 pellatur.
805 3377 1006 3432 Passus
1047 3379 1298 3447 injnriam
1346 3388 1540 3435 taceat.
1579 3380 1925 3451 Prmposiium
1959 3398 2072 3437 mu-

504 3468 726 3520 nasterii
775 3468 963 3522 timeat
998 3482 1055 3522 ut
1119 3468 1425 3536 Dominum,
1464 3471 1651 3541 diligat
1677 3483 1734 3524 ut
1769 3483 2069 3540 parentem,

505 3557 695 3610 credat
726 3560 827 3611 sibi
848 3559 949 3612 hoc
968 3573 1092 3613 esse
1111 3560 1352 3615 salutare
1378 3561 1644 3630 quidquid
1674 3562 1762 3616 ille
1799 3577 2073 3632 praecepe-

505 3646 598 3713 rit,
623 3664 721 3703 nec
747 3650 1060 3719 deinajoris
1087 3652 1355 3705 sententia
1381 3653 1614 3721 judicet,
1652 3653 1808 3722 cujus
1834 3654 2070 3709 cilicium

422 3792 433 3799 .
503 3750 588 3796 est
643 3741 867 3795 obedire
898 3752 953 3795 et
1003 3742 1228 3810 implere
1289 3757 1410 3810 quae
1455 3743 1604 3811 jussa
1660 3753 1823 3799 sunt:
1859 3744 2073 3799 dicente

503 3829 683 3900 Moyse
716 3847 733 3888 :
757 3830 915 3897 Audi,
942 3829 1133 3895 Israel,
1158 3840 1209 3885 et
1238 3843 1371 3887 tace.
1402 3831 1633 3898 Quidam
1663 3834 1983 3901 profitentur
2012 3848 2069 3886 se

505 3922 815 3976 renuntiare
844 3923 1102 3975 sxcculutn
1143 3923 1485 3977 vestimentis
1517 3923 1803 3987 duntaxat,
1834 3932 1888 3977 et
1919 3925 2072 3979 vocis

509 4013 869 4078 professione,
894 4028 998 4065 non
1032 4017 1194 4067 rebus
1226 4028 1240 4067 :
1280 4013 1371 4080 qui
1406 4014 1541 4066 nihil
1569 4013 1637 4067 de
1667 4015 1900 4083 pristina
1941 4030 2073 4069 00n-

504 4104 808 4156 versatione
839 4112 1132 4167 mutantes,
1177 4119 1264 4158 res
1296 4103 1595 4158 familiares
1642 4107 1814 4173 magis
1846 4116 2068 4177 augent,

502 4208 664 4261 quam
709 4193 976 4247 minuant.
1016 4193 1217 4246 Eadem
1261 4194 1561 4247 ministeria
1589 4209 1895 4263 servorum,
1930 4198 2069 4251 idem

502 4292 793 4353 apparatus
812 4286 1075 4349 cuttvivii,
1101 4294 1154 4339 et
1178 4287 1319 4339 inter
1349 4286 1559 4354 turbas,
1599 4296 1651 4341 et
1684 4280 1935 4343 examina
1968 4290 2067 4345 mio

2169 1820 2340 1887 fores,
2367 1837 2485 1891 qua:
2537 1824 2684 1891 prius
2725 1823 3099 1876 salutantium
3136 1825 3320 1878 turbas
3368 1823 3675 1887 vontebant,
3714 1838 3748 1877 a

2174 1913 2388 1966 miseris
2427 1914 2770 1967 obsidentur.
2810 1912 2982 1979 Felix,
3037 1914 3128 1982 qui
3166 1916 3269 1968 hoc
3299 1917 3538 1970 exercitu
3570 1916 3748 1970 comi-

2174 2011 2315 2057 tatus
2340 2004 2541 2057 incedit
2581 2022 2595 2057 :
2628 2004 2753 2058 felix
2793 2007 2883 2075 qui
2919 2005 3111 2061 horum
3142 2006 3396 2061 sordibus
3435 2006 3744 2060 dealbatur.

2174 2092 2353 2147 Prima
2401 2095 2573 2150 virtus
2625 2106 2708 2149 est
2758 2099 3009 2150 monachi
3059 2104 3409 2151 contemnere
3464 2096 3745 2150 hominum

2168 2185 2393 2253 judicia,
2435 2198 2489 2243 et
2532 2205 2744 2258 semper
2775 2189 3019 2258 Apostoli
3067 2189 3337 2243 recordari
3368 2189 3648 2243 dicentis:
3687 2187 3748 2243 Si

2171 2279 2346 2332 aditus
2379 2282 2676 2334 hominibus
2716 2282 2929 2351 placere
2958 2283 3165 2344 vellem,
3195 2280 3392 2336 Christi
3420 2297 3605 2334 servus
3640 2297 3745 2333 non

2172 2387 2335 2425 essem
2370 2371 2572 2441 (Colat.
2606 2389 2644 2437 i,
2684 2375 2791 2443 l0).
2845 2374 3103 2437 Quamvis
3125 2375 3310 2428 clarus
3337 2375 3512 2427 honor
3535 2374 3747 2427 vilescit

2175 2464 2228 2518 in
2267 2466 2475 2528 turbas,
2537 2477 2593 2519 et
2655 2466 2797 2535 apud
2858 2467 3030 2521 bonos
3056 2467 3204 2521 viros
3256 2466 3476 2534 indigna
3523 2468 3582 2519 fit
3629 2466 3745 2534 ipsa

2175 2556 2449 2626 dignitas,
2505 2572 2668 2627 quam
2724 2557 2881 2610 multi
2944 2557 3148 2625 indigni
3223 2555 3524 2625 possident.
3592 2554 3748 2610 Unde

2172 2649 2392 2718 egregie
2426 2648 2495 2701 de
2547 2646 2766 2701 Caesare
2802 2647 3030 2714 Tuilius,
3060 2648 3187 2700 dum
3250 2648 3513 2715 quosdam
3558 2645 3745 2701 ornari

2174 2740 2272 2801 ait,
2304 2740 2492 2805 voluit,
2520 2756 2625 2794 non
2653 2740 2771 2795 illos
2800 2740 3136 2803 honestavit,
3161 2739 3252 2793 sed
3280 2749 3601 2793 ornamenta
3627 2742 3746 2808 ipsa

2174 2834 2429 2900 turpavit.
2463 2833 2686 2901 Semper
2712 2835 2855 2888 enim
2912 2832 3136 2900 grandia
3185 2832 3238 2885 itt
3288 2831 3621 2885 audientium
3651 2847 3750 2900 po-

2175 2933 2382 2975 nuntur
2431 2925 2657 2977 arbitrio
2691 2940 2706 2979 :
2743 2928 2883 2978 sicut
2923 2932 3004 2978 est
3060 2923 3192 2978 illud
3224 2940 3238 2979 :
3266 2921 3325 2976 Si
3357 2924 3429 2976 vis
3479 2923 3748 2992 perfectus

2174 3028 2285 3067 esse
2327 3013 2543 3084 (Matth.
2588 3031 2703 3078 xix,
2741 3018 2833 3084 2t)
2864 3034 2879 3081 ;
2915 3027 2971 3072 et
3021 3019 3148 3072 alibi
3176 3019 3240 3072 de
3278 3020 3583 3073 eunuchis:
3640 3016 3750 3084 Qui

2173 3114 2337 3173 potest
2370 3121 2553 3173 capere
2599 3109 3096 3179 capiat(lbid.12).
3131 3110 3255 3164 ideo
3288 3121 3466 3165 autem
3505 3128 3611 3164 non
3645 3127 3750 3180 po-

2174 3196 2321 3247 nitur
2343 3196 2662 3259 necessitas,
2689 3207 2744 3249 ut
2768 3198 3017 3267 voluptas
3039 3201 3319 3266 praemium
3349 3209 3744 3270 consequatur.

2174 3286 2375 3340 Christi
2406 3288 2675 3355 sapientia
2708 3302 2791 3345 cst
2823 3291 3203 3357 sanctilicatio,
3239 3293 3565 3363 redemptio.
3593 3293 3739 3348 Idem

2174 3381 2475 3449 redemptio
2503 3392 2557 3436 et
2582 3382 2815 3450 pretium
2841 3384 3089 3439 Christus
3118 3387 3326 3451 Omnia,
3355 3397 3412 3439 ut
3438 3388 3531 3456 qui
3552 3391 3742 3443 omnia

2174 3483 2392 3541 prepter
2443 3472 2720 3527 Christum
2778 3476 3064 3540 dimiserit,
3119 3490 3284 3532 unum
3346 3480 3590 3533 inveniat
3645 3496 3746 3550 pro

2173 3562 2443 3617 omnibus.
2469 3564 2600 3617 Ctnn
2633 3566 2948 3635 religionem
2972 3569 3092 3636 quis
3117 3568 3400 3637 professus
3422 3572 3608 3635 luerit,
3627 3582 3746 3626 stu-

2174 3655 2298 3710 deat
2329 3669 2435 3708 non
2465 3656 2639 3710 solum
2668 3660 2951 3725 pecuniam
2973 3660 3188 3717 Christo
3211 3660 3430 3726 offerre,
3461 3663 3556 3715 sed
3585 3672 3745 3717 etse.

2175 3749 2485 3817 tnetipsum.
2509 3748 2576 3802 Et
2607 3750 2844 3804 imitetur
2868 3749 3061 3804 Filium
3081 3752 3336 3817 hominis,
3357 3753 3448 3821 qui
3469 3768 3573 3806 non
3595 3756 3745 3808 venit

2176 3841 2495 3905 ministrari,
2522 3840 2616 3895 sed
2646 3842 2972 3899 ministrare.
2997 3841 3210 3899 Corium
3236 3843 3377 3897 enim
3393 3859 3490 3912 pro
3504 3846 3673 3908 corio,
3693 3856 3744 3899 et

2175 3934 2356 3989 omnia
2380 3948 2497 4002 qua:
2527 3934 2759 4001 possidet
2785 3936 2941 3988 homo
2958 3936 3086 3989 dare
3110 3944 3283 4005 potest
3300 3952 3391 3999 pro
3410 3940 3598 3991 innima
3617 3955 3742 3993 sua.

2173 4024 2276 4078 Sed
2295 4026 2649 4095 tange,inquit
2671 4026 2941 4092 diabolus,
2962 4043 3149 4082 carnes
3164 4029 3287 4097 ejus
3307 4026 3451 4098 (Job.
3468 4029 3531 4101 ι).
3557 4029 3746 4088 Hostis

2175 4116 2432 4183 antiquus
2490 4115 2596 4170 scit
2647 4117 2823 4185 magis
2862 4117 3214 4173 continentiae
3247 4135 3411 4187 quam
3456 4135 3743 4175 munerum

2175 4219 2294 4260 esse
2354 4215 2655 4261 certamen.
2735 4205 2916 4263 Facile
2979 4207 3234 4278 abjicitur
3294 4211 3437 4279 quod
3510 4210 3745 4266 habetur

2174 4298 2530 4353 extrinsecus.
2581 4300 2904 4371 lutesliuum
2940 4300 3139 4355 bellum
3186 4302 3559 4370 periculosius
3610 4314 3739 4367 est;

502 4379 797 4432 nistrorum
830 4376 1046 4430 nomina
1083 4379 1185 4431 sibi
1231 4378 1507 4433 vindicant
1544 4381 1793 4435 solitarii.
1823 4381 2071 4451 Plerique
2098 4405 2147 4465 ι)
2176 4390 2517 4460 conjunctam
2566 4391 3006 4461 disglutinemus,
3055 4392 3261 4445 unitatn
3291 4390 3652 4453 dissecemus.
3683 4393 3743 4450 Si

503 4469 753 4520 monachi
784 4469 990 4522 artibus
1016 4478 1078 4522 et
1103 4471 1563 4539 negotiationibus
1591 4472 1836 4540 pristinis
1877 4487 2070 4529 carere

500 4573 611 4612 non
665 4569 912 4629 possunt,
945 4575 1053 4614 non
1083 4562 1285 4616 victum
1321 4571 1376 4617 et
1433 4564 1710 4629 vestitum,
1753 4566 1895 4635 quod
1927 4566 2072 4632 Apo-

500 4653 676 4704 stolus
706 4652 983 4722 praecepit,
1030 4656 1123 4706 sed
1154 4654 1365 4724 majora
1403 4669 1567 4724 quam
1596 4659 1778 4711 saeculi
1823 4656 2072 4711 homines

497 4744 868 4795 eniolumenta
919 4753 1212 4811 sectantes,
1264 4750 1366 4799 sub
1398 4747 1676 4815 religionis
1724 4748 1879 4801 titulo
1909 4762 2070 4802 exer-

501 4846 625 4887 cent
653 4834 851 4903 injusta
888 4837 1238 4901 commercia,
1265 4847 1319 4889 et
1345 4837 1521 4907 plenis
1555 4838 1789 4892 sacculis
1820 4840 2071 4893 moriun-

500 4933 590 4978 tur
613 4927 831 4988 divites,
860 4928 951 4995 qui
975 4928 1131 4995 quasi
1161 4943 1429 4997 pauperes
1482 4929 1755 4984 vixerant.
1789 4929 1893 4996 Qui
1946 4945 2073 4998 pro-

502 5017 664 5069 licere
690 5021 893 5080 studet,
919 5033 1024 5072 non
1052 5019 1363 5073 consideret
1392 5021 1521 5089 quid
1557 5023 1682 5074 mali
1713 5022 1802 5074 alii
1840 5021 2071 5085 faciant,

501 5109 597 5162 sed
627 5111 757 5177 quid
793 5110 918 5163 boni
956 5111 1045 5164 ille
1070 5111 1252 5165 facere
1293 5113 1509 5166 debeat.
1551 5113 1608 5166 Si
1656 5115 1707 5165 itt
1739 5114 2072 5167 monasterio

502 5200 692 5254 vivens
713 5204 946 5256 clericus
969 5218 1090 5257 esse
1109 5204 1405 5269 desideras,
1430 5208 1500 5258 ita
1526 5215 1578 5258 te
1610 5206 1827 5267 exhibe,
1859 5215 1916 5258 ut
1946 5204 2072 5257 vita:

503 5291 759 5343 meritum
780 5296 1170 5362 consequaris:
1196 5296 1246 5348 id
1269 5304 1373 5361 est,
1395 5306 1453 5348 ιιι
1480 5297 1901 5351 adolescentiam
1924 5305 2070 5348 luam

505 5382 649 5434 nulla
680 5383 924 5441 libidinis
953 5389 1115 5440 sorde
1141 5391 1529 5451 commacules,
1570 5397 1629 5439 ut
1656 5387 1721 5441 ad
1757 5388 1924 5440 altare
1966 5388 2073 5441 Do-

505 5474 656 5537 mini,
688 5478 839 5542 quasi
884 5480 951 5530 de
991 5479 1231 5531 thalamo
1261 5480 1413 5547 virgo
1449 5480 1733 5547 procedas,
1769 5492 1822 5533 et
1863 5480 2071 5537 habens

504 5564 708 5617 deforis
730 5570 927 5621 bonum
951 5570 1341 5635 testimoaium,
1364 5573 1681 5640 feminaeque
1702 5588 1896 5627 nomen
1920 5585 2067 5629 tuum

509 5660 761 5724 overint,
825 5664 1030 5714 vultum
1087 5666 1357 5719 nesciant.
1412 5665 1580 5719 Multo
1628 5676 1876 5735 tempore
1913 5667 2067 5724 disce

2173 4481 2321 4535 enim
2373 4480 2663 4536 olferamus
2694 4483 2915 4538 Christo
2965 4497 3097 4553 opes
3126 4500 3252 4541 cum
3292 4485 3478 4543 mima
3528 4497 3741 4551 nostra,

2175 4571 2405 4628 libenter
2434 4574 2717 4643 suscipiet.
2751 4574 2807 4628 Si
2828 4584 3009 4631 autem
3043 4590 3163 4644 quae
3194 4576 3329 4633 foris
3366 4587 3496 4631 sunt
3527 4576 3664 4643 Deo,
3687 4586 3745 4632 et

2168 4678 2296 4731 qua:
2340 4664 2487 4718 intus
2521 4664 2741 4719 diabolo
2784 4664 2999 4731 demus,
3044 4680 3151 4720 nou
3184 4666 3289 4720 erit
3320 4682 3475 4737 aequa
3507 4668 3694 4736 portio
3723 4683 3741 4720 :

2174 4755 2557 4823 dicereturque
2596 4758 2755 4809 nobis
2787 4773 2801 4810 :
2836 4756 3017 4811 Nonne
3060 4758 3107 4811 si
3132 4768 3270 4812 recte
3304 4758 3519 4826 cierat.
3546 4767 3598 4811 et
3637 4773 3745 4811 non

2174 4858 2311 4900 recte
2350 4848 2576 4911 dividas,
2628 4850 2858 4916 peccasti
2889 4848 3045 4917 (Gen.
3075 4864 3149 4914 tv,
3194 4850 3244 4914 7,
3270 4866 3384 4905 uc.
3416 4849 3610 4918 LXX).
3646 4849 3745 4905 Νη·

2177 4939 2374 4993 nobilis
2402 4942 2616 5006 quando
2650 4956 2943 4997 conversus
2996 4942 3186 5006 fuerit,
3219 4959 3325 4997 non
3357 4944 3408 4997 ei
3438 4946 3515 4997 sit
3562 4953 3746 4999 mtuo-

2176 5030 2273 5095 ris,
2335 5033 2431 5085 sed
2486 5032 2811 5087 humilitatis
2861 5033 3100 5098 occasio,
3159 5034 3340 5088 sciens
3394 5034 3588 5089 Filium
3650 5036 3744 5090 liei

2177 5119 2378 5176 factum
2408 5138 2528 5178 esse
2559 5124 2729 5178 lilium
2784 5126 3021 5181 hominis
3057 5144 3073 5181 :
3107 5136 3476 5197 quantumque
3506 5143 3567 5181 se
3599 5128 3751 5198 deje-

2176 5217 2338 5279 cerit,
2376 5216 2633 5270 humilior
2663 5217 2887 5272 Christo
2912 5232 3015 5271 non
3038 5219 3163 5271 erit.
3185 5217 3318 5273 Nam
3343 5223 3444 5275 etsi
3478 5221 3749 5275 incederit

2177 5306 2400 5374 pedibus
2431 5310 2611 5373 nudis,
2636 5319 2691 5363 et
2721 5310 2841 5362 frua
2867 5311 3048 5367 tunicas
3075 5312 3354 5375 vestiatur,
3387 5323 3747 5379 aequeturqu

2175 5398 2524 5467 pauperibus,
2559 5411 2613 5454 et
2642 5402 2858 5471 inopum
2894 5402 3059 5459 cellas
3085 5401 3371 5471 dignanter
3397 5403 3655 5465 introeat,
3687 5414 3748 5457 et

2175 5490 2239 5542 sit
2270 5504 2537 5544 caecorum
2575 5492 2787 5554 oculus,
2828 5507 3021 5553 manus
3051 5491 3333 5559 debilium,
3384 5507 3481 5561 pes
3515 5493 3749 5548 claudo-

2175 5594 2318 5642 rum,
2364 5579 2407 5633 si
2458 5578 2579 5648 ipse
2611 5597 2805 5649 aquam
2832 5592 3031 5649 portet,
3058 5583 3199 5650 ligna
3230 5584 3504 5645 etincidat,
3560 5584 3749 5638 locum

2176 5683 2445 5739 exstruat,
2492 5676 2582 5729 ubi
2618 5675 2871 5731 vincula?
2904 5676 2990 5728 ubi
3046 5676 3252 5745 alapae?
3306 5677 3393 5731 ubi
3426 5678 3623 5747 sputa?
3657 5680 3750 5732 ubi
