4012 6188
285 303 396 360 225

1621 297 1726 359 ΑΙ)
1775 293 2204 357 MONACHOS.

3432 291 3539 357 326

290 411 546 483 ﬂagella?
571 413 658 468 ubi
685 413 1021 483 patibulum?
1047 414 1133 468 ubi
1162 413 1342 468 mors?
1366 411 1546 466 Prima
1573 413 1866 466 monacho-
1899 423 1938 472 Α
1967 409 2249 465 crudelius
2292 416 2376 462 est
2417 420 2578 476 quam
2621 417 2879 474 parentes
2933 420 2964 460 a
3012 404 3204 460 liberis
3255 419 3539 474 separare.

289 520 413 559 rum
435 504 608 560 virtus
640 505 755 559 haJc
783 514 889 570 est,
914 515 970 560 ut
993 506 1124 560 nihil
1143 505 1248 560 sibi
1267 505 1332 560 de
1350 503 1709 575 professione,
1729 503 1864 556 nihil

287 597 360 650 de
393 596 731 651 continentia
768 595 1111 650 blandiantur
1164 611 1183 652 :
1237 598 1332 650 sed
1383 597 1662 648 humilitas
1723 596 1866 649 inter

288 702 386 741 eos
417 689 697 742 contentio
727 687 822 750 sit,
847 694 902 740 et
935 687 1248 756 quicunque
1296 688 1626 741 navissintus
1678 685 1861 750 fuerit,

290 779 382 834 hic
411 779 622 845 primus
647 788 887 847 putetur.
936 779 1044 833 Nec
1070 793 1223 835 estra
1261 779 1481 836 modum
1519 781 1733 840 inediae.
1766 795 1866 834 nec

291 869 651 922 immoderata
683 869 942 924 saturitas
982 870 1434 925 condemnentur.
1467 869 1636 925 Nemo
1656 870 1866 940 judicet

287 961 554 1024 alterum,
591 976 661 1014 ne
680 975 710 1012 a
736 956 968 1015 Domino
985 960 1282 1027 jndicetur,
1313 964 1688 1032 unusquisque
1715 963 1862 1017 enim

287 1068 387 1106 suo
414 1052 649 1106 Domino
681 1062 809 1116 stat,
839 1063 936 1108 aut
959 1057 1124 1109 cadit.
1151 1055 1396 1110 Monactii
1423 1057 1738 1126 specialiter
1763 1072 1864 1110 es-

287 1144 525 1210 petenda
563 1155 648 1198 est
703 1145 960 1209 solitudo,
992 1156 1048 1200 et
1085 1148 1233 1200 urbis
1269 1149 1534 1201 habitatio
1583 1148 1863 1216 fugienda,

287 1238 455 1302 quam
484 1235 656 1288 videri
688 1244 743 1289 et
771 1237 973 1302 videre,
1019 1242 1261 1292 salutare
1291 1248 1345 1292 et
1373 1239 1622 1300 salutari,
1652 1238 1863 1292 laudari

285 1337 345 1379 et
371 1325 684 1388 detrahere,
713 1326 903 1379 audire
923 1336 977 1380 et
998 1327 1270 1396 proloqui,
1300 1340 1354 1381 et
1381 1337 1584 1382 tantam
1612 1327 1866 1396 frequen-

289 1415 429 1466 tium
461 1413 743 1467 hominum
776 1414 1008 1468 salutem
1046 1419 1272 1469 invitum
1297 1417 1405 1486 pati
1436 1431 1452 1472 :
1479 1431 1599 1485 quae
1627 1417 1806 1470 omnia
1831 1431 1864 1468 a

287 1505 576 1572 preposito
606 1505 1002 1559 monachorum
1045 1515 1100 1560 et
1151 1507 1336 1574 quiete
1363 1506 1540 1560 aliena
1594 1518 1740 1560 sunt.
1771 1507 1866 1560 Ait

285 1593 438 1645 enim
468 1610 482 1646 :
514 1594 756 1647 videmus
777 1595 1056 1649 venientes
1079 1595 1142 1649 ad
1172 1611 1292 1662 nos,
1319 1596 1662 1650 etsilentium
1691 1596 1864 1664 perdi-

289 1698 415 1736 mus
448 1701 466 1738 :
499 1695 592 1738 aut
613 1700 718 1738 non
740 1685 1006 1750 videmus,
1040 1696 1094 1740 et
1121 1688 1340 1756 superbi
1364 1688 1667 1754 arguimur.
1691 1679 1868 1742 Inter;

1968 499 2084 553 lloc
2104 497 2438 563 frequenter,
2458 495 2688 566 jnbente
2702 497 2876 566 gratia
2895 496 3120 563 Christi,
3138 497 3539 566 quodammodo

1967 603 2153 646 contra
2172 592 2296 660 jura
2325 600 2532 644 naturae
2565 591 2779 658 propria
2809 590 2941 644 fides
2973 591 3218 656 imperat.
3255 592 3368 644 luto
3401 605 3540 660 gau-

1968 684 2100 737 dens
2131 682 2360 751 appetit,
2380 689 2436 734 et
2457 695 2698 735 amorem
2729 680 2962 734 filiorum
2991 680 3200 749 majore
3233 683 3286 734 in
3311 684 3538 737 Domino

1968 787 2154 832 amore
2178 772 2506 826 contemnit.
2545 770 2859 828 Lasciviens
2887 773 3247 828 adolescentis
3268 788 3400 828 caro
3419 789 3540 828 cre-

1968 864 2083 919 bris
2113 880 2174 919 ac
2201 865 2497 933 duplicatis
2519 876 2600 918 est
2626 863 2918 934 frangenda
2943 865 3168 934 jejuniis
3193 881 3210 932 ;
3241 867 3431 918 melius
3456 876 3541 919 est

1970 959 2114 1011 enim
2143 959 2480 1012 stomachum
2510 957 2696 1010 dolere
2729 972 2890 1024 quam
2945 968 3210 1011 mentem.
3251 956 3536 1025 Nunquam

1969 1048 2038 1102 de
2065 1063 2160 1102 ore
2210 1047 2463 1102 monachi
2522 1048 2695 1117 turpis
2733 1056 2828 1100 aut
2874 1048 3108 1103 lascivus
3164 1065 3346 1103 sermo
3389 1065 3542 1118 egre-

1969 1140 2186 1206 diatur;
2217 1141 2303 1194 his
2332 1141 2477 1192 enim
2504 1140 2674 1208 signis
2705 1139 3025 1194 libidinosus
3051 1140 3266 1194 animus
3301 1142 3542 1196 ostendi-

1971 1241 2060 1285 tur
2098 1240 2153 1284 et
2171 1246 2264 1299 per
2301 1232 2630 1286 exteriorem
2673 1231 2947 1285 hominem
2987 1233 3269 1286 interioris
3300 1234 3539 1288 hominis

1969 1323 2102 1376 vitia
2129 1322 2604 1376 demonstrantur.
2625 1321 2878 1375 Mensura
2911 1323 3186 1392 religionis
3215 1333 3298 1376 est
3327 1326 3370 1377 si
3404 1340 3540 1392 pau-

1969 1424 2126 1478 peres
2159 1419 2216 1463 et
2259 1411 2552 1478 peregrini,
2595 1421 2650 1462 et
2684 1426 2806 1463 cunt
2859 1411 2962 1464 illis
2997 1413 3249 1466 Christus
3303 1413 3534 1467 conviva

1970 1519 2093 1558 esse
2120 1515 2394 1557 noscatur.
2415 1501 2676 1570 Quisquis
2704 1506 2998 1570 perfectam
3020 1506 3132 1558 vult
3158 1521 3320 1575 agere
3346 1507 3538 1572 vitam,

1969 1595 2364 1664 negotiatorem
2397 1594 2680 1657 clericum,
2713 1605 2767 1648 et
2795 1611 2863 1649 ex
2898 1597 3063 1665 in0pe
3107 1597 3354 1666 divitem,
3385 1609 3441 1654 et
3473 1615 3539 1653 es

1971 1686 2191 1753 ignobili
2215 1686 2539 1758 gloriosum,
2584 1688 2737 1755 quasi
2770 1691 3063 1755 quamdam
3095 1700 3303 1757 pestem
3365 1690 3540 1757 fugiat

289 1777 534 1844 dumque
561 1776 908 1832 visitantibus
947 1778 1224 1833 reddimus
1267 1783 1466 1843 vicem,
1498 1786 1566 1836 ad
1595 1781 1861 1850 superbos
1895 1781 1937 1834 Β
1967 1779 2326 1848 voluptatum.
2363 1776 2717 1846 Corrumpunt
2743 1780 2885 1832 enim
2919 1796 3088 1834 mores
3138 1783 3299 1835 bonos
3329 1782 3543 1850 fabula-

287 1868 439 1924 fores
477 1869 772 1936 pergimus,
808 1881 863 1924 et
917 1872 1058 1924 inter
1101 1871 1310 1942 linguas
1347 1865 1650 1927 rodentium
1698 1873 1863 1926 mitti-

289 1969 531 2016 strorum
559 1972 743 2028 postes
777 1963 1111 2030 ingredimur
1139 1973 1379 2018 auratos.
1409 1963 1548 2017 Sunt
1575 1964 1752 2018 sancti
1787 1965 1865 2016 la-

294 2053 468 2120 pides,
505 2055 598 2121 qui
629 2053 918 2106 volvuntur
946 2068 1110 2124 super
1141 2065 1364 2120 terram,
1399 2056 1582 2120 lieres,
1623 2056 1775 2125 politi
1811 2063 1864 2110 et

295 2145 626 2196 rotunditate
659 2158 757 2197 sua
795 2153 1036 2198 rotarum
1072 2145 1322 2200 cursibus
1355 2146 1562 2200 similes
1590 2155 1736 2201 sunt.
1785 2145 1863 2200 De

293 2237 496 2289 talibus
539 2231 807 2304 Propheta
830 2235 992 2304 jubet
1026 2235 1140 2290 tolli
1164 2238 1341 2300 devia,
1374 2253 1441 2292 ne
1467 2236 1860 2291 ambulantium

293 2325 348 2378 itt
374 2340 472 2380 eos
492 2323 766 2380 offendant
796 2328 983 2395 pedes.
1015 2326 1092 2380 lbi
1123 2338 1300 2381 autent
1325 2327 1666 2382 ambulantes
1692 2329 1863 2382 viato-

295 2431 410 2480 res,
473 2426 530 2471 et
586 2426 978 2482 praetereuntes
1032 2417 1359 2487 intelligendi
1416 2427 1562 2485 sunt,
1623 2419 1716 2488 qui
1765 2434 1864 2488 per

297 2505 440 2562 istud
481 2507 737 2561 saeculum
769 2506 834 2562 ad
865 2521 1157 2575 supernam
1203 2507 1592 2563 habitationem
1632 2510 1863 2564 transire

297 2598 577 2652 festinant.
613 2597 1081 2666 Reprehensibilis
1111 2608 1194 2652 est
1226 2598 1318 2665 qui
1366 2609 1636 2654 secretam
1673 2601 1863 2655 volens

297 2701 461 2756 agere
493 2687 681 2750 vitam,
717 2703 838 2740 cum
878 2687 1102 2740 clausus
1133 2687 1351 2754 cellula,
1407 2703 1638 2758 corpore
1671 2688 1859 2752 lateat,

295 2778 479 2848 lingua
541 2793 632 2848 per
678 2779 864 2832 orbem
901 2786 1150 2846 vagatur.
1202 2778 1404 2832 Caveat
1456 2781 1742 2848 religiosus
1791 2779 1863 2834 ibi

296 2873 502 2936 vivere,
523 2871 610 2924 ubi
637 2885 860 2925 necesse
887 2870 1082 2924 habeat
1110 2870 1353 2938 quotidie
1397 2881 1492 2923 aut
1522 2873 1724 2938 perire,
1769 2883 1864 2926 aut

293 2963 465 3017 vinci.
521 2963 775 3016 Seturius
804 2971 888 3016 est
940 2963 1082 3015 enim
1116 2964 1295 3031 perire
1331 2977 1437 3018 non
1483 2977 1663 3033 posse,
1699 2979 1858 3034 quam

290 3050 444 3118 juxta
480 3049 774 3118 periculum
809 3064 914 3102 non
945 3051 1172 3118 perisse.
1208 3049 1351 3104 luter
1381 3050 1567 3119 epulas
1593 3062 1647 3105 et
1680 3054 1861 3108 illece-

1968 1872 2132 1923 tiones
2155 1871 2394 1937 pessimae
2419 1867 2472 1938 (ι
2509 1870 2631 1923 Cor.
2668 1884 2758 1932 sv,
2795 1871 2908 1939 ’55).
2937 1872 3124 1927 Vestes
3157 1873 3390 1941 pollutas
3428 1872 3539 1944 [ΑΙ.

1966 1960 2162 2033 pullas]
2188 1977 2342 2029 asque
2363 1964 2596 2018 vitemus
2631 1971 2689 2016 ιιι
2711 1965 2972 2019 candidas
3014 1982 3028 2019 :
3062 1974 3288 2020 ornatus
3307 1969 3454 2022 enim
3484 1977 3544 2020 et

1964 2056 2154 2110 sordes
2209 2057 2325 2123 pari
2389 2054 2551 2108 modo
2603 2053 2858 2122 fugienda
2917 2067 3066 2119 sunt,
3127 2059 3252 2125 quia
3305 2061 3539 2112 alterum

1965 2144 2442 2207 deliciis,alterum
2482 2146 2655 2214 gloria
2696 2146 2916 2200 redolet.
2952 2144 3065 2199 Non
3099 2149 3305 2218 absque
3331 2149 3534 2202 amictu

1966 2237 2110 2292 lineo
2139 2237 2413 2302 incedere,
2461 2238 2554 2292 sed
2610 2241 2843 2308 pretium
2883 2240 3143 2294 linearum
3191 2257 3294 2294 non
3337 2242 3541 2296 habere

1964 2325 2231 2381 laudabile
2260 2337 2344 2382 est
2387 2345 2401 2381 :
2441 2329 2683 2397 alioquin
2710 2330 2992 2384 ridiculum
3022 2341 3074 2386 et
3109 2331 3322 2401 plenum
3370 2333 3538 2387 dede-

1965 2417 2109 2472 coris
2144 2426 2249 2480 est.
2277 2419 2480 2474 referto
2530 2423 2830 2490 marsupio,
2873 2423 3015 2489 quod
3063 2425 3369 2489 sudarium,
3412 2439 3542 2477 ora-

1967 2511 2217 2578 riumque
2279 2525 2384 2565 non
2446 2512 2669 2576 habeas,
2715 2513 2960 2583 gloriari.
3023 2511 3132 2567 Nec
3189 2517 3426 2569 rusticus
3482 2525 3541 2569 et

1967 2613 2174 2657 tantum
2212 2602 2446 2672 simplex
2505 2603 2680 2657 frater
2731 2604 2855 2658 ideo
2893 2619 2954 2658 se
2992 2613 3238 2658 sanctum
3287 2615 3457 2674 putet,
3491 2606 3539 2659 si

1965 2693 2101 2748 nihil
2151 2695 2361 2748 noverit
2402 2709 2418 2747 :
2456 2709 2556 2748 nec
2614 2695 2819 2762 peritus
2854 2703 2908 2747 et
2936 2694 3198 2763 eloquens
3252 2697 3304 2750 in
3352 2697 3536 2764 lingua

1955 2785 2193 2841 aestimet
2230 2785 2614 2849 sanctitatem;
2673 2786 2950 2854 multoque
3003 2787 3198 2841 melius
3253 2801 3286 2842 e
3327 2787 3538 2842 duobus

1965 2877 2298 2944 imperfectis
2323 2877 2684 2931 rusticitatem
2713 2887 2956 2931 sanctam
2986 2877 3207 2942 habere,
3235 2894 3396 2946 qttatn
3425 2879 3538 2932 elu-

1963 2968 2241 3036 quentiam
2265 2969 2647 3034 peccatricem.
2671 2966 2942 3033 Quidquid
2972 2967 3206 3020 inebriat
3246 2981 3308 3019 ac
3333 2977 3535 3020 statum

1969 3059 2166 3113 mentis
2205 3058 2422 3120 evertit,
2463 3059 2714 3113 similiter
2745 3057 3016 3125 fugiamus
3056 3059 3197 3112 sicut
3246 3073 3535 3114 venenum.

295 3142 424 3194 bras
445 3139 774 3208 voluptatum
802 3142 968 3193 etiam
993 3140 1202 3196 ferreas
1225 3151 1436 3196 utentes
1457 3142 1623 3196 libido
1653 3142 1857 3198 domat.
1887 3123 1930 3182 (ἶ
1965 3150 2076 3206 Nec
2119 3151 2224 3205 hoc
2284 3152 2408 3206 dico
2441 3151 2585 3214 quod
2637 3167 2666 3203 ιι
2717 3123 2875 3204 nobis
2917 3164 3168 3206 creatura
3225 3155 3537 3218 damnetur,

291 3231 525 3287 Diﬂicile
592 3232 734 3285 enim
789 3232 931 3286 inter
981 3232 1207 3287 delicias
1269 3245 1522 3290 servatur
1581 3236 1859 3304 pudicitia.

291 3321 486 3376 Nitens
506 3322 714 3376 cunctis
734 3322 1011 3376 sordidum
1032 3331 1270 3376 ostentat
1309 3324 1570 3377 animum.
1599 3323 1864 3378 Monachn

290 3415 338 3470 si
367 3414 603 3470 clericus
632 3425 724 3467 aut
753 3413 1031 3467 saecularis
1053 3415 1272 3478 dixerit,
1297 3414 1405 3468 Cur
1441 3417 1619 3487 pergis
1642 3419 1709 3470 ad
1739 3430 1862 3470 ere-

290 3522 468 3570 mum,
504 3515 586 3559 sta
621 3507 671 3558 in
704 3507 843 3568 acie,
874 3503 1209 3560 adversariis
1258 3517 1502 3560 armatus
1543 3508 1771 3573 obsiste,
1804 3518 1862 3561 ut

291 3611 580 3672 postquam
604 3599 818 3664 viceris,
838 3600 1118 3654 coroneris
1139 3614 1156 3655 :
1179 3600 1266 3654 ille
1294 3602 1639 3670 respondeat,
1668 3600 1864 3656 Fateor

289 3693 718 3748 imbecillitatem
743 3707 956 3754 meam"
974 3693 1098 3747 nolo
1125 3708 1221 3762 spe
1241 3708 1479 3762 pugnare
1511 3696 1768 3756 victorias.
1795 3708 1862 3748 ne

287 3783 517 3854 perdam
570 3782 858 3853 aliquando
897 3784 1201 3838 victoriam.
1239 3785 1295 3838 Si
1357 3784 1544 3855 fugere
1599 3785 1856 3854 gladittm,

287 3881 527 3933 devitari
564 3892 580 3932 :
614 3879 657 3932 si
705 3887 929 3944 stetero,
962 3890 1056 3934 aut
1082 3879 1404 3934 vincendum
1447 3879 1576 3933 mihi
1626 3888 1731 3945 est,
1764 3889 1860 3933 aut

285 3968 618 4023 cadendum.
651 3967 787 4034 Quid
816 3981 998 4024 autem
1031 3984 1252 4025 necesse
1275 3980 1358 4024 est
1388 3983 1539 4024 certa
1568 3971 1856 4033 dimittere,

284 4071 336 4114 et
369 4063 582 4113 incerta
611 4060 843 4114 sectari?
871 4070 965 4114 aut
996 4069 1176 4125 scuto,
1210 4072 1302 4115 aut
1333 4063 1562 4128 pedibus
1594 4077 1743 4116 mors
1774 4070 1860 4118 est

284 4150 534 4203 vitanda.
563 4145 642 4201 Tu
673 4151 762 4217 qui
797 4165 1025 4218 pugnas,
1057 4161 1111 4204 et
1166 4166 1427 4219 superare
1472 4163 1625 4221 potes
1651 4162 1705 4207 et
1738 4154 1858 4207 vin-

285 4253 439 4296 cere.
481 4240 593 4309 Ego
626 4253 743 4294 cum
781 4241 952 4310 fugio,
982 4256 1087 4295 non
1137 4242 1297 4296 vinco
1334 4242 1386 4296 in
1416 4257 1482 4298 eo
1516 4242 1660 4313 quod
1690 4242 1858 4314 fugio,

285 4335 389 4386 sed
447 4333 569 4385 ideo
625 4330 795 4402 fugio,
855 4348 923 4386 tte
980 4335 1194 4386 vincar.
1241 4332 1398 4388 Nulla
1458 4333 1726 4389 securitas
1776 4342 1859 4388 est

1966 3240 2234 3308 siquidem
2273 3247 2330 3293 et
2383 3240 2640 3294 Dominus
2691 3240 2800 3293 vini
2839 3251 3053 3308 potator
3093 3241 3395 3309 appellatus
3425 3251 3536 3306 est,

1965 3341 2020 3384 et
2050 3329 2336 3384 Timotheo
2358 3330 2557 3383 dolenti
2590 3333 2930 3384 stomachum
2975 3331 3242 3417 modicum
3275 3334 3385 3387 vini
3415 3348 3535 3386 sor-

1966 3424 2092 3476 bere
2124 3422 2362 3476 laxatum
2399 3431 2502 3476 est.
2537 3421 2736 3476 ditatis
2773 3432 2828 3476 et
2869 3422 3196 3478 valetudinis
3234 3433 3288 3477 et
3336 3437 3536 3491 corpo-

1963 3528 2082 3565 rum
2126 3512 2417 3577 qualitates
2445 3513 2720 3581 exigimus
2754 3513 2806 3566 in
2841 3517 3096 3581 potando.
3129 3512 3283 3578 Quod
3334 3513 3380 3567 si
3413 3515 3532 3567 sine

1961 3605 2091 3658 vino
2156 3605 2338 3668 ardeo,
2395 3615 2450 3658 et
2497 3605 2663 3658 ardeo
2701 3605 3067 3660 adolescentia
3126 3616 3184 3658 et
3223 3605 3533 3659 inﬂammor

1961 3696 2143 3750 calore
2169 3695 2476 3765 sanguinis,
2501 3705 2560 3750 et
2587 3696 2924 3760 succulenta,
2948 3697 3238 3764 validoque
3263 3711 3385 3751 sum
3416 3712 3534 3750 cor-

1961 3802 2114 3858 pore,
2152 3787 2386 3840 libenter
2417 3790 2615 3840 carebo
2660 3786 2876 3854 poculo,
2910 3788 2962 3840 in
2995 3803 3106 3855 quo
3149 3789 3390 3856 sumptio
3419 3787 3529 3841 viui

1959 3888 2063 3934 est.
2119 3877 2342 3946 Pinguis
2397 3887 2590 3934 venter
2644 3891 2751 3930 non
2805 3878 2976 3947 gignit
3017 3891 3235 3932 sensum
3274 3888 3529 3940 tenuem;

1961 3978 2172 4022 tantum
2223 3967 2318 4020 tibi
2372 3965 2706 4032 jejttniorutn
2762 3967 3004 4035 impone,
3067 3975 3332 4034 quantum
3387 3967 3532 4021 ferre

1957 4070 2136 4130 potes.
2178 4057 2299 4112 Sitit
2327 4073 2482 4126 pura,
2516 4067 2686 4132 casta,
2724 4057 3019 4126 simplicia,
3062 4061 3364 4121 moderata,
3420 4073 3530 4112 non

1957 4153 2336 4220 superstitiosa
2355 4149 2587 4222 jejuuia.
2613 4149 2750 4214 Quid
2773 4150 2996 4218 prodest
3019 4152 3193 4204 olea.n
3220 4164 3328 4204 non
3357 4153 3526 4216 vesci,

1959 4256 2014 4298 et
2038 4241 2310 4297 molestias
2334 4242 2597 4312 quasdam
2627 4241 3075 4309 dilficultatesqtte
3111 4243 3353 4296 ciborum
3385 4258 3532 4312 quae-

1961 4348 2081 4390 rere
2129 4349 2146 4388 :
2194 4334 2411 4396 cat-iere,
2457 4333 2630 4401 piper,
2689 4347 2880 4397 nuces,
2948 4332 3248 4398 palmarum
3298 4333 3529 4396 fructus,

283 4427 474 4478 vicino
523 4434 776 4493 serpente
817 4423 1075 4478 dormire.
1117 4423 1304 4480 Potest
1359 4426 1476 4480 tier-i
1525 4435 1585 4478 ut
1629 4440 1715 4480 tne
1748 4439 1856 4480 non
1889 4444 1934 4501 θ
1967 4424 2170 4488 simila,
2203 4425 2386 4492 mella,
2423 4424 2670 4494 pistacia,
2701 4433 2812 4478 tota
2841 4425 3120 4477 hortorum
3166 4423 3377 4477 cultura
3436 4437 3530 4477 ve-

286 4514 560 4578 mordeal,
584 4526 638 4569 et
660 4528 834 4568 tamen
859 4525 1039 4584 petest
1062 4517 1175 4570 ﬁeri
1202 4527 1259 4570 ut
1281 4516 1574 4585 aliquando
1589 4517 1857 4572 mordeat.

283 4607 502 4662 Idcirco
554 4610 767 4660 urbium
804 4607 1142 4677 frequentias
1192 4608 1549 4674 declinamus,
1580 4623 1648 4662 ne
1683 4609 1862 4662 facere

283 4695 700 4765 compellantur,
735 4709 853 4764 quae
881 4709 978 4748 nos
1007 4710 1112 4748 non
1145 4704 1252 4748 tam
1280 4707 1472 4751 natura
1505 4697 1649 4768 cogit
1676 4696 1862 4754 facere

283 4803 454 4858 quam
501 4787 768 4854 voluptas.
809 4785 1048 4842 Luxuria
1091 4799 1266 4844 mater
1295 4788 1540 4846 libidinis
1587 4800 1689 4856 est,
1730 4805 1862 4845 ven-

285 4889 538 4946 tremque
572 4878 864 4930 distentum
895 4878 1038 4944 cibo,
1075 4887 1132 4932 et
1180 4879 1286 4932 vini
1317 4879 1632 4949 potionibus
1665 4879 1861 4949 irriga-

283 4981 408 5023 tum
459 4968 706 5038 voluptas
755 4969 1069 5040 genitalium
1119 4973 1387 5040 sequitur.
1447 4973 1623 5042 Atque
1683 4981 1741 5026 ut
1783 4972 1858 5026 ita

279 5066 496 5119 dictum
527 5063 614 5130 sit,
662 5077 762 5133 pro
787 5064 1158 5119 membrorum
1195 5067 1388 5122 ordine
1414 5068 1551 5122 ordo
1601 5068 1858 5121 vitiorum

280 5158 586 5214 mutandus
610 5169 714 5212 est.
754 5155 1020 5211 Nobilitas
1051 5166 1107 5211 et
1135 5156 1339 5211 divitiae
1375 5173 1481 5212 non
1529 5157 1858 5212 habentibus

276 5251 384 5307 sed
431 5250 904 5303 contemnentibus
942 5262 1135 5316 magna
1193 5257 1340 5315 sunt,
1369 5248 1554 5303 surculi
1605 5249 1858 5304 homines

275 5341 592 5410 suscipiunt
621 5355 715 5393 eos
740 5341 830 5408 qui
858 5339 941 5392 his
965 5341 1167 5408 pollent
1198 5339 1516 5409 privilegiis.
1545 5338 1655 5394 Nos
1673 5349 1854 5393 autem

277 5433 571 5489 laudamus
589 5447 683 5486 eos
703 5430 792 5500 qui
823 5443 1038 5500 propter
1065 5429 1402 5486 Salvatoretn
1427 5435 1530 5485 ista
1556 5433 1860 5502 despiciunt

275 5539 336 5582 et
371 5527 568 5580 mirum
589 5525 641 5578 in
671 5528 887 5578 modum
911 5537 1046 5592 quos
1067 5524 1328 5578 habentes
1352 5525 1502 5593 parvi
1527 5527 1812 5594 pendimus
1840 5540 1858 5580 ι

275 5623 325 5675 si
378 5620 578 5672 habere
633 5616 932 5678 noluerint,
981 5615 1362 5684 praedicamus.
1422 5613 1570 5668 Inter
1621 5615 1855 5669 hostium

277 5726 504 5778 manus,
563 5719 619 5764 et
675 5711 1007 5778 captivitatis
1056 5717 1248 5765 duram
1289 5708 1666 5763 necessitatem
1723 5706 1857 5762 nihil

1962 4525 2167 4582 scatur,
2215 4526 2276 4570 nt
2324 4517 2532 4570 cibario
2576 4529 2681 4568 non
2712 4529 3007 4570 vescamur
3063 4529 3226 4582 pane.
3248 4513 3398 4568 Alios
3448 4513 3534 4565 l’er

1961 4616 2153 4660 contra
2200 4620 2378 4658 rerum
2435 4607 2827 4674 betninntnque
2873 4615 3124 4665 naturain
3173 4617 3371 4671 aquam
3421 4617 3534 4656 non

1958 4697 2166 4761 bibere,
2199 4711 2299 4751 nec
2315 4697 2458 4751 vesci
2484 4711 2642 4764 pane,
2670 4697 2766 4750 sed
2791 4695 3216 4750 sorbitiunculas
3240 4695 3534 4757 delicatas,

1959 4789 2193 4844 contrita
2230 4787 2399 4848 olera,
2433 4788 2792 4856 betarumque
2828 4800 3024 4840 succos
3055 4801 3161 4839 non
3203 4787 3378 4839 calice
3407 4799 3533 4838 sor-

1961 4882 2112 4942 bere,
2145 4879 2237 4933 sed
2261 4892 2452 4932 conca.
2489 4877 2864 4932 Fortissimum
2886 4876 3154 4948 jejunium
3179 4888 3263 4932 est
3290 4882 3445 4947 panis
3473 4883 3532 4929 et

1959 4953 2136 5040 aqua;
2159 4971 2252 5026 sed
2278 4971 2404 5039 quia
2427 4971 2656 5039 gloriam
2677 4986 2782 5024 non
2809 4971 2994 5034 habet,
3021 4982 3281 5025 etotnues
3302 4974 3369 5024 de
3393 4985 3526 5036 pane

1958 5073 2014 5119 et
2053 5078 2193 5133 aqua
2243 5062 2496 5127 vivimus,
2525 5063 2680 5130 quasi
2715 5062 2988 5129 publicum
3016 5062 3286 5133 jejunium
3314 5075 3526 5114 nuncu-

1961 5165 2140 5224 patur.
2193 5154 2339 5208 Cave
2399 5169 2468 5210 ne
2524 5153 2853 5208 rumusculis
2903 5153 3178 5207 hominum
3219 5151 3534 5220 aucuperis,

1960 5261 2030 5302 ne
2063 5246 2324 5301 offensam
2380 5243 2473 5298 Dei
2531 5244 2654 5315 |tats.
2683 5243 2816 5314 mei]
2864 5244 3180 5312 populorum
3208 5243 3365 5295 laude
3405 5256 3532 5294 coita

1963 5347 2200 5394 mutes:
2257 5335 2318 5391 Si
2377 5338 2572 5400 adhuc,
2638 5336 2814 5405 inquit
2863 5336 3177 5404 Apostolus,
3230 5333 3534 5386 hominibus

1956 5431 2254 5500 placerem,
2318 5429 2507 5486 Christi
2554 5445 2735 5484 servus
2796 5447 2897 5483 non
2954 5444 3138 5483 essent.
3201 5427 3354 5480 Desit
3413 5427 3534 5495 pla-

1959 5537 2084 5579 cete
2126 5510 2440 5577 hominibus
2468 5524 2557 5590 qui
2617 5537 2807 5576 servus
2843 5522 3015 5574 factus
3039 5529 3125 5574 est
3161 5518 3387 5574 Christi.
3423 5517 3533 5572 Per

1960 5615 2154 5668 bonam
2203 5621 2258 5667 et
2291 5615 2486 5666 malam
2523 5611 2751 5675 famam,
2781 5625 2816 5665 a
2849 5611 3077 5673 dextris,
3117 5618 3168 5662 et
3209 5627 3236 5660 ιι
3286 5608 3535 5663 sinistris

1961 5705 2162 5762 Christi
2209 5705 2362 5760 utiles
2393 5705 2663 5775 graditur,
2722 5718 2822 5757 nec
2859 5703 3016 5755 lattdc
3068 5699 3365 5767 extollitur,
3425 5713 3529 5752 nec
