4012 6188
475 271 579 336 327

1403 265 1464 328 S.
1503 263 1941 326 IIIERONYMI
1979 261 2300 324 OPERUM
2341 263 2740 323 MANTISSA.

3610 262 3726 326 3:28

474 385 874 454 vituperatione
912 381 1200 452 frangitur,
1252 393 1358 434 non
1421 379 1627 433 divitiis
1685 386 1879 440 tumet,
1943 393 2048 432 non
2082 388 2122 441 Α
2157 378 2208 432 iu
2235 393 2341 446 qna
2377 378 2449 431 illi
2490 388 2789 430 nascuntur
2821 373 3027 444 lapides
3076 373 3144 428 de
3182 373 3381 442 quibus
3429 374 3480 427 in
3509 375 3726 442 Apoca-

477 475 818 531 contrahitnr
863 481 1200 541 paupertate,
1230 480 1284 524 et
1341 470 1581 524 hetitiam
1636 469 1951 531 contemnit,
1993 479 2046 520 et

479 565 777 619 tristitiam.
812 561 902 614 Sol
936 575 1028 628 per
1059 560 1198 612 diem
1233 572 1336 613 nOn
1388 559 1496 612 urit
1519 573 1664 624 eum,
1718 572 1894 626 neque
1921 556 2045 610 luna

481 672 578 726 per
594 665 825 710 noctem.
853 653 992 718 Quid
1022 651 1178 718 facis,
1216 654 1502 714 monache,
1531 652 1583 702 in
1612 661 1838 718 paterna
1861 649 2046 710 domo,

481 750 570 802 tibi
603 747 824 810 vallum,
855 743 944 798 ubi
985 743 1150 808 fossa,
1175 741 1265 796 tibi
1295 742 1470 795 hiems
1505 749 1626 794 acta
1650 740 1750 793 sub
1782 738 2052 808 pellibus?

481 837 619 892 Ecce
649 841 714 891 de
749 836 886 890 coelo
916 837 1040 888 tuba
1066 835 1231 898 canit,
1265 847 1392 886 ecce
1426 847 1548 884 cum
1607 831 1837 884 nubibus
1866 831 2050 884 debel-

483 932 692 984 laturus
719 927 908 982 orbcm
957 929 1251 994 imperator
1281 935 1524 977 armatus
1575 923 1879 987 egreditur.
1916 919 2054 974 Ecce

484 1022 570 1076 bis
621 1031 812 1074 acutus
857 1019 1090 1086 gladius,
1122 1031 1189 1070 ex
1226 1014 1366 1082 regis
1413 1029 1511 1068 ore
1552 1015 1850 1081 procedens
1898 1014 2056 1068 obvia

483 1127 710 1181 quaeque
760 1113 934 1174 metit,
1001 1119 1050 1163 ct
1104 1117 1160 1161 tu
1205 1111 1271 1161 de
1329 1106 1582 1161 cubiculo
1631 1105 1698 1158 ad
1758 1105 1952 1168 aciem,
1994 1107 2058 1160 de

485 1203 679 1256 umbra
702 1203 978 1270 egrederis
992 1202 1057 1253 ad
1082 1201 1271 1253 solem.
1299 1197 1509 1265 Corpus
1533 1207 1808 1250 assuetum
1839 1197 2058 1255 tunicas,

487 1294 670 1348 lorica:
723 1308 863 1346 onus
912 1306 1016 1345 non
1077 1290 1287 1342 suliert.
1349 1289 1522 1356 Caput
1584 1296 1833 1354 opertum
1897 1289 2060 1339 liuteo

491 1388 697 1458 galeam
727 1394 966 1449 recusat,
1006 1383 1200 1436 molles
1233 1383 1346 1434 utio
1381 1395 1569 1434 manus
1587 1381 1758 1433 durus
1778 1387 2061 1446 exasperat

494 1479 741 1546 eapulus,
774 1483 828 1528 et
868 1475 986 1528 idco
1015 1474 1140 1527 licet
1173 1486 1363 1539 sparso
1393 1473 1567 1534 crine,
1595 1481 1649 1523 et
1683 1471 1870 1523 scissis
1899 1469 2065 1523 vesti~

497 1573 622 1634 bus,
659 1571 825 1622 ubera
859 1569 1056 1636 quibus
1093 1565 1381 1627 nutrierat,
1416 1572 1590 1616 mater
1621 1563 1872 1615 ostendat
1901 1577 1916 1617 :
1941 1561 2065 1615 licet

501 1664 552 1718 in
585 1662 767 1715 limine
800 1669 957 1727 pater
987 1658 1185 1724 jaceat,
1212 1670 1308 1724 per
1334 1656 1600 1709 calcatum
1629 1669 1795 1722 perge
1826 1664 2062 1723 patrem,

2151 470 2288 538 lypsi
2331 469 2526 522 civitas
2567 467 2744 536 magni
2778 466 2920 534 regis
2951 464 3292 518 exstruitur!
3331 463 3374 518 0
3404 479 3621 520 eremus
3651 466 3731 519 fa-

2153 561 2350 614 miliari
2387 559 2494 612 Deo
2521 558 2796 627 gaudens!
2831 556 2973 621 Quid
3007 556 3144 624 agis,
3187 557 3474 620 monacho,
3525 557 3579 608 itt
3626 571 3730 609 sa:-

2153 654 2294 716 culo,
2324 653 2414 719 qui
2466 651 2636 716 major
2684 665 2744 704 es
2776 649 2978 702 mundo
3015 663 3030 706 :
3073 648 3313 718 quandiu
3348 658 3400 702 te
3457 657 3728 702 tectorum

2155 747 2361 797 umbrae
2409 751 2667 811 premunt
2720 782 2736 806 ,
2806 741 3050 811 quandiu
3121 741 3456 795 fumosarnm
3513 743 3728 794 urbium

2155 850 2346 889 carcer
2372 835 2642 888 includit?
2667 835 3042 904 Paupertatem
3074 833 3255 896 times,
3275 832 3369 886 sed
3393 835 3576 886 beatos
3600 849 3736 903 pau-

2157 941 2312 994 peres
2344 925 2596 979 Christus
2623 928 2880 994 appellat.
2927 924 3138 978 Labore
3178 923 3424 985 terreris,
3456 925 3549 976 sed
3571 939 3735 979 nemo

2159 1018 2360 1071 athleta
2397 1018 2515 1070 sine
2545 1017 2840 1071 sudoribus
2874 1025 3172 1068 coronatur
3205 1029 3222 1069 :
3250 1018 3315 1068 de
3354 1014 3476 1067 cibo
3501 1016 3736 1083 cogitas,

2160 1110 2252 1164 sed
2271 1110 2400 1164 ﬁdes
2427 1109 2626 1162 famem
2658 1123 2764 1162 non
2796 1109 2960 1162 sentit
2989 1117 3078 1161 :et
3107 1121 3272 1174 super
3301 1106 3499 1160 nudam
3534 1107 3737 1160 metuis

2164 1201 2386 1255 humum
2419 1216 2580 1256 exesa
2603 1200 2824 1268 jejuniis
2859 1200 3099 1252 tnembra
3146 1197 3452 1263 considere,
3501 1202 3595 1251 sed
3626 1197 3740 1252 Do-

2167 1293 2738 1360 minustecumjacet.
2795 1291 3056 1358 Squalido
3119 1291 3313 1358 capitis
3368 1291 3621 1353 horrore,
3677 1300 3736 1344 et

2163 1387 2365 1440 inculta
2397 1386 2671 1448 cmSaries,
2697 1385 2790 1437 sed
2815 1392 2978 1452 caput
3003 1393 3152 1436 tuum
3185 1384 3432 1437 Christus
3461 1391 3565 1437 est.
3603 1381 3738 1435 Infi-

2169 1476 2276 1526 nita
2307 1476 2471 1528 eremi
2508 1475 2731 1527 vastitas
2755 1483 2942 1536 terret,
2979 1473 3074 1526 sed
3101 1484 3152 1526 tu
3186 1474 3238 1524 in
3267 1474 3516 1541 paradiso
3547 1483 3732 1526 mente

2169 1565 2450 1617 deambula
2475 1564 2945 1632 ;qu0tiescunque
2967 1564 3094 1617 illuc
3111 1547 3438 1630 cogitatione
3457 1572 3742 1617 transcen-

2170 1657 2336 1720 deris,
2379 1657 2541 1708 toties
2595 1655 2646 1707 in
2679 1669 2864 1708 eremo
2900 1669 3004 1706 uou
3053 1658 3182 1708 eris.
3217 1653 3418 1707 Scabra
3465 1657 3582 1707 sine
3621 1655 3740 1706 han

499 1756 660 1810 siccis
695 1754 868 1808 oculis
895 1753 962 1805 ad
991 1750 1247 1804 vexillum
1288 1749 1468 1800 crucis
1491 1749 1629 1812 vola,
1659 1747 1874 1816 pietatis
1895 1761 2067 1813 genus
2102 1745 2142 1801 Β
2173 1747 2289 1801 neis
2308 1747 2598 1799 attrahitur
2615 1747 2774 1807 cutis.
2800 1749 2895 1799 sed
2925 1747 3015 1814 qui
3054 1749 3105 1798 in
3139 1744 3357 1798 Christo
3392 1745 3558 1800 semel
3599 1747 3746 1800 lotus

497 1857 582 1902 est
613 1848 664 1899 in
695 1846 798 1898 hac
833 1859 892 1897 re
932 1856 1050 1896 esse
1079 1840 1372 1894 crudelem.
1410 1837 1622 1902 Veniet,
1662 1839 1839 1892 veniet
1871 1848 2064 1906 postea

500 1941 636 2004 ilics,
689 1952 798 2005 quo
843 1936 1012 1988 victor
1075 1932 1368 1987 revertaris
1427 1931 1477 1982 in
1530 1932 1784 1999 patriam,
1826 1945 1931 1998 quo
1957 1943 2068 1984 cte-

501 2031 690 2082 lestem
753 2024 1054 2080 Jerusalem
1109 2025 1194 2076 vir
1257 2031 1552 2076 coronatus
1611 2021 1857 2075 incedas.
1915 2020 2069 2075 Tunc

503 2117 893 2183 municipatum
924 2129 1044 2166 cum
1075 2111 1244 2167 Paulo
1275 2113 1480 2179 capies,
1504 2120 1634 2164 tunc
1669 2124 1793 2164 cum
1827 2112 2070 2179 parenti-

503 2211 604 2264 bus
621 2208 863 2279 ejusdem
892 2205 1128 2262 civitatis
1148 2205 1236 2273 jus
1269 2218 1438 2274 petes.
1472 2204 1627 2258 Tunc
1653 2214 1708 2257 et
1737 2220 1834 2273 pro
1857 2220 1944 2258 me
1989 2219 2073 2258 ro-

504 2301 680 2369 gabis,
711 2301 806 2369 qui
837 2308 896 2352 ut
937 2301 1186 2352 vinceres
1228 2297 1474 2351 incitavi.
1505 2298 1788 2364 Scriptura
1816 2297 2073 2367 praecepit

506 2391 821 2460 parentibus
850 2391 1279 2458 obsequendmn,
1314 2388 1406 2440 sed
1439 2386 1746 2454 quicunque
1770 2402 1864 2440 eos
1899 2402 2064 2454 supra

506 2483 778 2536 Christum
809 2489 974 2542 amat,
1012 2479 1202 2547 perdet
1233 2479 1466 2530 animam
1517 2493 1690 2530 suam.
1716 2476 1896 2531 Facile
1923 2494 2071 2531 rum-

507 2575 588 2642 pit
620 2573 734 2627 haec
780 2569 991 2624 vincula
1033 2584 1186 2622 amor
1235 2567 1439 2621 Christi
1494 2575 1548 2620 et
1579 2567 1739 2621 timor
1788 2566 2074 2636 gehennae.

507 2663 756 2718 Gladium
787 2671 932 2716 tenet
959 2661 1152 2726 hostis,
1188 2668 1246 2712 ut
1285 2674 1370 2712 me
1412 2658 1664 2728 perimat,
1698 2668 1752 2712 et
1779 2674 1876 2726 ego
1902 2658 1968 2711 de
1999 2659 2079 2712 la-

509 2756 712 2826 crymis
768 2754 955 2808 matris
1017 2752 1306 2819 cogitabo:
1341 2759 1556 2819 propter
1581 2757 1784 2818 patrem
1830 2765 1880 2803 ω
1908 2750 2076 2805 litiam

511 2848 726 2911 desero,
755 2847 842 2900 cui
895 2845 1228 2913 sepulturam
1269 2843 1474 2896 Christi
1528 2856 1690 2896 causa
1749 2857 1854 2895 non
1884 2843 2078 2907 debeo,

511 2952 772 3010 quantum
805 2938 1060 2992 onmibus
1086 2935 1203 3005 ejus
1227 2950 1388 2988 causa
1410 2933 1604 2989 debeo.
1640 2933 1800 2989 Aries
1836 2935 1937 2989 iste
1969 2936 2082 3002 pie-

513 3030 667 3092 tatis,
701 3041 809 3095 quo
845 3028 976 3080 lides
1008 3025 1268 3093 quatitur,
1299 3022 1574 3090 Evangelii
1607 3021 1976 3077 retundendus
2001 3031 2087 3077 est

515 3135 774 3174 mucrone
809 3135 824 3172 :
857 3117 1032 3170 Mater
1061 3133 1174 3168 mea
1206 3125 1254 3170 et
1286 3115 1477 3184 fratres
1507 3116 1606 3168 mei
1634 3115 1689 3168 hi
1719 3127 1841 3170 sunt
1871 3116 1960 3183 qui
1999 3115 2084 3183 fa-

514 3213 660 3264 ciunt
695 3211 1012 3264 co!untutem
1055 3207 1359 3260 Patrismei
1383 3207 1472 3273 qui
1510 3208 1566 3260 in
1591 3208 1732 3260 caelis
1757 3217 1834 3260 est
1858 3207 2082 3277 (Matth.

516 3318 612 3368 XII,
641 3303 733 3362 49,
756 3300 870 3370 50.)
900 3300 956 3352 Si
994 3299 1220 3351 credunt
1240 3299 1291 3350 in
1315 3295 1795 3360 Christo,faveant
1827 3297 1958 3352 mihi
1992 3311 2090 3367 pro

517 3393 638 3464 ejus
676 3393 894 3446 nomine
956 3399 1260 3459 pugnaturo
1292 3404 1310 3443 :
1375 3389 1418 3441 si
1453 3403 1558 3440 non
1593 3388 1847 3454 credunt,
1893 3390 2090 3444 mortui

517 3484 784 3555 sepeliant
815 3493 1056 3536 mortuos
1107 3495 1256 3535 suos.
1293 3479 1657 3536 Adversarius
1718 3491 1906 3535 noster
1962 3489 2086 3535 tan-

519 3593 681 3647 quam
709 3575 795 3630 leo
817 3575 1036 3644 rugiens
1063 3573 1295 3642 aliquem
1316 3573 1578 3626 devorare
1592 3588 1843 3642 quazrens
1861 3573 2092 3628 circuit:

521 3681 575 3722 et
613 3679 667 3720 tu
712 3667 982 3721 frondosae
1027 3661 1244 3717 arboris
1307 3670 1481 3716 tectus
1533 3661 1852 3715 umbraculo
1906 3661 2097 3715 molles

523 3774 744 3814 somnos
767 3756 982 3810 futurus
1007 3753 1183 3824 praeda
1221 3752 1422 3822 carpis.
1455 3751 1586 3806 lude
1611 3751 1836 3805 avaritia
1869 3761 2097 3806 conatur

526 3853 850 3918 irrumpere,
896 3847 1025 3901 inde
1069 3854 1259 3900 venter
1295 3860 1445 3898 meus
1481 3843 1592 3898 vult
1641 3843 1771 3898 mihi
1805 3845 1862 3896 ι).
1885 3858 1951 3897 us
1976 3857 2099 3898 esse

527 3959 624 4012 pro
646 3943 888 3996 Christo.
913 3937 1199 4008 Compellit
1235 3936 1402 3990 libido
1435 3947 1493 3988 ut
1549 3935 1880 3989 habitantem
1913 3936 1965 3988 in
2013 3950 2099 3990 mc

527 4033 790 4102 Spiritum
817 4041 1064 4085 sanctum
1089 4028 1296 4098 fugem,
1329 4036 1388 4080 ut
1427 4027 1684 4094 tetnplum
1724 4027 1814 4080 Dei
1849 4025 2042 4080 violem
2081 4043 2096 4081 :

528 4125 870 4193 persequitur
907 4137 1018 4185 me,
1055 4120 1303 4187 inquam,
1358 4117 1552 4181 hostis,
1585 4117 1671 4172 cui
1709 4117 1922 4170 nomina
1955 4117 2099 4171 mille

527 4227 580 4270 et
612 4215 756 4269 inille
786 4211 1019 4269 nocendi
1049 4219 1175 4264 sunt
1204 4220 1380 4273 artes;
1405 4219 1458 4262 et
1480 4224 1580 4278 ego
1618 4208 1804 4262 infelix
1839 4210 2098 4264 victorem

530 4321 616 4359 me
651 4303 849 4373 putabo
898 4302 1024 4357 dum
1059 4301 1270 4370 eapior.
1323 4299 1602 4354 Perfectus
1657 4313 1848 4354 servus
1894 4301 2098 4355 Christi

2169 1847 2275 1903 est,
2297 1853 2406 1892 non
2435 1838 2508 1892 illi
2535 1851 2759 1892 necesse
2787 1847 2871 1890 est
2913 1838 3106 1889 iterum
3144 1839 3309 1890 lavari
3343 1854 3358 1891 :
3387 1845 3440 1891 et
3475 1849 3532 1892 ut
3561 1839 3746 1892 brevi-

2171 1943 2251 1985 ter
2301 1931 2368 1984 ad
2417 1938 2611 1984 cuncta
2654 1931 2970 1998 Apostolum
3019 1929 3210 1982 audias
3271 1933 3686 1998 respoudcntem
3725 1948 3742 1985 :

2174 2021 2297 2076 Non
2320 2031 2439 2076 sunt
2469 2024 2741 2090 condigna:
2776 2023 3046 2092 passiones
3086 2022 3241 2090 hujus
3269 2025 3517 2088 (corporis
3559 2023 3626 2075 ad
3661 2024 3756 2084 fu-

2174 2127 2348 2170 turum
2373 2115 2602 2184 gloriam
2633 2131 2752 2184 quae
2791 2114 3107 2168 revelabitur
3144 2115 3195 2166 in
3227 2116 3372 2168 nobis
3421 2113 3592 2184 (Rom.
3629 2131 3757 2182 viti,

2177 2208 2290 2279 18).
2326 2209 2596 2262 Delicatus
2621 2207 2770 2261 miles
2797 2221 2879 2272 es,
2909 2207 2952 2261 si
2973 2206 3060 2260 hic
3085 2205 3166 2260 vis
3185 2207 3421 2277 gaudere
3447 2211 3501 2260 in
3522 2209 3754 2269 saeculo,

2180 2309 2233 2355 et
2271 2309 2462 2370 postea
2527 2313 2754 2368 regnare
2823 2313 2946 2352 cum
3002 2298 3243 2351 Christo.
3299 2297 3514 2352 Honora
3539 2309 3752 2368 patrem

2179 2403 2356 2458 llllllll,
2388 2393 2482 2446 sed
2516 2394 2560 2445 si
2590 2405 2640 2446 te
2669 2407 2698 2445 a
2733 2405 2864 2445 vero
2898 2389 3060 2444 Patre
3107 2405 3209 2444 non
3270 2401 3527 2460 separat:
3561 2391 3752 2444 tandiu

2182 2485 2319 2536 scito
2349 2482 2629 2550 sanguinis
2651 2481 2925 2548 copulam,
2962 2481 3206 2548 quandiu
3236 2480 3327 2534 ille
3359 2495 3517 2534 suum
3546 2484 3762 2535 noverit

2181 2581 2509 2626 creatorem.
2559 2570 2858 2625 Dolendum
2909 2579 3155 2644 est'nou
3207 2586 3453 2639 quaerere
3507 2570 3762 2626 homines

2185 2664 2322 2718 bona
2349 2672 2575 2725 aeterna,
2601 2678 2722 2731 qua:
2747 2670 2898 2714 certa
2927 2669 3074 2724 sunt,
3102 2669 3160 2715 et
3202 2675 3426 2729 sperare
3458 2662 3512 2714 iu
3546 2661 3762 2716 incerta

2188 2753 2531 2822 temporalia,
2561 2768 2678 2821 quae
2709 2753 2913 2807 multos
2944 2767 3053 2806 non
3085 2753 3287 2807 habere
3317 2753 3518 2820 videas,
3551 2765 3765 2808 etcum

2187 2844 2476 2897 habuerint
2509 2842 2830 2910 perdidisse.
2863 2841 3018 2907 Quod
3048 2843 3094 2897 si
3129 2843 3328 2897 dixerit
3357 2845 3498 2912 quis,
3547 2847 3632 2899 cui
3665 2846 3756 2898 di-

2189 2937 2347 2989 mitto
2375 2944 2554 2988 tantas
2589 2934 2827 2999 divitias,
2879 2937 3203 3004 respondeo,
3237 2937 3455 2990 Christo
3488 2937 3578 3006 qui
3615 2937 3764 2991 mori

2113 3062 2155 3118 ο
2193 3043 2298 3080 non
2342 3036 2538 3095 potest.
2563 3027 2734 3092 Quem
2768 3025 2966 3092 habeo,
3003 3027 3211 3095 inquis,
3261 3027 3549 3091 haeredem,
3579 3029 3762 3096 ipsum

2190 3132 2352 3187 quem
2377 3125 2431 3170 et
2464 3118 2741 3171 Dominum
2780 3131 2794 3169 :
2831 3109 3247 3172 contristabitur
3277 3129 3447 3186 pater,
3487 3123 3578 3173 sed
3610 3120 3766 3172 laeta-

2193 3211 2337 3264 bitur
2359 3208 2646 3275 Christus;
2677 3209 2882 3277 lugebit
2917 3207 3146 3272 famiha,
3180 3210 3271 3262 sed
3322 3209 3495 3279 angeli
3523 3225 3766 3280 congra-

2195 3301 2529 3357 tulabuntur.
2587 3289 2774 3355 Faciat
2817 3310 2974 3371 pater
3019 3303 3164 3371 quod
3197 3305 3313 3364 vult
3337 3303 3404 3357 de
3457 3305 3767 3358 substantia

2195 3409 2329 3460 sua;
2365 3410 2468 3448 non
2499 3409 2558 3446 es
2582 3392 2698 3460 ejus
2730 3395 2816 3446 cui
2865 3403 3029 3449 natus
3065 3408 3148 3460 es,
3177 3395 3271 3448 sed
3308 3395 3396 3448 cui
3432 3405 3677 3460 renatus,
3708 3407 3770 3452 et

2194 3489 2369 3557 quide
2409 3487 2599 3556 grandi
2654 3485 2833 3555 pretio
2887 3485 3118 3539 redemit
3167 3487 3447 3554 sanguinis
3502 3488 3606 3541 sui.
3643 3487 3768 3544 Non

2196 3583 2518 3655 «junguntur
2572 3575 2624 3626 in
2679 3573 3008 3628 Christianis
3041 3574 3218 3639 initia,
3246 3579 3339 3631 sed
3382 3577 3525 3632 llnis.
3565 3577 3776 3637 Paulus

2199 3670 2337 3724 male
2368 3669 2550 3736 erepit,
2582 3672 2673 3722 sed
2709 3669 2847 3722 bene
2882 3668 3055 3722 finivit
3076 3685 3092 3724 :
3116 3668 3268 3724 Judaa
3298 3671 3584 3726 laudantur
3607 3690 3776 3728 exor-

2199 3762 2309 3825 dia,
2335 3761 2428 3814 sed
2461 3760 2584 3815 finis
2608 3759 2911 3830 proditione
2929 3759 3237 3816 damnatur.
3262 3761 3318 3816 lu
3347 3779 3506 3818 servo
3536 3764 3626 3819 Dei
3663 3782 3779 3822 non

2200 3852 2447 3922 corporis
2477 3853 2678 3917 cultus,
2741 3853 2835 3908 sed
2882 3854 3080 3908 animae
3120 3857 3276 3924 vigor
3335 3858 3634 3925 quaeritur,
3679 3861 3776 3928 qui

2201 3945 2381 3998 carnis
2412 3945 2728 3999 inlirmitate
2779 3946 2839 4000 fit
2883 3945 3100 4000 fortior.
3153 3943 3298 4000 Nihil
3351 3949 3430 4002 sic
3476 3947 3782 4004 inﬂammat

2201 4051 2454 4106 corpora,
2482 4047 2536 4090 et
2567 4037 2754 4091 titillat
2797 4043 3042 4094 membra
3070 4038 3346 4108 genitalia,
3379 4045 3652 4109 quomodo
3679 4044 3773 4096 in-

2202 4129 2442 4198 digestas
2470 4129 2641 4195 cibus,
2687 4142 2978 4202 ructusque
3019 4131 3350 4188 convulsus:
3387 4133 3647 4204 quidquid
3678 4151 3778 4190 se-

2205 4220 2494 4274 niinariutn
2530 4219 2867 4289 voluptatum
2916 4230 3023 4286 est,
3057 4233 3116 4276 ut
3168 4238 3439 4277 venenum
3496 4227 3777 4277 vitandum

2204 4322 2309 4364 est.
2337 4311 2541 4366 Parcus
2581 4311 2743 4382 igitur
2773 4311 2953 4378 cibus,
2976 4325 3033 4368 et
3062 4325 3252 4369 venter
3277 4329 3490 4383 semper
3520 4319 3781 4372 esuriens

531 4395 667 4451 nihil
695 4403 890 4465 praeter
935 4393 1212 4447 Christum
1261 4393 1494 4446 habeat:
1553 4391 1791 4460 alioquin
1828 4393 2098 4461 perfectus
2131 4406 2175 4463 ι)
2205 4401 2476 4455 triduanis
2533 4401 2758 4472 jejuniis
2790 4403 3114 4470 praefertur:
3175 4407 3401 4460 multum
3457 4408 3649 4463 melius
3695 4421 3785 4464 ρει

534 4500 641 4540 non
675 4493 759 4539 est
782 4500 800 4544 ;
820 4492 874 4538 et
905 4483 950 4538 si
982 4481 1256 4553 perfectus
1286 4497 1391 4535 non
1418 4489 1523 4546 est,
1555 4496 1680 4536 cum
1711 4497 1770 4536 se
1796 4483 2098 4551 perfectqu

535 4575 651 4630 fore
689 4575 795 4628 Deo
847 4574 1122 4644 pollicitus
1178 4577 1248 4626 sit
1297 4583 1442 4637 ante,
1494 4572 1753 4627 mentitur
1784 4590 1798 4626 :
1829 4589 1886 4627 os
1927 4585 2102 4627 autem

531 4669 671 4734 quod
695 4667 946 4720 mentitur
991 4667 1183 4720 occidit
1232 4667 1466 4719 animam
1495 4666 1650 4736 (Sap.
1693 4682 1731 4733 t,
1778 4668 1884 4737 ll).
1923 4667 2106 4722 Mona-

533 4762 744 4816 chnsin
767 4774 861 4814 sua
894 4759 1064 4828 patria
1097 4773 1200 4812 non
1236 4759 1397 4814 habet
1427 4759 1710 4824 honorem,
1745 4767 1801 4814 ct
1819 4763 1906 4814 ubi
1934 4764 2107 4815 honor

536 4858 772 4913 nonest,
831 4851 904 4903 ibi
935 4857 1280 4917 contemptus
1321 4849 1447 4914 est;
1487 4849 1576 4903 ubi
1632 4859 1993 4920 cciitcuiptus.
2031 4853 2104 4906 ibi

537 4942 792 5012 frequens
825 4940 1043 5008 injuria,
1070 4939 1140 4992 ibi
1173 4950 1227 4994 et
1252 4940 1590 5010 indignatio;
1618 4942 1702 4994 ubi
1753 4954 1806 4996 et
1861 4944 2108 5010 indigna-

540 5034 636 5096 tio,
670 5032 740 5087 ibi
793 5035 947 5100 quies
982 5031 1164 5096 nulla;
1203 5032 1294 5085 ubi
1345 5033 1499 5100 quies
1548 5049 1653 5086 non
1687 5042 1789 5098 est,
1827 5035 1896 5089 ibi
1954 5050 2108 5088 meus

540 5139 568 5176 a
605 5124 878 5192 preposito
908 5138 1046 5192 smpe
1091 5123 1390 5176 deducitur.
1433 5121 1529 5176 Ubi
1557 5132 1736 5176 autem
1771 5139 1865 5192 per
1896 5125 2110 5192 inquie-

543 5216 779 5269 tudinem
815 5215 1019 5282 aliquid
1051 5213 1301 5267 aufertur
1332 5230 1394 5267 ex
1427 5215 1629 5278 studio,
1657 5218 1834 5270 minus
1860 5219 1916 5270 lit
1945 5219 2014 5271 ab
2043 5232 2109 5271 eo

541 5309 682 5378 quod
725 5310 928 5362 tollitur
959 5325 972 5360 :
1003 5319 1057 5360 ct
1108 5307 1198 5359 ubi
1255 5307 1432 5360 minus
1479 5317 1581 5370 est,
1635 5306 1930 5374 perfectum
2001 5327 2106 5366 non

544 5408 720 5468 potest
755 5399 881 5454 dici.
913 5400 984 5452 Ex
1029 5401 1127 5455 hac
1155 5399 1540 5466 supputatione
1571 5401 1657 5452 illa
1689 5415 1900 5454 summa
1930 5406 2110 5456 nasci-

546 5501 653 5553 tur,
679 5490 1002 5542 monachum
1032 5490 1328 5556 perlectum
1377 5491 1428 5543 in
1486 5492 1660 5558 patria
1705 5509 1804 5546 sua
1837 5511 1958 5550 esse
2002 5513 2107 5550 non

544 5596 720 5647 po.sc.
758 5579 1062 5634 Pcrlcctunt
1107 5590 1285 5634 autem
1326 5583 1462 5635 nolle
1491 5599 1629 5647 esse,
1659 5586 1975 5653 delinquere
2003 5597 2108 5643 est.

543 5673 598 5729 υ.
619 5674 896 5726 desertum
927 5673 1127 5727 Christi
1178 5673 1398 5727 floribus
1463 5681 1744 5732 vernans!
1793 5675 1837 5731 0
1873 5681 2107 5735 solitudo

2206 4493 2446 4560 quotidie
2470 4510 2681 4562 parum,
2712 4510 2872 4563 quam
2906 4511 3030 4549 raro
3052 4497 3183 4550 satis
3208 4511 3444 4552 sumere.
3468 4498 3653 4552 Pluvia
3679 4503 3772 4554 ida

2205 4584 2406 4654 Optima
2439 4597 2544 4646 cst,
2569 4599 2688 4654 qua:
2725 4585 2926 4640 sensim
2959 4587 3238 4642 descendit
3263 4587 3316 4641 in
3365 4599 3575 4643 terras:
3610 4592 3768 4645 subi-

2208 4684 2294 4729 tus
2339 4686 2392 4730 et
2443 4677 2642 4730 nitnius
2677 4676 2852 4730 imber
2887 4677 2941 4730 iu
2990 4692 3235 4746 praeceps
3297 4693 3426 4731 arva
3489 4682 3782 4734 subvertit.

2207 4766 2434 4830 Quando
2454 4766 2717 4831 comedis,
2751 4767 2928 4836 cogita
2971 4769 3112 4836 quod
3144 4769 3325 4822 statim
3354 4769 3448 4823 tibi
3489 4772 3784 4835 orandum,

2209 4858 2353 4912 illico
2383 4857 2669 4929 legendum
2705 4860 2795 4913 sit.
2827 4858 2942 4912 Non
2971 4875 3183 4927 queres
3213 4859 3264 4911 iu
3299 4864 3562 4914 tuotiacho
3583 4861 3784 4930 linguae

2212 4953 2469 5018 nitorem,
2522 4952 2617 5006 sed
2677 4953 2870 5004 anima:
2925 4954 3236 5020 puritatem.
3291 4953 3445 5020 Apud
3499 4952 3785 5021 religiosos

2211 5043 2354 5096 cnim
2390 5042 2735 5096 soloecismus
2788 5056 3012 5108 magnus
3043 5050 3098 5094 et
3141 5041 3350 5106 vitium,
3398 5053 3552 5110 turpe
3579 5043 3790 5112 aliquid

2212 5133 2294 5185 vel
2345 5148 2569 5187 narrare
2615 5133 2697 5188 vel
2754 5131 2954 5186 facere.
2997 5130 3342 5187 Veneratioai
3409 5135 3652 5187 habenda
3703 5146 3795 5191 est

2214 5241 2318 5280 non
2348 5233 2582 5280 verbosa
2614 5225 2915 5288 rusticitas,
2945 5225 3038 5278 sed
3066 5236 3253 5279 sancta
3281 5223 3625 5293 simplicitas.
3657 5227 3792 5282 Sta-

2215 5321 2363 5373 diutn
2413 5330 2496 5374 est
2533 5320 2644 5374 haec
2689 5318 2798 5371 vita
2835 5317 3120 5370 mortalis:
3154 5316 3241 5370 hic
3291 5317 3693 5382 contendimus,
3735 5331 3797 5375 ut

2216 5411 2342 5464 alibi
2373 5424 2722 5464 coronemur.
2759 5406 2876 5461 Non
2912 5409 3104 5476 quaerit
3145 5405 3392 5461 diabolus
3424 5407 3670 5463 homines
3704 5410 3794 5461 iu-

2216 5502 2421 5566 lidclcs,
2450 5516 2554 5555 non
2586 5516 2680 5553 eos
2725 5501 2814 5566 qui
2868 5496 3003 5552 foris
3059 5508 3208 5560 sunt,
3242 5507 3297 5552 et
3327 5513 3559 5567 quorum
3599 5513 3798 5556 carnes

2221 5609 2312 5646 rex
2340 5594 2594 5662 Assyrius
2635 5592 2688 5644 itt
2720 5606 2841 5644 ossa
2868 5593 3171 5656 succendit,
3208 5592 3301 5644 sed
3331 5592 3398 5644 de
3433 5587 3676 5644 Ecclesia
3711 5606 3798 5643 ra-

2219 5698 2345 5753 pere
2415 5682 2650 5736 festinat.
2720 5680 2870 5735 Esrm
2904 5681 3019 5748 ejus
3066 5683 3360 5736 secundum
3403 5683 3619 5734 Abacuc
3667 5697 3794 5750 pro-
