4012 6188
313 308 427 367 3‘23

1478 307 1794 376 REGULA
1830 303 2392 366 MONACHORUM.

3463 311 3572 374 330

319 423 548 485 plu-tam
575 422 762 478 electae
791 431 938 479 sunt.
975 423 1076 479 Job
1103 423 1420 479 subvertere
1455 421 1626 488 cupit,
1657 427 1713 474 et
1738 419 1903 474 devo-
1931 423 1982 484 Α
2010 419 2082 472 ris
2112 420 2406 488 ignominia
2459 425 2562 472 est.
2625 415 2985 472 [lentitudinis
3039 426 3144 474 tute
3196 418 3570 490 interrogatio,

313 523 444 568 rato
499 511 660 579 .luda,
706 515 1075 584 apostolorum
1129 513 1333 585 expetit
1386 521 1726 583 potestatem.
1777 508 1893 562 Non

317 607 477 661 sinas
501 607 864 675 cogitationes
911 621 1166 670 crescere
1196 608 1250 660 in
1299 607 1466 659 corde
1505 613 1642 657 tuo:
1677 601 1809 655 nihil
1841 601 1894 654 in

314 709 372 754 te
402 700 779 771 Babylonium.
811 702 944 756 nihil
984 700 1326 756 confusionis
1384 699 1691 754 adolescat.
1751 696 1890 750 Dum

315 809 522 858 parvus
572 805 658 847 est
693 793 888 854 hostis.
947 794 1214 848 interﬁce.
1266 792 1516 861 Nequitia
1566 790 1803 846 elidatur
1836 789 1892 843 in

317 883 552 943 semine,
581 883 723 952 quod
748 884 1085 950 impossibile
1115 893 1201 938 est
1231 885 1286 938 in
1317 897 1480 938 sensu
1511 881 1745 935 hominis
1779 894 1886 933 non

313 975 479 1034 oriri,
514 984 639 1027 noto
688 974 1049 1029 medullarum
1095 975 1304 1030 calore.
1352 974 1447 1028 Ille
1490 971 1764 1034 laudatur,
1800 969 1890 1022 ille

314 1061 650 1129 pra-dicatur
687 1063 898 1128 beatus,
934 1064 1026 1132 qui
1087 1079 1209 1118 cum
1246 1063 1604 1133 cogitationes
1650 1075 1776 1116 suas
1808 1061 1898 1114 in-

313 1149 611 1217 cus-perint,
640 1150 915 1215 interﬁcit,
947 1160 1002 1205 et
1025 1151 1178 1207 elidit
1207 1168 1300 1207 eas
1357 1154 1424 1207 ad
1476 1162 1708 1222 petram.
1747 1162 1896 1218 petra

314 1250 495 1293 autem
521 1250 636 1292 erat
675 1240 916 1295 Christus
949 1242 1002 1311 (Ι
1021 1243 1148 1298 Cor.
1197 1260 1251 1305 x.
1285 1245 1364 1313 4).
1394 1242 1692 1296 Monachus
1722 1245 1770 1298 si
1803 1256 1897 1296 ce—

314 1331 537 1392 ciderit,
593 1330 773 1386 orabit
827 1347 924 1400 pro
971 1348 1036 1386 eo
1089 1335 1367 1388 sacerdos.
1423 1331 1533 1387 Pro
1590 1333 1895 1388 sacerdotis

315 1423 472 1494 lapsu
507 1424 632 1492 quis
661 1425 992 1494 rogaturus?
1022 1425 1419 1480 Detrimentum
1448 1424 1684 1494 pecoris,
1711 1433 1895 1492 pasto—

1997 513 2292 580 disputatio
2327 511 2452 577 fuit,
2482 513 2560 564 sic
2581 510 2846 577 quaesisse
2875 513 3166 578 quaerenda
3186 549 3202 577 ,
3261 522 3318 566 ut
3365 515 3454 567 via
3498 518 3574 568 sit

1996 604 2214 659 dedisse
2265 604 2532 672 qua-sitis.
2585 602 2786 660 Perdet
2847 604 3230 660 auctoritatem
3308 605 3572 675 dicendi,

1995 697 2156 764 cujus
2215 710 2400 750 sermo
2449 709 2615 762 Opere
2667 694 2992 750 destruitur.
3044 694 3313 752 lnnorens
3365 699 3596 766 absque.
3665 742 3668 744 η

1997 801 2252 842 sermone
2280 787 2622 840 conversatio
2647 786 2974 848 sacerdotis,
3015 795 3275 856 quantum
3321 793 3573 860 exemplo

1995 880 2234 949 prodest,
2259 887 2464 932 tantum
2504 878 2721 932 silentio
2750 885 2926 932 nocet.
2951 875 3177 932 Latratu
3199 877 3342 932 enim
3370 893 3571 934 canum

1999 979 2058 1024 et
2107 969 2301 1024 baculo
2338 969 2572 1038 pastoris
2625 967 2873 1038 luporum
2927 969 3106 1024 rabies
3159 971 3410 1024 terrenda
3460 982 3566 1028 est.

2003 1061 2273 1117 Violetttia
2303 1063 2592 1130 impiorum
2627 1069 2684 1114 et
2723 1069 3148 1117 comessatorum
3183 1071 3288 1125 est,
3339 1079 3446 1118 non
3481 1080 3570 1120 sa-

2001 1155 2300 1208 cerdotum.
2332 1151 2391 1204 ln
2424 1151 2551 1205 vino
2605 1151 2751 1205 enim
2806 1151 3047 1214 luxuria,
3089 1153 3144 1206 in
3193 1153 3404 1208 luxuria
3467 1169 3570 1209 vo-

2001 1243 2202 1310 luptas,
2233 1246 2284 1294 in
2315 1243 2589 1306 voluptate
2624 1242 2958 1310 impudicitia
2982 1252 3089 1297 est.
3119 1243 3233 1298 Non
3267 1245 3567 1302 moriturus

2000 1333 2121 1400 quis
2154 1333 2399 1386 victurus
2431 1331 2718 1386 occiditur.

2247 1573 3567 1607 mm

319 1576 2786 1608 Μ

885 1702 1484 1782 ADMONITIO
1564 1699 1694 1777 DE
1773 1662 2513 1793 SUBSEQUENTE
2591 1700 3026 1778 REGULA.

385 1836 682 1909 Auctorem
708 1835 820 1905 ipsa
845 1836 1062 1907 praefert
1093 1836 1410 1909 inscriptio,
1443 1835 1658 1909 Lupum
1693 1836 1758 1909 de
1788 1835 1999 1890 Olmeto
2033 1836 2437 1909 Hispalensetn,
2466 1836 2564 1909 qui
2590 1835 3022 1909 ex_lliero_nymi_
3069 1837 3295 1909 scriptis
3341 1841 3410 1892 ad
3441 1848 3578 1909 prof

312 1908 490 1974 priam
533 1906 797 1960 familiam
831 1905 1236 1962 instattrandatu
1277 1908 1504 1960 ﬁdeliter
1566 1906 1902 1970 feliciterque
1957 1905 2258 1957 sententias
2292 1905 2773 1974 exspressithoit
2815 1905 3049 1974 illesuh
3108 1907 3318 1960 initium
3372 1905 3571 1962 decimi

313 1973 501 2047 quinti
544 1977 746 2038 saeculi,
789 1987 866 2047 ut,
897 1979 1029 2029 dicit
1059 1979 1195 2043 ipse,
1228 1975 1423 2030 Frater
1465 1977 1771 2031 monasterii
1803 1973 1864 2030 S.
1911 1975 2095 2029 Maria:
2126 1976 2190 2047 de
2221 1973 2540 2047 Guadolupe
2604 1973 2822 2029 Ordinis
2874 1975 2938 2031 S.
3005 1973 3317 2047 Hieronymi
3370 1979 3574 2046 profes-

314 2060 445 2107 sus;
472 2044 670 2099 deinde
697 2047 748 2098 in
788 2045 1022 2114 priorem
1057 2047 1388 2114 generalem,
1417 2057 1474 2099 ut
1504 2054 1736 2110 vocant,
1772 2053 2102 2110 assumptus.
2163 2044 2432 2099 Laborem
2487 2046 2633 2099 hunc
2691 2059 2874 2106 suum,
2911 2059 3025 2114 quo
3046 2044 3269 2113 quidem
3325 2044 3572 2114 apposite

316 2113 805 2182 congruenterque,
837 2130 958 2184 qure
978 2117 1043 2166 ad
1074 2116 1368 2169 monachos
1405 2117 1696 2178 pertinent.
1732 2114 1877 2167 dicta
1924 2117 1984 2169 S.
2023 2114 2196 2167 Patris
2239 2114 2540 2184 insigniora
2587 2115 2907 2184 connexuit,
2933 2113 3172 2184 Floras,
3206 2124 3265 2168 ut
3325 2113 3566 2178 videtur,

319 2187 434 2251 ipse
467 2185 765 2248 inscripsit.
795 2182 1052 2238 Summus
1080 2185 1325 2254 pontifex
1368 2184 1634 2254 Martinus
1672 2184 1737 2247 V,
1769 2198 1835 2237 eo
1877 2185 2199 2254 adviveute,
2238 2185 2340 2236 sub
2372 2183 2584 2252 Regulo:
2617 2182 3002 2254 Monachorttm
3029 2182 3086 2238 S.
3125 2182 3436 2254 Hieronymi
3469 2202 3572 2239 no-

318 2255 465 2304 mine
490 2253 606 2307 suis
640 2253 833 2308 litteris
869 2251 1266 2318 comprobavit.
1310 2253 1437 2308 Post
1463 2253 1691 2306 Erasmi
1719 2262 1900 2306 autem
1945 2263 2002 2306 et
2041 2251 2266 2306 Victorii
2295 2251 2589 2313 editiones,
2616 2256 2893 2306 recensuit
2923 2251 3018 2306 Fr.
3069 2254 3195 2308 Pius
3229 2251 3452 2309 Ruheus
3499 2260 3569 2308 de

313 2321 622 2395 Placentia,
651 2323 926 2395 ediditque
943 2323 1102 2395 Comi
1139 2338 1282 2395 anno
1317 2324 1446 2376 162l
1482 2325 1582 2395 sub
1615 2321 1836 2395 Florum
1873 2322 2049 2395 titulo,
2085 2323 2491 2395 multisassutis
2517 2339 2582 2378 ex
2611 2323 2822 2395 integro
2849 2322 3138 2395 capitibus,
3173 2324 3565 2395 ttounullisque

317 2390 446 2462 aliis
470 2393 752 2462 truncatis,
774 2390 892 2462 qua:
923 2393 1027 2445 sibi
1059 2394 1126 2446 ab
1157 2391 1596 2462 Hieronymiauis
1625 2393 1802 2444 aliena
1853 2391 2196 2445 videbantur.
2242 2392 2434 2460 Opera:
2472 2394 2523 2446 in
2555 2407 2622 2444 eo
2664 2391 2884 2462 aliquod
2917 2390 3170 2459 'pretiutn
3219 2395 3374 2460 fecit,
3412 2390 3559 2462 quod

319 2461 678 2532 allegationes
718 2461 940 2530 singulis
974 2465 1279 2532 quibusque
1311 2461 1568 2531 c-ipitulis
1599 2463 1666 2514 ad
1703 2463 2099 2516 sententiarum
2142 2463 2257 2515 loca
2293 2461 2582 2515 iudicanda
2613 2461 2878 2532 subjecit:
2911 2478 3014 2531 qua
3055 2463 3270 2530 quidem
3309 2461 3476 2531 Opera
3503 2478 3559 2518 et

313 2544 536 2603 EOSAIISI
551 2531 852 2603 aliquando
881 2547 1087 2592 sumus,
1118 2548 1240 2585 eum
1277 2544 1452 2603 tamen
1488 2533 1664 2584 locum
1705 2542 1765 2585 et
1794 2546 2077 2603 numerum
2109 2533 2279 2585 secuti
2309 2545 2468 2600 quem
2495 2532 2546 2584 in
2579 2531 2840 2603 editione_
2871 2532 3329 2603 uostraobtiueut
3367 2535 3571 2603 scripta

320 2599 381 2670 S.
417 2599 594 2652 Patris
631 2598 884 2670 genuina,
913 2617 1017 2654 non
1051 2602 1428 2669 supposititia;
1476 2615 1708 2670 quorum
1745 2617 1848 2654 non
1873 2601 2116 2652 eamdem
2155 2598 2416 2655 rationem
2452 2603 2762 2655 habuimus.
2808 2598 3200 2669 Proposttiutus
3235 2612 3418 2656 autem
3466 2598 3570 2657 no-

321 2668 407 2720 bis
429 2668 922 2739 recognosceudum
957 2668 1624 2740 restittteutlumque,‘non
1651 2670 1780 2723 illud
1830 2669 1978 2739 quod
2012 2670 2248 2723 diximus
2282 2681 2361 2732 tot
2390 2670 2522 2724 locis
2553 2686 2582 2724 a
2611 2669 2808 2740 Rubeo
2841 2668 3256 2740 interpolatum,
3294 2673 3390 2726 sed
3423 2676 3569 2738 quod

319 2738 586 2810 hactenus
631 2741 682 2792 itt
722 2749 1050 2810 postremum
1112 2738 1660 2810 Hierouyu’tianorutn
1715 2738 1936 2810 operum
1984 2746 2196 2810 tomum
2249 2743 2528 2806 exemplar
2575 2741 2692 2809 ejus
2723 2738 2947 2810 Regulae
2981 2738 3045 2794 ex
3099 2739 3236 2810 Lupi
3293 2740 3569 2796 Olmetani

311 2809 501 2860 studio
528 2818 614 2863 est
647 2806 898 2863 ascitum.
931 2809 1082 2875 Quod
1109 2806 1330 2880 quidem
1364 2819 1415 2864 et
1447 2826 1570 2864 cum
1611 2824 1712 2864 ms.
1749 2806 1935 2864 codice
1983 2806 2330 2864 Bibliotheca:
2380 2806 2666 2863 Trinitatis
2721 2806 2984 2864 Montium
3031 2810 3100 2865 de
3141 2806 3272 2866 uibe
3325 2815 3572 2866 contuli-

311 2891 464 2940 mus,
496 2891 598 2932 nec
631 2883 817 2950 paucis
853 2893 988 2935 sane
1016 2881 1152 2936 locis
1188 2882 1570 2936 emendamus.

989 3043 1154 3055 ε*-

1275 3047 1653 3056 -.--.--

1011 3171 1657 3304 REGULA
1747 3173 2876 3302 MONACHORUM

685 3404 790 3465 EX
831 3399 1183 3463 SCRIPTIS
1230 3398 1682 3461 HIERONYMI
1730 3398 1878 3458 PER
1925 3397 2190 3458 LUPUM
2233 3398 2332 3458 DE
2377 3399 2697 3460 OLMETO
2729 3401 2744 3430 ¹
2786 3397 3218 3462 COLLECTA.

1662 3686 2227 3764 PROLOGUS.

385 3856 612 3910 Fratres
653 3851 980 3916 charissimi,
1033 3865 1138 3906 non
1171 3865 1333 3922 queo,
1362 3866 1522 3921 quem
1556 3859 1736 3906 mente
1761 3867 1890 3907 con-
1922 3857 1968 3914 Β
2002 3855 2243 3915 nomine,
2281 3857 2337 3902 ttt
2369 3850 2541 3917 prima
2571 3861 2642 3912 te,
2687 3847 2784 3912 illi,
2830 3847 3012 3904 fronte
3041 3848 3340 3903 doceamus
3372 3866 3566 3922 magna

313 3952 437 4018 cepi
489 3963 586 4002 ore
633 3946 874 4015 proferre
935 3958 1268 4008 sermonem,
1326 3954 1380 3999 et
1408 3944 1590 3998 cordis
1645 3943 1887 3998 lar-titiam

317 4044 508 4109 lingua
544 4055 646 4092 non
686 4039 919 4106 ettplicat
940 4054 955 4100 ;
978 4036 1081 4089 hoc
1109 4046 1289 4090 autem
1321 4051 1428 4090 non
1456 4036 1630 4090 solum
1659 4051 1762 4106 ego
1792 4050 1893 4106 pa-

318 4134 453 4195 tior,
489 4130 579 4198 qui
605 4127 766 4196 cupio
804 4140 1030 4180 narrare
1055 4139 1176 4195 quae
1225 4125 1426 4190 sentio,
1478 4123 1576 4180 sed
1623 4126 1807 4189 etiam,
1840 4130 1895 4180 et

314 4239 420 4277 Vos
439 4236 650 4274 mecum
673 4217 942 4289 patituini,
967 4216 1084 4286 plus
1106 4215 1438 4270 exsultantes
1464 4214 1516 4269 in
1537 4216 1893 4281 conscientia,

315 4328 485 4383 quant
547 4313 599 4364 itt
658 4309 874 4378 eloquio
944 4296 1311 4377 proiercutes.
1366 4306 1512 4362 Niltil
1577 4306 1892 4362 Christiano

314 4406 560 4467 felicius,
597 4403 680 4456 cui
729 4400 1066 4471 promittitur
1107 4414 1333 4470 regnum
1399 4399 1700 4465 caelorum;
1745 4398 1880 4452 nihil

315 4497 668 4557 laboriosius,
701 4494 793 4562 qui
824 4497 887 4545 de
929 4492 1037 4544 vita
1065 4493 1312 4562 quotidie
1355 4492 1730 4560 periclitatur;
1751 4491 1883 4545 nihil

311 4589 538 4649 fortius,
571 4585 659 4652 qtti
703 4581 870 4636 vincit
893 4582 1161 4635 diabolum
1183 4597 1203 4637 ;
1229 4583 1360 4636 nihil
1393 4582 1745 4647 itttbecillitts,
1791 4581 1881 4652 qui

310 4693 344 4730 τι
387 4688 554 4728 carne
604 4683 911 4741 superatur.
970 4671 1263 4742 Utriusque
1309 4673 1386 4726 rei
1443 4672 1691 4742 exempla
1754 4682 1887 4726 sunt

311 4766 578 4834 plurima.
618 4762 783 4816 Latro
821 4762 993 4816 credit
1025 4763 1077 4816 in
1112 4777 1296 4826 cruce,
1337 4771 1392 4816 et
1423 4762 1606 4815 statim
1644 4774 1887 4817 meretur

307 4857 509 4910 audire
536 4871 549 4907 :
582 4855 749 4907 Amen
779 4853 897 4906 dico
929 4853 1022 4906 tibi
1056 4867 1076 4906 :
1111 4853 1263 4906 hodie
1289 4869 1488 4908 mecum
1513 4855 1616 4907 eris
1647 4855 1698 4907 in
1724 4869 1890 4922 para-

302 4946 610 5016 diso(Luc.
673 4961 827 5011 xxttt,
865 4947 981 5015 45).
1029 4943 1201 5000 ludas
1233 4962 1360 5010 vero
1417 4946 1484 5000 de
1542 4948 1886 5017 apostolatus

302 5042 534 5108 fastigio
586 5039 640 5092 in
673 5038 994 5106 perditionis
1037 5047 1299 5092 tartarum
1333 5038 1555 5102 labitur,
1584 5048 1636 5092 et
1673 5056 1769 5093 nec
1804 5040 1886 5092 la-

1989 3941 2246 4010 caepisse,
2303 3949 2358 3992 et
2412 3940 2624 3994 excelsa
2680 3939 2901 4005 sectari,
2939 3948 2994 3994 et
3045 3939 3420 3996 adolescentiae
3458 3945 3570 3998 imo

1992 4035 2293 4103 pubertatis
2345 4033 2614 4086 incentiva
2670 4031 3013 4099 calcantem,
3071 4033 3328 4103 perfectae
3383 4047 3566 4092 zelatts

1991 4127 2217 4196 gradum
2246 4125 2528 4180 scandere.
2560 4123 2679 4178 Scis
2715 4126 2860 4178 enim
2888 4125 3079 4196 dogma
3114 4137 3356 4182 nostrum
3392 4131 3568 4184 humi-

1989 4218 2158 4272 litatis
2190 4227 2374 4273 tenere
2406 4219 2712 4288 vestigium,
2745 4227 2800 4272 et
2856 4234 2953 4288 per
2983 4221 3089 4274 iuta
3136 4222 3447 4291 gradientes
3496 4223 3567 4278 ad

1991 4325 2203 4364 summa
2235 4324 2338 4363 nos
2392 4309 2715 4365 ascendere.
2775 4310 2944 4382 igitur
2973 4324 3198 4368 sanctus
3251 4315 3379 4370 mihi
3416 4317 3571 4370 invo-

1993 4399 2198 4455 caudus
2231 4412 2314 4454 est
2341 4398 2601 4470 Spiritus,
2635 4409 2694 4454 ut
2729 4402 2832 4456 hoc
2865 4416 2965 4454 suo
2993 4416 3156 4457 sensu
3187 4418 3284 4458 ore
3315 4420 3436 4459 meo
3470 4405 3570 4460 deo

1995 4491 2196 4547 fendat.
2234 4489 2351 4546 Non
2388 4493 2608 4563 quidem
2631 4509 2883 4564 campum
2906 4495 3161 4550 rhetorici
3195 4496 3568 4552 desideramus

1987 4586 2218 4655 eloquii,
2250 4602 2355 4642 non
2385 4586 2793 4642 dialecticorum
2825 4589 3125 4654 tendicula,
3156 4599 3211 4644 et
3255 4589 3566 4644 Aristotelis

1993 4680 2203 4748 Spiueta
2229 4680 2636 4748 conquirimus:
2663 4679 2759 4736 sed
2799 4684 2866 4735 ad
2909 4691 3221 4737 sanctarum
3256 4681 3569 4754 Scriptura-

1995 4785 2114 4822 rum
2152 4771 2476 4840 gravitatem
2513 4771 2881 4842 confugimus,
2935 4774 3022 4827 ubi
3085 4774 3378 4829 vulnerum
3441 4789 3565 4829 vera
3608 4779 3619 4794 ’

1994 4863 2261 4939 medicina
2300 4872 2404 4930 est,
2460 4865 2548 4918 tthi
2585 4864 2832 4919 dolorum
2867 4877 3017 4920 certa
3048 4867 3314 4923 remedia.

2066 4953 2268 5009 Verum
2347 4957 2477 5024 quia
2536 4956 2793 5010 memoria
2851 4957 3090 5024 labitur,
3152 4961 3394 5014 omnium
3447 4975 3616 5029 quae‘

1995 5045 2296 5100 dixerimus
2357 5046 2641 5100 desideras
2693 5046 3217 5106 Commentariulum
3277 5052 3433 5116 ﬂeri,
3509 5061 3569 5106 ιιι

299 5128 632 5183 miliaritate
666 5127 894 5180 convivii
933 5125 1042 5198 [AL
1074 5125 1396 5200 communi],
1443 5143 1540 5183 nec
1565 5127 1885 5184 intinctione
1915 5153 1962 5216 ε
1993 5139 2318 5194 oblivionem
2349 5138 2513 5195 lectio
2540 5141 2852 5196 consuletur
2887 5159 2904 5198 ;
2949 5143 3071 5197 ideo
3111 5159 3281 5210 pauca
3312 5159 3430 5214 qua:
3460 5145 3563 5200 tibi

297 5220 596 5285 buccellz,
621 5233 718 5272 nec
744 5218 918 5272 osculi
961 5219 1133 5289 gratia
1160 5218 1448 5288 frangitur,
1493 5237 1558 5275 tte
1598 5223 1751 5290 quasi
1797 5221 1891 5275 lto—-

297 5314 518 5368 minem
551 5311 748 5374 tradat,
775 5325 933 5379 quem
971 5307 1167 5363 Filiutn
1198 5309 1291 5363 Dei
1329 5321 1576 5368 noverat.
1633 5310 1740 5367 Nos
1770 5315 1891 5381 qui-

295 5408 435 5460 dem
483 5416 648 5470 parva
676 5401 1006 5466 dimisimus,
1031 5401 1254 5470 grandia
1294 5404 1656 5470 possidemus,
1697 5414 1889 5459 centu-

295 5496 516 5567 plicato
549 5492 740 5548 tenore
765 5491 968 5547 Christi
1001 5494 1268 5562 promissa
1303 5495 1626 5549 redduntur.

385 5585 515 5639 liae
555 5583 806 5647 dicimus,
864 5599 972 5637 non
1013 5591 1122 5636 tam
1170 5585 1265 5638 tibi
1293 5599 1454 5654 quam
1496 5585 1620 5640 aliis
1657 5588 1758 5642 sub
1793 5597 1888 5644 tuo

1992 5245 2115 5285 reor
2168 5231 2286 5285 fore
2337 5235 2688 5296 necessaria.
2741 5235 2946 5290 credidi
2999 5234 3388 5290 subnecteuda.
3436 5237 3569 5292 Illuc

1993 5323 2138 5377 enim
2181 5332 2364 5378 nostra
2427 5327 2596 5379 tendit
2660 5329 2875 5394 oratio;
2911 5335 2970 5380 ut
3017 5341 3248 5396 quorum
3281 5343 3424 5384 unus
3480 5335 3567 5383 est

1996 5415 2170 5479 labor,
2223 5431 2390 5470 unum
2425 5427 2479 5471 et
2511 5420 2792 5484 praemium
2842 5421 2931 5474 sit.
2969 5417 3297 5490 Navigantes
3329 5436 3568 5492 namque

1995 5505 2237 5562 Rubrum
2269 5524 2440 5575 mare,
2471 5510 2662 5579 inquo
2709 5512 3004 5580 Optandum
3045 5511 3202 5566 nobis
3226 5520 3334 5576 est,
3370 5521 3429 5567 ut
3472 5527 3567 5566 ve-

1995 5613 2094 5653 rus
2145 5597 2361 5655 Pharao
2415 5612 2695 5673 mergatur
2744 5617 2866 5658 cum
2922 5619 3021 5658 suo
3072 5605 3348 5672 exercitu;
3383 5605 3566 5659 multis

385 5698 724 5768 ‘Perpcram
789 5695 1131 5753 Martiauams
1164 5697 1370 5768 Lupum
1427 5704 1490 5752 de
1557 5701 1751 5755 Oliveto
1815 5716 1992 5761 vocat.

635 5796 903 5855 PATROL.
930 5794 1126 5855 XXX.

3179 5808 3246 5874 ιι
