4004 6192
474 278 573 342 3⁸1

1425 276 1484 337 S.
1524 275 1973 338 HIERONYM—I
2016 276 2344 338 OPERUM
2389 278 2797 340 MAN'ILISSA.

3607 279 3722 348 332

474 387 878 444 diﬂicultatibus
897 393 1061 454 atque
1093 381 1348 450 periculis
1374 385 1439 438 ad
1473 384 1664 440 urbem
1702 385 1722 418 ¹
1748 386 2042 439 maximam
2070 393 2115 452 Α
2151 384 2317 448 beris,
2370 396 2654 455 promptus
2683 384 2935 440 accedas.
2986 383 3216 455 Respice
3259 395 3506 442 sanctum
3541 389 3716 444 virum

474 481 830 549 perveniunt;
863 487 1092 545 utroque
1109 476 1292 531 littore
1313 484 1500 543 gentes
1518 490 1690 545 vagae,
1721 474 1831 530 imo
1854 476 2042 530 bellua:

472 573 720 626 habitant
753 569 1123 624 ferocissimae.
1165 567 1393 638 Semper
1419 567 1658 632 solliciti,
1701 583 1922 637 semper
1956 583 2041 620 ar-

472 664 623 728 mati,
668 662 829 716 totius
857 661 985 713 anni
1025 659 1229 715 vehunt
1264 659 1470 714 cibaria
1514 675 1530 716 :
1559 660 1856 714 latentibus
1890 660 2040 716 Saxis

470 759 728 825 vadisque
755 754 1063 808 durissimis
1097 753 1250 822 plena
1285 755 1634 808 snntomnia.

534 847 806 914 Quorsum
860 845 960 900 ista
991 884 1005 908 ,
1059 846 1404 914 perspicuum
1433 854 1536 897 est.
1583 843 1718 898 Nam
1762 843 1808 899 si
1860 837 2038 896 saeculi

468 941 832 1010 negotiatores
863 945 1012 990 tanta
1041 932 1338 999 sustinent,
1380 945 1438 989 ut
1476 933 1546 988 ad
1589 935 1829 989 incertas
1853 947 2041 1000 perve-

467 1033 619 1086 niant
649 1029 1028 1100 periturasque
1056 1028 1298 1095 divitias,
1325 1037 1378 1081 et
1411 1035 1631 1082 servent
1672 1041 1796 1081 cum
1844 1026 2042 1080 animae

463 1124 796 1186 discrimine,
822 1137 941 1190 qua:
983 1121 1168 1175 multis
1203 1120 1458 1186 periculis
1497 1119 1872 1189 qumsierunt:
1909 1115 2040 1187 quid

461 1215 661 1272 Christi
696 1214 1014 1282 negetiatori
1049 1212 1356 1267 faciendum
1389 1211 1631 1280 est,!qui,
1656 1209 1892 1264 venditis
1921 1223 2042 1262 om-

462 1309 668 1372 nibus,
725 1305 923 1373 qumrit
983 1304 1436 1374 pretiosissimam
1503 1301 1887 1370 margaritam;
1947 1299 2040 1367 qni

463 1397 590 1453 tctis
619 1397 940 1451 substantia:
971 1397 1165 1465 Opibus
1195 1395 1328 1449 emit
1355 1409 1565 1461 agrum,
1599 1394 1653 1466 in
1677 1405 1784 1460 quo
1807 1391 2043 1460 reperiat

465 1490 804 1551 thesaurum,
854 1500 1015 1555 quem
1069 1499 1168 1539 nec
1223 1483 1311 1536 fur
1370 1481 1624 1546 eﬂ‘odere,
1660 1487 1714 1534 et
1748 1480 1886 1534 latro
1933 1494 2039 1532 non

463 1582 635 1650 possit
671 1580 909 1633 auferre.
943 1573 1116 1630 Nosse
1157 1574 1322 1645 igitur
1373 1581 1584 1642 oportet
1641 1571 1769 1641 quid
1818 1570 2034 1639 jnssum

462 1673 552 1737 sit,
586 1673 786 1741 quidve
826 1669 1190 1737 prohibitum,
1225 1674 1286 1719 ut
1319 1665 1556 1720 scientes
1589 1673 1878 1732 utrumque
1929 1678 2044 1717 scr-

2133 474 2575 539 Pammaebium,
2605 486 2660 531 et
2682 476 3097 531 [erventissimte
3127 477 3244 530 ﬁdei
3265 477 3544 532 Paulinum
3564 495 3720 549 pres-

2145 573 2397 638 byterum
2431 586 2446 623 :
2472 571 2562 638 qui
2595 585 2700 623 non
2725 572 2902 625 solum
2930 570 3171 630 divitias.
3199 573 3292 624 sed
3326 575 3532 639 seipsus
3555 575 3718 628 obtu-

2145 658 2352 726 lerunt,
2385 663 2472 728 qui
2507 672 2697 715 contra
2726 661 2922 716 diaboli
2960 665 3720 732 tergiversatimtem,1tequa-

2143 765 2304 820 quam
2344 752 2535 820 pellem
2572 767 2672 818 pro
2704 753 2863 820 pelle,
2900 754 2992 806 sed
3015 767 3230 817 carnes,
3255 761 3308 806 et
3341 768 3483 812 ossa.
3518 763 3571 807 et
3601 756 3720 807 ani-

2147 863 2263 900 mas
2296 860 2426 899 suas
2470 845 2697 900 Domino
2729 854 3111 899 consecrarunt
3133 861 3148 898 :
3173 845 3260 912 qui
3284 855 3353 909 te,
3376 847 3718 914 Cle‘ielllpio,

2144 947 2198 992 et
2246 938 2482 1007 eloquio,
2517 936 2573 991 id
2605 945 2708 998 est,
2756 945 2810 989 et
2845 952 3036 1003 opere,
3079 946 3132 990 et
3174 929 3352 1007 lingua
3401 943 3617 1004 possint
3648 944 3715 996 ad

2147 1028 2349 1095 majora
2383 1027 2707 1096 perducere.
2735 1023 2945 1079 Nobilis
2965 1039 3024 1080 es
3045 1026 3068 1078 ?
3092 1037 3144 1079 et
3168 1025 3263 1089 illi,
3293 1027 3386 1080 sed
3418 1029 3468 1080 in
3499 1027 3718 1082 Christo

2146 1120 2463 1173 nobiliores.
2523 1118 2708 1184 Dives,
2764 1131 2816 1172 et
2863 1116 3209 1172 honoratus?
3261 1125 3314 1170 el.
3360 1119 3467 1180 illi,
3520 1122 3630 1173 imo
3652 1136 3717 1174 ex

2141 1209 2432 1270 divitibus,
2482 1219 2537 1262 et
2587 1208 2896 1273 honoratis,
2949 1222 3212 1276 pauperes
3255 1215 3308 1260 et
3369 1207 3604 1273 inglorii,
3659 1222 3718 1262 et

2145 1301 2348 1372 idcirco
2396 1301 2644 1367 ditiores,
2676 1310 2732 1354 et
2766 1303 2935 1370 magis
2970 1300 3182 1368 inclyti,
3215 1297 3347 1366 quia
3377 1314 3474 1367 pro
3496 1300 3716 1354 Christo

2145 1406 2426 1465 pauperes
2455 1403 2510 1448 et
2551 1393 2884 1446 inhonorati.
2933 1389 3251 1446 Contemnis
3303 1403 3492 1444 aurum
3526 1405 3540 1444 :
3583 1406 3717 1445 con-

2148 1494 2505 1552 tempserunt,
2536 1495 2590 1539 et
2624 1484 2774 1538 multi
2822 1483 3147 1552 philosophi.

2215 1577 2332 1629 Non
2365 1578 2507 1630 enim
2538 1587 2622 1631 est
2660 1576 2795 1631 satis
2823 1575 3061 1645 perfecto
3096 1585 3150 1630 et
3191 1583 3568 1630 consummato
3598 1577 3715 1628 viro

2145 1682 2278 1737 epes
2307 1677 2678 1734 contemnere,
2732 1668 2990 1737 pecunias
3030 1667 3319 1736 dissipare,
3355 1677 3408 1721 et
3448 1667 3748 1736 projicere.

463 1783 676 1825 vernus.
704 1764 955 1834 Alioquin
981 1773 1102 1816 ante
1127 1760 1408 1814 scientiam
1437 1757 1676 1812 mandati
1708 1756 2043 1826 impossibile
2078 1770 2116 1824 Β
2146 1760 2287 1828 quod
2309 1758 2362 1812 in
2397 1773 2694 1826 momento,
2725 1769 2774 1812 et
2799 1758 2975 1828 perdi,
2999 1768 3053 1812 et
3084 1759 3310 1813 inveniri
3341 1769 3538 1828 potest.
3562 1759 3715 1812 Fecit

461 1866 548 1911 est
575 1869 737 1910 nosse
762 1851 888 1921 quid
935 1852 1044 1904 ﬂat.
1085 1849 1151 1902 Et
1208 1848 1322 1902 brec
1355 1861 1457 1916 ego
1505 1861 1610 1900 non
1658 1844 1884 1915 integris
1921 1854 2035 1899 rate

463 1947 548 2003 Val
613 1946 932 2006 mercibus,
989 1939 1145 2008 quasi
1199 1939 1415 2009 ignarus
1471 1936 1730 1990 ﬂuctuum
1765 1975 1783 2002 ,
1838 1936 2033 1991 doctus

463 2049 626 2096 nauta
674 2048 988 2109 prmnioneo
1015 2051 1031 2087 :
1059 2033 1154 2086 sed
1194 2047 1364 2100 nuper
1407 2029 1692 2098 naufragio
1736 2029 1946 2098 ejeCtus
1978 2029 2032 2082 in

463 2133 639 2195 littus,
665 2128 852 2184 timida
873 2122 1225 2194 navigaturis
1256 2135 1385 2175 voce
1421 2119 1705 2176 denuntio.
1731 2119 1926 2174 Cuncti
1949 2134 2035 2174 ta-

461 2236 583 2277 men
623 2220 722 2274 mei
755 2231 948 2272 sensus
980 2213 1174 2268 aﬂ'ectu
1221 2213 1372 2266 vobis
1406 2225 1580 2278 vaco;
1622 2212 1717 2265 sed
1783 2208 1894 2281 [Αι.
1945 2225 2038 2264 ra-

461 2321 608 2367 cant.
649 2307 864 2380 Itaque]
914 2311 1140 2361 obsecro
1175 2320 1293 2367 vos,
1350 2315 1408 2356 nt
1469 2313 1696 2356 conatus
1730 2317 1881 2355 meos
1916 2317 2037 2355 ora-

464 2400 1006 2470 lionibusadjuvetis,
1029 2410 1090 2453 ut
1113 2395 1372 2450 Dominus
1401 2404 1452 2449 et
1483 2395 1727 2450 Salvator
1752 2409 1849 2462 pro
1873 2410 2033 2449 causa

461 2497 786 2566 respondeat
806 2495 848 2547 ².

535 2584 796 2640 Vestrum
841 2584 1022 2651 itaque
1039 2586 1141 2646 est,
1174 2586 1231 2633 nt
1258 2577 1586 2633 voluntatem
1617 2585 1876 2648 sequatur
1901 2578 2036 2634 elle-

462 2689 603 2732 ctus.
631 2673 805 2728 Meum
835 2679 916 2726 est
949 2681 1003 2726 ut
1033 2670 1217 2726 velim.
1253 2666 1706 2725 Obsecrationum
1733 2679 2034 2724 vestrarmn

463 2781 566 2833 est,
598 2776 658 2820 ut
685 2764 888 2835 possim
914 2779 928 2818 :
958 2763 1052 2818 sed
1077 2762 1253 2832 ipsum
1286 2775 1466 2814 meum
1497 2759 1517 2790 ³
1549 2764 1664 2814 sine
1697 2757 1796 2814 Dei
1811 2775 2036 2828 semper

462 2860 664 2916 auxilio
692 2872 799 2911 non
826 2855 1127 2910 eritmeum
1163 2869 1177 2906 :
1208 2851 1352 2906 Deus
1378 2867 1588 2922 semper
1613 2852 1864 2922 largitur,
1899 2868 2038 2907 sem-

465 2967 668 3024 perque
693 2949 988 3004 donaturus
1011 2943 1123 3017 [Αἰ.
1157 2941 1408 3014 donator]
1433 2950 1515 2998 est
1547 2959 1564 2996 :
1607 2957 1704 2996 nec
1737 2943 1865 2996 mihi
1897 2942 2040 2996 snﬂi-

466 3047 542 3100 cit
573 3042 716 3113 quod
749 3039 917 3096 semel
949 3037 1122 3102 dedit,
1148 3036 1252 3090 nisi
1284 3049 1500 3105 semper
1533 3033 1765 3097 dederit.
1805 3033 1860 3086 Si
1890 3035 2036 3086 enim

2141 1851 2242 1903 hoc
2275 1849 2465 1904 Crates
2505 1847 2798 1902 Thebanus
2823 1848 2868 1913 δ,
2904 1843 3031 1903 fecit
3055 1850 3430 1911 Antisthenes,
3460 1849 3714 1904 fecerunt

2139 1941 2357 2009 plurimi
2367 1955 2524 2007 ,quos
2545 1941 2920 1996 vitiosissimos
2941 1942 3184 2009 legimus.
3204 1942 3329 1996 Plus
3345 1944 3499 1997 debet
3515 1942 3715 1999 Christi

2138 2031 2440 2100 discipulus
2458 2041 2737 2100 pra-stare,
2753 2046 2914 2096 quam
2939 2033 3117 2084 mundi
3139 2032 3508 2101 philosophus,
3531 2033 3714 2103 gloria.-

2139 2125 2359 2189 animal,
2395 2132 2449 2177 et
2477 2123 2757 2192 popularis
2791 2139 2957 2186 aurae,
2995 2131 3158 2192 atque
3214 2139 3488 2178 rumorum
3522 2125 3711 2177 venale

2139 2217 2492 2284 mancipium.
2529 2215 2650 2269 Tibi
2681 2230 2786 2270 non
2821 2215 3019 2270 snﬂicit
3048 2229 3179 2284 opes
3214 2224 3580 2276 contemnere,
3609 2216 3710 2270 nisi

2142 2320 2196 2363 et
2243 2307 2516 2364 Christum
2564 2309 2834 2376 sequaris.
2873 2308 3125 2376 Teipsum
3193 2310 3420 2362 Domino
3479 2309 3712 2362 hostiam

2141 2401 2337 2463 viratu,
2397 2401 2694 2469 placentem
2743 2397 2810 2451 da
2857 2417 2868 2452 :
2911 2411 2982 2464 te,
3031 2401 3284 2466 inquam,
3341 2415 3442 2453 non
3483 2410 3596 2452 tua.
3648 2401 3713 2453 Et

2143 2489 2282 2547 Deus
2339 2493 2504 2545 variis
2540 2490 2929 2544 tentationibus
2969 2501 3298 2554 commonet,
3353 2493 3476 2560 quia
3527 2493 3714 2544 multis
3761 2495 3764 2498 ’

2141 2580 2333 2650 plagis,
2363 2592 2415 2636 et
2449 2580 2730 2635 doloribus
2755 2584 3003 2634 eruditur
3044 2582 3232 2648 Israel,
3267 2592 3320 2637 et
3353 2599 3512 2652 quem
3538 2584 3711 2653 diligit

2143 2673 2400 2727 DOminus
2434 2673 2658 2740 corripit
2703 2688 2718 2729 :
2757 2671 2988 2741 ﬂagellat
3031 2683 3211 2726 autem
3262 2689 3481 2728 omnem
3521 2674 3712 2737 lilium,

2141 2779 2304 2834 quem
2344 2764 2536 2833 recipit
2567 2763 2749 2834 (Hebr.
2799 2780 2898 2828 ιιι,
2937 2765 3012 2833 6).
3041 2763 3194 2829 Quod
3243 2766 3286 2820 si
3322 2766 3552 2833 teipsum
3603 2765 3713 2818 DL-

2144 2854 2288 2908 mino
2319 2855 2556 2920 dederis,
2587 2862 2639 2906 et
2672 2853 2968 2920 apostolica
2997 2856 3194 2908 virtute
3223 2854 3514 2924 perfectus,
3553 2853 3710 2923 sequi

2145 2944 2376 3014 cmperis
2415 2943 2778 3008 Salvatorem,
2815 2953 2942 2998 tunc
2974 2945 3263 3015 intelliges,
3300 2947 3386 2998 nhi
3423 2945 3623 3008 fueris;
3657 2955 3712 2999 et

2143 3034 2196 3086 in
2215 3034 2457 3087 exercitu
2479 3034 2703 3102 Christi,
2728 3049 2887 3104 quam
2911 3045 3212 3090 extremum
3237 3033 3348 3108 [ΑΙ.
3365 3033 3716 3108 extraneum]

463 3097 792 3200 durijtttlicis
810 3127 1132 3183 sententiam
1157 3123 1348 3179 crebra
1373 3122 1616 3177 mulieris
1633 3119 1784 3174 ﬂexit
1813 3122 2035 3190 petitio;
2065 3097 2107 3154 ο
2142 3127 2387 3180 tenueris
2429 3126 2631 3181 locum,

463 3237 662 3298 quanto
704 3224 872 3292 magis
901 3232 1125 3291 paterna
1148 3220 1357 3274 viscera
1383 3216 1818 3286 interpellatione
1848 3215 2037 3270 sedula

467 3316 840 3374 molliuntur?
905 3315 1115 3368 Scitote
1166 3322 1348 3366 tamen
1405 3319 1529 3364 ante
1581 3311 1759 3364 omnia
1790 3306 1900 3379 [AL
1930 3318 2034 3361 (ac.

464 3419 588 3464 ante
620 3405 822 3476 utnnia]
853 3405 1006 3458 nobis
1038 3416 1159 3458 esse
1191 3401 1325 3455 nihil
1361 3399 1654 3469 antiquius,
1687 3414 1844 3470 quam
1882 3399 2038 3454 Chri-

463 3501 528 3554 sti
558 3500 679 3569 jura
723 3509 975 3559 servare,
1010 3509 1110 3548 nec
1138 3503 1349 3562 patrum
1392 3490 1686 3545 transferre
1731 3489 2035 3545 terminos:

462 3605 785 3663 semperque
825 3584 1138 3642 meminisse
1176 3583 1474 3638 Romanam
1517 3582 1676 3637 iidem
1727 3580 2035 3651 apostolico

457 3697 556 3737 ore
588 3681 880 3736 laudatam.

943 3811 1182 3868 CAPUT
1231 3808 1522 3865 PRIMUM.

1006 3925 1077 3980 De
1097 3923 1432 3978 Obedientia.

538 4041 740 4111 Accipe
773 4053 926 4111 ergo,
970 4037 1386 4101 Gli,doctrinatn
1425 4044 1664 4088 nostram
1687 4075 1700 4100 ,
1735 4049 1794 4088 ea
1825 4032 2032 4102 simpli-

461 4116 624 4187 Cita'te
647 4133 972 4202 etjvcritate,
995 4143 1098 4198 qua
1134 4129 1420 4182 didicimus
1451 4126 1564 4197 ΙΑΙ.
1602 4124 1881 4197 dicimus],
1909 4126 2032 4194 quia

462 4239 572 4279 non
616 4225 912 4292 qnayrimns
950 4221 1231 4275 hominum
1263 4221 1489 4289 gloriam
1530 4219 1694 4288 (Dens
1724 4221 1878 4272 testis
1907 4220 2030 4286 est),

467 4331 568 4370 nec
620 4316 686 4368 ad
743 4315 848 4368 hoc
905 4311 1198 4380 loquimttr,
1235 4321 1292 4364 ut
1323 4312 1588 4365 humanas
1625 4309 1892 4365 amicitias
1937 4326 2032 4363 au-

2214 3215 2572 3288 Praepositum
2629 3218 2815 3287 itaque
2845 3199 3158 3273 monasterii
3193 3218 3381 3273 timeas
3440 3229 3495 3273 ut
3529 3218 3715 3273 Domi-

2141 3324 2293 3371 num,
2338 3308 2532 3378 diligas
2580 3320 2635 3364 nt
2679 3320 2978 3378 parentem.
3037 3309 3239 3363 Credas
3287 3309 3386 3363 tibi
3448 3309 3712 3375 salutare,

2141 3400 2402 3470 quidquid
2439 3400 2528 3455 ille
2575 3402 2895 3471 praeceperit
2929 3416 2946 3467 ;
2977 3415 3074 3453 nec
3103 3402 3168 3454 de
3197 3400 3417 3470 majOris
3445 3403 3712 3456 sententia

2134 3491 2366 3560 judices,
2405 3492 2558 3561 cujus
2608 3492 2770 3546 oﬂicii
2799 3503 2885 3546 est
2935 3493 3176 3557 obedire,
3219 3503 3276 3548 et
3322 3496 3545 3560 implere
3591 3510 3713 3562 qua:

2135 3583 2284 3651 jnssa
2339 3593 2486 3648 sunt,
2541 3585 2750 3639 dicente
2819 3584 3047 3654 Moyse:
3091 3585 3254 3649 Audi,
3283 3585 3476 3652 Israel,
3507 3599 3554 3638 et
3602 3598 3716 3640 tace

2139 3675 2318 3745 (Deut.
2359 3693 2429 3741 rt,
2486 3678 2562 3746 ὅ).
2614 3676 2724 3731 Nec
2756 3678 2870 3747 ipse
2907 3689 2960 3732 te
3008 3677 3246 3744 doceas,
3277 3689 3329 3733 et
3364 3680 3568 3750 absque
3619 3682 3716 3735 do-

2139 3782 2290 3822 c.ore
2332 3769 2654 3836 ingrediaris
2702 3770 2868 3832 viam,
2898 3785 3059 3839 quam
3113 3786 3384 3840 nunquam
3435 3773 3716 3840 ingressus

2136 3875 2196 3913 cs
2220 3860 2260 3914 ⁸.
2319 3857 2474 3912 Nulla
2534 3877 2622 3915 ars
2679 3861 2881 3930 absque
2939 3864 3197 3930 magistro
3252 3863 3500 3919 discitur.
3534 3866 3714 3919 Etiam

2139 3960 2285 4002 muta
2308 3951 2649 4014 animalia,et
2674 3951 2908 4006 ferarum
2932 3968 3120 4020 greges
3137 3953 3389 4010 duc-teres
3409 3967 3720 4026 sequuntur

2137 4058 2282 4098 Suos.
2311 4043 2364 4097 in
2415 4043 2606 4112 apibus
2633 4043 2745 4110 [Αἰ.
2783 4045 3003 4115 Opibus]
3035 4045 3308 4116 principes
3335 4060 3463 4102 sunt
3492 4067 3506 4115 ;
3542 4067 3716 4121 grues

2137 4151 2302 4188 unam
2333 4137 2846 4204 sequunturm'diue
2879 4141 3118 4192 litterato
3146 4156 3160 4204 ;
3196 4139 3492 4207 imperator
3524 4159 3664 4196 unus
3693 4161 3718 4208 ;

2133 4229 2296 4299 jndex
2320 4245 2459 4284 unus
2489 4231 2542 4283 in
2567 4230 2840 4298 provincia
2867 4249 2879 4296 ;
2911 4231 3100 4300 Roma,
3128 4244 3188 4287 ut
3208 4237 3428 4289 condita
3453 4247 3558 4302 est,
3580 4242 3730 4293 duos

2139 4319 2505 4374 fratressimnl
2540 4321 2746 4376 habere
2778 4339 2932 4392 reges
2974 4339 3082 4376 non
3113 4328 3307 4393 potuit,
3329 4338 3383 4380 et
3416 4331 3730 4398 parricidio

463 4421 746 4477 eupemur,
779 4421 843 4461 ne
874 4416 1077 4461 nostra:
1125 4403 1453 4458 adulationis
1497 4418 1775 4468 sermone,
1824 4412 1877 4458 et
1910 4419 2029 4468 nos,
2067 4430 2108 4486 ι)
2137 4411 2248 4484 [Αἰ.
2285 4411 2615 4484 fratricidio]
2663 4413 2968 4469 dedicatur.
2992 4416 3050 4470 ln
3093 4416 3354 4474 Rebecca:
3380 4433 3538 4477 utero
3569 4425 3730 4482 Esau

462 4511 518 4555 et
543 4499 676 4553 alios
704 4496 1039 4567 decipiatnus
1074 4511 1089 4550 :
1148 4510 1252 4549 nec
1284 4504 1340 4548 ut
1385 4495 1526 4565 apud
1560 4494 1802 4548 homines
1832 4495 2033 4564 aliquid

469 4593 769 4653 videamur,
806 4589 900 4644 sed
932 4597 990 4641 ut
1035 4587 1174 4656 apttd
1224 4585 1392 4640 Deum
1427 4587 1674 4642 homines
1701 4603 1894 4658 magna
1927 4604 2035 4642 me-

466 4695 708 4738 reantur.
760 4680 873 4735 lloc
917 4681 1226 4748 est.itaque
1261 4687 1456 4744 totum,
1521 4680 1665 4749 quod
1696 4681 2036 4750 apprehensa

468 4792 628 4830 manu
662 4775 942 4846 insinuare
975 4773 1069 4826 tibi
1106 4771 1288 4841 ettpio.
1322 4772 1382 4824 Et
1405 4769 1512 4841 [ΑΙ.
1550 4773 1676 4828 add.
1714 4771 1946 4844 revera],
1979 4782 2058 4826 ιιι,

466 4868 789 4938 simpliciter
840 4874 1020 4920 motus
1071 4865 1267 4918 mentis
1326 4879 1457 4918 mete
1490 4865 1681 4929 fatear,
1733 4881 1874 4919 nunc
1926 4881 2039 4921 mo-

467 4960 623 5014 nachi
669 4955 999 5010 incunabula
1062 4967 1349 5022 moresque
1405 4954 1749 5008 discutimus.

2139 4515 2196 4558 et
2229 4502 2396 4559 Jacob
2427 4505 2564 4558 bella
2599 4514 2886 4574 gesserunt
2923 4507 3164 4577 :singuli
3204 4511 3568 4568 Ecclesiarum
3595 4519 3734 4586 epi-

2138 4598 2314 4668 scopi,
2344 4598 2543 4670 singuli
2575 4599 3059 4673 archipresbyteri,
3097 4603 3294 4674 singuli
3317 4608 3741 4682 archidiaconi,

2138 4698 2194 4742 et
2227 4691 2405 4742 omnis
2439 4691 2574 4743 ordo
2629 4692 3044 4749 ecclesiaSLicus
3094 4697 3206 4749 suis
3241 4700 3552 4756 rectoribus
3586 4703 3746 4758 niti-

2143 4789 2248 4834 tur.
2283 4780 2338 4834 in
2371 4796 2505 4833 nave
2533 4797 2672 4835 unus
2707 4786 3059 4852 gubernator,
3097 4787 3147 4840 in
3177 4791 3333 4843 domo
3369 4807 3510 4845 unus
3540 4798 3750 4849 domi.

2143 4889 2262 4938 nus,
2311 4875 2364 4926 in
2397 4876 2588 4942 quovis
2624 4879 2814 4942 grandi
2852 4882 3098 4933 exercitu
3148 4881 3310 4936 unius
3347 4885 3561 4954 signum
3621 4904 3761 4944 cx—

2142 4973 2440 5032 spectatur.
2475 4966 2543 5018 Et
2572 4982 2636 5020 ne
2669 4968 2824 5037 plura
2859 4972 3172 5039 replicando
3197 4973 3471 5029 faStidium
3515 4978 3761 5047 legenti

539 5053 601 5106 Si
649 5051 723 5104 vis
761 5050 930 5119 igitur
987 5048 1054 5099 ad
1104 5047 1264 5098 vitam
1314 5046 1538 5114 ingredi,
1573 5063 1722 5099 serra
1770 5058 2034 5117 prmcepta

467 5143 684 5216 (Matth.
745 5155 858 5206 nx,
898 5137 984 5209 Π)
1028 5153 1042 5202 ;
1081 5135 1181 5190 hoc
1207 5148 1309 5202 est,
1376 5137 1444 5191 ab
1488 5140 1634 5192 onmi
1685 5139 1897 5204 illicito,
1929 5156 2038 5209 quo

467 5235 793 5307 prniiiberis,
841 5231 1086 5293 recedas,
1129 5239 1184 5283 et
1214 5228 1280 5282 ad
1308 5243 1476 5282 omne
1522 5230 1747 5296 bonum,
1785 5232 2034 5301 quodju-

2142 5059 2360 5124 faciam,
2417 5075 2510 5128 per
2545 5061 2658 5113 haec
2695 5063 2874 5115 omnia
2926 5066 2988 5117 ad
3030 5066 3157 5118 illud
3209 5069 3381 5122 tendit
3412 5072 3614 5138 oratio,
3686 5090 3768 5132 ut

2155 5149 2372 5202 doceam
2409 5159 2458 5201 te
2492 5165 2594 5230 non
2635 5162 2728 5204 tuo
2780 5154 3003 5208 arbitrio
3033 5157 3444 5226 relinquendum
3478 5159 3585 5232 [ΑΙ.
3645 5167 3772 5221 di-

2143 5241 2516 5313 mittendum],
2571 5244 2664 5298 sed
2716 5245 2895 5300 vivere
2931 5248 3127 5302 debere
3169 5249 3221 5303 in
3259 5256 3584 5306 monasterio
3627 5264 3777 5318 sub

544 5401 734 5475 ‘_\'ide
763 5417 880 5467 quae
914 5405 1012 5458 hoc
1029 5403 1094 5455 de
1119 5397 1284 5454 verbo
1317 5399 1554 5457 diximus
1581 5405 1800 5459 laudata
1821 5406 2034 5475 epistol.

467 5470 536 5524 ad
570 5471 874 5530 Rusticum.

541 5543 560 5572 ³
615 5541 948 5597 lnterscrnnt
977 5543 1092 5608 alii,
1129 5565 1147 5596 ‹
1180 5559 1278 5600 suo
1303 5559 1486 5609 sensu,
1516 5561 1609 5600 ore
1639 5565 1773 5602 meo.
1819 5568 1838 5600 ι

546 5611 566 5642 ⁸
621 5613 915 5684 Atque’hie
963 5613 1084 5680 plus
1116 5617 1316 5670 habent
1352 5613 1622 5668 Victorius
1677 5629 1729 5669 et
1789 5617 1906 5673 [iub
1945 5639 2026 5684 ns,

467 5692 499 5732 4
537 5689 598 5734 ιιι
629 5681 769 5747 quod
819 5682 972 5736 velim
1007 5694 1060 5737 et
1095 5687 1317 5755 possim.
1371 5685 1501 5739 Nam
1550 5689 1683 5742 Vuiic
1715 5698 1767 5743 et
1811 5706 1875 5746 cu
1916 5709 1970 5748 re
2004 5681 2034 5749 e

2142 5432 2320 5490 meum
2352 5430 2454 5488 est,
2490 5421 2582 5476 sed
2612 5423 2784 5490 ipsum
2816 5442 3016 5490 meum,
3054 5447 3072 5481 ι
3111 5436 3220 5486 etc.

2214 5489 2234 5518 "
2271 5491 2494 5572 _0mittit
2545 5489 2802 5551 Martiali.
2856 5506 2974 5566 post
3011 5499 3247 5565 Erastn.,
3297 5520 3316 5553 ι
3373 5504 3475 5558 hoc
3523 5503 3790 5572 Crates

2143 5555 2223 5610 Th
2238 5561 2458 5615 cbanus.
2507 5581 2524 5613 ι

2182 5629 2474 5724 ;.Ϊ⁵“²ἰ“εις(·ηι
2506 5632 2664 5686 iidem
2708 5633 2853 5696 libri,
2898 5654 2915 5687 ι
2949 5645 3028 5718 et.
3057 5640 3261 5708 absque
3295 5641 3511 5698 doctore
3536 5647 3799 5724 ingre-

2141 5697 2308 5754 diaris
2335 5701 2474 5756 viam
2509 5718 2671 5773 quam
2707 5720 2980 5776 nunquam
3013 5697 3288 5778 ingressus
3316 5728 3429 5768 es.»
