4012 6188
499 328 603 389 335

1434 320 1501 381 S.
1538 320 1987 381 IIIERONYMI
2032 316 2347 380 OPERUM
2392 314 2795 378 MANTISSA.

3635 312 3743 373 330

496 438 752 509 suspiria,
790 433 1027 490 visitatio
1073 431 1365 504 virginum,
1397 432 1664 486 detractio
1707 432 2056 486 clericorum.
2088 440 2134 498 Α
2167 429 2481 484 conceditur
2519 429 2819 484 districtius
2870 428 3072 484 vivere.
3114 431 3155 483 Δ
3188 427 3318 484 Pent
3341 438 3505 484 'coste
3536 428 3745 483 ‘eazna:

496 532 561 585 Et
584 534 626 585 si
651 528 866 598 quando
920 526 1036 581 dies
1072 526 1245 583 festus
1294 525 1599 591 advenerit,
1649 533 1967 579 saturantur
1999 526 2066 580 ad

497 623 781 678 vomitum.

565 714 661 768 llis
709 712 873 782 igitur
902 710 1060 781 quasi
1114 711 1436 781 quibusdam
1488 709 1737 779 pestibus
1807 708 2070 764 extermi-

492 806 658 867 natis,
716 804 1001 857 veniamus
1064 802 1130 857 ad
1188 816 1281 857 eos
1318 800 1414 871 qui
1467 801 1651 869 plures
1703 814 1851 866 sunt,
1907 813 1959 856 et
2014 804 2065 857 in

490 909 779 952 commune
814 893 1084 955 habitant,
1144 892 1195 946 id
1238 902 1344 958 est,
1388 907 1523 961 quos
1551 895 1734 947 vocari
1767 895 2069 948 cmuobitas

490 989 745 1043 diximus.
769 986 949 1040 Prima
980 984 1121 1055 apud
1142 999 1237 1040 eos
1268 983 1684 1051 confoederatio,
1717 995 1803 1041 est
1845 987 2067 1041 obedire

491 1083 814 1155 majoribus,
866 1092 921 1138 et
950 1080 1210 1151 quidquid
1238 1078 1506 1150 jusserint
1532 1078 1726 1133 facere.
1752 1077 2067 1133 Divisisunt

488 1191 585 1246 per
635 1174 884 1230 decurias
933 1183 1097 1242 atque
1150 1173 1475 1228 centurias:
1530 1172 1606 1226 ita
1649 1180 1707 1225 ut
1736 1187 1929 1225 novem
1962 1172 2065 1224 bo-

488 1266 729 1321 minibus
778 1262 962 1335 praesit
1010 1263 1305 1319 decimus:
1339 1272 1395 1317 et
1444 1278 1659 1317 rursum
1699 1264 1881 1317 decem
1933 1277 2067 1331 prae.

487 1355 697 1426 positos
729 1356 828 1408 sub
855 1367 916 1409 se
949 1353 1286 1408 centesimus
1313 1353 1529 1408 habeat.
1553 1351 1775 1407 Manent
1805 1353 2064 1422 separati,

486 1455 541 1503 et
571 1446 833 1517 seiunctis
891 1445 1102 1500 cellulis
1155 1445 1171 1477 ¹
1210 1462 1225 1500 :
1289 1461 1463 1513 usque
1507 1446 1572 1500 ad
1610 1446 1798 1501 horam
1842 1460 2061 1511 nouam,

486 1546 546 1593 ut
575 1540 881 1593 institutum
928 1547 1033 1603 est,
1067 1552 1230 1592 nemo
1271 1537 1444 1605 pergit
1476 1537 1542 1591 ad
1583 1536 1772 1599 alium,
1826 1537 2065 1603 exceptis

488 1630 575 1684 his
602 1629 824 1684 decanis
854 1644 990 1699 quos
1009 1628 1275 1683 diximus:
1302 1635 1380 1692 ut,
1406 1629 1451 1683 si
1478 1626 1898 1697 cogitationibus
1927 1626 2063 1680 forte

486 1725 610 1789 quis
636 1719 881 1784 ﬂuctuet,
913 1721 1055 1775 illius
1081 1722 1391 1775 consoletur
1414 1720 1689 1789 alloquiis.

2175 528 2453 574 mutantur
2494 519 2547 573 in
2603 520 2850 588 prandia,
2905 537 3013 589 quo
3065 530 3121 575 et
3164 520 3439 574 traditioni
3488 520 3749 576 ecclesia-

2169 614 2319 668 Sticte
2353 610 2713 680 satisfaciant,
2740 623 2793 666 et
2823 622 3061 667 ventrem
3091 614 3213 668 cibo
3259 629 3365 668 non
3394 623 3620 667 onerent
3649 615 3750 665 dn-

2169 701 2391 768 plicata.

2238 792 2319 847 Ad
2368 793 2586 847 tertium
2619 794 2829 847 veniam
2867 808 3062 864 genus,
3091 807 3229 864 quos
3254 792 3617 848 Anachoritas
3649 807 3749 847 vo-

2171 892 2320 949 rant,
2345 885 2437 953 qui
2479 894 2534 940 et
2561 886 2625 939 de
2656 888 2919 940 cteuobiis
2948 896 3234 952 exeuntes,
3262 895 3490 953 excepto
3522 901 3659 955 pane
3693 895 3749 940 et

2171 977 2305 1039 sale,
2353 977 2585 1047 amplius
2617 981 2683 1030 ad
2722 979 2937 1032 deserta
2978 979 3051 1032 nil
3111 978 3382 1033 deferunt.
3426 977 3597 1044 llujns
3624 980 3749 1032 vine

2163 1080 2363 1125 auctor
2390 1069 2609 1138 Paulus,
2648 1072 2950 1126 illustratur
2984 1074 3272 1137 Antonius,
3299 1082 3372 1135 et,
3406 1082 3461 1125 ut
3496 1073 3561 1126 ad
3589 1086 3749 1142 supe;

2172 1161 2313 1215 riora
2350 1164 2737 1230 conscendam,
2775 1165 3029 1234 princeps
3066 1162 3302 1218 Joannes
3347 1163 3585 1233 Baptista
3620 1167 3742 1218 fuit.

2170 1248 2353 1306 Talem
2384 1268 2513 1307 vero
2544 1255 2720 1308 virum
2747 1254 3013 1310 Jeretnias
3051 1271 3273 1325 quaque
3324 1257 3591 1325 .prOpheta
3643 1259 3745 1311 dc-

2168 1345 2360 1400 scribit
2385 1346 2604 1402 dicens:
2634 1347 2840 1401 Bonum
2874 1359 2949 1401 est
2984 1351 3101 1402 viro
3118 1364 3237 1400 cum
3261 1349 3746 1418 portuueritjugum

2167 1434 2378 1489 Domini
2410 1436 2517 1507 [ΑΙ.
2551 1448 2691 1493 tacet
2719 1437 2952 1509 Domini]
2976 1440 3039 1491 ab
3068 1438 3415 1491 adolescentia
3440 1455 3536 1491 sua
3557 1454 3575 1502 ;
3598 1441 3747 1492 sede-

2168 1524 2240 1578 bit
2273 1527 2537 1581 solitarius
2573 1538 2621 1582 et
2654 1530 2864 1593 tacebit,
2889 1531 3015 1598 quia
3051 1530 3267 1583 sustulit
3299 1545 3453 1594 super
3478 1547 3533 1583 se
3553 1530 3746 1599 juguns

2167 1625 2215 1670 et
2246 1617 2392 1671 dabit
2414 1622 2731 1688 percutienti
2761 1638 2815 1675 se
2856 1621 3170 1686 maxillam;
3201 1622 3534 1674 saturabitur
3555 1638 3745 1688 appro-

2166 1709 2318 1771 briis,
2375 1713 2499 1780 quia
2535 1729 2637 1766 non
2690 1714 2743 1766 in
2794 1715 3171 1780 sempiternum
3230 1714 3425 1781 abjecit
3482 1714 3743 1770 Dominus

557 1813 687 1869 Post
714 1814 899 1868 horam
924 1828 1123 1867 nonam
1145 1814 1199 1867 in
1222 1826 1514 1868 commune
1534 1812 1898 1878 concurritur,
1920 1811 2050 1881 psal-

2164 1799 2380 1870 (Tliren.
2416 1817 2499 1867 ιιι,
2532 1802 2598 1857 27
2636 1805 2827 1875 seqq.).
2867 1805 3069 1859 Horum
3097 1807 3339 1860 laborem
3369 1817 3422 1859 et
3444 1821 3746 1860 conversa-

488 1906 563 1961 tni
627 1916 906 1971 resonant,
962 1906 1255 1974 Scripturae
1319 1905 1618 1959 recitantur
1661 1919 1919 1964 exmore
1962 1914 2065 1958 :et

484 1996 770 2066 completis
789 1997 1154 2063 orationibus,
1183 1995 1507 2065 cunctisque
1536 1994 1922 2057 residentibus.
1952 2011 2065 2050 me-

486 2089 606 2143 dius
640 2104 798 2158 quem
854 2087 1071 2142 Patrem
1126 2098 1338 2153 vocant,
1374 2086 1567 2156 incipit
1612 2086 1912 2155 disputare.
1945 2084 2063 2152 Quo

483 2179 757 2248 loquente,
801 2186 1008 2232 tantum
1057 2177 1330 2233 silentium
1375 2176 1452 2242 fit,
1489 2185 1548 2231 ut
1576 2191 1734 2230 nemo
1773 2176 1935 2230 alium
1975 2190 2063 2231 re-

482 2270 715 2339 spicere,
760 2285 923 2324 nemo
955 2269 1156 2324 audeat
1201 2283 1519 2325 exscreare.
1559 2268 1795 2322 Dicentis
1822 2269 1940 2322 laus
1978 2276 2063 2321 est

482 2363 535 2416 in
586 2361 713 2416 ﬂetu
754 2362 1118 2416 audientium.
1180 2359 1365 2414 Tacite
1417 2360 1710 2415 volvuntur
1736 2374 1834 2430 per
1863 2374 1957 2413 ora
1976 2359 2061 2414 la-

481 2467 682 2524 cryuiaa
715 2471 729 2506 :
778 2461 831 2507 et
876 2468 941 2517 ne
972 2453 1025 2506 in
1060 2451 1334 2520 singultus
1365 2451 1588 2521 quidem
1622 2452 1857 2522 erumpit
1882 2453 2056 2508 dolor.

483 2545 617 2599 Cum
649 2558 778 2597 vero
801 2543 1054 2613 de_rcgno
1077 2542 1306 2608 Christi,
1336 2553 1389 2596 et
1411 2542 1478 2597 de
1497 2542 1674 2597 futura
1703 2544 2053 2612 beatitudine,

481 2644 530 2690 ct
555 2636 621 2690 de
650 2634 821 2705 gloria
846 2634 1072 2704 coeperit
1100 2637 1430 2690 annuntiare
1453 2634 1898 2700 ventura,videas
1927 2651 2057 2690 cun-

480 2738 598 2782 ctos
649 2727 932 2782 moderato
962 2728 1201 2799 suspirio
1230 2737 1287 2784 et
1319 2729 1508 2783 oculos
1542 2727 1607 2783 ad
1640 2727 1834 2783 coelum
1867 2730 2055 2783 levan-

481 2828 561 2872 tes
587 2818 729 2872 inter
760 2831 820 2872 se
849 2819 1028 2872 dicere
1056 2837 1070 2873 :
1102 2816 1229 2882 Quis
1258 2818 1403 2871 dabit
1424 2818 1557 2871 mihi
1577 2834 1774 2887 pennas
1800 2819 1935 2872 sicut
1966 2834 2055 2872 σου

478 2910 691 2976 lumbw,
716 2919 765 2964 et
794 2911 977 2965 volabo
1007 2919 1055 2963 et
1085 2911 1409 2979 requiescam
1439 2906 1616 2980 (Psal.
1659 2925 1767 2975 Liv,
1801 2909 1854 2981 7)
1879 2911 1901 2964 ?
1925 2908 2054 2966 Post

479 3007 593 3059 haec
622 3005 918 3060 concilium
950 3004 1199 3070 soltitnr,
1219 3016 1273 3059 et
1307 3020 1650 3076 unaquaque
1679 3005 1897 3061 decuria
1926 3021 2048 3060 cum

477 3111 575 3150 suo
602 3106 824 3165 parente
866 3095 1045 3167 pergit
1080 3097 1146 3149 ad
1176 3110 1420 3150 mensam
1456 3112 1470 3150 :
1507 3097 1706 3164 quibus
1737 3111 1833 3164 per
1859 3096 2047 3163 singu-

2164 1895 2367 1950 tionem
2410 1896 2460 1949 in
2498 1911 2663 1951 carne
2704 1913 2809 1951 non
2844 1898 3045 1963 carnis,
3081 1899 3186 1953 alio
3213 1908 3459 1968 tempore
3489 1900 3748 1953 sivoluc-

2168 1984 2241 2037 ris
2270 1983 2569 2052 explicabo.
2600 1984 2755 2041 Nunc
2789 1986 2857 2041 ad
2884 1990 3218 2055 propositum
3263 1990 3501 2042 redeam.
3532 1987 3742 2044 Bonum

2164 2084 2249 2129 est
2293 2075 2512 2131 obedire
2549 2077 2863 2147 majoribus,
2925 2094 3120 2149 parere
3154 2078 3424 2148 praefectis
3467 2089 3565 2135 :ct
3617 2092 3746 2147 post

2168 2166 2377 2236 regulas
2406 2168 2811 2239 Scripturarnm
2847 2170 2970 2225 vita:
3005 2182 3106 2226 ture
3137 2169 3253 2243 [ΑΙ.
3298 2169 3433 2244 suas}
3469 2174 3661 2226 lramil:
3685 2188 3743 2227 in

2164 2262 2233 2314 ab
2260 2262 2382 2317 aliis
2411 2264 2641 2327 discere,
2679 2279 2775 2319 nec
2827 2275 3162 2336 praecptore
3192 2266 3267 2321 uti
3299 2266 3561 2336 pessimo,
3593 2267 3745 2321 scili-

2158 2364 2248 2411 cet
2277 2359 2697 2426 praesumptione
2731 2366 2842 2411 tua.

2762 2516 2996 2572 CAPUT
3018 2518 3123 2573 -lll.

2743 2608 2818 2667 De
2876 2612 3155 2669 Castitate.

2228 2720 2569 2793 Mortiﬁcate,
2589 2724 2763 2796 inquit
2795 2726 3110 2804 Apostolus,
3138 2725 3373 2780 membra
3399 2734 3591 2789 vestra,
3612 2743 3739 2797 qua:

2155 2825 2276 2868 sunt
2312 2832 2469 2885 super
2495 2826 2693 2871 terram
2721 2817 2951 2888 (Coloss.
2983 2833 3065 2884 ιιι,
3088 2816 3168 2889 5).
3196 2818 3353 2873 Unde
3391 2821 3506 2887 ipse
3545 2829 3736 2888 postea

2154 2904 2489 2961 conﬁdenter
2510 2908 2688 2961 aiebat
2716 2909 2735 2939 ⁸
2766 2907 2920 2962 :l’ivo
2947 2920 3140 2974 autem,
3165 2910 3283 2978 jam
3316 2925 3418 2963 non
3458 2926 3573 2979 ego,
3604 2910 3735 2964 rivis

2152 3013 2271 3052 vero
2300 2999 2354 3053 in
2394 3004 2473 3053 m‘e
2508 2999 2744 3056 Christus
2770 3002 2975 3072 (Gn/at.
3003 3019 3062 3069 ιι,
3093 3002 3208 3072 20).
3235 3002 3335 3068 Qui
3362 3006 3735 3060 mortiﬁcave—

2154 3090 2222 3142 rit
2254 3093 2490 3146 membra
2523 3108 2643 3158 sua,
2682 3105 2735 3148 et
2771 3096 2820 3146 in
2869 3095 3105 3164 imagine
3162 3097 3338 3149 noctis
3381 3097 3731 3166 perambula-

481 3190 559 3244 lus
591 3187 961 3244 hebdomadas
984 3186 1224 3243 vicissim
1258 3188 1592 3243 ministrant.
1621 3186 1814 3243 Nullus
1839 3188 1891 3240 in
1925 3187 2047 3241 cibo
2076 3160 2120 3219 Ο
2154 3183 2310 3245 verit,
2344 3200 2449 3238 non
2494 3186 2702 3239 timebit
2745 3187 2926 3241 dicere
2962 3186 3199 3253 :Factus
3232 3180 3373 3242 'sum
3432 3191 3569 3243 sicut
3607 3200 3733 3244 uter

479 3282 740 3348 strepitus
793 3290 928 3335 est:
986 3295 1145 3335 nemo
1190 3280 1480 3334 comedens
1535 3280 1816 3349 loquitur:
1848 3280 2047 3334 vivitur

478 3387 616 3440 pane
641 3384 695 3427 et
724 3371 1104 3443 leguminibus,
1132 3380 1185 3426 et
1216 3371 1458 3428 oleribus
1477 3387 1597 3441 qua).
1614 3372 1731 3427 solo
1760 3375 1873 3427 sale
1901 3389 2043 3427 con-

478 3467 715 3519 diuntur.
772 3455 976 3519 ‘V'inum
1032 3473 1239 3519 tantum
1300 3479 1459 3520 senes
1514 3467 1816 3535 accipiunt,
1847 3469 2045 3533 quibus

478 3543 601 3608 cuin
640 3555 875 3624 parvulis
914 3570 1057 3626 stupe
1089 3554 1147 3608 ﬂt
1184 3558 1204 3588 ²
1257 3555 1564 3625 prandium,
1587 3566 1645 3610 ut
1674 3556 2046 3615 alioruuiartas

476 3649 616 3700 fessa
646 3655 980 3702 sustentetur
1012 3665 1026 3700 :
1071 3647 1298 3701 aliorum
1324 3661 1429 3702 non
1451 3646 1731 3719 frangatur
1758 3650 2040 3719 incipiens.

475 3738 682 3793 Dehinc
743 3748 1086 3810 consurgunt
1131 3739 1356 3807 pariter,
1409 3746 1465 3792 et
1525 3740 1728 3810 hymno
1760 3732 1929 3806 dicto,
1976 3742 2042 3797 ad

472 3831 733 3900 praisepia
766 3831 1012 3895 redeunt,
1048 3830 1137 3883 ubi
1163 3844 1336 3899 usque
1367 3830 1432 3884 ad
1467 3844 1752 3900 vesperum
1780 3849 1900 3887 cum
1930 3836 2045 3889 suis

473 3922 840 3991 unusquisque
888 3920 1126 3991 loquitur
1186 3928 1241 3975 et
1290 3921 1457 3976 dicit;
1509 3919 1735 3976 Vidistis
1776 3923 1925 3977 illum
1988 3933 2043 3979 et

473 4014 671 4067 illum?
703 4021 904 4082 quanta
939 4015 993 4065 in
1054 4012 1173 4081 ipso
1218 4013 1393 4082 gratia
1421 4014 1493 4068 sit
1524 4011 1547 4065 τ
1574 4024 1840 4083 quantum
1872 4016 2037 4071 silen-

472 4106 602 4159 tium
631 4103 837 4173 ‘lquam
871 4103 1181 4160 moderatus
1216 4105 1513 4160 incessus?

542 4196 599 4252 Si
640 4198 913 4252 infirmum
972 4196 1227 4262 viderint,
1285 4197 1659 4253 consolantur.
1720 4198 1777 4254 Si
1840 4200 1892 4253 in
1945 4199 2039 4256 Dei

470 4303 655 4344 amore
674 4288 997 4354 ferventem,
1038 4289 1395 4342 cohortantur
1422 4288 1489 4343 ad
1516 4291 1774 4346 studium.
1806 4290 1873 4345 Et
1912 4294 2040 4363 quia

468 4392 627 4434 nocte
664 4390 813 4434 extra
856 4378 1129 4434 orationes
1158 4380 1406 4449 publicas
1449 4379 1502 4434 in
1536 4395 1636 4437 suo
1675 4382 1842 4437 cubili
1874 4399 2041 4438 unus-

2146 3275 2202 3328 επ
2232 3277 2423 3345 pruina
2459 3277 2627 3347 (Psal.
2659 3293 2850 3345 cxvttt,
2902 3280 3014 3349 83).
3068 3278 3221 3335 Unde
3251 3281 3389 3335 idem
3426 3283 3726 3352 Apostolus

2147 3369 2446 3437 castigabat
2476 3385 2674 3437 corpus
2705 3386 2883 3438 suum,
2906 3383 2961 3426 et
2986 3372 3037 3425 in
3075 3375 3393 3428 servitutem
3421 3376 3718 3444 redigebat,

2146 3476 2213 3515 ne
2247 3462 2368 3516 aliis
2401 3463 2704 3531 praedicans
2746 3464 2857 3533 ipse
2887 3464 3153 3536 reprobus
3201 3465 3559 3521 inveniretur.
3586 3468 3724 3523 Cor-

2142 3551 2399 3622 porisque
2432 3568 2497 3607 ex
2541 3569 2769 3623 persoiia
2806 3558 3021 3625 generis
3068 3557 3293 3612 humani
3348 3559 3569 3613 inﬂatus
3603 3558 3721 3632 [ΑΙ.

2144 3643 2529 3718 inﬂammatus]
2549 3647 2830 3702 ardoribus
2844 3649 3166 3718 loquebatur
3191 3667 3206 3707 :
3233 3649 3401 3705 Miser
3428 3669 3520 3722 ego
3544 3653 3726 3719 homo,

2142 3738 2256 3804 quis
2282 3753 2361 3791 me
2399 3739 2635 3793 liberabit
2666 3742 2735 3792 de
2762 3757 2980 3810 corpore
3010 3744 3197 3797 mortis
3231 3745 3389 3813 hujus
3414 3744 3593 3815 (Rom.
3626 3760 3727 3811 vit,

2142 3827 2273 3895 20)?
2302 3827 2371 3882 Et
2394 3832 2585 3885 iterum
2631 3848 2645 3887 :
2678 3832 2801 3886 Scio
2846 3822 3092 3903 quoniam
3125 3853 3227 3888 non
3279 3836 3488 3890 habitat
3531 3840 3583 3889 in
3617 3853 3728 3901 me,

2142 3921 2237 3975 Itoc
2274 3932 2345 3976 est
2377 3924 2433 3976 in
2486 3940 2644 3978 carne
2676 3942 2813 3992 utea,
2864 3928 3075 3982 bonum.
3102 3928 3257 3997 γειιε
3300 3932 3439 3982 enim
3505 3930 3726 4001 adjacet

2142 4014 2294 4081 mihi,
2327 4025 2379 4067 ttt
2407 4014 2599 4084 faciam
2630 4028 2799 4070 autem
2830 4018 3047 4085 bonum,
3080 4037 3409 4092 nequaquam
3436 4023 3639 4075 int-enio
3661 4023 3684 4053 ⁸
3703 4041 3722 4077 :

2138 4123 2301 4178 neque
2328 4111 2464 4178 quod
2487 4109 2600 4164 volo
2632 4111 2846 4178 bonum,
2873 4114 2964 4167 sed
3013 4115 3153 4186 quod
3194 4115 3316 4168 nolo
3350 4116 3546 4168 malum
3584 4117 3726 4169 illud

2140 4198 2279 4265 facio
2313 4200 2474 4269 (Ibid.
2523 4202 2608 4267 l8,
2654 4200 2763 4273 l9).
2806 4204 2867 4257 Et
2910 4205 3087 4258 denuo
3118 4220 3133 4259 :
3160 4206 3263 4270 Qui
3292 4207 3345 4259 in
3376 4223 3534 4260 carne
3571 4216 3721 4269 sunt,

2141 4293 2249 4349 Deo
2312 4296 2520 4365 placere
2554 4313 2656 4350 non
2714 4309 2955 4367 possunt.
2996 4300 3096 4355 Vos
3154 4313 3329 4355 autent
3382 4319 3487 4356 non
3511 4305 3633 4357 estis
3663 4308 3723 4357 in

2136 4404 2319 4456 carne,
2350 4392 2439 4445 sed
2473 4391 2528 4444 in
2557 4393 2773 4457 spiritu,
2810 4395 2857 4447 si
2913 4404 3089 4449 tamen
3119 4394 3354 4464 Spiritus
3382 4398 3482 4452 Dei
3511 4399 3720 4453 habitat

469 4472 702 4541 quisque
768 4470 975 4541 vigilat,
1029 4470 1373 4525 circumeunt
1421 4470 1644 4528 cellulas
1678 4474 2037 4544 singulorum,
2072 4507 2116 4562 Β
2142 4482 2196 4535 in
2216 4482 2361 4537 vobis
2404 4482 2578 4554 (Rom.
2608 4498 2726 4548 vni,
2755 4485 2813 4549 S,
2841 4486 2917 4555 9).

466 4575 522 4617 et
551 4579 682 4620 aure
707 4565 978 4635 apposita,
1008 4564 1135 4633 qttid
1162 4563 1389 4629 faciant,
1417 4565 1708 4634 diligenter
1732 4567 2035 4636 explorant.

465 4654 636 4722 Quem
696 4656 985 4710 tardiorem
1034 4656 1521 4725 deprehenderint,
1569 4674 1679 4714 non
1728 4659 2036 4729 increpant,

464 4749 559 4803 sed
590 4747 927 4802 dissimulato
950 4744 1095 4816 quod
1134 4757 1356 4810 norunt,
1388 4762 1515 4803 eum
1552 4752 1750 4820 sacpius
1780 4752 2034 4819 visitant;

460 4852 515 4896 et
558 4840 708 4909 prius
741 4839 1065 4909 incipientes
1112 4849 1413 4909 provocant
1466 4842 1639 4911 magis
1662 4858 1845 4911 orare,
1871 4858 2033 4914 quam

458 4944 679 5002 cogant.
715 4930 865 5000 Opus
892 4932 999 4986 dici
1038 4931 1059 4963 ³
1096 4942 1296 4987 statum
1325 4942 1429 4998 est,
1471 4932 1616 5002 quod
1654 4933 1866 4989 decano
1893 4935 2034 4989 redi-

458 5034 569 5079 tum
602 5022 779 5079 fertur
818 5024 884 5077 ad
916 5037 1285 5088 teconomutn,
1309 5024 1402 5088 qui
1434 5034 1490 5078 et
1515 5026 1631 5094 ipse
1658 5041 1756 5094 per
1790 5027 2033 5102 singulos

457 5133 672 5173 menses
706 5116 849 5187 patri
884 5116 1138 5181 omnium
1194 5130 1317 5170 cum
1367 5131 1562 5187 magno
1616 5116 1798 5173 reddit
1834 5118 2031 5186 timore

457 5211 727 5266 rationem
762 5225 778 5265 :
814 5224 844 5264 a
873 5223 981 5280 quo
1009 5208 1170 5264 etiam
1214 5208 1318 5265 cibi
1368 5224 1491 5264 cum
1527 5209 1651 5265 facti
1678 5210 1900 5278 fuerint,
1937 5214 2028 5266 de-

454 5313 740 5373 gustantur
762 5300 872 5373 [Αι.
905 5300 1349 5375 ριωευειειηιυτ].
1393 5301 1669 5372 Jejunium
1696 5308 1861 5362 tonus
1901 5307 2026 5361 anni

454 5395 661 5464 aequale
685 5402 791 5462 est,
848 5404 1076 5465 excepta
1131 5393 1556 5465 Quadragesima
1599 5412 1615 5451 :
1650 5397 1707 5453 in
1764 5414 1869 5469 qua
1909 5400 2025 5457 sola

526 5548 544 5578 ι
576 5549 816 5624 Italicus,
857 5571 886 5624 ιΔ
942 5550 1037 5605 sed
1078 5550 1280 5620 junctis
1325 5551 1572 5621 cellulis;
1616 5571 1634 5607 ι
1669 5555 2024 5624 quemadmo~

451 5615 579 5669 dum
602 5628 656 5670 et
687 5619 977 5675 Victorius.

525 5685 716 5764 fiderit
756 5690 909 5751 falso,
945 5709 963 5741 ι
1003 5690 1281 5764 quibuset
1313 5692 1545 5764 pa‘scttlis
1567 5707 1707 5764 εἷρρο
1731 5695 1813 5760 fit,
1853 5714 1870 5747 ι
1905 5703 2016 5752 etc.

524 5753 545 5783 ⁸
577 5752 752 5809 Mittth
781 5771 923 5810 reete
955 5752 1087 5828 erat,
1126 5780 1143 5812 ι
1183 5752 1329 5826 Ορυέ
1368 5761 1478 5818 Dei.
1522 5784 1539 5815 ι

2214 4572 2369 4629 Unde
2409 4583 2531 4644 post
2564 4577 2949 4644 cogitationum
2980 4576 3456 4649 diligentissimam
3503 4582 3721 4637 cautio-

2142 4681 2286 4732 nem,
2330 4666 2651 4737 jejunioruin
2684 4669 2778 4721 tibi
2842 4685 2990 4723 arma
3030 4673 3291 4726 smnenda
3331 4684 3492 4741 sunt;
3535 4686 3589 4729 et
3620 4690 3718 4730 ca-

2139 4760 2374 4813 nendum
2407 4774 2530 4814 eum
2569 4760 2737 4815 David
2771 4777 2787 4816 :
2825 4760 3115 4816 llumiliavi
3162 4765 3213 4816 in
3232 4765 3444 4835 jejunio
3474 4770 3718 4823 animam

2137 4861 2305 4899 meam
2350 4846 2532 4917 (Psal.
2575 4863 2758 4914 xxxxv,
2798 4851 2908 4921 15).
2958 4851 3180 4907 Matrem
3220 4856 3293 4909 ita
3331 4857 3474 4919 vide,
3513 4873 3581 4913 ne
3614 4874 3719 4927 per

2136 4935 2282 4991 illam
2302 4938 2447 4994 alias
2469 4940 2654 4997 videre
2687 4945 2921 5013 cogaris,
2957 4960 3186 5013 quarum
3214 4946 3397 5003 vultus
3426 4950 3576 5004 cordi
3612 4960 3714 5006 tuo

2136 5030 2376 5084 haereant
2420 5047 2437 5087 ;
2478 5043 2532 5087 et
2576 5033 2801 5088 tacitum
2851 5037 2998 5091 vivat
3053 5039 3153 5094 sub
3206 5049 3427 5110 pectore
3481 5043 3707 5100 vulnus.

2132 5121 2432 5178 Ancillulas
2454 5140 2573 5195 quae
2606 5127 2683 5181 illi
2716 5128 2770 5181 in
2790 5130 3057 5199 obsequio
3089 5142 3236 5199 sunt,
3278 5134 3373 5188 tibi
3408 5136 3553 5190 scias
3577 5150 3711 5191 esse

2135 5214 2189 5268 in
2233 5215 2456 5271 insidiis
2493 5218 2669 5289 :quia
2720 5229 2923 5290 quanto
2979 5219 3144 5278 vilior
3195 5239 3384 5280 carum
3432 5228 3711 5294 conditio,

2131 5314 2282 5360 tanto
2322 5305 2535 5363 facilior
2562 5310 2744 5380 ,ruina
2778 5321 2880 5367 est.
2919 5309 3054 5370 Volo
3087 5328 3218 5386 ergo
3267 5324 3319 5370 te
3355 5324 3576 5385 propter
3605 5317 3720 5373 has

2128 5413 2321 5456 causas
2352 5417 2458 5457 non
2497 5403 2744 5459 habitare
2799 5420 2923 5461 cum
2951 5417 3125 5464 matre
3165 5420 3265 5466 :ct
3315 5412 3587 5480 praecipue
3635 5426 3717 5467 ne

2199 5560 2220 5592 ’⁸
2257 5560 2528 5618 Victorius
2557 5564 2775 5633 aliique,
2812 5585 2830 5618 ι
2866 5568 2908 5621 Α
2939 5567 3146 5624 Pascha
3176 5572 3241 5623 ad
3267 5569 3650 5625 Pentecosten.
3678 5589 3706 5623 ι

2200 5633 2218 5662 ⁵
2248 5634 2347 5685 Alii
2379 5634 2537 5697 e.lit.,
2583 5654 2600 5685 ι
2641 5637 2834 5691 l’ostea
2864 5639 3218 5695 considerans
3255 5643 3453 5696 aiebat.
3494 5659 3513 5693 ι

2128 5781 2142 5823 ι
2198 5703 2218 5731 ⁸
2254 5703 2482 5756 Vo-rbum
2536 5706 2766 5774 invenio,
2809 5708 3092 5777 Erasmus,
3151 5711 3350 5782 aliique
3408 5712 3539 5767 editi
3574 5710 3713 5770 libri

2152 5785 2327 5827 aceut.
