4004 6192
256 317 362 374 3"?

1425 321 1634 385 REGU
1649 324 1735 383 LA
1779 325 2349 389 MONACHORUM.

3415 323 3526 390 338

253 428 481 501 aut[Al.
509 429 704 502 ipsam]
731 431 1042 486 oll’crentem
1075 431 1335 488 delicatos
1355 434 1529 500 cibos,
1553 437 1832 492 renuendo
1868 445 1910 496 Α
1941 441 2296 509 suspiciones,
2335 448 2388 496 et
2443 439 2712 510 quidquid
2765 438 3116 510 probabiliter
3153 439 3279 506 ﬁngi
3320 453 3522 510 potest,

252 521 576 587 contristes,
627 534 720 577 aut
750 523 798 578 si
845 526 1144 593 acceperis,
1180 525 1361 580 oleum
1411 527 1519 598 igni
1557 529 1784 597 adjicias
1821 546 1837 585 :

253 621 313 663 ct
346 612 488 665 inter
531 611 893 682 frequentiam
952 615 1252 682 puellarum
1308 632 1403 684 per
1441 617 1583 672 diem
1631 617 1840 684 videas,

256 706 407 773 quod
463 707 717 760 noctibus
755 708 985 778 cogites.
1037 708 1478 768 Adolesceiitiam
1516 721 1661 767 tuam
1693 714 1838 768 nulla

255 801 422 853 sorde
446 798 830 864 commacules,
877 808 934 853 ut
988 799 1056 853 ad
1088 799 1261 854 altare
1305 799 1536 868 Christi,
1581 805 1736 872 quasi
1773 805 1840 860 de

257 891 504 944 thalamo
548 891 703 961 virgo
745 891 1033 960 procedas,
1066 900 1120 946 et
1153 891 1361 948 habeas
1401 893 1605 948 deforis
1636 894 1838 950 bonum

259 991 360 1033 test
373 979 660 1034 imonium.

325 1069 482 1124 Licet
505 1073 571 1124 ite
593 1071 805 1125 caiteris
853 1071 1169 1145 virtutibus,
1206 1081 1264 1127 ut
1302 1074 1590 1140 sapientia,
1623 1075 1839 1132 fortitu-

249 1160 398 1222 dine,
443 1159 658 1228 justitia
696 1160 807 1233 ιΑι.
859 1163 989 1218 add.
1040 1165 1445 1238 tempera-nia},
1497 1167 1824 1231 humilitate.

249 1255 674 1307 mansuetudine
702 1265 756 1308 et
775 1255 1094 1310 liberalitate
1122 1259 1332 1323 possint
1367 1266 1419 1314 et
1439 1259 1529 1313 alii
1549 1260 1835 1330 judicare:

250 1343 575 1409 pudicitiam
619 1349 730 1399 sola
782 1348 930 1401 novit
958 1347 1313 1408 consi-ientia,
1344 1359 1400 1404 et
1431 1349 1654 1404 humani
1687 1352 1829 1406 oculi

248 1433 414 1502 hujus
463 1436 540 1489 rei
572 1437 707 1490 certi
735 1436 949 1506 judices
993 1451 1115 1492 esse
1161 1454 1268 1492 non
1306 1449 1557 1509 possunt.
1594 1440 1840 1497 Feminae

249 1543 472 1595 quoque
494 1543 614 1596 quae
636 1545 832 1584 nomen
861 1539 1009 1584 tuum
1037 1534 1303 1599 noverint,
1334 1531 1540 1587 vultum
1566 1535 1836 1590 nesciant.

249 1619 388 1674 Nam
412 1617 652 1676 Joannes
683 1619 925 1690 Baptista
952 1632 1198 1678 sanctam
1220 1634 1444 1679 matrem
1467 1625 1671 1692 habuit,
1701 1641 1836 1697 pon-

249 1713 524 1780 tittcisque
557 1714 704 1768 Illius
735 1723 872 1780 erat,
919 1724 974 1770 et
1008 1724 1187 1770 tamen
1227 1731 1327 1772 nec
1379 1719 1570 1773 matris
1613 1719 1832 1784 allectu,

252 1820 351 1860 nec
377 1806 550 1875 patris
587 1807 781 1875 opibus
821 1808 1163 1872 vincebatur,
1189 1811 1320 1866 utin
1355 1809 1517 1865 domo
1541 1824 1830 1882 parentum

253 1915 377 1954 cum
416 1901 662 1970 periculo
685 1902 894 1956 viveret
921 1903 1210 1957 castitatis.
1265 1901 1492 1958 Vivebat
1527 1906 1581 1958 in
1615 1921 1834 1974 eremo;

254 1993 429 2046 oculis
460 1993 900 2047 desiderantibus
951 1994 1250 2059 Christum,
1291 1995 1426 2050 nihil
1460 1996 1609 2051 aliud
1647 1999 1836 2068 digita-

256 2080 414 2133 hatur
447 2083 720 2151 aspicere.
761 2081 935 2138 Vestis
968 2098 1181 2152 aspera,
1228 2100 1362 2139 zona
1399 2086 1651 2157 pellicca,
1684 2089 1838 2144 cibus

257 2172 479 2230 locustae
517 2184 572 2226 et
623 2175 724 2228 mel
765 2174 1056 2238 silvesu'e,
1110 2177 1293 2230 omnia
1327 2177 1518 2232 virtuti
1564 2187 1619 2233 et
1662 2179 1834 2234 couti-

256 2270 455 2317 tientia:
490 2275 818 2332 praeparata.
855 2266 1008 2322 Unde
1051 2280 1348 2338 martyrem
1385 2285 1543 2338 quem
1571 2280 1840 2326 tormenta

257 2372 358 2410 tiou
404 2358 676 2419 vicerant,
702 2362 994 2427 superabat
1036 2362 1305 2430 voluptas.
1342 2361 1586 2417 Tandem
1623 2365 1840 2420 coalitus

258 2448 560 2519 inspiratus
591 2454 873 2520 praecisum
906 2468 1090 2506 morsu
1114 2452 1351 2522 linguam
1385 2455 1438 2509 in
1467 2457 1767 2511 osculantis
1784 2473 1844 2512 se

262 2537 450 2593 faciem
486 2543 699 2611 expuit,
756 2553 810 2597 et
858 2543 936 2597 sic
984 2543 1230 2597 libidinis
1281 2559 1499 2600 sensum
1546 2548 1844 2604 succedens

260 2631 460 2686 doloris
513 2633 831 2701 magnitudo
871 2635 1153 2704 praeripuit
1186 2633 1296 2707 [ΑΙ.
1336 2637 1662 2710 superavit].
1699 2638 1838 2694 Nam

260 2726 532 2791 quomodo
567 2725 582 2754 ¹
619 2724 714 2793 qui
772 2725 950 2794 ignem
1001 2725 1243 2796 tetigerit
1294 2727 1477 2780 statim
1529 2727 1781 2783 aduritur
1828 2745 1843 2785 :

262 2819 335 2871 ita
381 2817 481 2869 viri
522 2826 699 2872 tactus
730 2827 782 2871 et
816 2815 1036 2871 feminae
1087 2819 1250 2872 sentit
1301 2831 1550 2874 naturam
1581 2837 1759 2889 suam,
1794 2825 1868 2878 et"

261 2907 633 2963 diversitatem
670 2925 830 2964 sexus
859 2910 1129 2980 intelligit.
1175 2913 1304 2966 ltein
1335 2913 1606 2979 quomodo
1637 2918 1656 2947 '
1695 2927 1850 2985 pote-

261 3001 334 3052 rit
359 2999 646 3054 libidinem
677 3000 975 3067 refrenare,
1005 3000 1098 3070 qui
1143 3015 1243 3055 uec
1275 3016 1490 3055 manum
1523 3003 1664 3060 valet
1694 3008 1847 3060 colii-

259 3098 412 3160 bere,
453 3110 556 3148 nec
585 3095 827 3164 linguam
853 3093 877 3146 ?

334 3185 444 3241 Sed
495 3198 550 3240 et
603 3189 966 3256 hospitiolum,
1015 3197 1164 3242 tuum
1223 3205 1498 3258 nunquam
1545 3205 1833 3246 munerum

260 3281 427 3350 pedes
458 3289 657 3335 terant.
695 3278 889 3334 Videas
920 3281 1030 3351 [Αἰ.
1069 3281 1183 3352 aut]
1230 3298 1294 3350 ne
1331 3283 1434 3338 sub
1469 3284 1658 3339 eodem
1695 3293 1838 3341 tecto

261 3372 531 3424 tuatisites
561 3389 575 3424 :
610 3386 712 3425 nec
743 3374 794 3424 iii
824 3371 1097 3440 praeterita
1125 3374 1379 3426 castitate
1409 3374 1677 3430 coiilidas.
1700 3375 1837 3440 Quia

259 3477 363 3516 tice
398 3463 560 3517 David
595 3465 861 3530 sanctior,
899 3481 997 3518 nec
1035 3463 1300 3518 Samsoue
1347 3465 1557 3532 fortior,
1607 3485 1706 3522 nec
1743 3469 1841 3524 Sa-

261 3560 483 3608 lomone
536 3563 689 3622 poles
740 3568 863 3608 esse
908 3554 1230 3622 sapientior.
1276 3553 1548 3609 Memento
1601 3572 1839 3623 semper,

259 3649 407 3718 quod
440 3648 676 3717 paradisi
711 3647 965 3702 colonum
1013 3645 1081 3702 de
1136 3647 1484 3717 possessione
1512 3664 1606 3702 sua
1647 3649 1842 3704 mulier

259 3742 509 3812 ejecerit.
550 3739 858 3808 Aigrotzinti
895 3739 990 3793 tibi
1025 3749 1245 3796 sanctus
1291 3739 1520 3809 quilibet
1546 3739 1718 3795 frater
1749 3756 1839 3796 as-

257 3839 442 3889 sistat.
479 3833 611 3886 Nam
667 3833 780 3888 ει·ἰο
811 3833 1075 3902 quosdam
1130 3847 1359 3902 corpore
1383 3833 1742 3900 convaluisse,
1787 3843 1842 3888 et

257 3928 448 3977 animo
477 3937 743 3991 a-gmtare
780 3923 1032 3992 coepisse.
1073 3923 1384 3978 Periculose
1418 3923 1512 3978 tibi
1543 3923 1838 3991 ministrat,

254 4016 426 4085 cujus
467 4017 672 4068 vultum
710 4015 1029 4086 frequenter
1082 4017 1341 4068 alteitdis.
1369 4016 1423 4068 Si
1463 4025 1646 4070 tamen
1681 4017 1841 4073 vidua

253 4126 288 4162 a
327 4121 380 4163 te
413 4110 687 4169 visitatur,
743 4119 836 4161 aut
869 4103 1043 4176 virgo,
1113 4123 1392 4178 nunquam
1443 4108 1660 4162 domum
1694 4108 1844 4164 solus

254 4204 529 4255 introeas.
562 4201 720 4256 Solus
745 4215 866 4254 cum
892 4200 1007 4254 sola
1035 4199 1310 4268 etabsque
1341 4199 1572 4254 arbitrio
1595 4199 1676 4254 vel
1708 4209 1843 4258 teste

252 4314 377 4349 non
414 4297 644 4359 sedeas;
705 4303 966 4361 lautaque
995 4290 1376 4347 confabulandi
1413 4291 1612 4346 ﬁducia
1649 4292 1742 4359 sit,
1783 4301 1844 4346 ut

253 4395 508 4444 intrante
539 4389 668 4453 alio,
699 4404 801 4440 non
847 4401 1045 4454 paveas
1078 4400 1178 4440 uec
1207 4385 1518 4440 erubescas.
1552 4385 1844 4454 Speculum

1947 548 2016 585 ne
2047 532 2302 601 ﬁngatur,
2338 541 2464 587 ante
2499 533 2696 588 devita.
2733 532 2937 588 Crebra
2965 533 3313 598 munuscula,
3347 543 3401 588 et
3435 550 3528 588 su-

1949 625 2181 690 dariota,
2238 635 2292 680 et
2324 624 2598 689 fasciolas,
2645 634 2701 680 et
2758 636 2936 680 vestes
2977 626 3062 680 ori
3113 625 3422 695 applicitas.
3475 633 3531 680 et

1945 715 2157 768 oblatos
2191 729 2256 769 ac
2285 715 2600 784 degustatos
2642 713 2816 778 cibos,
2868 714 3206 780 blandasque
3249 723 3306 768 et
3337 714 3527 770 dulces

1945 805 2233 872 litterulas,
2265 814 2484 860 sanctus
2510 820 2668 860 amor
2703 821 2811 859 non
2850 806 3052 860 liabet:
3086 804 3184 859 Mel
3217 820 3417 870 meum,
3440 805 3526 860 lu-

1944 911 2064 951 men
2097 913 2299 964 meum,
2323 911 2608 967 meumque
2633 897 2964 952 desiderium
2997 895 3041 951 ⁴.
3070 893 3272 951 Omnes
3303 897 3527 955 delicias

1945 979 2055 1053 [ΑΙ.
2088 981 2334 1054 divitias]
2368 995 2425 1038 et
2463 983 2676 1054 lepores
2707 993 2762 1040 et
2790 983 2906 1038 risu
2935 985 3128 1056 dignas
3162 985 3520 1054 urbanitates,

1943 1082 1996 1127 et
2029 1087 2255 1131 caeteras
2287 1077 2518 1146 ineptias
2563 1088 2867 1132 amatorum
2911 1077 2964 1131 in
3004 1077 3289 1132 comoediis
3327 1079 3524 1132 erube-

1940 1167 2168 1234 scimus,
2199 1177 2253 1223 et
2279 1168 2334 1222 in
2367 1169 2544 1223 saeculi
2570 1169 2877 1224 hominibus
2903 1168 3278 1224 detestamur:
3312 1179 3519 1239 quanto

1943 1258 2116 1326 magis
2143 1260 2193 1311 iii
2213 1257 2428 1313 clericis
2471 1269 2526 1313 et
2565 1257 2876 1324 monachis,
2917 1275 3144 1330 quorum
3178 1268 3231 1313 et
3270 1260 3526 1314 sacerdo-

1945 1349 2080 1403 tium
2119 1350 2421 1420 proposito,
2453 1361 2507 1405 et
2537 1351 2879 1420 propositum
2920 1352 3226 1406 sacerdotio
3251 1351 3524 1406 ornatur?

1939 1439 2053 1496 Nec
2084 1441 2188 1496 hoc
2233 1441 2376 1505 dico,
2416 1441 2561 1512 quod
2603 1451 2701 1496 aut
2745 1443 2799 1496 in
2839 1451 2911 1505 te,
2946 1451 3038 1498 aut
3069 1443 3125 1495 in
3161 1442 3366 1496 sanctis
3389 1443 3524 1498 viris

1940 1533 2044 1587 ista
2093 1530 2431 1587 formidem:
2472 1530 2758 1600 sedquod
2810 1531 2862 1585 iu
2917 1530 3065 1585 omni
3123 1532 3403 1600 proposito
3462 1539 3520 1586 ct

1941 1623 2111 1692 gradu
2147 1633 2198 1677 et
2229 1638 2362 1678 sexu
2408 1624 2534 1678 boni
2584 1633 2637 1678 et
2673 1624 2797 1678 mali
2836 1623 3198 1692 reperiantur,
3230 1621 3524 1676 malorum-

1941 1731 2046 1785 que
2076 1716 2460 1772 condemnatio
2493 1716 2612 1771 laus
2642 1717 2910 1771 bonorum
2946 1715 3040 1770 sit.
3066 1713 3200 1769 Vide
3229 1715 3359 1784 quid
3391 1730 3519 1784 pro-

1937 1811 2043 1865 siut
2078 1807 2187 1881 [Αι.
2226 1807 2457 1880 possint]
2486 1808 2676 1875 frena;
2721 1823 2751 1863 a
2780 1809 2924 1862 vitiis
2971 1823 3069 1862 nos
3099 1808 3418 1874 retrahunt;
3442 1807 3523 1860 in-

1939 1903 2231 1957 lroducuut
2287 1903 2354 1956 ad
2425 1902 2688 1956 virtutum
2747 1901 2982 1965 choros;
3041 1899 3092 1952 iii
3157 1899 3518 1967 Christoque,

1940 2003 2127 2048 monte
2152 1993 2541 2064 pulcherrimo,
2578 1993 2821 2048 habitare
2851 2007 2950 2046 nos
2981 1991 3205 2046 faciunt.
3225 1992 3246 2023 ⁸
3269 1991 3516 2058 Quaudiu

1951 2084 2005 2140 in
2039 2087 2215 2155 patria
2279 2096 2370 2139 tua
2425 2100 2507 2150 es,
2546 2083 2749 2139 habeto
2801 2083 3052 2138 cellulam
3094 2095 3194 2152 pro
3223 2079 3518 2150 paradiso;

1941 2177 2090 2232 varia
2123 2175 2530 2245 Scriptttrarum
2563 2191 2724 2246 poma
2759 2173 3012 2243 decerpe,

2015 2269 2112 2324 His
2142 2279 2296 2324 utere
2343 2267 2576 2330 deliciis,
2613 2267 2804 2322 harum
2852 2266 3037 2321 fruere
3093 2264 3404 2334 compti-xu.
3459 2259 3517 2315 Si

1945 2363 2282 2418 scandalizat
2311 2371 2362 2415 te
2389 2375 2505 2429 pes,
2554 2359 2769 2420 oculus,
2815 2372 3008 2413 manus
3049 2367 3163 2423 tua,
3195 2355 3400 2426 projicc
3431 2368 3517 2407 ea.

1946 2454 2085 2510 Nulli
2128 2467 2342 2522 parcas,
2379 2460 2436 2507 ut
2465 2452 2566 2508 soli
2601 2464 2796 2521 parcas
2822 2449 3015 2503 animae
3056 2456 3161 2502 tute
3193 2463 3208 2500 :
3237 2446 3341 2510 Qui
3376 2445 3522 2498 vide-

1947 2549 2036 2612 rit,
2069 2545 2243 2615 inquit
2271 2544 2554 2608 Dominus,
2607 2541 2877 2596 mulierem
2923 2539 2994 2594 ad
3048 2536 3522 2605 concupiscendum

1951 2654 2090 2704 eam,
2143 2638 2264 2708 jam
2309 2634 2594 2690 nimcliatus
2621 2642 2698 2687 est
2729 2649 2848 2688 eam
2879 2631 2934 2685 in
2979 2629 3137 2685 corde
3184 2643 3279 2682 suo
3311 2625 3520 2697 (Matth.

1950 2748 2006 2796 v,
2024 2726 2650 2798 28’)._Quis.gloriabitur
2678 2733 2885 2780 castum
2928 2739 2984 2777 se
3006 2720 3194 2774 habere
3217 2735 3307 2773 cor
3338 2717 3522 2789 (Prov.

1951 2821 2336 2890 xx,9)?Astra
2381 2833 2487 2874 non
2541 2826 2670 2873 sunt
2721 2815 2922 2870 munda
2976 2815 3029 2868 in
3077 2820 3368 2882 conspectu
3415 2807 3519 2861 Do-

1954 2917 2120 2974 iiiiui:
2151 2924 2352 2985 quanto
2369 2912 2547 2982 magis
2579 2911 2853 2977 homines,
2881 2924 3110 2980 quorum
3147 2907 3254 2961 vita
3290 2904 3530 2960 tentatio

1952 3020 2036 3065 est
2057 3011 2080 3065 ?

1861 3109 1906 3168 ο
2011 3101 2104 3156 Vae
2139 3101 2296 3158 nobis
2323 3098 2561 3165 miseris,
2596 3095 2814 3168 quoties
2864 3090 3329 3160 concupiscimus,
3359 3085 3524 3141 toties

1939 3192 2294 3249 fornicamur.
2316 3190 2617 3247 Inebriatus
2649 3197 2751 3251 est,
2810 3187 3006 3256 inquit,
3043 3181 3254 3254 gladius
3278 3194 3423 3232 meus
3463 3177 3519 3230 iii

1937 3287 2066 3342 caelo
2092 3285 2228 3356 (Ira.
2275 3298 2456 3349 xxxiv,
2485 3283 2578 3353 5);
2609 3280 2781 3334 multo
2817 3275 3056 3346 amplius
3093 3274 3145 3328 in
3199 3283 3366 3334 terra,
3399 3284 3523 3339 qua:

1939 3380 2124 3448 spinas
2157 3385 2211 3432 et
2231 3376 2458 3432 tribulos
2481 3383 2726 3445 generat.
2783 3369 2890 3423 Vas
2919 3367 3222 3428 electionis,
3255 3365 3311 3418 in
3354 3361 3513 3432 cujus

1942 3481 2160 3543 pectore
2203 3466 2315 3540 [AL
2342 3464 2458 3536 ore]
2491 3465 2746 3520 Christus
2774 3462 3086 3524 resonabat,
3127 3465 3368 3510 macerat
3396 3468 3522 3543 cor-

1943 3541 2043 3632 pus
2073 3575 2229 3615 suum
2265 3575 2280 3612 :
2307 3565 2362 3611 et
2391 3567 2570 3608 tamen
2601 3552 2780 3610 cernit
2811 3549 3114 3604 naturalem
3139 3546 3326 3600 carnis
3355 3541 3517 3596 ardo-

1945 3667 2058 3708 rem
2109 3667 2219 3706 su:e
2262 3661 2569 3718 repugnare
2622 3643 2926 3706 sententiae,
2978 3648 3037 3694 ut
3063 3637 3204 3708 quod
3249 3650 3354 3692 nou
3407 3633 3523 3688 vult

1945 3746 2048 3800 hoc
2077 3757 2238 3813 agere
2272 3739 2662 3808 compellatur;
2703 3744 2759 3791 et
2813 3745 2868 3788 tu
2911 3742 2964 3788 te
2999 3729 3286 3786 arbitraris
3316 3729 3522 3795 absque

1942 3835 2096 3905 lapsu
2129 3840 2184 3887 et
2215 3832 2435 3885 vulnere
2469 3841 2630 3898 p0sse
2667 3823 2924 3886 transire,
2971 3821 3074 3875 nisi
3098 3818 3245 3873 omni
3270 3815 3518 3872 custodia

1945 3926 2251 3984 servaveris
2289 3939 2383 3979 cor
2408 3933 2584 3976 tuum.
2620 3917 2853 3972 Maxime
2879 3929 3005 3970 cum
3039 3910 3282 3980 plurimi,
3303 3905 3524 3962 etiamsi

1945 4021 2311 4083 continentes,
2368 4013 2612 4069 iracundi
2665 4012 2794 4073 sint,
2843 4006 3068 4070 ebriosi,
3120 4015 3401 4073 procaces,
3425 4014 3520 4053 su-

1945 4110 2122 4182 perbi,
2167 4125 2234 4164 ex
2285 4105 2619 4162 cantinentia
2681 4101 2852 4172 magis
2900 4097 3098 4160 inﬂati,
3145 4107 3520 4164 percussores,

1945 4203 2223 4266 maledici,
2263 4199 2468 4271 cupidi,
2499 4196 2695 4259 timidi,
2755 4193 2986 4248 multum
3022 4189 3130 4246 sibi
3165 4187 3442 4257 placentes
3465 4192 3526 4238 ut

1945 4296 2186 4352 iudicent
2215 4290 2632 4354 continentiam,
2666 4286 2822 4358 quasi
2857 4281 3152 4356 praeferant
3178 4278 3523 4335 incontinen-

1949 4397 2036 4444 tiae
2063 4385 2514 4442 submiiiisti-asse
2546 4383 2852 4436 materiam.

249 4483 416 4536 enim
446 4482 466 4512 ³
494 4482 692 4534 mentis
748 4478 918 4532 facies
963 4491 1080 4542 est;
1127 4485 1184 4530 et
1241 4475 1392 4530 taciti
1440 4475 1609 4542 oculi,
1660 4475 1840 4532 cordis
1869 4465 1920 4526 ί)
2017 4477 2122 4534 Sed
2147 4477 2235 4532 ille
2261 4475 2546 4531 continens
2576 4488 2707 4526 vere
2758 4479 2883 4534 est,
2939 4467 3031 4538 qui
3064 4465 3320 4520 universa
3356 4476 3526 4515 mem-

251 4575 511 4627 l’atentur
550 4585 771 4624 arcana.

334 4664 503 4716 Tales
533 4677 748 4732 quoque
774 4659 968 4714 habeto
993 4657 1194 4723 socios,
1235 4670 1467 4727 quorum
1490 4655 1849 4713 contubernio

249 4772 383 4811 non
419 4755 719 4809 infameris.
744 4750 863 4805 Non
911 4760 1083 4815 veste,
1130 4749 1226 4806 sed
1261 4750 1506 4805 moribus
1535 4759 1797 4803 ornentur
1829 4763 1846 4802 :

245 4862 314 4905 ct
397 4848 712 4918 pudicitiam
784 4844 970 4898 habitu
1038 4843 1420 4912 polliceantur.
1483 4841 1846 4912 Corrumpunt

247 4960 444 5001 uxores
467 4943 624 4996 bonos
655 4939 1108 5008 confabulationes
1130 4939 1388 5008 pessimae.
1425 4937 1630 4992 Caveto
1659 4949 1849 4991 omnes

336 5124 355 5153 ¹
406 5123 566 5175 Addit
595 5121 817 5175 Buheus
843 5133 907 5173 es
938 5117 1034 5177 lib,
1096 5131 1133 5170 It
1184 5115 1396 5169 advers.
1426 5114 1700 5169 Jorim’an.
1723 5127 1844 5181 cap.

247 5197 285 5250 7
321 5213 338 5249 :
383 5211 408 5244 ι
459 5191 664 5245 Tactus
699 5191 1000 5245 alienorum
1046 5199 1364 5253 corporum,
1425 5195 1479 5239 et
1521 5183 1846 5238 feminarum

243 5266 555 5321 ardentior
579 5265 854 5331 appetitus
887 5259 1100 5312 vicinus
1123 5256 1350 5331 insaniat
1385 5266 1490 5310 cst.
1536 5273 1554 5304 i

330 5337 356 5366 ³
389 5336 496 5387 Pro
527 5325 755 5400 liis-qua:
779 5338 1104 5399 sequuntur,
1132 5343 1159 5400 rt
1189 5326 1318 5380 ltetii
1348 5341 1454 5396 quo
1489 5325 1715 5400 modo,»
1741 5334 1847 5377 etc.

242 5411 304 5462 iii
351 5405 540 5460 Ruhci
600 5396 1012 5458 editione—haec
1063 5399 1464 5450 substituuntur
1521 5410 1586 5446 ex
1640 5396 1734 5446 liti.
1792 5409 1848 5446 iii

239 5481 652 5532 Costtitientar.
685 5469 1070 5545 llIAEZcClllelq
1105 5482 1224 5536 cap.
1261 5479 1357 5519 VIII
1401 5480 1416 5522 ζ
1449 5483 1476 5545 ξ,
1503 5465 1777 5545 vultuque
1797 5476 1852 5517 et

237 5548 455 5602 oculis
514 5543 846 5599 dissimulari
895 5554 1006 5594 non
1053 5547 1231 5608 potest
1284 5537 1655 5608 conscientia,
1721 5539 1850 5587 diiiit

237 5621 553 5676 lusuriosa
587 5624 641 5670 et
692 5613 888 5669 lasciva
953 5607 1107 5663 metis
1148 5607 1290 5663 lucet
1353 5607 1406 5661 iii
1458 5607 1618 5671 facte,
1670 5614 1724 5676 et
1768 5619 1858 5658 εει

237 5675 432 5744 mu
485 5687 665 5743 cordis
721 5693 868 5739 motu
922 5679 1167 5751 corporis
1217 5687 1272 5735 et
1309 5678 1549 5748 gestibus
1608 5675 1852 5732 iudicati-

237 5769 380 5818 tur.
428 5775 448 5808 ι

1950 4571 2173 4626 brorum
2196 4567 2368 4621 oﬂicia
2396 4582 2424 4618 a
2484 4564 2638 4620 malis
2665 4562 2944 4617 alfectibus
2963 4558 3260 4623 subtrahit,
3290 4564 3345 4609 et
3375 4553 3528 4621 cogi-

1952 4671 2177 4717 tatuma
2231 4669 2342 4714 tota
2391 4656 2631 4728 nequitia
2701 4653 3026 4724 compescit.
3089 4650 3306 4717 Quanto
3367 4647 3524 4716 plura

1951 4764 2131 4810 tamen
2161 4760 2287 4807 sunt
2311 4764 2428 4818 quae
2453 4750 2769 4816 impugnant
2803 4745 3141 4808 pudicitiam,
3175 4749 3328 4796 tanto
3351 4738 3527 4791 victo-

1953 4847 2027 4902 ris
2061 4845 2263 4913 majora
2301 4853 2428 4898 sunt
2455 4842 2702 4911 prtemia.
2763 4837 2900 4891 Nam
2951 4849 3001 4890 ct
3032 4849 3134 4905 ego
3193 4848 3316 4888 cum
3347 4843 3524 4884 essem

1946 4937 2194 5010 juvenis,
2227 4949 2284 4992 et
2308 4934 2621 4992 solitudinis
2650 4948 2734 4988 me
2767 4934 2978 4988 deserta
3020 4929 3312 4991 vallarent,
3336 4923 3523 4977 iuceti-

2023 5116 2378 5173 ‘Econtrario
2405 5113 2656 5181 periocha
2681 5112 2892 5177 isthzec,
2928 5127 2944 5162 ι
2973 5106 3265 5180 Speculum
3299 5105 3470 5168 enim,
3501 5121 3520 5156 ι

1951 5199 2087 5244 etc...
2131 5190 2182 5242 in
2210 5188 2296 5240 illa
2328 5187 2566 5240 editione
2590 5185 2946 5238 desideratur.

2025 5263 2046 5289 ⁵
2083 5258 2418 5312 lteliuximus
2460 5256 2634 5308 locum
2688 5254 2754 5309 ad
2815 5254 2986 5308 Ruhci
3021 5252 3328 5319 exemplar,
3361 5252 3523 5299 antea

1951 5331 2095 5383 enim
2129 5331 2211 5382 lll8
2240 5331 2633 5397 praeligebatur,
2670 5343 2688 5376 ι
2723 5325 2860 5377 Audi
2883 5338 2989 5397 me,
3024 5335 3190 5397 i_t_iiu_i
3224 5321 3328 5376 alio
3359 5329 3524 5397 sensu

1953 5392 2257 5467 legebatur,
2297 5416 2315 5448 ι
2352 5392 2639 5467 uicumque
2687 5394 3014 5467 desiderium
3051 5392 3304 5467 Christus
3329 5396 3455 5453 est;
3495 5403 3519 5436 r-

1952 5463 2096 5538 (μῖοά
2130 5478 2248 5523 erat
2269 5465 2528 5538 etiamab
2557 5464 2872 5538 Hieronymi
2904 5473 3084 5538 mente
3114 5463 3382 5538 alienum.

2027 5540 2048 5570 ⁵
2081 5541 2258 5609 Atque
2291 5539 2384 5591 his
2405 5537 2508 5609 alia
2525 5525 2942 5609 substituuntur
2967 5551 2996 5589 a
3025 5534 3214 5609 litibeo
3243 5543 3420 5598 usque
3453 5525 3521 5580 ad

1956 5608 2132 5664 locum
2170 5601 2185 5663 Ξ
2227 5608 2286 5663 Si
2311 5605 2645 5661 scandalizat
2681 5615 2729 5659 te
2764 5619 2876 5672 pes,
2909 5614 3016 5658 etc.
3061 5601 3299 5669 Quarum
3341 5610 3524 5652 tamen

1957 5679 2433 5749 interpolationuui
2469 5679 2601 5730 satis
2626 5676 2781 5732 nobis
2799 5685 2885 5733 est
2903 5690 3072 5730 unum
3101 5684 3265 5746 atque
3297 5672 3524 5726 alterum

1955 5754 2226 5817 speciiiieu
2265 5751 2584 5815 prtcbtiissc.
