4012 6188
456 359 560 423 333

1423 372 1488 434 S.
1525 372 1973 435 lIlERONYMl
2018 376 2337 437 OI'ERUM
2379 376 2777 437 MANTISSA.

3605 372 3710 437 340

457 476 564 529 tiva
593 472 844 532 vitiorum
874 479 1229 552 ardoremque
1290 492 1497 538 naturae
1556 483 1701 543 ferre
1733 501 1839 541 non
1872 496 2027 556 pote-
2057 493 2105 549 Α
2135 486 2326 541 recolit
2383 489 2709 559 voluptates.
2777 488 2904 544 Viro
2962 488 3105 545 enim
3152 488 3428 546 luxurioso
3481 489 3707 547 verbum

460 581 574 621 ram
609 585 623 622 :
653 583 810 637 quem
832 585 956 626 cum
988 574 1198 630 crebris
1230 576 1457 646 jejuniis
1490 575 1823 649 frangerem,
1870 594 2028 637 mens

458 657 877 726 cogitationibus
940 667 1257 720 aestuabat.‘
1292 666 1375 721 Ad
1442 682 1609 736 quam
1666 669 2023 726 edomandam

458 749 672 802 cuidam
711 765 796 804 me
839 750 1024 819 fratri,
1064 757 1157 826 qui
1188 772 1251 812 ex
1308 757 1547 814 Hebraeis
1582 760 1929 826 crediderat,
1969 762 2024 817 in

458 835 798 904 disciplinain
827 841 947 895 dedi
974 859 990 895 τ
1016 854 1075 897 ut
1106 855 1227 914 post
1250 847 1569 912 Quintiliani
1598 852 1878 918 acumina,
1901 867 2027 922 gra-

461 927 681 981 vitatem
715 929 1026 1000 Frontonis,
1077 935 1467 1008 Ciceronisque
1500 940 1716 1008 ﬂuvios,
1738 938 1798 998 "et
1834 945 2028 999 lenita-

462 1032 568 1074 tem
624 1020 808 1087 Plinii,
862 1025 1211 1095 alphabetum
1275 1031 1572 1098 discerem,
1642 1044 1697 1089 et
1742 1036 2030 1090 stridentia

458 1117 879 1188 anhelantiaque
938 1124 1100 1178 verba
1154 1126 1468 1183 meditarer.
1499 1127 1640 1193 Quid
1695 1128 1771 1183 ibi
1824 1129 2027 1185 laboris

460 1206 872 1277 insumpserim,
931 1213 1259 1283 quotiesque
1303 1220 1651 1286 cessaverim,
1697 1230 1753 1275 et
1808 1233 2030 1277 conten-

459 1297 601 1352 tione
623 1300 864 1367 discendi
911 1318 1096 1360 rursus
1144 1305 1486 1376 incteperim,
1541 1314 1694 1367 testis
1757 1320 1840 1367 est
1895 1328 2029 1369 con-

458 1390 690 1446 scientia
718 1401 828 1448 tam
862 1409 982 1449 mea
1008 1397 1098 1465 qui
1128 1412 1320 1465 passus
1344 1414 1489 1467 sum,
1528 1416 1689 1472 quam
1713 1416 1902 1459 eorum
1930 1406 2027 1474 qui

459 1495 669 1535 mecum
710 1484 978 1540 duxerunt
1032 1487 1219 1543 vitam.
1256 1489 1323 1544 Et
1372 1492 1577 1561 gratias
1626 1508 1727 1564 ago
1777 1494 2028 1558 Domino,

458 1573 600 1640 quod
644 1573 709 1628 tle
738 1589 928 1631 amaro
976 1579 1183 1633 semine
1235 1580 1540 1638 litterarum
1590 1584 1774 1641 dulces
1822 1586 2032 1642 fructus

459 1664 614 1732 capio
643 1661 752 1736 [ΑΙ.
779 1665 990 1740 carpo].
1058 1704 1067 1711 -

530 1753 708 1810 Prima
741 1756 905 1826 igitur
930 1769 1265 1817 tentamenta
1315 1762 1636 1821 clericorum
1681 1778 1815 1825 sunt
1842 1770 2032 1827 mulie-

460 1859 579 1897 rum
612 1860 889 1904 accessus.
944 1849 1201 1908 Nocivum
1232 1869 1405 1924 genus
1455 1856 1684 1926 femina,
1721 1862 1884 1928 ianua
1914 1864 2030 1919 dia-

461 1936 569 1990 holi
592 1979 607 2003 ,
643 1940 726 1993 via
787 1942 1130 2012 iniquitatis,
1185 1950 1496 2018 scorpionis
1530 1954 1815 2021 percussio
1855 1972 1870 2010 :
1902 1969 2028 2011 cum

461 2030 732 2096 proximat
759 2034 977 2102 stipula,
1003 2039 1251 2093 accendit
1279 2040 1459 2115 ignem
1486 2058 1505 2110 ;
1536 2042 1871 2115 ﬂamtnigero
1902 2047 2029 2118 igne

460 2123 692 2190 perculit
742 2124 941 2181 femina
992 2130 1387 2187 conscientiam
1444 2136 1649 2202 pariter
1706 2137 2024 2204 habitantis,

459 2219 744 2286 esuritque
777 2219 1124 2277 fundamenta
1164 2225 1451 2280 montium.
1480 2224 1593 2295 Ego
1613 2228 1799 2298 judico
1832 2230 1879 2285 si
1903 2246 2026 2286 cum

460 2307 592 2362 viris
627 2307 842 2364 feminae
866 2310 1128 2378 habitent,
1163 2314 1572 2372 viscariumuon
1605 2321 1779 2373 deerit
1800 2319 2025 2376 diaboli.

462 2399 519 2453 Si
543 2401 843 2470 alligaverit
875 2405 995 2471 quis
1022 2404 1200 2472 ignem
1233 2404 1287 2459 in
1314 2406 1439 2462 sinu
1468 2422 1595 2473 suo,
1616 2420 1670 2479 et
1700 2411 2024 2467 vestimenta

458 2504 556 2544 sua
594 2504 700 2544 non
733 2489 1162 2546 eomburentur?
1190 2490 1319 2547 Mihi
1339 2498 1524 2560 crede,
1554 2511 1660 2550 non
1697 2509 1874 2565 potest
1913 2508 2026 2555 toto

458 2580 625 2635 corde
662 2595 785 2634 cum
822 2581 1048 2636 Domino
1088 2581 1336 2640 habitare
1368 2585 1459 2654 qui
1488 2585 1815 2643 feminarum
1845 2605 2025 2646 acces-

458 2674 610 2753 sibus
643 2674 949 2741 copulatur.

530 2763 639 2820 Sed
665 2766 802 2821 dicis
834 2781 851 2821 :
885 2766 990 2832 Qui
1020 2765 1259 2825 ambulat
1290 2769 1617 2840 simpliciter,
1644 2772 1880 2829 ambulat
1903 2792 2024 2831 eun.

457 2858 679 2926 ﬁdenter
707 2858 889 2928 (Prov.
918 2876 974 2923 ι,
1019 2860 1096 2930 9).
1135 2861 1281 2917 Bene
1328 2873 1382 2917 et
1413 2874 1639 2935 argute;
1673 2869 1764 2920 sed
1811 2879 2026 2936 oportet

458 2952 660 3006 bonum
692 2951 892 3007 habere
912 2954 1296 3008 testimonium
1344 2969 1411 3010 ex
1457 2957 1541 3011 his
1566 2938 1665 3025 'qui
1694 2957 1827 3013 lotis
1852 2971 2023 3025 sunt.

457 3040 613 3097 Licet
667 3055 851 3097 coram
914 3042 1026 3098 Deo
1083 3056 1227 3099 recte
1278 3045 1545 3114 ambules,
1609 3057 1787 3103 tamen
1841 3066 2024 3106 coram

2126 580 2396 637 castitatis
2423 579 2651 637 oﬂensio
2678 591 2782 637 est.

2198 691 2300 759 Qui
2345 695 2536 748 vivunt
2569 695 2625 749 in
2666 697 3017 762 monasterio,
3045 706 3098 754 et
3123 711 3354 767 quorum
3400 695 3565 752 simul
3590 711 3713 751 mae

2126 799 2267 856 gnus
2283 796 2365 840 est
2388 801 2672 853 numerus,
2698 803 2976 857 nunquam
3001 789 3098 844 soli
3119 799 3272 844 extra
3297 793 3612 858 procedunt.
3635 789 3711 845 De

2131 878 2347 946 agmine
2371 878 2740 933 columbarum
2769 881 2965 935 crebro
2992 881 3256 950 accipiter
3279 896 3439 933 unam
3470 891 3705 948 separat,

2129 983 2291 1037 quam
2329 970 2511 1023 statim
2548 971 2767 1025 invadat
2796 981 2852 1025 et
2886 973 3110 1036 laceret,
3165 983 3219 1026 et
3250 972 3406 1040 cujus
3452 973 3707 1025 carnibus

2131 1069 2187 1113 et
2211 1074 2406 1113 cruore
2439 1069 2734 1115 saturetur.
2762 1061 3020 1116 Morbidte
3051 1077 3181 1117 oves
3202 1078 3354 1117 suum
3395 1063 3707 1131 relinquunt

2135 1164 2346 1220 gregem
2380 1167 2396 1205 :
2429 1160 2484 1206 et
2531 1151 2782 1223 luporum
2833 1154 3081 1209 faucibus
3131 1155 3484 1209 devorantur.
3530 1153 3705 1207 ltarns

2133 1241 2296 1310 igitur
2330 1243 2427 1296 tibi
2460 1243 2810 1309 sitegressus
2838 1244 2890 1298 itt
2925 1244 3200 1315 publicum
3238 1261 3253 1299 :
3295 1256 3556 1314 martyres
3606 1244 3700 1298 tibi

2138 1341 2452 1397 quaerantur
2480 1332 2531 1386 in
2574 1332 2827 1388 cubiculo
2878 1341 2992 1389 tuo.
3048 1334 3341 1402 Nunquam
3391 1334 3483 1387 tibi
3535 1349 3700 1389 causa

2130 1420 2234 1474 erit
2259 1423 2609 1491 procedendi,
2642 1425 2688 1479 si
2718 1440 2933 1494 semper
2987 1428 3300 1481 necessarie
3351 1442 3702 1494 processurus

2131 1512 2226 1565 sis.
2262 1511 2509 1566 Aliorum
2537 1515 2757 1577 vulnus,
2792 1527 2976 1569 nostra
3032 1517 3105 1571 sit
3158 1519 3363 1572 cautio.
3398 1515 3697 1573 Pestilente

2128 1600 2418 1671 ﬂagellato,
2450 1605 2648 1661 stultus
2678 1607 2981 1676 sapientior
3008 1610 3134 1662 erit.

2204 1716 2334 1772 Nam
2361 1720 2520 1774 etiam
2557 1735 2678 1789 quae
2707 1719 2959 1776 homines
2982 1723 3251 1777 aestimant
3285 1722 3386 1779 sibi
3416 1725 3699 1789 salutaria,

2061 1804 2108 1867 Β
2137 1808 2246 1866 Deo
2275 1811 2511 1877 volente,
2545 1811 2683 1866 verti
2736 1812 2983 1868 videmus
3008 1815 3059 1867 in
3110 1816 3430 1884 perniciem.
3461 1817 3517 1870 In
3551 1829 3698 1871 tran-

2131 1902 2394 1970 quillitate
2421 1904 2565 1957 enim
2602 1912 2893 1974 tempestas
2919 1905 3096 1959 uritur
3126 1920 3142 1962 :
3173 1907 3329 1970 nihil,
3368 1905 3479 1961 Deo
3505 1908 3703 1961 adver-

2131 2006 2305 2061 sante,
2356 2009 2612 2049 securum
2662 2005 2768 2050 est.
2829 1993 3088 2051 Naturale
3152 2011 3365 2066 quoque
3392 2006 3475 2053 est
3504 2014 3700 2053 unum-

2130 2099 2402 2155 quemque
2442 2086 2492 2138 in
2524 2099 2628 2141 suo
2660 2087 2907 2156 periculo
2931 2088 2999 2142 de
3029 2088 3136 2142 alio
3164 2088 3286 2159 plus
3313 2104 3558 2159 sperare.

2203 2197 2259 2251 Si
2291 2197 2510 2268 quando
2548 2201 2789 2256 senseris
2837 2202 3163 2257 exteriorem
3197 2203 3469 2259 hominem
3507 2203 3697 2262 ﬂorem

2128 2291 2506 2347 adolescentia:
2538 2294 2832 2360 suspirare,
2861 2304 2916 2350 et
2943 2305 3163 2364 accepto
3216 2297 3359 2363 cibo,
3380 2312 3502 2352 cum
3556 2312 3606 2354 te
3640 2299 3697 2353 in

2130 2383 2267 2437 lecto
2299 2385 2532 2454 positum
2567 2384 2744 2440 dulcis
2773 2385 3052 2441 libidinum
3088 2402 3280 2457 pompa
3334 2390 3695 2459 concusserit,

2129 2475 2311 2544 arripe
2336 2486 2544 2529 scutum
2575 2477 2695 2529 lidei
2722 2477 2774 2531 in
2796 2463 2902 2546 quo
2919 2478 3099 2547 ignita:
3123 2479 3320 2533 diaboli
3340 2482 3699 2546 exstinguun-

2129 2577 2216 2622 tur
2235 2571 2443 2640 sagittae
2463 2587 2477 2623 :
2503 2567 2695 2624 Omnes
2725 2572 2866 2624 enim
2889 2572 3271 2637 adulterantes,
3289 2573 3442 2642 quasi
3458 2572 3699 2627 clibanus

2127 2662 2288 2715 corda
2327 2677 2506 2715 eorum
2530 2661 2677 2733 (Osee
2711 2678 2806 2726 vtt,
2837 2663 2911 2733 7).
2950 2663 3098 2719 Licet
3149 2665 3362 2719 dillicile
3387 2676 3471 2719 est
3505 2666 3701 2719 huma-

2128 2770 2251 2808 nam
2308 2757 2549 2809 animant
2580 2756 2779 2823 aliquid
2807 2771 2914 2808 non
2945 2771 3150 2821 amare,
3186 2765 3246 2810 ut
3274 2756 3324 2809 in
3344 2770 3701 2826 quoscunque

2127 2861 2281 2899 mens
2312 2856 2494 2900 nostra
2530 2847 2774 2899 trahatur
2804 2847 3071 2902 allectus:
3114 2849 3296 2901 carnis
3322 2848 3483 2918 igitur
3520 2862 3700 2912 arnor,

2127 2934 2350 3002 Spiritus
2409 2947 2594 2988 amore
2672 2944 2979 3003 superetur.
3030 2932 3365 2989 Desidet-ium
3427 2935 3704 2991 desiderio

2127 3026 2495 3095 restinguatur
2521 3043 2536 3091 ;
2566 3026 2824 3095 quidquid
2873 3025 2998 3080 inde
3027 3027 3311 3088 minuitur,
3339 3026 3425 3081 hic
3453 3036 3691 3081 crescat.

460 3132 770 3189 hominibus
813 3132 953 3188 bona
988 3135 1319 3202 providenda
1347 3147 1475 3194 sunt
1515 3156 1530 3193 :
1561 3141 1687 3208 quia
1728 3144 2022 3196 astutiores
2051 3141 2096 3201 α
2126 3115 2416 3208 Nilum?“
2447 3130 2579 3185 ergo
2615 3117 2996 3185 θθείι³¹ί⁰¹¹θ¹¹¹
3028 3130 3278 3171 crescere
3300 3133 3315 3170 ³
3339 3117 3468 3171 dum
3498 3129 3704 3186 parvus

454 3232 584 3279 sunt
614 3223 738 3278 [iliis
767 3224 902 3279 lucis
926 3223 1024 3278 lilii
1064 3226 1433 3282 tenebrarum.
1461 3227 1594 3281 Cum
1622 3242 1749 3298 ergo
1779 3244 1810 3283 a
1847 3239 1896 3284 te
1922 3231 2024 3285 hoc

458 3331 628 3386 genus
688 3331 796 3371 non
849 3325 1185 3385 amputatur,
1247 3319 1342 3372 das
1393 3319 1912 3386 reprehendentilms
1972 3333 2027 3378 te

458 3414 662 3474 locum,
697 3423 820 3463 cum
861 3408 977 3476 ipse
1029 3417 1084 3463 te
1116 3409 1514 3463 detrahentium
1550 3411 1823 3465 morsibus
1855 3414 2024 3467 tradi-

457 3501 610 3557 disti.
646 3498 780 3554 Nam
812 3502 954 3556 inter
1003 3500 1288 3555 illecebras
1343 3502 1696 3571 voluptatum,
1728 3506 1892 3558 etiam
1922 3506 2027 3559 fer-

459 3606 581 3648 reas
612 3602 823 3647 mentes
848 3591 1016 3648 libido
1048 3591 1234 3647 domat
1275 3610 1290 3646 :
1330 3606 1449 3661 quae
1486 3593 1747 3662 majorem
1783 3596 1835 3649 in
1865 3596 2029 3665 virgi.

459 3687 619 3741 nibus
648 3686 848 3755 patitur
882 3685 1100 3750 l'atnem,
1127 3685 1252 3739 dum
1288 3683 1497 3740 dulcius
1525 3694 1677 3755 putat
1700 3701 1861 3741 omne
1883 3686 2025 3754 quod

457 3780 655 3833 nescit.
690 3777 925 3832 Narrant
947 3776 1227 3846 gentilium
1284 3775 1499 3843 fabulaz,
1533 3778 1781 3834 cantibus
1810 3777 2027 3833 Sirena-

460 3887 578 3925 rum
634 3881 833 3925 nautas
868 3871 920 3924 in
974 3869 1243 3949 saxaIisse
1273 3870 1598 3939 praccipites,
1646 3878 1701 3925 et
1724 3871 1791 3924 ad
1824 3870 2026 3939 Orphei

457 3966 721 4018 citharam
757 3963 1003 4027 arbores,
1050 3965 1271 4027 bestias,
1325 3976 1388 4017 ac
1443 3963 1675 4023 silicum
1706 3963 1843 4017 dura
1890 3961 2029 4017 mola

532 4147 757 4201 Diﬂieile
786 4161 1004 4215 quoque
1048 4146 1188 4200 inter
1236 4146 1427 4215 epulas
1463 4160 1711 4202 servatur
1739 4149 2018 4218 pudicitia.

462 4240 652 4295 Nitens
725 4239 886 4304 cutis,
939 4237 1219 4293 sordidum
1268 4237 1504 4292 ostendit
1556 4240 1820 4295 animum.
1875 4239 2027 4296 Licet

459 4331 679 4398 quidam
718 4338 905 4400 putent
958 4328 1183 4394 majoris
1252 4342 1376 4383 esse
1429 4328 1647 4383 virtutis
1700 4344 2023 4400 praesentem

462 4434 810 4478 contemnere
858 4419 1187 4488 voluptatem
1251 4433 1268 4475 :
1329 4429 1509 4473 tamen
1565 4435 1666 4490 ego
1732 4422 2027 4478 securioris

462 4517 698 4570 arbitror
729 4513 1076 4568 continentiae
1125 4511 1337 4566 nescire
1367 4512 1509 4582 quod
1562 4489 1791 4580 quaeras.
1825 4511 2026 4568 Retno-
2062 4489 2106 4547 θ

462 4610 539 4662 ιὶο
568 4610 728 4678 igitur
756 4606 882 4674 viri,
938 4604 1209 4659 castitatis
1260 4604 1493 4660 collocat
1526 4621 1701 4671 arma,
1758 4609 2029 4662 construit

462 4704 516 4755 in
548 4699 865 4753 melioribus
916 4706 1096 4752 castra
1132 4696 1373 4766 pudoris.
1427 4695 1626 4751 Thecla
1679 4707 1800 4767 post
1853 4708 2030 4753 tenta-

460 4794 664 4845 tionem
707 4785 975 4857 passionis
1003 4784 1327 4846 Antiochiae,
1357 4799 1482 4839 cum
1518 4783 1681 4837 l’aulo
1713 4785 2031 4853 prohibetur

464 4882 666 4949 pariter
699 4890 945 4948 pergere.
993 4877 1164 4933 Nemo
1195 4875 1352 4929 miles
1395 4891 1516 4929 cum
1561 4891 1727 4930 uxore
1761 4877 1936 4948 pergit
1960 4877 2025 4933 ad

464 4974 684 5028 bellum.
737 4969 1054 5026 Germinaut
1105 4965 1323 5021 femina:
1352 4967 1538 5036 spinas
1569 4983 1691 5021 cum
1719 4968 1851 5023 viris
1879 4968 2029 5023 habi-

462 5073 665 5130 tantes,
701 5076 904 5117 arcana
939 5061 1204 5115 mentium
1236 5074 1506 5114 mucrone
1536 5058 1858 5113 concutiunt
1889 5058 1911 5131 [
1938 5059 2026 5116 At.

462 5152 830 5225 percutiunt].
864 5151 1034 5207 Nemo
1085 5151 1251 5221 igitur
1304 5150 1445 5203 inter
1471 5160 1754 5218 serpentes
1787 5159 1842 5204 et
1876 5165 2029 5205 scor-

466 5249 656 5317 piones
711 5259 936 5300 securus
996 5242 1318 5314 ingreditur.
1358 5239 1552 5295 Libido
1612 5242 1757 5295 enim
1818 5255 2032 5310 semper

463 5343 549 5397 sui
576 5341 834 5411 relinquit
872 5336 1283 5407 ptenitudiuetn.
1336 5333 1620 5404 Nunquam
1672 5335 1919 5401 satiatur,
1977 5348 2029 5391 et

462 5436 730 5492 exstincta
794 5429 1175 5489 reaccenditur
1226 5445 1374 5484 :usu
1426 5428 1626 5484 crescit
1672 5438 1729 5483 et
1764 5430 2031 5487 decrescit

466 5526 595 5603 [ΑΙ.
629 5537 765 5582 tacet
822 5535 877 5582 et
927 5524 1193 5581 decrescit
1222 5521 1242 5595 1
1274 5538 1289 5580 :
1342 5537 1444 5578 nec
1467 5521 1666 5577 rationi
1694 5533 1865 5592 paret,
1912 5537 2032 5592 quae

464 5623 672 5688 impetu
715 5618 955 5672 ducitur.
992 5617 1146 5675 Unde
1183 5615 1462 5684 virginitas
1500 5615 1553 5668 in
1584 5628 1649 5670 eo
1678 5614 1886 5670 felicior
1920 5622 2025 5682 est,

465 5710 614 5779 quod
664 5690 842 5763 carnis
897 5708 1168 5763 incentiva
1196 5721 1301 5761 non
1329 5707 1478 5762 novit
1510 5723 1525 5761 ;
1555 5714 1611 5761 et
1670 5705 1910 5763 viduitas
1961 5721 2029 5763 eo

471 5796 761 5859 infelicior
784 5797 808 5870 [
831 5798 920 5855 Al.
951 5798 1236 5858 sollicitior
1255 5799 1296 5873 ],
1324 5799 1463 5873 quod
1494 5798 1800 5872 praeteritas
1847 5798 2030 5855 animo

2132 3216 2215 3261 est
2245 3206 2438 3272 hostis,
2484 3208 2776 3276 interlice;
2823 3211 3064 3277 nequitia
3095 3208 3329 3263 elidatur
3376 3210 3430 3263 in
3469 3211 3701 3265 semine.

2130 3298 2271 3353 Audi
2317 3287 2659 3354 Psalmistam
2717 3315 2733 3356 :
2793 3301 2987 3355 Beatus
3048 3303 3139 3370 qui
3206 3300 3385 3355 allidet
3452 3304 3707 3372 paruulos

2132 3405 2253 3444 suos
2304 3391 2373 3441 ad
2432 3405 2635 3459 petram
2693 3387 2893 3460 (Psal.
2946 3407 3165 3457 cum,
3199 3393 3296 3457 9)!
3355 3394 3697 3459 lmpossibile

2132 3482 2291 3537 estin
2325 3496 2545 3535 sensum
2577 3482 2813 3538 hominis
2838 3498 2943 3537 non
2977 3484 3188 3539 irruere
3219 3494 3425 3538 motum
3456 3483 3593 3557 [ΑΙ.
3616 3488 3705 3538 in-

2134 3582 2317 3628 natent
2350 3575 2729 3638 medullarum,
2766 3583 2876 3629 etc.
2897 3572 2937 3646 ],
2968 3584 3023 3630 et
3056 3575 3412 3629 medullarum
3439 3575 3703 3630 calorem.

2132 3664 2227 3720 llle
2270 3677 2447 3719 tamen
2496 3664 2769 3730 laudatur,
2826 3666 2916 3720 ille
2964 3666 3290 3735 praedicatur
3345 3668 3557 3730 beatus,
3606 3669 3705 3733 qui

2134 3756 2316 3811 Statim
2351 3772 2475 3811 cum
2506 3758 2736 3825 cmperit
2794 3758 3056 3827 cogitare,
3110 3757 3364 3812 interﬁcit
3407 3758 3704 3828 cogitatus,

2133 3854 2188 3900 et
2221 3845 2392 3901 allidit
2419 3861 2511 3903 eos
2536 3850 2602 3901 ad
2635 3857 2842 3915 petram
2875 3863 2890 3900 :
2922 3843 3084 3901 Petra
3114 3858 3289 3901 autem
3313 3858 3425 3901 erat
3460 3844 3708 3902 Christus

2137 3936 2189 4009 (Ι
2215 3936 2335 3993 Cor.
2377 3954 2430 4004 ι,
2464 3940 2541 4009 4).
2591 3938 2728 3992 Nam
2785 3938 2919 3994 lides
2970 3954 3104 4009 pura
3168 3953 3374 3993 moram
3406 3953 3512 3991 non
3562 3939 3709 4007 pa‘ti-

2138 4041 2243 4086 tur.
2289 4032 2424 4087 Cum
2479 4034 2790 4103 apparuerit
2846 4035 3081 4103 scorpio,
3135 4033 3280 4088 illico
3333 4034 3708 4090 conterendus

2085 4129 2092 4136 '
2135 4130 2241 4177 est.

2204 4238 2468 4303 Ardentes
2532 4237 2695 4309 igitur
2739 4238 2936 4295 diaboli
2994 4244 3228 4309 sagittze,
3279 4239 3607 4308 ieiuniorum
3655 4248 3712 4295 et

2137 4328 2439 4400 vigiliarum
2471 4328 2675 4393 frigore
2728 4332 3122 4400 restinguenda:
3176 4341 3320 4385 sunt.
3367 4332 3529 4385 Erras
3553 4347 3711 4385 nam-

2137 4435 2262 4488 que,
2298 4422 2486 4485 l‘rater,
2537 4436 2710 4486 erras,
2740 4421 2787 4477 si
2817 4433 2988 4491 .putas
3040 4437 3274 4491 unquam
3333 4420 3705 4477 Christianum

2138 4512 2570 4580 persecutionem
2653 4527 2759 4567 non
2841 4514 2975 4582 pati.
3027 4512 3179 4569 Tunc
3243 4513 3384 4568 enim
3470 4514 3711 4568 maxime

2136 4604 2486 4673 Oppugnaris,
2550 4607 2596 4658 si
2658 4613 2709 4658 te
2761 4604 3060 4673 oppugnari
3115 4605 3313 4659 nescis.
3341 4604 3511 4659 Nemo
3558 4606 3707 4660 enim

2137 4707 2219 4750 est
2260 4706 2406 4749 tanta
2460 4696 2718 4750 lirtnitate
2767 4696 3046 4761 suliultus,
3097 4704 3156 4749 ut
3184 4698 3249 4750 de
3278 4698 3577 4751 stabilitate
3606 4698 3710 4752 de-

2138 4787 2264 4841 beat
2297 4802 2421 4843 esse
2457 4802 2687 4843 securus
2714 4804 2729 4851 ;
2767 4788 2981 4842 dicente
3005 4787 3263 4855 Apostolo
3301 4803 3317 4842 :
3347 4787 3452 4852 Qui
3475 4798 3601 4848 stat,
3624 4789 3711 4842 ei.

2136 4878 2260 4931 deat
2292 4892 2354 4931 ne
2383 4883 2539 4930 cadat
2573 4877 2619 4946 (I
2650 4875 2775 4932 Car.
2826 4892 2882 4944 ι,
2916 4877 3045 4949 12);
3076 4878 3329 4946 quoniam
3382 4878 3565 4932 nullus
3608 4878 3719 4930 ho-

2136 4970 2245 5024 stili
2274 4970 2514 5025 cxercitu
2546 4968 2828 5023 obsidente
2847 4984 3073 5023 securus
3088 4977 3194 5023 est.
3214 4968 3347 5022 Nam
3370 4969 3719 5024 adversarius

2141 5076 2320 5119 uoster
2360 5071 2610 5129 tanquam
2649 5063 2728 5115 leo
2764 5063 2975 5131 rugiens
3020 5060 3221 5131 aliquid
3272 5063 3520 5116 devorare
3559 5078 3722 5131 qure-

2139 5171 2280 5220 rens,
2306 5155 2549 5207 circumit
2581 5152 2626 5221 (l
2660 5152 2805 5207 Petr.
2840 5168 2891 5219 v,
2939 5153 3032 5222 8);
3083 5163 3139 5208 et
3184 5164 3237 5206 tu
3286 5167 3473 5224 pacem
3510 5155 3724 5224 putas!

2138 5246 2291 5301 Sedet
2321 5247 2375 5299 in
2400 5246 2607 5298 insidiis
2636 5260 2753 5297 cum
2783 5244 3036 5298 divitibus
3090 5254 3137 5296 et
3180 5246 3236 5298 in
3265 5244 3502 5309 occultis,
3533 5254 3590 5298 ut
3620 5248 3727 5300 in-

2141 5341 2370 5409 terﬁciat
2424 5342 2746 5394 innocentem
2795 5339 2966 5409 (Psal.
2996 5355 3070 5403 ιχ,
3100 5339 3215 5407 29).
3254 5336 3407 5405 Quod
3459 5340 3525 5393 de
3579 5338 3723 5394 libi-

2140 5433 2264 5488 d'nc
2286 5433 2521 5486 diximus
2555 5431 2858 5486 referamus
2887 5432 2953 5483 ad
2995 5430 3303 5495 avaritiam,
3333 5440 3386 5484 ct
3412 5429 3480 5485 ad
3516 5434 3721 5488 omnia

2139 5526 2272 5579 vitia
2318 5540 2438 5593 quae
2492 5525 2727 5578 vitantur
2764 5522 3076 5581 solitudine.
3127 5520 3194 5575 Et
3236 5523 3437 5577 idcirco
3487 5525 3727 5583 urbium

2140 5615 2501 5685 frequentiam
2558 5615 2912 5675 declinemus,
2951 5628 3017 5667 ne
3058 5614 3236 5667 facere
3286 5612 3725 5684 compellantur,

2139 5721 2260 5776 quae
2306 5720 2407 5764 nos
2456 5721 2560 5762 non
2607 5715 2712 5760 tam
2753 5715 2943 5761 natura
2993 5702 3138 5775 cogit
3189 5703 3369 5760 facere
3404 5718 3566 5775 quam
3597 5718 3729 5762 vo-

2132 5797 2332 5854 lunias.
