4012 6188
307 397 402 464 341

909 513 1139 570 CAPUT
1183 512 1276 566 ιν.

867 626 944 680 De
976 624 1315 693 Paupertate.

379 756 667 822 Quondam
706 756 858 808 dives
906 755 1246 819 adolescens,
1291 754 1476 830 omnia
1523 769 1642 823 qua:
1673 754 1726 807 in
1772 751 1887 820 lege

311 856 580 918 praerepta
647 857 775 901 sunt
853 861 912 900 se
967 847 1214 914 implesse
1259 847 1520 915 iactabat.
1570 846 1650 900 Ad
1723 859 1885 912 quem

315 940 576 992 Dominus
609 943 657 991 in
697 938 1030 1006 Evangelia:
1085 939 1261 1008 Unum
1294 939 1412 998 tibi,
1459 938 1654 1003 inquit,
1708 937 1883 999 deest;

313 1032 358 1083 si
387 1032 462 1081 eis
491 1035 624 1097 peri}
643 1042 754 1081 ctus
787 1045 918 1090 esse,
959 1029 1111 1088 vade,
1139 1029 1297 1081 vende
1343 1031 1516 1080 omnia
1543 1043 1662 1098 quia
1700 1027 1884 1094 habes,
1949 1040 1956 1046 '

311 1135 356 1174 ﬂ
398 1127 468 1172 au
501 1123 836 1188 pauperibus,
867 1131 911 1171 et
938 1121 1069 1183 veni,
1107 1137 1318 1188 sequere
1347 1137 1426 1173 me
1449 1119 1644 1190 (Marc.
1683 1134 1738 1178 ι.
1765 1119 1882 1187 21).

312 1211 414 1273 Qui
448 1212 631 1260 oninia
669 1226 726 1261 se
775 1210 988 1261 dicebat
1015 1209 1236 1272 fecisse,
1281 1215 1329 1262 in
1383 1211 1559 1278 primo
1587 1210 1886 1264 certamine

313 1301 538 1353 diutius
576 1304 794 1352 vincere
827 1316 935 1352 non
995 1310 1190 1367 potest.
1229 1299 1381 1354 Unde
1429 1300 1652 1371 diilicile.
1680 1301 1888 1354 intrant

313 1393 515 1444 divites
547 1407 711 1460 regna
759 1393 1037 1455 ctelorum,
1088 1408 1210 1460 quae
1267 1394 1545 1462 expeditos
1573 1404 1626 1447 et
1681 1393 1886 1445 alarum

315 1482 539 1532 levitate
586 1481 846 1534 subnixos
894 1481 1231 1535 habitatores
1317 1484 1648 1536 desiderant.
1715 1481 1882 1548 Vade,

313 1572 740 1638 inquit,veude;
786 1587 890 1626 non
961 1584 1164 1642 partem
1219 1574 1560 1639 substantiae,
1620 1573 1715 1627 sed
1766 1575 1888 1627 urti-

317 1678 478 1716 versa
508 1679 626 1731 qua:
651 1664 1000 1732 possides;et
1030 1664 1124 1729 da,
1163 1680 1267 1718 non
1316 1666 1542 1727 amicis,
1599 1680 1705 1719 non
1752 1679 1888 1718 con-

313 1755 650 1820 sanguineis,
671 1771 776 1808 non
809 1759 1146 1826 prepinquis,
1189 1773 1294 1810 non
1331 1759 1632 1822 usori,non
1666 1758 1884 1824 liberis;

1465 391 1774 450 REUULA
1838 384 2397 448 MONACHORUM.

1910 513 1960 570 Α
1989 507 2268 575 templum,
2324 517 2591 568 mensam,
2641 503 2914 567 lucernas,
2959 497 3252 560 thuribula,
3299 496 3560 566 scyphos,

3445 379 3560 440 342·

1988 608 2044 653 et
2095 597 2197 650 alia
2242 611 2306 650 ex
2363 609 2496 649 auro
2528 593 2809 648 fabricata.
2847 591 2998 646 Tunc
3033 589 3150 644 haec
3207 589 3500 656 probantur
3527 605 3557 642 a

1989 687 2235 752 Domino,
2268 687 2484 756 quando
2542 682 2850 738 sacerdotes
2903 681 3113 737 hostias
3175 679 3554 742 itmnolabant,

1985 789 2039 833 et
2098 778 2321 847 sanguis
2354 791 2610 848 pecorum
2663 785 2782 830 erat
2819 772 3127 843 redemptio
3177 780 3552 841 peccatorum,

1987 887 2296 940 quanquam
2327 871 2439 923 haec
2475 869 2654 922 omnia
2698 874 3096 934 praecesserunt
3149 865 3202 917 in
3234 862 3427 932 figura.

2057 963 2208 1016 Nunc
2241 976 2370 1015 vero
2411 976 2531 1014 cum
2569 966 2940 1028 paupertatem
2975 959 3165 1011 domus
3197 971 3309 1009 suae
3355 968 3559 1024 pauper

1989 1054 2245 1109 Dominus
2271 1053 2605 1108 dedicaverit
2642 1070 2658 1118 ς
2688 1052 2988 1119 cogitemus
3025 1065 3267 1112 crucem,
3328 1061 3382 1103 et
3414 1048 3555 1102 divi-

1987 1146 2093 1198 tias
2145 1155 2316 1197 tutum
2377 1144 2708 1212 putabimus.
2746 1141 2853 1195 Sed
2892 1140 3136 1210 nunquid
3185 1151 3438 1206 tempus,
3488 1147 3551 1192 ut

1986 1235 2246 1290 habitetis
2275 1235 2326 1287 in
2371 1235 2621 1289 domibus
2669 1234 2962 1302 laqueatis,
3005 1232 3060 1284 id
3091 1241 3196 1294 est,
3235 1230 3453 1284 ornatis.
3503 1236 3559 1282 et

1986 1327 2298 1396 compositis
2333 1345 2348 1381 :
2381 1337 2434 1380 et
2462 1341 2582 1394 qua:
2615 1339 2723 1379 non
2753 1334 2860 1378 tam
2893 1324 2960 1378 ad
2995 1338 3152 1377 usum
3207 1333 3355 1383 sunt,
3381 1337 3546 1390 quatit

1987 1419 2054 1470 ad
2109 1415 2352 1481 delicias,
2412 1415 2584 1484 inquit
2639 1416 2923 1484 propheta.
3001 1413 3133 1466 Nam
3184 1411 3549 1466 habitaculum

1990 1523 2194 1572 meum,
2219 1507 2272 1560 in
2311 1521 2418 1576 quo
2446 1505 2658 1559 fuerant
2684 1505 2882 1559 Sancta
2918 1513 3256 1569 sanctorum,
3288 1515 3338 1558 et
3361 1504 3558 1556 cheru-

1990 1599 2124 1663 bim,
2188 1607 2243 1652 et
2293 1613 2479 1652 mensa
2533 1597 2942 1667 propositionis,
3001 1596 3174 1665 pluris
3219 1595 3482 1664 rigabitnr
3538 1611 3558 1660 ς

1989 1689 2258 1758 squalebit
2293 1688 2607 1753 solitudine,
2641 1700 2696 1742 et
2739 1690 2853 1742 sole
2891 1687 3144 1742 torrebit.
3201 1686 3333 1754 Quae
3377 1694 3556 1749 autem

1995 1781 2205 1834 utilitas
2235 1781 2441 1849 fulgere
2504 1781 2733 1848 gemmis
2764 1797 2777 1832 :
2804 1788 2858 1832 et
2913 1779 3187 1836 Christum
3222 1777 3272 1832 in
3326 1791 3560 1847 paupere

315 1847 441 1914 Ρ¹¹¹³
474 1845 676 1944 aliquid
722 1849 914 1900 addam
1013 1850 1143 1944 “ill”
1194 1849 1288 1944 {ibi
1342 1850 1423 1944 °b_
1464 1859 1662 1944 mel‘i‘“
1697 1850 1887 1944 ίηίξνίίθ
1921 1856 1962 1910 Β
1991 1872 2132 1926 fame
2162 1845 2455 1943 moriv[Al.
2491 1845 2846 1944 periclitari]?
2875 1871 2993 1926 Jam
3033 1886 3142 1926 non
3167 1879 3294 1925 sunt
3328 1845 3416 1922 tua
3437 1845 3559 1937 quae

317 1939 651 2001 reservahis,
689 1953 755 1991 ne
793 1953 913 1991 cum
936 1940 1143 1992 Anania
1181 1941 1454 1994 damneris
1481 1951 1536 1994 et
1581 1940 1884 2009 Sapphira;

318 2028 510 2082 sedda
565 2038 762 2082 cuncta
818 2031 1169 2099 pauperibus,
1215 2039 1270 2084 et
1319 2031 1404 2084 fac
1451 2029 1547 2084 tibi
1595 2033 1801 2085 amicos
1823 2034 1890 2086 de

317 2119 508 2187 iniquo
537 2136 869 2187 mammona,
901 2123 990 2188 qui
1029 2131 1080 2176 te
1123 2123 1389 2191 recipiant
1435 2123 1488 2176 in
1557 2130 1756 2176 aeterna
1809 2130 1890 2176 ta.

319 2211 638 2276 bernacula,
671 2223 730 2264 ut
759 2228 844 2266 me
879 2213 1123 2281 Sequaris
1158 2223 1215 2266 ut
1255 2215 1572 2268 Domimtm.
1605 2214 1746 2266 Nam
1779 2231 1894 2268 om-

320 2303 410 2355 nis
435 2305 822 2372 quiretiquerit
868 2305 1100 2369 domum,
1155 2307 1230 2359 vel
1275 2309 1486 2376 fratres,
1515 2316 1606 2360 aut
1651 2324 1886 2372 sororec,

317 2407 412 2445 aut
449 2406 674 2462 patrem,
706 2403 797 2448 aut
836 2409 1084 2462 matrem,
1145 2407 1235 2450 aut
1291 2414 1525 2462 uxorem,
1587 2409 1678 2452 aut
1729 2399 1890 2467 ﬁlios,

317 2497 414 2538 aut
437 2503 591 2554 agros
617 2499 821 2554 propter
855 2504 1038 2541 nomen
1067 2505 1257 2553 meum,
1304 2491 1600 2559 centuplum
1646 2491 1886 2560 accipiet,

320 2585 371 2628 et
399 2580 566 2629 vitam
595 2588 842 2630 retentam
869 2579 1148 2645 possidebit
1185 2579 1203 2648 (
1227 2577 1416 2632 Matth.
1457 2593 1570 2645 ιιι,
1601 2579 1717 2645 29).

396 2687 440 2745 0
466 2703 665 2758 quanta
695 2691 972 2744 beatitudo
1019 2707 1114 2761 pro
1145 2693 1323 2761 parvis
1373 2708 1566 2760 magna
1627 2695 1889 2764 recipere,

245 2774 248 2775 ν
323 2791 526 2835 attenta
565 2797 664 2850 pro
722 2783 1008 2846 brevibus,
1052 2797 1148 2852 pro
1211 2785 1486 2838 morituris
1541 2800 1754 2848 semper
1807 2788 1892 2838 vi-

325 2880 526 2939 ventia,
592 2887 646 2930 et
711 2879 910 2932 habere
967 2878 1136 2930 Deum
1197 2879 1524 2932 debitorem!
1569 2878 1626 2932 In
1675 2880 1896 2936 Actibus

324 2970 692 3034 apostolorum
746 2971 910 3036 (quod
969 2967 1177 3022 Domini
1236 2969 1406 3022 nostri
1461 2970 1637 3024 adhuc
1691 2970 1895 3024 calebat

325 3075 524 3122 cruor,
579 3069 634 3111 et
686 3059 924 3114 fervebat
974 3076 1161 3115 recens
1205 3063 1258 3114 in
1313 3063 1659 3116 credentibus
1737 3063 1890 3134 fides)

325 3152 631 3204 vendebant
687 3167 879 3208 omnes
952 3155 1323 3222 possessiones
1387 3169 1548 3218 suas,
1614 3165 1668 3208 et
1725 3156 1893 3224 pretia

327 3258 513 3296 earum
586 3243 650 3296 ad
730 3245 1094 3312 apostolorum
1165 3244 1478 3298 deferebant
1541 3244 1706 3313 pedes
1759 3261 1776 3302 :
1839 3255 1896 3298 ut

324 3338 677 3387 ostenderent
735 3337 993 3403 pecunias
1053 3351 1174 3389 esse
1233 3337 1521 3389 calcandas
1577 3355 1590 3390 :
1643 3335 1898 3390 dabatur-

327 3442 432 3495 que
465 3429 720 3496 singulis,
754 3438 914 3497 prout
957 3432 1151 3497 cuique
1201 3445 1341 3498 opus
1375 3435 1513 3483 erat.
1555 3425 1710 3481 Unde
1745 3429 1895 3480 Ana-

325 3518 447 3572 nias
481 3532 534 3570 et
569 3519 832 3585 Sappbira
875 3519 1278 3587 dispensatores
1331 3518 1527 3580 timidi,
1573 3517 1679 3571 imo
1733 3520 1897 3569 corde

329 3610 551 3678 duplici,
585 3619 637 3661 et
686 3611 804 3662 ideo
837 3609 1205 3674 condemnati,
1245 3610 1372 3677 quia
1408 3619 1527 3678 post
1563 3620 1741 3662 votum
1777 3609 1900 3662 abs-

326 3699 564 3749 tulerunt
611 3699 762 3766 quasi
808 3712 933 3764 sua,
967 3707 1020 3751 et
1065 3714 1167 3751 non
1199 3698 1314 3767 ejus
1371 3700 1458 3752 cui
1507 3712 1567 3751 ea
1621 3706 1894 3762 voverant,

326 3801 652 3858 ρει-ιειιιψιθ
703 3789 804 3842 sibi
851 3789 962 3857 jam
1007 3789 1194 3842 aliena:
1225 3790 1538 3841 substantiae
1593 3801 1900 3840 ωερε-νυγε-

327 3891 480 3937 runt,
515 3887 820 3932 metuentes
864 3879 1086 3946 famem,
1124 3893 1285 3948 quam
1327 3892 1452 3932 vera
1494 3876 1626 3932 fides
1675 3891 1781 3930 non
1837 3877 1900 3930 ti-

330 3980 476 4032 met;
512 3980 566 4024 οι
597 3981 914 4038 praesentem
962 3986 1212 4024 meruere
1269 3970 1584 4035 vindictam,
1645 3983 1748 4022 non
1778 3983 1899 4023 cru-

331 4060 556 4113 delitate
617 4062 920 4125 sententiae,
1007 4062 1100 4114 sed
1179 4061 1538 4114 correctionis
1623 4058 1896 4126 exemplo.

331 4148 523 4203 Vende
550 4165 678 4220 ergo
727 4153 908 4204 omnia
962 4166 1081 4219 qua:
1113 4153 1302 4213 babes,
1353 4159 1407 4204 et
1439 4151 1504 4204 da
1551 4151 1900 4217 pauperibus,

333 4257 437 4295 non
501 4244 567 4294 ad
609 4243 910 4312 luxuriam,
950 4243 1042 4295 sed
1081 4243 1144 4295 ad
1204 4243 1612 4296 necessitatem.
1655 4241 1900 4296 Siveille

334 4337 598 4391 sacerdos
661 4337 750 4397 sit,
806 4337 918 4388 sive
976 4345 1260 4404 cognatus,
1317 4336 1430 4388 sive
1491 4333 1701 4399 aﬂinis,
1769 4334 1903 4387 nihil

334 4431 477 4481 aliud
509 4430 564 4481 in
593 4442 655 4481 eo
687 4428 1029 4491 consideres,
1073 4427 1173 4479 nisi
1209 4435 1612 4495 paupertatem.

1990 1963 2234 2032 possides
2268 1979 2284 2018 :
2341 1963 2688 2031 dispensatio
2728 1964 2822 2017 tibi
2860 1963 3066 2018 credita
3124 1973 3207 2016 est
3249 1979 3263 2016 :
3297 1975 3433 2016 cave
3491 1976 3558 2014 ne

1991 2055 2146 2124 quasi
2192 2055 2364 2109 fidelis
2387 2064 2439 2109 et
2473 2053 2717 2110 famosus
2775 2055 3046 2123 quondam
3089 2066 3302 2108 tuorum
3338 2053 3559 2120 dispen-

1991 2157 2158 2211 sator,
2194 2145 2424 2199 alienain
2470 2146 2757 2214 pecuniam
2814 2145 3244 2200 distribuendam
3291 2143 3558 2212 accipias.

2063 2237 2252 2292 Crates
2281 2237 2370 2290 ille
2397 2235 2710 2301 Thebanus,
2740 2237 2903 2290 homo
2929 2236 3199 2306 quondam
3226 2233 3557 2299 ditissimus,

1993 2348 2113 2387 cum
2149 2335 2214 2386 ad
2240 2331 2730 2402 philosophandum
2763 2331 3000 2384 Athenas
3019 2337 3288 2398 pergeret,
3308 2342 3559 2397 magnum

1995 2425 2112 2476 au'ri
2140 2424 2350 2493 pondus
2376 2408 2572 2490 abiecit
2610 2439 2626 2489 ;
2658 2436 2755 2476 nec
2783 2421 2988 2490 putavit
3015 2435 3073 2475 se
3108 2433 3268 2488 posse
3335 2419 3563 2472 virtutes
3653 2429 3668 2440 '

1993 2515 2152 2568 simul
2184 2523 2238 2570 et
2271 2515 2486 2568 divitias
2516 2515 2789 2581 pOssidere
2813 2530 2825 2566 :
2851 2522 2905 2566 et
2933 2525 3031 2566 nos
3063 2510 3394 2564 sufi‘arclnati
3424 2523 3564 2563 auro

1996 2607 2274 2660 Christum
2343 2622 2632 2677 pauperem
2676 2606 2959 2677 sequimur
2992 2623 3008 2672 ;
3044 2613 3099 2661 et
3133 2606 3237 2659 sub
3299 2613 3562 2674 prmtextu

1997 2700 2350 2768 eleemosynae
2382 2698 2628 2766 pristinis
2677 2698 2876 2766 opibus
2917 2695 3257 2759 incubantes,
3295 2696 3570 2762 quomodo

1998 2804 2287 2858 possumus
2317 2788 2488 2842 aliena
2550 2788 2787 2840 ﬁdeliter
2827 2785 3182 2848 distribuere,
3233 2785 3325 2853 qui
3377 2790 3565 2838 nostra

2000 2881 2187 2934 timide
2247 2879 2634 2933 reservttmus?
2673 2878 2935 2946 lntelligis
2987 2877 3114 2946 quid
3149 2880 3336 2943 loquor
3368 2890 3381 2926 :
3417 2874 3568 2928 dedit

1997 2975 2138 3028 enim
2183 2973 2276 3026 tibi
2307 2972 2565 3026 Dominus
2597 2972 2648 3025 in
2694 2973 2948 3024 omnibus
3003 2967 3338 3022 intellectum
3373 2983 3386 3020 :
3426 2981 3566 3034 pra:-

1999 3074 2084 3118 ter
2142 3065 2341 3118 victum
2379 3072 2432 3118 et
2465 3063 2719 3116 vestitum
2752 3071 2807 3115 et
2834 3059 3154 3114 manifestas
3203 3056 3564 3110 necessitates

2000 3157 2134 3210 nihil
2157 3157 2411 3225 cuiquam
2443 3155 2671 3219 tribuas,
2699 3168 2765 3209 ne
2798 3153 3030 3208 filiorum
3061 3165 3251 3221 panem
3285 3162 3450 3203 canes
3472 3162 3569 3202 co-

2002 3250 2241 3304 medant.
2755 3317 2762 3323 _

2071 3338 2150 3393 Tu
2184 3353 2312 3406 ergo
2336 3337 2642 3402 considera,
2662 3352 2728 3392 ne
2750 3337 2948 3390 Christi
2979 3335 3336 3390 substantiam
3358 3333 3567 3399 impru-

2002 3432 2190 3485 denter
2222 3431 2508 3494 edendas;
2543 3430 2594 3482 id
2628 3440 2731 3494 est,
2769 3444 2856 3492 ne,
2914 3427 3276 3481 immoderato
3322 3425 3558 3493 judicio,

2001 3539 2113 3576 rem
2145 3537 2440 3590 pauperum
2474 3521 2684 3575 tribuas
2713 3534 2818 3573 non
2855 3520 3208 3589 pauperibus,
3244 3517 3386 3584 quod
3419 3518 3564 3582 paris

2002 3624 2084 3669 est
2134 3614 2447 3681 sacrilegii;
2499 3613 2800 3668 secundum
2855 3611 3062 3665 dictum
3151 3611 3564 3678 prudentissimi

2001 3706 2127 3769 viri,
2165 3705 2462 3758 liberalitas
2497 3715 2702 3770 pereat.
2743 3703 2879 3757 Sunt
2905 3717 3123 3772 quoque
3187 3701 3276 3770 qui
3310 3701 3565 3769 pauperi-

2003 3797 2103 3850 bus
2141 3811 2328 3864 parum
2367 3795 2630 3858 tribuunt,
2685 3804 2742 3847 ut
2767 3794 2999 3861 amplius
3022 3793 3296 3860 accipiant
3329 3807 3346 3856 ;
3385 3802 3435 3844 et
3461 3792 3565 3845 sub

2003 3897 2261 3956 praetextu
2290 3888 2644 3954 eleemosyna:
2663 3884 2880 3938 divitias
2899 3895 3152 3952 quaerunt
3186 3900 3202 3948 ;
3237 3875 3362 3951 qua:
3393 3885 3567 3950 magis

2003 3977 2220 4033 Venatio
2248 3993 2408 4045 quam
2439 3976 2787 4045 elecmosyna
2831 3975 3060 4028 dicenda
3095 3984 3197 4028 est.
3231 3975 3323 4028 Sic
3358 3975 3568 4038 bestizr,

2004 4071 2082 4125 sic
2115 4084 2266 4128 aves.
2299 4069 2379 4123 sic
2411 4078 2464 4121 et
2497 4068 2785 4137 capiuntur
2819 4068 3022 4136 pisces.
3077 4065 3342 4120 Modicum
3385 4067 3437 4119 in
3473 4066 3569 4118 ha-

2007 4177 2093 4215 mo
2145 4177 2287 4216 esca:
2342 4172 2578 4230 ponitur,
2629 4170 2685 4218 ut
2723 4171 3092 4214 matronarum
3155 4161 3207 4213 in
3240 4173 3308 4213 eo
3363 4157 3598 4213 saeculi

2008 4257 2412 4324 protrahantur.
2473 4250 2582 4306 Nos
2641 4261 2832 4329 autem.
2857 4252 3093 4305 humiles
3130 4263 3291 4322 atque
3331 4266 3568 4318 pauper-

2009 4345 2136 4407 culi,
2171 4359 2272 4398 nec
2305 4344 2570 4397 habemus
2606 4343 2848 4406 divitias,
2907 4360 3006 4398 nec
3040 4343 3254 4398 oblatas
3283 4345 3573 4412 dignamur

2011 4436 2277 4504 accipere.
2329 4435 2660 4499 Balsamum,
2719 4437 2870 4504 piper
2929 4446 2984 4489 et
3045 4451 3205 4504 poma
3266 4437 3569 4504 palmarum

406 4541 672 4608 Quodque
698 4543 746 4592 in
783 4538 1072 4608 Egyptiis,
1103 4549 1158 4592 ct
1201 4537 1372 4604 Syriis
1412 4534 1754 4590 monasteriis
1787 4549 1903 4588 mo-
1935 4518 1982 4576 θ
2009 4529 2196 4581 rustici
2246 4542 2348 4580 non
2381 4537 2569 4580 emunt
2603 4545 2619 4591 ;
2649 4528 2738 4595 qui
2771 4529 2912 4580 enim
2965 4527 3151 4581 volunt
3200 4527 3391 4580 divites
3427 4528 3567 4593 tleri,

339 4631 410 4683 ris
441 4644 522 4684 est
553 4648 568 4685 :
612 4640 669 4684 ιιι
701 4633 788 4700 qui
825 4646 882 4684 se
920 4633 1027 4684 Deo
1052 4631 1320 4694 voverint,
1354 4626 1546 4681 saeculo
1577 4626 1900 4680 renuntian-

341 4737 441 4786 tes,
487 4738 676 4776 ozn-ies
715 4723 896 4774 s;ecull
942 4721 1164 4775 delicias
1219 4721 1585 4784 conculcent;
1658 4718 1902 4772 utittatu‘

341 4815 478 4882 quod
513 4812 708 4865 saeculo
759 4812 1130 4863 renuntiamus
1162 4809 1407 4884 voluntas
1437 4809 1528 4871 sit,
1558 4823 1666 4861 non
1718 4821 1908 4860 neces-

339 4907 489 4965 sitas,
524 4913 584 4955 ut
626 4913 911 4971 paupertas
961 4904 1153 4955 habeat
1200 4901 1434 4966 expetita
1479 4899 1701 4969 gloriam
1729 4939 1744 4964 ,
1800 4913 1903 4951 non

341 4997 484 5050 illata
531 4996 860 5049 cruciatum.
928 4994 1191 5047 Caeterum
1238 4991 1391 5060 juxta
1445 4992 1692 5044 miserias
1747 4990 1918 5058 hujus

345 5087 625 5155 temporis,
661 5095 715 5138 et
744 5087 966 5154 ubique'
989 5084 1195 5154 gladios
1226 5084 1534 5146 szevientes,
1577 5081 1708 5135 satis
1755 5082 1908 5135 dives

344 5181 541 5247 estqui
583 5194 720 5247 pane
749 5192 854 5230 non
889 5177 1092 5244 indiget
1137 5185 1233 5230 :et
1295 5177 1519 5228 nimium
1562 5183 1751 5241 potens
1801 5183 1906 5238 est,

348 5274 436 5341 qui
504 5273 712 5326 servire
774 5287 880 5324 non
931 5271 1162 5338 cogitur.
1210 5267 1358 5321 Multi
1416 5269 1561 5319 enim
1630 5267 1908 5318 aediﬁcant

349 5365 597 5432 parietes,
622 5371 675 5416 et
695 5362 973 5415 columnas
999 5361 1252 5414 Ecclesia:
1273 5360 1615 5422 substruont,
1639 5371 1906 5408 marmora

351 5458 540 5515 nitent,
574 5467 712 5506 auro
742 5453 1025 5520 splendent
1072 5450 1370 5517 laquearia,
1395 5458 1450 5502 et
1483 5447 1707 5516 gemmis
1734 5447 1906 5498 altare

351 5545 719 5612 distinguitur,
752 5556 806 5595 et
849 5542 1219 5595 ministrorum
1257 5539 1345 5592 Dei
1399 5537 1542 5591 nulla
1571 5545 1655 5590 est
1687 5535 1904 5590 electio.

353 5633 531 5704 Neque
553 5650 684 5689 vero
725 5635 853 5688 mihi
885 5633 1081 5702 aliquis
1111 5638 1348 5702 opponat
1385 5647 1401 5687 :
1443 5631 1594 5684 dives
1631 5629 1686 5682 in
1721 5626 1906 5682 Judaea

2008 4617 2251 4671 incidunt
2283 4619 2334 4670 in
2370 4619 2702 4671 teutatioues
2757 4625 2811 4670 et
2843 4619 3095 4685 laqueum
3163 4616 3361 4670 diaboli
3393 4627 3446 4670 et
3480 4617 3576 4670 de-

2007 4709 2205 4763 sideria
2278 4709 2470 4761 multa.
2523 4707 2590 4759 Et
2649 4709 2971 4776 praesertim,
3033 4708 3157 4776 quia
3225 4719 3357 4760 aetas
3390 4717 3574 4777 optata

2009 4803 2221 4857 cunctis
2252 4817 2354 4853 non
2382 4800 2612 4852 vicinam
2666 4809 2922 4862 mortem,
2975 4813 3098 4868 quae
3146 4797 3378 4852 debetur
3425 4813 3572 4851 mor-

2009 4893 2210 4970 talibus
2243 4903 2449 4946 natura:
2482 4893 2596 4960 lege
2636 4906 2650 4946 :
2679 4894 2770 4944 scd
2805 4906 2960 4944 cassa
2993 4906 3087 4958 spe
3123 4906 3389 4944 annorum
3420 4889 3575 4943 nobis

2009 4985 2178 5053 spatia
2213 4984 2515 5050 pollicetur.
2537 4981 2706 5034 Nemo
2737 4983 2882 5035 enim
2915 4992 3023 5034 tam
3059 4981 3243 5034 fractis
3275 4980 3499 5042 viribus,
3519 4989 3576 5033 et

2010 5078 2088 5131 sic
2118 5077 2404 5143 decrepita?
2434 5075 2733 5129 senectutis
2763 5085 2867 5140 est,
2897 5084 2953 5126 ut
2987 5089 3092 5126 non
3125 5089 3183 5126 se
3221 5082 3369 5142 putet
3392 5071 3573 5124 adhuc

2011 5185 2180 5221 unum
2228 5183 2431 5220 annum
2481 5182 2628 5240 esse.
2657 5167 2949 5220 victurum.
3016 5165 3212 5217 Verum
3271 5163 3398 5229 quid
3437 5161 3573 5229 ago!

2009 5258 2179 5312 fracta
2214 5262 2332 5312 navi
2361 5261 2424 5313 de
2452 5259 2726 5314 mercibus
2762 5261 2998 5326 disputo.
3055 5253 3171 5307 Non
3216 5253 3572 5321 intelligimus

2010 5352 2404 5404 Antichristum
2435 5352 2873 5419 apprOpinquare
2905 5362 3100 5416 :quem
3126 5344 3388 5398 Dominus
3409 5341 3572 5398 Jesus

2009 5443 2305 5498 interficiat
2345 5443 2536 5510 spiritu
2570 5445 2682 5494 oris
2711 5441 2852 5509 ejus.

2079 5533 2304 5588 iuvenis
2335 5533 2548 5602 quidem
2581 5541 2758 5601 potest
2788 5530 2923 5584 mori
2953 5529 3062 5585 cito
3097 5545 3111 5582 :
3141 5527 3237 5583 sed
3264 5540 3429 5583 senex
3475 5524 3571 5582 diu

2010 5629 2193 5682 vivere
2218 5645 2322 5682 non
2350 5627 2800 5697 potest,niaxime
2828 5625 2952 5693 quia
2981 5622 3391 5692 comparatione
3416 5630 3572 5676 teter-

426 5838 442 5866 ¹
481 5834 575 5890 llic
609 5834 805 5887 utinam
835 5831 1018 5890 deerat
1055 5849 1072 5908 ;
1104 5847 1224 5890 mox
1248 5832 1573 5902 expeditam,
1597 5842 1696 5902 pro
1723 5828 1962 5898 expedita
1996 5828 2290 5898 legebatur.
