4004 6192
441 331 546 392 343

1398 332 1458 391 8.
1501 329 1939 397 HIERONYMI
1981 333 2306 394 OPEHUM
2357 334 2760 395 MANTISSA.

3563 328 3666 392 34$

443 439 629 493 uitatis
665 454 827 496 omne
883 441 1028 512 quod
1084 441 1138 496 in
1176 442 1376 497 mundo
1424 438 1678 512 patimur,
1730 460 1835 498 una
1888 446 2082 510 dies};
2105 433 2307 502 Christi
2339 445 2470 498 nihil
2502 455 2700 514 praeter
2727 443 3000 499 Christum
3061 442 3246 500 habet.
3297 409 3417 497 ’Aut
3449 444 3493 499 si
3542 445 3672 512 quid

443 530 704 600 appellari
739 541 935 600 potest,
968 549 1075 588 non
1109 533 1496 599 habitationis,
1554 537 1649 591 sed
1691 537 2004 606 peregrina-

444 623 632 677 tionis.
660 621 794 677 Nam
814 624 1056 693 quotidie
1075 636 1473 680 commutamur
1507 643 1521 680 :
1553 634 1734 682 tamen
1770 638 2004 685 aeternos

444 729 546 768 uos
583 715 880 772 credimus.
923 716 1034 771 Hoc
1068 718 1244 788 ipsum
1272 719 1416 789 quod
1452 720 1592 784 dico,
1623 721 1764 790 quod
1798 722 2003 787 scribo,
2032 745 2034 747 >

439 806 582 870 quod
639 807 774 876 lego,
825 809 971 878 quod
1001 811 1254 876 emendo,
1293 813 1359 865 de
1413 812 1523 866 vita
1557 827 1676 866 mea
1734 815 2002 868 trahitur.

443 893 588 960 Quot
614 907 812 963 puncta
845 899 1068 965 notarii,
1107 911 1186 954 tot
1215 915 1456 956 meorum
1486 903 1682 958 damna
1713 914 1839 958 sunt
1873 913 2006 960 tem-

444 1000 657 1052 porum.
707 986 910 1042 Otnues
942 1006 1171 1062 namque
1233 993 1432 1048 divitia:
1470 994 1538 1048 de
1601 995 1883 1064 iniquitate
1913 995 2007 1050 de-

443 1080 714 1133 scendunt
749 1098 763 1135 ε
797 1081 900 1136 trisi
934 1084 1070 1137 alter
1103 1083 1420 1153 perdiderit,
1447 1085 1590 1139 alter
1618 1086 1865 1142 invenire
1895 1103 2004 1141 non

440 1181 640 1238 potest.
680 1171 832 1228 Unde
864 1176 1076 1246 vulgata
1121 1179 1387 1232 sententia
1427 1179 1556 1232 mihi
1608 1179 1828 1234 videtur
1885 1196 2006 1236 esse

442 1261 770 1319 verissima:
813 1265 985 1329 Dives,
1025 1277 1117 1322 aut
1167 1269 1401 1338 iniquus,
1452 1278 1543 1323 aut
1586 1271 1756 1340 iniqui
1816 1271 2004 1327 lateres.

441 1354 607 1408 Vides
640 1357 783 1410 enim
811 1358 1060 1414 homines
1081 1360 1246 1414 maria
1281 1362 1538 1425 transire,
1570 1371 1694 1416 ante
1725 1373 2005 1434 porculum

440 1446 713 1502 excubare
742 1448 912 1522 fores,
947 1453 1052 1517 pati
1086 1453 1267 1506 omnia
1308 1467 1426 1520 quae
1450 1467 1734 1506 servorum
1769 1453 2008 1509 conditio

440 1539 528 1590 vix
564 1539 785 1607 patitur,
815 1549 873 1593 ut
893 1540 1108 1596 divitias
1135 1553 1486 1614 congregem,
1517 1553 1575 1596 ut
1598 1544 1834 1612 aliquam
1860 1547 2002 1599 acci-

443 1628 593 1696 piant
623 1629 980 1699 dignitatem:
1015 1643 1069 1688 et
1095 1646 1381 1704 postquam
1423 1636 1524 1692 hoc
1553 1634 1759 1691 fuerint
1815 1651 2010 1691 conse-

441 1719 575 1785 cuti,
612 1722 826 1777 tradere
877 1739 937 1779 se
983 1723 1211 1780 luxuriat
1255 1737 1310 1781 et
1342 1729 1708 1797 voluptatibus
1773 1738 1824 1782 et
1861 1733 2007 1782 omni

445 1810 746 1881 iniquitati,
808 1827 867 1871 ut
929 1819 1070 1888 quod
1133 1818 1364 1872 avaritia
1419 1832 1736 1889 cengregar,
1796 1820 2006 1874 luxuria

445 1917 748 1961 consumat.

517 1997 606 2050 Isti
631 2014 759 2068 ergo
789 2015 889 2068 pro
921 1999 1196 2056 laboribus
1223 2003 1336 2056 suis
1363 2002 1678 2057 elﬁciuntur
1713 2004 2005 2072 hospitium

446 2088 775 2142 daemonum.
832 2088 934 2156 Qui
979 2090 1236 2158 templqu
1284 2093 1372 2146 Dei
1407 2107 1530 2146 esse
1556 2093 1849 2152 debebant,
1876 2093 2012 2146 fiunt

449 2178 804 2234 tabernacula
834 2181 1174 2250 Etlriopum.
1199 2181 1488 2252 Postquam
1521 2185 1667 2238 enim
1703 2185 1856 2239 ditati
1895 2186 2010 2240 luc-

447 2274 574 2332 rint.
616 2282 670 2324 et
729 2288 824 2340 per
853 2271 934 2328 fas
984 2283 1038 2328 et
1093 2275 1244 2329 nefas
1279 2276 1347 2328 ad
1399 2275 1728 2329 altissimum
1781 2279 2009 2345 gradum

444 2363 1024 2426 conscenderiut,tunc
1044 2365 1377 2419 conscientia
1415 2378 1759 2432 peccatorum
1782 2383 2008 2424 suorum

444 2466 660 2520 semper
695 2460 946 2512 mortem,
983 2467 1199 2522 semper
1223 2454 1488 2523 judicium
1535 2454 1929 2519 formidabunt,
1958 2469 2013 2509 et

447 2547 512 2594 ad
541 2544 712 2596 levem
763 2543 1110 2609 febriculam,
1146 2546 1302 2614 quasi
1332 2545 1574 2602 latrones
1607 2548 1659 2601 in
1697 2561 1919 2602 carcere
1948 2549 2012 2603 de

445 2634 670 2688 reti-ruis
704 2635 986 2704 suppliciis
1021 2637 1397 2705 suspirabunt.
1457 2637 1662 2693 Divites
1695 2651 1873 2693 autem
1919 2639 2010 2709 qui

443 2724 675 2792 ingressi
701 2736 824 2780 sunt
849 2741 1012 2796 regna
1059 2727 1344 2790 malorum,
1373 2727 1510 2798 ipsis
1533 2729 1736 2784 divitiis
1762 2731 1826 2782 ad
1874 2727 2010 2783 bona

445 2823 662 2868 utentes
691 2829 878 2883 opera,
909 2816 1104 2872 divites
1129 2833 1250 2873 esse
1297 2819 1596 2884 desierunt,
1640 2829 1695 2874 et
1727 2819 2013 2889 dispensa-

445 2915 592 2962 tores
619 2908 786 2979 magis
816 2907 911 2963 Dei
978 2925 1144 2980 quam
1178 2910 1378 2966 divites
1411 2913 1744 2982 appellandi.
1774 2912 2014 2968 Obsecro

445 3015 574 3069 ergo
610 3009 683 3066 te,
715 3015 783 3055 ne
815 3003 962 3057 lucra
1010 3004 1192 3058 ruundi
1231 3005 1282 3060 in
1321 3004 1518 3060 Christi
1553 3021 1764 3074 quaeras
1797 3009 2010 3060 militia.

445 3088 845 3160 Negotiatorem
869 3092 1152 3160 clericum,
1189 3106 1244 3150 et
1269 3113 1334 3151 ex
1366 3099 1523 3166 inope
1541 3100 1759 3154 divitem
1787 3100 2009 3168 factum,
2038 3114 2084 3178 ο

444 3198 512 3236 ex
543 3184 760 3252 ignobili
790 3186 1282 3258 gloriosum,quasi
1305 3191 1597 3258 quamdam
1630 3203 1834 3260 pestem
1864 3192 2005 3260 fuge.

442 3273 509 3327 Et
537 3277 835 3342 praesertim
863 3294 984 3332 cum
1018 3278 1182 3331 sciam
1209 3288 1260 3332 te
1291 3281 1389 3333 toti
1414 3283 1753 3336 renuntiasse
1787 3283 2006 3348 mundo,

443 3368 747 3437 etabjet-tis
804 3369 1132 3442 Citieuquth
1161 3371 1392 3438 divitiis,
1446 3373 1703 3441 orationi,
1761 3373 2004 3436 lectiusri,

442 3460 664 3532 jejuuiis
705 3477 901 3518 vacare
950 3465 1212 3533 quotidie.
1273 3462 1670 3521 Procuratores
1708 3482 1926 3535 quoque
1955 3477 2009 3522 et

445 3553 854 3624 dispensatores
907 3558 1186 3611 domorum
1223 3558 1525 3612 alienarum
1557 3569 1722 3626 atque
1755 3559 2006 3612 villarum

443 3647 631 3702 clerici
661 3662 782 3702 esse
812 3663 918 3702 non
967 3657 1191 3717 possunt
1227 3665 1241 3704 :
1281 3649 1372 3718 qui
1426 3649 1675 3717 pr0prias
1737 3649 2010 3719 jubeutur

444 3749 797 3794 contemnere
827 3740 1138 3794 divitiarum
1165 3739 1478 3795 facultates.
1509 3738 1772 3795 Avaritiae
1793 3754 2007 3810 quoque

443 3831 642 3884 rualuur
679 3831 773 3885 tibi
806 3831 1028 3886 omnino
1075 3832 1348 3886 vitandqu
1384 3845 1490 3897 esr,
1521 3848 1625 3886 trou
1663 3847 1771 3902 quo
1831 3831 2008 3885 aliena

444 3939 550 3976 non
603 3936 850 3993 appetas,
883 3926 986 3980 hoc
1015 3927 1158 3979 enim
1188 3936 1240 3980 et
1270 3927 1496 3996 publica:
1544 3925 1690 3993 leges
1725 3923 1958 3993 puniunt
1991 3937 2008 3988 ;

441 4014 534 4065 sed
568 4028 674 4080 quo
705 4021 815 4076 tua,
843 4028 965 4081 qua:
1003 4013 1095 4067 tibi
1128 4023 1256 4068 sunt
1313 4015 1511 4078 aliena,
1550 4028 1654 4067 non
1687 4027 1892 4067 serves.
1951 4010 2008 4064 Si

443 4105 499 4157 in
529 4102 738 4167 alieno,
788 4103 1180 4172 inquit,ﬁdeles
1228 4120 1332 4158 non
1374 4104 1562 4174 fuistis,
1591 4107 1729 4172 quod
1779 4113 2010 4158 vestrum

443 4203 539 4259 ut,
570 4199 684 4265 quis
713 4197 860 4249 dabit
894 4196 1032 4250 vobis
1057 4196 1212 4267 (an.
1264 4213 1376 4261 xvr,
1413 4196 1500 4265 l2)
1530 4199 1552 4250 ?

515 4288 620 4342 Sed
663 4290 798 4343 dicis
834 4309 848 4344 :
885 4288 1111 4345 Juveuis
1151 4306 1270 4344 sum
1320 4290 1609 4354 delicatus,
1643 4301 1698 4344 et
1762 4290 2011 4346 inanibus

443 4380 581 4436 meis
607 4380 857 4436 laborare
888 4396 992 4435 non
1017 4398 1234 4451 possum
1265 4398 1278 4447 ;
1310 4397 1353 4435 δι
1392 4384 1456 4436 ad
1480 4392 1755 4436 senectam
1787 4397 2006 4448 venero,

443 4473 487 4526 si
523 4484 784 4542 aegrotare
811 4489 1050 4544 coepero,
1082 4476 1204 4542 quis
1233 4474 1339 4527 inci
1360 4475 1708 4530 miserebitur
1733 4475 1910 4529 ?Audi
1939 4479 2004 4530 ad
2033 4467 2087 4532 Β

443 4568 716 4635 apostolos
747 4568 1058 4636 loquentem
1091 4566 1278 4621 Jesum
1319 4585 1333 4621 :
1369 4567 1446 4621 Ne
1478 4571 1714 4638 cogitetis
1761 4571 1813 4622 in
1856 4570 2011 4624 corde

444 4668 634 4724 vestro,
658 4661 782 4727 quid
813 4661 1166 4723 manducetis,
1206 4677 1364 4730 neque
1402 4663 1610 4731 corpori
1641 4672 1832 4724 vestro,
1881 4663 2007 4732 quid

446 4755 771 4807 induamini.
793 4754 984 4808 Nonne
1010 4756 1192 4808 animo
1207 4757 1325 4824 plus
1364 4765 1440 4808 est
1469 4771 1629 4824 quam
1651 4772 1796 4820 esca,
1821 4766 1868 4809 et
1897 4773 2012 4809 cor-

443 4862 544 4914 pur
596 4845 712 4914 plus
737 4856 810 4900 est
841 4863 1000 4917 quam
1034 4849 1395 4902 vestimentum
1421 4851 1446 4905 2
1471 4848 1738 4916 Respicite
1768 4850 2012 4904 volatilia

443 4941 579 5003 creti,
609 4941 854 5008 quoniam
885 4950 1181 4994 uetuerunt
1212 4956 1375 5009 neque
1422 4951 1644 5006 metunt,
1697 4957 1860 5012 neque
1891 4958 2013 4994 con-

443 5043 656 5102 greyant
680 5033 732 5085 in
761 5033 974 5098 horrea,
999 5043 1048 5086 et
1082 5033 1246 5086 Pater
1272 5041 1437 5087 vnter
1463 5033 1687 5088 ccclesiis
1718 5035 1890 5101 pascit
1917 5035 2012 5086 illa

438 5123 666 5191 iMatt/r.
692 5125 872 5191 vr,25,
892 5124 1008 5196 26).
1031 5124 1088 5177 Si
1121 5127 1284 5178 vestis
1311 5126 1562 5190 defuerit,
1594 5127 1680 5180 illa
1712 5139 2014 5196 proponan-

447 5229 558 5271 tur.
590 5217 649 5272 Si
671 5219 948 5284 esurieris,
970 5219 1154 5274 beatos
1182 5222 1372 5273 audias
1409 5233 1671 5288 pauperes
1693 5228 1748 5273 et
1769 5221 2014 5272 esurien-

447 5319 550 5362 tes.
577 5311 632 5362 δί
661 5309 856 5378 aliquis
881 5307 1136 5364 alliixerit
1168 5312 1346 5373 dolor,
1373 5311 1536 5378 legito
1565 5310 1692 5364 illud
1725 5310 1971 5380 Apostoli
1997 5326 2010 5365 :

451 5399 679 5470 Propter
707 5400 806 5454 Irae
836 5402 1134 5468 complaceo
1185 5400 1311 5453 mihi
1359 5401 1412 5453 in
1457 5397 1854 5467 inﬁrmitatibus
1885 5401 2012 5452 meis

444 5489 526 5559 (ll
555 5491 681 5546 Cor.
718 5507 815 5558 xu,
841 5492 920 5562 9).
1551 5559 1564 5565 _

515 5583 649 5638 Illud
675 5592 853 5638 autern
879 5584 1020 5654 quod
1047 5583 1304 5640 derelicta
1362 5583 1579 5648 militia,
1637 5586 1890 5640 castrasti
1962 5596 2014 5640 te

445 5681 667 5742 propter
692 5688 856 5742 regna
919 5675 1206 5742 cmlorum,
1281 5676 1409 5744 quid
1470 5675 1613 5729 aliud
1676 5691 1837 5745 quam
1888 5693 2010 5746 per-

447 5763 651 5820 lectam
678 5772 896 5819 secutus
933 5780 992 5821 es
1021 5766 1182 5822 vitam
1209 5766 1232 5820 7
1259 5766 1538 5824 Perfectus
1599 5776 1774 5823 autem
1824 5783 2010 5826 servus

2043 1787 2082 1841 Β

2109 547 2307 608 praeter
2331 536 2606 590 Christum
2638 534 2818 598 habet,
2849 535 3121 603 perfectus
3171 551 3277 590 non
3334 544 3436 590 est.
3507 535 3674 604 igitur

2109 639 2169 682 ut
2203 627 2548 689 concludam,
2583 625 2631 680 sl
2664 623 2933 694 perfectus
2955 639 3034 690 es,
3091 641 3188 679 cur
3241 626 3377 680 bona
3446 635 3674 696 paterna

2108 717 2442 774 desideras?
2478 716 2744 770 Dominus
2811 716 3137 784 cvangetieis
3204 715 3424 770 vocibus
3482 723 3629 768 tonat
3657 731 3678 768 :.

2112 808 2236 862 Non
2261 808 2476 878 potestis
2507 807 2710 861 duobus
2735 809 2965 862 dominis
2999 809 3190 862 servire
3213 809 3230 874 (
3253 806 3444 860 Matth.
3471 820 3543 867 vt,
3561 805 3673 873 24),

2106 911 2158 956 et
2211 901 2373 956 audet
2426 901 2710 970 quisquam
2761 904 3072 956 mendacem
3134 901 3409 955 Christum
3474 899 3676 960 facere.

2109 1008 2430 1048 mammona:
2460 1000 2513 1048 et
2551 992 2768 1048 Christo
2823 995 3106 1049 serviendo
3137 992 3285 1057 ?Qui
3320 995 3441 1046 dicit
3499 1009 3552 1045 se
3618 994 3677 1042 in

2114 1081 2382 1140 Christum
2407 1085 2638 1147 credere,
2671 1084 2821 1139 debet
2853 1086 3112 1154 quomodo
3140 1085 3228 1139 ille
3261 1085 3565 1148 ambulavit,
3595 1085 3678 1137 sic

2109 1176 2384 1229 ambulare
2403 1174 2454 1244 (Ι
2474 1174 2636 1231 Joan.
2667 1192 2726 1238 rt,
2751 1175 2828 1244 ϐ).
2850 1177 3064 1230 Aliatim
3099 1177 3248 1232 dives
3275 1186 3382 1240 est,
3420 1177 3508 1243 qui
3537 1191 3660 1230 cum

2107 1267 2325 1322 Christo
2358 1282 2562 1338 pauper
2585 1277 2691 1322 est.
2724 1266 2858 1321 Nam
2891 1271 3034 1322 servi
3061 1268 3176 1330 Dei,
3241 1271 3331 1335 qui
3387 1269 3574 1322 diebus
3619 1276 3676 1320 et

2111 1360 2360 1415 noctibus
2387 1362 2632 1415 serviunt
2660 1360 2893 1416 Domino
2929 1375 3050 1426 suo,
3086 1361 3177 1429 qui
3215 1360 3269 1415 in
3313 1361 3476 1414 terris
3512 1360 3672 1427 positi

2109 1449 2423 1516 angelorum
2488 1450 2774 1506 imitantur
2827 1453 3324 1515 conversationem,
3409 1460 3466 1504 et
3541 1451 3672 1502 nihil

2113 1542 2255 1595 aliud
2278 1539 2596 1609 loquuntur,
2623 1543 2722 1596 nisi
2760 1543 2903 1612 quod
2936 1544 3001 1596 ad
3042 1541 3231 1597 laudes
3273 1541 3367 1596 Dei
3416 1543 3674 1609 pertinet,

2119 1633 2386 1689 habentes
2415 1635 2616 1689 victum
2683 1645 2738 1688 et
2792 1635 3070 1701 amictum,
3116 1635 3199 1689 his
3255 1632 3493 1688 contenti
3552 1641 3679 1686 sunt

2113 1728 2339 1794 divitiis,
2377 1729 2466 1796 qui
2503 1729 2620 1797 plus
2645 1730 2847 1784 habere
2901 1729 3114 1795 nolunt,
3143 1730 3187 1783 si
3225 1739 3400 1782 tamen
3459 1737 3678 1780 servant

2112 1819 2470 1888 prOpositnm.
2507 1819 2759 1889 Alioquin
2813 1811 2865 1874 si
2921 1821 3155 1888 amplius
3202 1819 3538 1881 desiderant,
3596 1817 3682 1872 his

2112 1923 2329 1977 quoque
2359 1924 2480 1977 quae
2538 1911 2847 1965 necessaria
2899 1921 3046 1973 sunt.
3103 1912 3399 1980 probantur
3447 1910 3675 1980 indigni.

2113 1999 2389 2068 Quidquid
2427 2007 2608 2059 tamen
2639 2016 2868 2069 corpora
2901 2011 3086 2054 nostra
3130 2000 3424 2055 defendere
3479 2011 3674 2069 potest,

2112 2099 2166 2144 et
2205 2091 2458 2146 humana:
2490 2106 2815 2148 succurrere
2877 2093 3261 2160 imbecillitati,
3318 2109 3454 2162 quos
3505 2094 3682 2146 nudos

2113 2195 2306 2236 natura
2331 2182 2631 2251 profundit,
2661 2183 2774 2238 haec
2803 2175 2906 2237 una
2962 2185 3278 2253 appellanda
3333 2197 3420 2240 est
3475 2186 3684 2241 tunica.

2184 2274 2240 2326 Si
2263 2287 2393 2342 ergo
2422 2275 2500 2328 vis
2533 2289 2653 2329 esse
2704 2276 2846 2342 quod
2883 2279 3144 2345 propheta
3175 2288 3279 2344 est,
3325 2279 3464 2345 quod
3521 2276 3686 2329 Chri-

2113 2377 2228 2422 Stus
2245 2376 2348 2428 est,
2379 2365 2446 2420 da
2494 2367 2842 2435 pauperibus,
2874 2384 2983 2438 quo
3005 2369 3303 2423 necessitas
3329 2377 3682 2429 susreutetur,

2115 2469 2220 2507 non
2278 2469 2388 2521 quo
2451 2469 2582 2523 epes
2641 2460 3261 2526 augeanturgquodque
3283 2457 3328 2512 si
3381 2457 3510 2526 quid
3563 2455 3688 2525 plus

2113 2545 2281 2600 habes
2312 2560 2473 2614 quam
2501 2546 2596 2600 tibi
2635 2549 2701 2602 ad
2751 2548 2952 2603 victum
3015 2552 3374 2618 vestitumque
3436 2562 3692 2603 necessa-

2114 2638 2250 2692 rium
2281 2649 2382 2701 est,
2410 2639 2536 2691 illud
2597 2654 2801 2711 erOga;
2838 2641 2892 2694 in
2960 2640 3049 2694 illo
3098 2641 3397 2695 debitorem
3462 2651 3515 2695 te
3560 2653 3687 2692 esse

2115 2728 2352 2781 noveris.
2378 2728 2512 2782 Nam
2554 2731 2734 2784 aliena
2759 2746 2952 2799 rapere
2985 2734 3350 2798 convincitur,
3380 2733 3472 2801 qui
3543 2733 3688 2792 ultra

2116 2818 2418 2892 {Martium
2451 2827 2555 2874 lac.
2591 2821 2728 2874 ultra
2755 2819 3099 2892 luecessaria
3152 2824 3254 2878 sibi
3307 2823 3540 2877 retinere
3591 2837 3691 2875 co-

2115 2923 2294 2966 natur.
2322 2911 2516 2966 Clerici
2550 2927 2769 2982 quoque
2796 2914 2886 2982 qui
2912 2915 2980 2968 de
3013 2915 3173 2969 bonis
3229 2926 3513 2984 parentum
3558 2927 3693 2967 sus-

2117 3005 2314 3059 teutari
2360 3017 2616 3074 possunt,
2648 3007 2692 3060 si
2723 3008 2849 3074 quid
2903 3023 3201 3076 pauperum
3262 3009 3557 3076 accipiunt,
3599 3021 3695 3056 sa-

2116 3094 2397 3163 crilcgium
2435 3097 2679 3162 profecto
2711 3097 3074 3151 committunt.
3135 3098 3249 3151 Scit
3313 3097 3453 3149 enim
3513 3094 3694 3148 bustis

2117 3187 2372 3254 antiquus
2411 3186 2579 3254 magis
2604 3185 2950 3240 continentiae
2989 3201 3148 3254 quam
3185 3197 3532 3239 nummorum
3560 3195 3696 3234 esse

2115 3288 2414 3334 certamen.
2473 3277 2654 3332 Facile
2716 3293 2950 3347 namque
3002 3278 3254 3348 abjicitur
3313 3278 3454 3344 quod
3516 3275 3698 3328 bar-el

2115 3370 2481 3422 extrinsecus.
2517 3367 2834 3422 Intestiuuur
2891 3369 3093 3423 bellum
3158 3368 3517 3437 periculosius
3575 3376 3692 3420 est.

2188 3458 2446 3516 Zacbaeus
2479 3460 2630 3514 dives
2664 3472 2804 3524 erat,
2837 3461 3065 3529 apostoli
3094 3473 3396 3529 pauperes;
3420 3468 3473 3512 et
3502 3473 3692 3527 quau-

2117 3564 2227 3611 ttrrn
2263 3557 2328 3608 ad
2361 3552 2578 3609 divitias
2611 3551 2768 3618 nihil,
2795 3564 3052 3623 quantum
3084 3554 3150 3606 ad
3207 3551 3537 3605 voluntatem
3598 3559 3697 3602 to-

2118 3659 2231 3704 tum
2267 3650 2521 3703 mundum
2578 3649 2936 3719 reliquerunt.
2997 3649 3054 3702 Si
3114 3646 3408 3700 offeramus
3465 3642 3700 3697 Christo

2116 3757 2246 3811 opes
2274 3757 2394 3795 cum
2422 3742 2600 3795 anima
2630 3751 2835 3805 nostra,
2864 3741 3094 3795 libenter
3116 3739 3396 3808 suscipiet.
3415 3733 3470 3790 Si
3499 3745 3701 3787 autem

2055 3887 2060 3890 .
2115 3851 2234 3904 quae
2265 3838 2394 3889 foris
2419 3842 2545 3888 sunt
2575 3835 2710 3900 Deo,
2737 3849 2858 3904 quae
2894 3834 3041 3888 intus
3075 3833 3294 3887 diabolo
3326 3831 3534 3892 demus,
3573 3841 3702 3878 non

2117 3936 2202 3980 est
2246 3941 2397 3995 a-qua
2429 3929 2667 3996 partitio.
2739 3925 2878 3980 Nolo
2936 3927 3097 3996 igitur
3156 3925 3296 3992 quod
3355 3938 3417 3974 ea
3476 3928 3701 3972 tantum

2117 4017 2334 4081 oﬂeras,
2363 4033 2484 4086 qua:
2517 4025 2693 4086 potest
2715 4017 2802 4070 fur
2825 4028 3032 4092 rapere,
3066 4015 3239 4067 hostis
3264 4011 3534 4071 invadere,
3559 4024 3707 4076 pru-

2116 4110 2342 4178 scriptio
2378 4108 2588 4170 tollere,
2617 4117 2674 4163 et
2722 4124 2842 4175 quae
2879 4109 2944 4160 ad
2993 4107 3167 4159 instar
3197 4107 3462 4158 titulorum
3506 4113 3556 4153 et
3582 4099 3708 4152 tiu-

2117 4209 2302 4254 ctuuru
2336 4215 2363 4254 a
2398 4199 2817 4254 succedentibus
2848 4197 2950 4252 sibi
2977 4195 3213 4250 donrinis
3239 4203 3589 4260 occupantur,
3629 4199 3703 4244 et

2115 4307 2236 4361 qua:
2261 4291 2400 4346 nolis
2427 4292 2559 4346 velis
2595 4291 2646 4344 in
2671 4303 2845 4345 morte
2874 4289 3196 4343 dimissurus
3233 4302 3312 4340 es.
3345 4284 3478 4338 Illud
3525 4282 3706 4337 otl‘er.

2119 4383 2268 4454 quod
2324 4382 2509 4436 nullus
2578 4383 2676 4437 tibi
2751 4381 2925 4452 possit
2987 4378 3160 4432 hostis
3231 4375 3467 4430 auferre.
3547 4370 3708 4424 Nam

2113 4493 2302 4532 aurum
2359 4481 2650 4547 deponere,
2743 4474 3120 4544 incipientium
3181 4480 3302 4534 est,
3395 4483 3502 4521 non
3561 4481 3716 4531 per-

2121 4570 2423 4625 fector'urn:
2454 4585 2513 4623 se
2546 4569 2720 4638 ipsum
2761 4567 2959 4622 olferre
2985 4565 3114 4627 Deo,
3147 4559 3366 4632 proprie
3419 4555 3717 4610 Christia-

2120 4676 2317 4715 norunr
2355 4673 2456 4715 est.
2485 4662 2597 4715 Nec
2627 4663 2769 4714 enim
2809 4661 3098 4728 imaginem
3131 4652 3376 4710 cruciﬁxi
3447 4649 3713 4717 praefert.

2124 4754 2345 4824 uisiqui
2383 4754 2438 4807 in
2494 4754 2596 4807 hoe
2662 4754 2864 4807 saeculo
2924 4767 2982 4806 se
3045 4748 3246 4802 nudum
3308 4755 3724 4808 mortuumque

2124 4844 2444 4898 reddiderit.
2477 4843 2694 4898 Infinita
2726 4857 2963 4911 namque
2997 4841 3064 4894 de
3097 4839 3396 4907 Scripturis
3440 4837 3726 4900 exempla

2123 4938 2488 5004 suppeditant,
2511 4951 2628 5006 qua:
2660 4935 2942 4990 avaritiam
2965 4935 3190 4989 doceant
3211 4944 3336 4984 eSse
3363 4926 3726 4996 fugiendam,

2195 5026 2397 5082 Verum
2435 5032 2578 5097 quod
2610 5044 2718 5082 non
2759 5040 2886 5082 ante
2917 5029 3096 5095 plures
3133 5039 3305 5077 annos
3346 5030 3550 5091 gestum
3631 5020 3732 5072 sit

2121 5122 2384 5175 referant.
2415 5122 2646 5186 Quidam
2683 5135 2750 5175 ex
2781 5119 3042 5174 fratribus
3091 5118 3308 5187 parcior
3359 5126 3515 5180 quam
3559 5124 3737 5163 avra-

2126 5215 2260 5272 rior.
2325 5216 2574 5269 nesciens
2620 5214 2837 5282 triginta
2869 5212 3107 5266 denariis
3165 5207 3447 5261 Dominum
3502 5205 3732 5256 vetuli-

2127 5315 2263 5371 tum,
2293 5316 2506 5360 centum
2534 5309 2758 5372 solidos,
2798 5319 2935 5374 quos
2961 5303 3070 5357 lina
3121 5302 3355 5356 tuendo
3417 5295 3737 5362 acquisie-

2127 5409 2234 5461 rat,
2267 5400 2507 5450 moriens
2541 5397 2851 5466 dereliquit.
2915 5394 3106 5446 lnitunr
3165 5402 3246 5446 est
3304 5391 3440 5443 inter
3505 5401 3702 5441 tuoua

2126 5491 2260 5546 (hos
2290 5491 2580 5546 consilium
2617 5488 2777 5559 (nam
2818 5491 2870 5542 in
2902 5491 3088 5541 eodem
3119 5486 3236 5538 loco
3264 5484 3479 5537 circiter
3527 5482 3742 5546 quin-

2126 5599 2235 5654 que
2266 5583 2428 5636 utillia
2463 5583 2650 5638 divisis
2683 5581 2893 5637 cellulis
2963 5574 3324 5646 habitabant]
3361 5571 3488 5643 qtrid
3551 5570 3742 5630 facto

2103 5690 2260 5766 /0pus
2285 5685 2452 5729 esset.
2487 5675 2591 5729 Alii
2625 5674 2956 5744 pauperibus
2986 5669 3392 5728 distribuendos
3438 5679 3582 5764 esse-
3625 5671 3748 5723 di-

2128 5768 2346 5835 cebant,
2378 5765 2697 5823 aliidaudos
2757 5767 3009 5824 Ecclesia:
3038 5782 3053 5820 :
3086 5763 3333 5822 nonnulli
3369 5757 3741 5829 parentibus
