4012 6188
356 305 466 367 315

1517 304 1830 364 REGULA
1895 299 2455 364 MONACHORUM.

3438 296 3440 298 ’
3506 293 3610 354 346

363 422 748 477 remittendos.
791 419 1056 474 Macarius
1085 435 1216 474 vero
1266 429 1320 474 et
1372 418 1575 474 Pantho
1606 429 1661 474 et
1696 419 1938 474 Isidorus
1965 425 2010 480 Α
2042 433 2277 487 qua-ras,
2322 428 2380 471 ut
2425 415 2785 470 fortissimum
2827 413 3168 485 tyrunculurn
3234 426 3392 468 suum
3452 411 3616 467 Chri—

360 523 415 567 et
452 523 656 575 caeteri,
679 529 817 583 quos
852 525 1035 582 patres
1069 521 1284 577 vocant,
1316 521 1506 566 sancto
1535 513 1586 565 iu
1610 513 1691 566 eis
1715 513 1937 579 loquen-

361 614 414 659 te
449 605 656 675 Spiritu
687 605 1052 659 decreverunt
1081 603 1428 658 infodiendos
1488 618 1615 674 esse
1670 617 1791 656 cum
1851 617 1938 657 eo-

358 694 509 761 dem,
543 696 825 750 dicentes:
871 694 1105 748 Pecunia
1131 704 1222 748 tua
1250 704 1419 748 tecum
1445 696 1514 747 sit
1569 695 1621 746 in
1677 694 1935 762 perditio-

361 803 481 839 nem
516 788 658 856 (Act.
691 787 948 858 vnt,20).
975 787 1159 856 Neque
1188 787 1291 842 hoc
1325 786 1619 841 crudeliter
1645 787 1938 854 quisquam

361 886 518 944 putet
544 893 667 934 esse
697 877 919 932 factum.
962 875 1172 932 Tantus
1203 885 1429 932 cunctos
1460 891 1554 944 per
1579 883 1744 929 totam
1776 873 1936 942 Egy-

358 980 512 1038 ptum
545 981 723 1024 terror
756 969 980 1036 invasit,
1040 978 1099 1024 ut
1151 985 1318 1023 unum
1375 968 1606 1023 solidum
1663 965 1938 1021 dimisisse

357 1061 432 1112 sit
467 1061 736 1114 criminis.

437 1153 607 1207 Radix
641 1155 886 1209 omnium
923 1155 1184 1208 malorum
1253 1163 1334 1207 est
1401 1153 1629 1207 avaritia
1661 1169 1675 1206 :
1708 1153 1935 1221 ideoque

355 1257 414 1300 et
435 1253 502 1299 ab
523 1245 785 1313 Apostolo
802 1245 1062 1299 idolorum
1079 1246 1302 1300 servitus
1335 1254 1682 1312 nuncupatur
1708 1243 1932 1314 (Coloss.

355 1355 444 1404 ιιι,
487 1339 591 1406 5).
627 1337 744 1393 Non
776 1338 994 1407 quidem
1037 1339 1248 1393 occidet
1274 1337 1416 1392 fame
1456 1338 1694 1391 animam
1729 1338 1935 1406 justam

357 1429 646 1484 Dominus.
671 1429 866 1482 Iunior
889 1429 993 1498 fui,
1019 1441 1066 1482 et
1099 1429 1246 1483 senui
1279 1446 1297 1492 ;
1325 1436 1374 1481 et
1437 1445 1540 1482 non
1568 1428 1676 1482 vidi
1726 1429 1935 1497 justum

353 1521 691 1584 derelictum,
726 1560 740 1584 ,
769 1536 863 1573 nec
883 1536 1055 1574 semen
1081 1519 1194 1588 ejus
1222 1534 1462 1588 querens
1515 1535 1703 1587 ponent
1736 1517 1933 1589 (Psoi.

355 1625 548 1674 xxxvi,
577 1611 708 1675 95).
741 1611 889 1664 Elias
939 1615 1118 1665 corvis
1189 1611 1427 1679 pascitur
1476 1611 1929 1665 ministrantibus.

360 1702 539 1755 Vidua
594 1701 895 1771 Sareptana
965 1703 1080 1770 ipsa
1139 1717 1257 1754 cum
1318 1703 1446 1756 [iliis
1503 1703 1618 1755 suis
1689 1703 1931 1772 peritura

2039 519 2157 564 stus
2191 519 2471 577 agnoscat,
2499 517 2554 561 ιιι
2586 509 2740 564 laetus
2775 507 2869 562 tibi
2897 507 2964 562 de
3019 505 3337 576 longissima
3394 505 3610 573 regione

2040 601 2274 654 venir-nti
2300 609 2558 654 occurrat
2580 609 2753 665 pater,
2786 608 2842 654 ut
2873 599 3067 654 stolam
3106 599 3310 652 tribuat
3333 607 3388 654 et
3437 613 3610 652 annu-

2040 691 2149 747 lum
2210 703 2265 746 ut
2291 693 2530 747 immolet
2569 708 2667 762 pro
2701 701 2752 748 te
2777 692 3004 747 vitulum
3040 691 3370 762 saginatum.

2636 848 2864 904 CAPUT
2906 849 2965 904 γ.

2457 943 2534 996 De
2570 943 2808 996 utilitate
2833 944 3182 1012 paupertatis.

2110 1058 2321 1127 Pauper
2349 1073 2480 1114 vero
2517 1059 2588 1111 ita
2620 1057 2988 1114 consolandus
3054 1067 3158 1124 est,
3237 1065 3299 1112 ut
3365 1057 3500 1114 sciat
3551 1057 3604 1112 iu

2038 1160 2360 1219 paupertate
2423 1152 2595 1220 magis
2642 1151 2780 1204 bona
2834 1151 3249 1206 consideranda.
3310 1149 3374 1204 Et
3432 1152 3606 1219 primo

2037 1242 2256 1311 quidem
2323 1243 2470 1312 quod
2531 1258 2560 1295 a
2613 1241 2724 1296 Deo
2776 1241 2854 1296 illi
2931 1242 3004 1298 sit
3062 1241 3270 1296 utiliter
3307 1245 3610 1310 provisum,

2037 1333 2138 1401 qui
2165 1334 2438 1402 praescivit
2497 1331 2868 1387 inﬁrmitatem
2939 1334 3059 1402 ejus
3129 1345 3186 1390 et
3243 1334 3608 1389 consideravit

2038 1426 2178 1493 quod
2210 1425 2522 1480 divitiarum
2569 1426 2843 1479 sarcinam
2897 1426 2954 1480 et
3013 1425 3430 1480 sollicitudinem
3478 1441 3606 1494 por-

2038 1525 2150 1570 tare
2179 1531 2286 1570 non
2327 1525 2528 1585 posset.
2561 1515 2761 1570 Dei-nde
2788 1517 2928 1571 sciat
2957 1525 3191 1586 quantas
3251 1519 3603 1580 tentationes.

2037 1616 2234 1677 quanta
2295 1608 2532 1675 pericula
2611 1608 2922 1662 trausiverit
2969 1608 3192 1662 nomine
3252 1608 3604 1676 paupertatis,

2037 1701 2082 1754 si
2137 1698 2408 1753 ainuentia
2445 1699 2618 1764 deest,
2673 1715 2792 1768 qua:
2851 1697 3162 1765 frequenter
3191 1699 3462 1752 contraria
3501 1708 3603 1751 est.

359 1802 520 1846 nocte
553 1793 875 1862 prophetam
905 1793 1078 1861 pascit
1119 1793 1396 1858 esuriens,
1421 1803 1473 1848 et
1498 1793 1696 1847 mirum
1731 1795 1780 1847 in
1811 1809 1932 1848 mo-
1963 1773 2006 1827 Β
2036 1790 2114 1843 Ad
2153 1788 2320 1843 animi
2378 1788 2596 1842 divitias
2661 1789 2980 1856 quantocius
3043 1788 3165 1842 sine
3219 1787 3607 1856 impedimento

355 1883 487 1936 dum
527 1898 755 1951 capsace
814 1884 1037 1953 repleto,
1074 1884 1168 1954 qui
1223 1884 1452 1938 alendus
1513 1895 1754 1947 venerat,
1811 1885 1928 1938 alit.

359 1974 559 2028 Petrus
589 1979 871 2043 apostolus
901 1977 976 2028 ait
1006 1976 1331 2041 :Argentum
1359 1984 1409 2028 et
1467 1991 1656 2028 aurum
1697 1991 1799 2028 non
1853 1986 1930 2028 est

313 2121 320 2128 ,
360 2080 562 2118 mecum
582 2082 603 2129 ;
624 2067 762 2136 quod
789 2073 962 2119 autem
1005 2067 1170 2119 habeo
1197 2065 1292 2118 hoc
1323 2068 1419 2118 tibi
1441 2067 1538 2120 do:
1567 2081 1720 2137 surge
1750 2074 1796 2120 et
1820 2083 1935 2120 ant-

358 2157 483 2210 bula
526 2160 581 2209 in
609 2158 816 2210 nomine
839 2157 962 2210 Jesu
995 2158 1134 2224 (Aet.
1167 2172 1246 2220 ιιι,
1275 2156 1355 2226 6).

434 2253 505 2301 At
538 2264 683 2301 nunc
715 2249 867 2302 multi
908 2249 1034 2304 licet
1065 2263 1320 2302 sermone
1342 2257 1580 2312 taceant,
1637 2264 1804 2315 opere
1855 2250 1932 2301 lo-

357 2353 608 2408 quuntur
641 2362 654 2393 ;
679 2338 860 2392 Fidem
884 2350 940 2392 et
963 2339 1512 2394 misericordiautnou
1543 2340 1717 2393 habeo
1745 2354 1760 2406 ;
1789 2341 1932 2408 quod

361 2439 544 2483 autem
566 2421 760 2494 habeo,
795 2445 987 2481 aurum
1015 2441 1368 2497 etargentutn
1411 2430 1505 2482 tibi
1542 2445 1649 2484 non
1671 2430 1762 2483 do.
1789 2429 1930 2482 Audi

359 2520 924 2590 Jacobquidestulet
947 2539 966 2580 :
994 2521 1052 2575 Si
1074 2522 1233 2590 fuerit
1253 2521 1504 2574 Dominus
1530 2537 1672 2575 meus
1709 2538 1930 2586 mecum,

361 2623 409 2665 et
433 2615 715 2666 servaverit
744 2630 821 2664 me
851 2613 903 2665 in
925 2614 1010 2665 via
1035 2629 1128 2681 per
1159 2629 1318 2683 quant
1369 2629 1465 2683 ego
1515 2617 1615 2666 iter
1669 2614 1809 2682 [ario
1834 2631 1853 2677 ,°
1883 2622 1932 2666 et

361 2705 567 2756 dederit
602 2704 725 2756 nti/ti
769 2720 954 2770 partem
1002 2705 1070 2756 ad
1129 2707 1582 2772 manducandum,
1635 2716 1683 2758 et
1745 2714 1931 2760 vestem

363 2796 432 2848 ad
473 2797 790 2848 vestiendum
823 2796 998 2864 (Gen.
1024 2812 1218 2860 xxviii,
1252 2798 1378 2865 20).
1405 2797 1644 2852 'l‘aututn‘
1683 2813 1933 2852 necessa-

365 2889 441 2938 ria
470 2890 794 2955 deprecatus
824 2899 926 2940 est.
974 2886 1123 2943 Unde
1159 2902 1213 2942 et
1261 2890 1501 2943 latrones
1552 2893 1617 2941 ad
1676 2897 1930 2942 sanctum

363 2976 698 3032 llilarionem
725 2993 742 3034 :
778 2979 914 3046 Quid
946 2981 1154 3034 laceres
1184 2996 1228 3034 st
1257 2991 1500 3038 latrones
1567 2981 1632 3035 ad
1674 2989 1726 3034 te
1784 2983 1933 3034 veni-

364 3083 486 3127 rent
510 3070 762 3136 ‘tQuibus
797 3074 1077 3141 respornlit
1104 3090 1118 3127 :
1143 3071 1329 3126 Nudus
1349 3072 1588 3127 latrones
1621 3073 1927 3125 uoutimeo.

363 3163 434 3217 At
467 3163 540 3216 illi
576 3165 800 3217 :Oecidi
831 3138 1008 3231 potes.
1099 3163 1348 3229 Possum,
1418 3164 1613 3234 inquit,
1670 3166 1764 3217 sed
1824 3179 1930 3218 non
1957 3138 2001 3196 θ

369 3254 531 3306 timeo
568 3270 582 3307 :
615 3256 739 3322 quia
778 3270 898 3308 sum
933 3257 1066 3309 mori
1111 3267 1355 3324 paratus.
1384 3254 1552 3323 Cujus
1581 3255 1672 3321 qui
1731 3253 1934 3307 miran-

366 3354 451 3398 tur
483 3345 636 3414 sigua
661 3356 714 3400 et
745 3357 990 3415 portenta
1023 3363 1140 3416 qua:
1178 3349 1306 3401 iacit
1335 3363 1349 3399 :
1385 3347 1649 3400 mirentur
1673 3356 1727 3398 et
1755 3346 1930 3398 incre-

362 3438 581 3492 dibilem
643 3439 1052 3502 abstinentiam,
1102 3441 1385 3493 scientiam
1441 3449 1494 3492 et
1551 3439 1930 3492 humilitatem.

433 3529 548 3600 Ego
575 3542 755 3584 autem
776 3532 908 3584 nihil
943 3533 1015 3584 ita
1039 3543 1230 3600 stupeo
1255 3547 1413 3599 quam
1444 3531 1674 3600 gloriam
1696 3531 1842 3584 illum
1875 3542 1931 3586 et

367 3620 634 3676 honorent
675 3623 890 3676 calcare
928 3623 1193 3690 potuisse,
1224 3626 1351 3690 quia
1381 3622 1523 3674 iactu
1587 3633 1668 3675 est
1718 3621 1933 3675 diliicile

361 3715 586 3783 gloriam
607 3716 809 3786 virtute
838 3730 1116 3781 superare,
1145 3725 1198 3766 et
1221 3717 1288 3766 ab
1321 3715 1406 3766 his
1441 3713 1587 3784 diligi
1622 3727 1760 3783 quos
1787 3729 1928 3782 prie-

361 3807 536 3861 cedis.
569 3805 704 3859 Cum
736 3820 864 3874 ergo
889 3805 1091 3858 Christi
1124 3803 1364 3873 gaudeas
1391 3803 1660 3870 libertate,
1685 3819 1749 3858 ac
1800 3818 1929 3872 pro-

365 3895 658 3966 pemodum
695 3895 748 3949 in
788 3897 1001 3949 domate
1033 3894 1359 3950 constitutus
1424 3895 1522 3957 sis,
1596 3909 1706 3949 non
1768 3897 1932 3950 debes

364 3993 430 4041 ad
458 3987 752 4041 tollendam
811 3985 1048 4039 tunicam
1100 3995 1244 4039 tecto
1299 3985 1796 4041 descenderemee
1845 4003 1932 4041 re-

364 4081 581 4148 spicere
612 4090 733 4147 post
753 4087 986 4147 tergunt,
1014 4092 1111 4130 nec
1139 4079 1303 4130 aratri
1333 4079 1499 4132 semel
1521 4081 1721 4146 arrepti
1739 4078 1930 4132 stivam

362 4175 641 4236 amittere,
662 4171 754 4225 sed
790 4170 837 4224 si
897 4173 1008 4224 lteri
1067 4180 1269 4239 potest,
1332 4171 1546 4224 imitare
1602 4169 1820 4238 Joseph,
1878 4180 1931 4224 et

359 4265 624 4336 Aigyptizr
649 4266 880 4318 dominae
911 4265 1130 4333 pallium
1198 4265 1467 4332 relinque,
1515 4274 1572 4316 ut
1623 4266 1798 4316 nudus
1847 4278 1934 4316 se-

362 4359 548 4426 quaris
591 4359 876 4411 Dominum
914 4355 1278 4420 Salvatoretu,
1311 4363 1404 4425 qui
1458 4356 1589 4410 dicit
1641 4357 1694 4408 itt
1754 4355 1930 4407 Evan-

2037 1883 2087 1935 itt
2121 1891 2437 1950 paupertate
2487 1881 2798 1946 transitur;
2835 1893 2986 1935 certe
3031 1881 3251 1948 quantis
3306 1879 3463 1932 malis
3519 1895 3608 1931 ca-

2038 1979 2164 2034 ruit,
2199 1972 2531 2027 consideret.
2591 1971 2752 2026 Caret
2805 1971 3027 2034 invidia,
3080 1972 3460 2041 aemulatione,
3521 1972 3607 2023 itt-

2034 2065 2209 2128 sidiis,
2263 2065 2410 2129 dolo,
2466 2065 2745 2135 superbia,
2797 2064 3196 2128 contentione,
3237 2073 3291 2118 et
3350 2065 3434 2116 his
3488 2079 3606 2130 qua:

2034 2157 2343 2210 hominibus
2404 2157 2455 2208 in
2521 2159 2621 2208 hoc
2677 2157 2876 2208 sarculo
2949 2155 3148 2208 divitia:
3227 2154 3401 2208 solent
3468 2171 3605 2208 con-

2032 2247 2184 2303 ﬂare.
2243 2249 2401 2302 Flexu
2455 2248 2599 2301 enim
2656 2263 2862 2312 rerum,
2896 2257 2952 2300 et
3003 2250 3247 2300 ubertate
3305 2248 3604 2315 cupiarum,

2034 2342 2247 2396 animus
2279 2339 2552 2393 solvitur:
2592 2341 2741 2408 vigor
2795 2339 2994 2392 mentis
3042 2338 3376 2407 infringitur,
3434 2339 3608 2392 virtus

2034 2435 2278 2499 corporis
2307 2442 2619 2484 cnervatur.
2647 2435 2714 2483 At
2748 2432 2799 2483 in
2835 2440 3174 2499 paupertate,
3227 2445 3333 2482 non
3405 2429 3602 2481 lasciva

2035 2523 2309 2582 convivia,
2382 2540 2485 2576 non
2547 2532 2736 2592 turpes
2787 2521 3339 2590 potationes;omuia
3398 2520 3603 2578 sobria,

2033 2616 2214 2668 omnia
2245 2616 2433 2686 rigida,
2459 2617 2638 2668 omnia
2674 2615 2922 2676 humilia,
2955 2631 3058 2668 non
3083 2616 3326 2682 abjettta;
3355 2614 3605 2680 quoniam

2035 2707 2372 2758 conscientia
2403 2722 2536 2774 pura
2569 2716 2623 2758 et
2658 2705 2860 2757 virtute
2927 2713 3059 2756 sunt
3111 2704 3269 2772 plena
3307 2720 3321 2767 ;
3367 2719 3472 2755 non
3527 2712 3612 2755 cst

2035 2799 2318 2851 abundans
2345 2801 2618 2852 extraneis
2651 2798 3019 2853 facultatibus.

2105 2888 2222 2942 Non
2253 2888 2411 2945 l'acile
2441 2894 2506 2942 ad
2534 2892 2756 2944 divitias
2783 2891 2978 2952 animi,
3005 2889 3056 2942 id
3092 2898 3199 2953 est,
3259 2889 3325 2941 ad
3380 2889 3609 2940 virtutes

2036 2981 2196 3049 hujus
2238 2982 2420 3034 mundi
2453 2982 2603 3035 dives
2635 2982 2872 3034 accedit.
2900 2979 3072 3033 Filius
3104 2981 3252 3033 enim
3280 2979 3373 3032 Dei
3412 2980 3608 3032 ditlici-

2036 3070 2139 3124 lius
2168 3070 2378 3133 dicens,
2408 3070 2632 3124 divitem
2664 3072 2884 3124 introire
2911 3071 2962 3123 in
3030 3086 3250 3138 regnum
3320 3072 3608 3136 cwlorntn,

2037 3162 2220 3228 utique
2251 3161 2497 3229 intelligit
2527 3176 2817 3228 pauperem
2861 3161 3094 3223 facilius,
3122 3169 3179 3214 et
3207 3176 3274 3215 ne
3299 3176 3356 3215 se
3387 3162 3457 3214 ob
3480 3177 3608 3230 pau-

2035 3263 2297 3320 pertatem
2324 3251 2561 3306 alienum
2593 3265 2715 3305 esse
2742 3267 2772 3304 a
2825 3268 2954 3306 cura
2988 3250 3078 3303 Dei
3139 3252 3431 3314 existimet,
3487 3267 3611 3318 pro-

2035 3346 2194 3412 pheta
2232 3353 2481 3409 testatur,
2514 3343 2700 3398 dicens
2734 3361 2750 3398 :
2785 3343 2850 3396 Et
2893 3360 3173 3411 pauperem
3204 3355 3250 3397 et
3280 3345 3486 3428 divitem
3517 3360 3610 3413 ego

2035 3435 2133 3504 feci
2153 3449 2172 3487 :
2202 3451 2295 3502 pro
2323 3436 2562 3489 omnibus
2581 3435 2803 3505 wqualis
2833 3453 2958 3490 cura
2979 3437 3104 3489 mihi
3129 3448 3203 3490 est
3230 3434 3395 3506 (Sep.
3427 3452 3501 3501 vr,
3529 3439 3606 3505 δ).

2034 3526 2152 3579 Non
2189 3538 2268 3581 est
2304 3527 2452 3581 enim
2481 3528 2622 3582 Deus
2653 3543 3012 3597 personatum
3047 3541 3301 3598 acceptor
3329 3544 3344 3594 ;
3383 3544 3483 3582 nec
3511 3542 3610 3597 pto

2033 3619 2125 3673 illo
2158 3628 2366 3673 tantum
2398 3635 2585 3674 curam
2623 3636 2811 3690 gerere
2847 3630 3150 3690 protitetur,
3180 3622 3272 3688 qui
3305 3621 3358 3673 in
3423 3620 3607 3675 sa'culi

2033 3715 2243 3770 divitiis
2273 3717 2458 3784 pollet,
2501 3717 2598 3770 sed
2639 3731 2736 3784 pro
2768 3717 3044 3779 omnibus,
3071 3726 3122 3768 et
3157 3730 3254 3782 pro
3281 3715 3608 3784 pauperibus

2035 3823 2222 3863 curam
2273 3811 2551 3876 sustinet;
2587 3823 3030 3862 remuneraturus
3087 3824 3248 3877 quem
3308 3809 3628 3870 invenerit,’

2034 3901 2204 3955 autin
2229 3901 2436 3956 divitiis
2479 3901 2756 3965 humilem,
2792 3910 2887 3954 aut
2940 3901 2991 3953 in
3032 3909 3351 3969 paupertate
3393 3901 3607 3968 patien-

2037 4002 2142 4046 tem
2178 4008 2194 4058 ;
2227 3992 2503 4047 distributi
2531 3993 2692 4046 veluti
2742 3995 2906 4046 tonus
2960 3993 3214 4060 corporis
3269 3993 3494 4045 ltuiuani
3553 4001 3608 4045 et

2035 4084 2401 4138 ministerium
2429 4084 2693 4153 quaeritur
2727 4085 3087 4153 singulorum.

2102 4176 2428 4231 Consideres
2458 4176 2693 4230 hominis
2726 4190 2924 4244 corpus
2985 4189 3104 4228 esse
3155 4189 3320 4226 unum
3389 4175 3606 4243 quidem

2033 4268 2412 4337 corpuszsed
2473 4267 2706 4338 plurima
2763 4267 3025 4320 membra.
3096 4265 3345 4333 Numquid
3421 4265 3604 4318 omnia

2041 4369 2171 4414 sunt
2204 4359 2420 4422 oculus,
2453 4369 2546 4411 aut
2606 4374 2722 4428 pes,
2765 4369 2856 4412 aut
2917 4359 3120 4427 reliqua
3175 4358 3462 4410 membra?
3497 4356 3605 4411 Sed

361 4449 543 4516 gelio:
576 4449 698 4501 Nisi
717 4449 830 4517 quis
862 4451 1038 4502 tulerit
1067 4463 1269 4500 crucem
1300 4463 1449 4498 suam
1481 4457 1528 4499 et
1589 4457 1796 4499 secutus
1851 4463 1930 4498 me
1965 4469 2008 4524 ι)
2038 4453 2176 4506 sicut
2197 4452 2272 4504 ait
2299 4453 2814 4520 Apostolus,doctor
2847 4451 3090 4521 gentium
3117 4451 3169 4502 in
3193 4451 3298 4518 [ide
3323 4461 3368 4502 et
3393 4452 3607 4504 veritate

363 4542 542 4611 fuerit,
570 4557 674 4594 non
701 4549 868 4607 potest
901 4556 1042 4592 meus
1075 4554 1184 4592 esse
1233 4540 1519 4607 discipulus
1587 4541 1813 4605 (Matth.
1876 4553 1931 4597 ι.

367 4634 434 4687 '58
457 4635 500 4702 ).
537 4634 744 4702 Ptojice
777 4633 1050 4686 sarcinam
1086 4633 1290 4695 saeculi,
1315 4647 1381 4684 ne
1421 4645 1634 4699 qmeras
1692 4631 1930 4692 divitias,

370 4743 490 4796 qua:
524 4728 858 4781 camelorum
926 4726 1284 4796 gravitatibus
1339 4723 1465 4794 [Αἰ.
1528 4721 1931 4792 pravitatibus]

277 4885 292 4893 η
368 4830 770 4885 comparantur.
803 4818 989 4872 Nudus
1029 4828 1079 4872 et
1117 4818 1250 4872 levis
1305 4817 1371 4870 ad
1432 4816 1629 4872 caelum
1681 4816 1933 4870 volazue

363 4912 479 4963 alas
507 4913 771 4963 virtutum
801 4920 1011 4963 tuarum
1051 4911 1168 4962 auri
1204 4913 1509 4978 deprimant
1561 4909 1821 4977 pondera,
1876 4920 1934 4962 ut

366 5003 593 5072 impleas
647 5005 950 5068 sacculum,
986 5019 1143 5072 quem
1204 5004 1464 5056 Dominus
1493 5017 1758 5056 evacuare
1792 5018 1930 5069 prae-

363 5097 511 5164 cipit.

442 5190 498 5241 Si
528 5189 694 5257 igitur
760 5190 852 5256 qui
902 5189 1101 5241 habent
1171 5187 1547 5255 possessiones
1599 5195 1655 5239 et
1715 5186 1930 5240 divitias

356 5281 611 5350 jubeutur
645 5283 823 5335 omnia
857 5285 1113 5347 vendere,
1171 5295 1226 5335 et
1276 5284 1408 5336 dare
1465 5279 1816 5350 panperiltus,
1877 5289 1931 5333 et

361 5375 436 5427 sic
493 5375 646 5443 sequi
704 5375 1039 5428 Salvatoretn
1075 5391 1090 5438 ;
1129 5376 1368 5444 dignatio
1433 5382 1522 5425 ttta
1580 5389 1685 5424 ιιοιι
1772 5374 1931 5426 debet

362 5479 602 5533 quaerere
625 5469 768 5536 quod
795 5481 1080 5537 erogatura
1113 5485 1194 5520 es.
1223 5465 1395 5518 Vidua
1429 5465 1517 5518 illa
1573 5465 1625 5516 in
1687 5463 1929 5532 Evange~

363 5557 428 5610 lio
485 5561 845 5627 paupercula.
900 5574 1020 5628 qua:
1070 5559 1179 5612 duo
1221 5561 1426 5610 minuta
1470 5556 1706 5610 misit'in
1763 5573 1928 5624 gazo-

366 5651 695 5720 phylacium,
733 5653 942 5706 cunctis
974 5652 1258 5720 praefertur
1276 5650 1565 5713 divitibus,
1590 5651 1717 5716 quia
1750 5660 1922 5702 totum

367 5741 509 5808 quod
572 5743 754 5797 habuit
793 5744 958 5798 dedit.
1019 5743 1086 5796 Et
1149 5753 1201 5798 ttt
1266 5742 1428 5811 igitur
1486 5742 1760 5810 eroganda
1818 5759 1922 5796 ι.υιι

2041 4544 2060 4615 (
2090 4543 2115 4596 1
2154 4543 2290 4596 Tim.
2329 4559 2387 4602 ιι,
2418 4544 2489 4612 7)
2517 4561 2530 4598 :
2561 4559 2680 4612 qua:
2714 4543 2970 4597 inferiora
3032 4553 3164 4596 sttnt
3221 4543 3463 4596 membra
3496 4559 3610 4596 ina-

2035 4635 2210 4704 jorem
2245 4636 2331 4689 bis
2361 4636 2648 4689 tribuimus
2688 4635 2968 4690 honorent.
3033 4632 3102 4688 Et
3151 4637 3603 4704 quemadmodum

2041 4729 2214 4781 virtus
2235 4727 2570 4798 singulorum
2603 4728 2973 4781 membrorum
3006 4727 3058 4780 in
3086 4741 3184 4780 suo
3217 4725 3408 4780 ordine
3443 4736 3604 4792 atque

2037 4819 2212 4872 cilicio
2237 4819 2644 4872 demonstratur
2673 4831 2688 4870 :
2727 4819 2797 4872 ita
2824 4819 2878 4872 in
2920 4819 3085 4871 totius
3109 4818 3326 4886 generis
3382 4817 3600 4870 humani

2036 4927 2266 4980 oorpore
2285 4912 2429 4966 velut
2466 4912 2645 4965 minor
2676 4921 2966 4980 paupertas
2995 4921 3049 4965 et
3081 4911 3284 4964 divitia:
3335 4909 3606 4962 collocau-

2039 5018 2146 5068 tur,
2180 5015 2236 5057 ut
2277 5005 2481 5058 divitiis
2529 5003 2842 5057 humanitas
2911 5003 3005 5057 Dei
3064 5003 3314 5055 examine
3353 5016 3604 5066 compro-

2033 5092 2214 5146 betur.
2245 5093 2529 5146 Exsultare
2557 5093 2721 5147 debet
2754 5107 2978 5160 pauper,
3013 5092 3121 5145 Deo
3161 5091 3359 5160 gratias
3421 5104 3604 5155 agere,

2035 5186 2174 5251 quod
2205 5187 2391 5250 multis
2421 5186 2730 5252 patrimonii
2761 5186 2986 5237 nexibus
3050 5183 3336 5244 liberatus,
3403 5179 3457 5232 in
3515 5183 3605 5233 die

2035 5277 2374 5344 probationis
2404 5295 2507 5330 non
2553 5289 2807 5346 gravatur
2848 5277 3199 5343 compedibus
3255 5274 3600 5326 lacultatum.

2033 5368 2270 5424 Facilius
2303 5371 2439 5425 liber
2467 5373 2717 5439 sequitur
2745 5369 3040 5436 discipulus
3109 5366 3396 5419 Dominum
3440 5365 3602 5416 nullis

2034 5464 2264 5517 itexibus
2287 5463 2611 5531 implicatus.
2631 5463 2748 5516 Non
2779 5464 2915 5516 desit
2937 5461 3100 5514 etiam
3129 5463 3196 5512 ab
3219 5458 3407 5527 ipsoin
3432 5473 3602 5526 quau-

2036 5567 2148 5609 tuut
2184 5564 2362 5623 potest
2392 5556 2924 5623 misericordiajusta
2963 5553 3015 5606 iu
3058 5568 3277 5623 egenos,
3341 5552 3466 5620 quia
3518 5551 3598 5604 si-

2033 5658 2122 5702 cut
2151 5647 2336 5714 justus
2367 5648 2596 5703 eilicitur
2622 5650 2688 5702 de
2723 5645 3060 5716 frugalitate,
3122 5643 3479 5698 inferioribus
3542 5651 3598 5693 t-t

2033 5757 2138 5795 non
2171 5741 2489 5798 trahentibus
2514 5748 2830 5814 prorogatur
2886 5755 2990 5794 non
3045 5747 3294 5794 vereatur
3355 5751 3422 5792 ne
3477 5734 3594 5805 ipse
