4004 6192
348 318 460 386 337

1288 321 1352 382 S.
1392 320 1844 383 HIERON‘YMI
1886 322 2204 383 OPERUM
2244 322 2652 386 MANTISSA.

3494 315 3601 382 διε

350 433 583 496 tit-licini,
613 446 734 485 cum
770 430 824 486 io
848 445 948 486 usu
981 436 1184 485 sancite
1251 430 1749 489 administrationis
1820 434 1923 487 ha-
1951 440 1994 495 Α
2024 442 2236 488 tantum
2270 434 2501 502 apostoli
2534 431 2930 502 sequebantur.
2971 428 3377 486 Pharisaeorum
3422 441 3601 485 autem

352 524 476 576 beat
515 522 973 591 promptissimam
1004 518 1359 575 voluntatem.
1392 520 1536 575 Nihil
1613 524 1759 578 enim
1818 525 1920 580 sibi

350 617 521 668 deerit
551 631 567 679 ;
601 628 706 668 non
733 613 916 682 cupiat
938 611 992 665 in
1019 613 1216 667 steculo
1240 613 1410 675 jdives
1462 613 1579 667 fieri
1610 631 1624 668 :
1675 629 1744 669 ne
1778 616 1917 669 mala

352 707 457 760 sibi
482 706 714 776 plurima
751 707 1020 774 acquirat,
1097 706 1313 759 dicente
1372 719 1438 760 ac
1500 716 1760 762 monente
1808 708 1921 778 glo-

350 796 496 850 rioso
527 796 693 850 Paulo
718 812 731 848 :
761 794 1023 850 Habentes
1050 798 1245 850 victum
1272 804 1320 851 et
1376 799 1647 865 vestitum,
1672 799 1756 854 Itis
1796 816 1920 854 con-

353 888 662 941 tentisimus
694 885 740 957 (1
768 886 928 954 Tt'm.,
969 906 1044 952 vt.
1083 889 1162 958 8).

420 977 534 1031 Ιιιιο
577 980 621 1032 si
664 994 789 1033 vera
844 979 950 1032 title
990 988 1043 1033 et
1107 988 1329 1051 prepter
1380 981 1612 1037 salutem
1663 983 1921 1048 credere,

349 1071 599 1124 cmlcstes
639 1071 741 1125 sibi
772 1071 991 1126 divitias
1022 1082 1264 1139 cooptet,
1313 1082 1368 1129 et
1427 1084 1731 1141 comparet,
1785 1090 1922 1144 quas

350 1163 723 1231 unusquisque
750 1172 804 1218 et
879 1166 1261 1220 misericordia
1321 1178 1375 1221 et
1440 1168 1666 1237 reliquis
1708 1170 1922 1224 actibus

356 1258 518 1310 bonis
551 1267 835 1327 comparat
881 1268 934 1314 et
988 1261 1242 1316 assumit.
1306 1262 1724 1332 Temporalibus
1777 1265 1921 1318 enim

354 1358 557 1398 arterna
584 1358 713 1400 sunt
743 1350 1104 1415 praponenda
1143 1368 1162 1403 :
1200 1352 1424 1407 caducis
1492 1353 1704 1409 stabilia
1734 1371 1749 1407 :
1775 1354 1925 1407 solli—

351 1437 475 1490 citis
541 1442 818 1493 sccuriura
850 1456 866 1494 :
900 1443 1218 1506 periculosis
1315 1444 1481 1497 libera
1510 1461 1524 1497 :
1551 1445 1925 1500 inltonorilicis

350 1528 603 1582 clariora.
674 1529 848 1599 Igitur
903 1547 1025 1587 cum
1078 1533 1333 1589 Christus
1388 1535 1641 1591 dixerit:
1682 1535 1925 1591 Primum

349 1618 566 1686 quwrite
591 1633 804 1687 regnum
839 1622 956 1685 Dei,
980 1630 1027 1675 et
1054 1623 1164 1676 hac
1200 1626 1373 1676 omnia
1398 1634 1728 1692 opponentur
1779 1625 1924 1679 vobis

355 1703 598 1771 (Matth.
641 1722 713 1773 vl,
746 1708 873 1779 33),
937 1709 1070 1765 nulli
1140 1714 1363 1768 dubium
1415 1715 1532 1771 fore
1591 1717 1776 1783 credo,
1836 1718 1919 1771 his

353 1797 577 1870 copiam
601 1802 963 1857 necessariam
999 1819 1181 1860 rerum
1207 1806 1257 1859 in
1292 1807 1453 1863 terris
1505 1823 1613 1861 non
1675 1810 1919 1863 defectu-

351 1909 490 1962 ram,
518 1898 713 1964 quibus
735 1900 976 1955 cmlestia
1014 1912 1415 1971 praeparantur.
1472 1902 1628 1959 Unde
1685 1904 1766 1958 his
1808 1919 1925 1957 mo-

353 1989 505 2050 nitis,
531 1999 582 2041 et
616 1991 770 2044 dives
804 1999 1156 2061 temperetur,
1186 2003 1242 2048 et
1313 2010 1520 2064 pauper
1588 1995 1920 2050 sublevetur.

358 2077 580 2133 Didicile
598 2093 867 2149 potentes,
897 2095 953 2138 et
987 2086 1224 2146 nobiles.
1251 2096 1306 2141 et
1351 2088 1573 2155 divites,
1640 2098 1695 2143 et
1753 2089 1925 2143 multo

354 2169 441 2224 bis
467 2171 737 2229 diilicilius
762 2174 1078 2245 eloquentes
1113 2179 1345 2233 credunt
1409 2179 1541 2237 Deo.
1598 2179 1924 2237 Obcaecatur

353 2274 585 2328 namque
619 2278 770 2317 utens
793 2279 981 2318 eorum
1015 2265 1242 2331 divitiis.
1273 2271 1466 2339 Opibus
1491 2280 1654 2340 atque
1686 2272 1920 2338 luxuria,

351 2350 670 2406 circumdati
717 2355 861 2409 vitiis
907 2372 1013 2411 non
1039 2370 1261 2427 possunt
1300 2362 1484 2416 videre
1504 2363 1757 2418 virtutes.

423 2438 573 2495 Felix
605 2458 732 2510 ergo
761 2447 851 2513 qui
880 2462 985 2500 non
1019 2448 1070 2501 in
1106 2451 1331 2516 divitiis,
1360 2467 1466 2506 non
1524 2456 1576 2506 in
1632 2455 1919 2523 sapientia,

351 2544 462 2584 non
514 2533 565 2585 in
620 2536 858 2601 potentia
923 2539 1167 2594 steculari
1227 2552 1277 2595 et
1340 2544 1677 2611 eloquentia,
1741 2546 1834 2600 sed
1868 2546 1920 2599 in

354 2621 553 2677 Christi
597 2624 941 2692 passionibus
987 2630 1273 2698 gloriatur.
1328 2633 1407 2689 Ac
1463 2634 1601 2689 nihil
1672 2637 1923 2692 miserius

352 2728 512 2776 quam
546 2715 708 2769 Deum
774 2731 996 2789 prepter
1050 2738 1326 2778 nummum
1381 2737 1752 2784 contemnere.
1798 2728 1920 2785 ideo

353 2815 513 2867 quem
544 2807 783 2860 senseris
810 2824 1022 2878 semper
1037 2820 1132 2866 aut
1151 2815 1342 2869 crebro
1361 2816 1682 2885 denummis
1697 2819 1922 2890 loquen—

356 2900 490 2959 tem,
522 2894 831 2954 institorem
866 2902 1063 2960 habeto
1094 2909 1275 2976 p0tius
1299 2924 1461 2977 quam
1503 2912 1849 2970 monachum.

915 3060 1141 3119 CAPL‘T
1170 3063 1257 3118 Vl.

526 3144 605 3200 De
634 3153 955 3207 correctione
974 3162 1023 3207 et
1049 3155 1294 3209 doctrina
1320 3157 1669 3225 tit-residentis.

425 3255 623 3312 Rector
654 3275 870 3329 quoque
906 3265 1113 3318 honore
1139 3281 1453 3336 suppresso,
1512 3270 1736 3340 aequalia
1791 3272 1919 3327 sub-

352 3353 482 3408 ditis
511 3354 649 3409 bene
678 3357 987 3412 viventibus
1015 3359 1238 3426 deputet
1273 3361 1314 3425 ι,
1342 3370 1396 3415 et
1451 3376 1575 3433 erga
1639 3378 1921 3431 perversos

347 3446 470 3515 jura
494 3448 835 3503 rectitudinis
865 3463 1122 3504 exercere
1153 3467 1256 3505 non
1284 3451 1564 3509 formidet.
1597 3453 1731 3509 Nam
1755 3455 1921 3524 liquet

352 3534 497 3602 quod
524 3550 713 3590 omnes
740 3538 989 3593 homines
1022 3552 1214 3595 natura
1258 3545 1441 3612 genuit
1502 3546 1738 3613 aequales
1769 3563 1782 3599 :
1818 3551 1914 3602 sed

352 3627 618 3680 varietate
644 3630 983 3696 meritorum,
1011 3633 1205 3687 ordine
1240 3634 1378 3688 alios
1404 3634 1524 3689 aliis
1553 3637 1711 3707 culpa
1766 3649 1921 3707 post-

352 3711 558 3775 posuit.
616 3711 723 3767 Sed
781 3725 835 3769 et
888 3730 1198 3788 arguuntur
1257 3724 1596 3793 negligentes
1676 3737 1922 3783 rectores

353 3798 609 3856 Ecclesiae
640 3805 755 3868 Dei,
788 3805 856 3860 ob
887 3823 1118 3877 quorum
1150 3812 1414 3865 incuriam
1446 3816 1587 3882 perit
1617 3817 1795 3871 omnis
1817 3817 1915 3873 de-

362 3908 457 3945 cor
481 3896 659 3963 pepuli
692 3896 1029 3968 Christiani,‘
1054 3915 1173 3954 cum
1203 3918 1300 3957 nec
1337 3903 1391 3957 in
1422 3904 1924 3976 meditationelegis

355 3986 570 4047 divinae,
592 4003 690 4041 nec
723 3990 870 4043 cultu
900 3991 1251 4059 pietatis,nec
1272 3995 1324 4047 in
1342 4010 1622 4050 sacrarqu
1647 3998 1915 4052 virtutum

355 4076 624 4129 exercitio
655 4077 905 4134 laberare
957 4092 1240 4136 conentur.
1288 4081 1442 4138 Tunc
1488 4086 1635 4139 enim
1662 4088 1910 4142 doctrina

355 4163 637 4219 ductorum
663 4169 904 4225 suavitas
930 4182 1032 4236 est,
1068 4190 1190 4226 cum
1224 4175 1471 4230 doctrina
1500 4177 1710 4245 pariter
1734 4188 1791 4233 et
1815 4179 1922 4234 vita

354 4257 716 4311 consentiant.
748 4258 852 4313 Sed
875 4276 975 4317 nec
1002 4274 1187 4332 putent
1215 4281 1312 4320 sua
1338 4268 1564 4323 scientia
1618 4279 1671 4323 et
1705 4270 1923 4339 sapien-

262 4418 265 4423 η
358 4346 456 4411 tia,
486 4348 581 4401 sed
612 4348 710 4403 Dei
739 4353 939 4406 auxilio
970 4369 1155 4422 pacem
1180 4357 1446 4413 Ecclesiis
1475 4360 1589 4414 suis
1617 4362 1878 4416 redditam
1902 4380 1920 4431 ;

1957 1775 1995 1826 Β

1941 3122 1989 3184 C

2024 525 2289 580 doctrina:
2319 526 2498 578 omnis
2550 523 2781 593 populus
2830 521 3209 591 applandebat.
3260 519 3432 575 Ledit
3494 519 3609 573 dis-

2023 618 2239 685 cipulus
2271 617 2616 686 magistrum,
2653 615 2698 669 si
2717 630 2813 683 per
2839 614 3225 683 negligentiam
3254 628 3433 677 suam,
3465 626 3603 681 prte-

2022 718 2178 777 cepta
2206 708 2432 777 ejusque
2453 707 2692 761 laborem
2716 705 3018 772 disperdat.

2094 799 2219 853 Ideo
2259 814 2365 852 non
2394 799 2469 853 sit
2500 799 2552 851 in
2585 798 2667 850 eis
2704 812 2881 867 patum
2920 796 3233 857 diversitas,
3262 796 3465 863 quibus
3508 810 3603 863 pa-

2024 892 2104 945 ria
2134 901 2260 944 sunt
2286 898 2532 957 peccata.
2564 887 2783 943 Nullius
2816 903 3103 957 personam
3132 888 3397 955 accipias,
3420 903 3596 949 unau-

2023 993 2368 1051 tnmcunquc
2400 982 2471 1035 sit
2508 992 2700 1049 potens
2751 981 2835 1033 vel
2874 981 3118 1043 nobilis;
3158 980 3204 1031 si
3267 982 3593 1045 peccaverit,

2023 1080 2240 1146 torripe
2268 1091 2413 1131 eum.
2442 1076 2576 1131 Nam
2600 1075 2974 1130 confusionem
3001 1076 3250 1142 sequitur
3276 1076 3593 1142 ignominia,

2027 1168 2390 1238 ignominiam
2468 1166 2762 1230 correctio,
2812 1165 3213 1223 correctionem
3268 1163 3589 1225 consolatio,

2023 1257 2456 1312 consolationem
2518 1255 2687 1310 salus.
2753 1252 2892 1307 Vera
2947 1254 3092 1308 enim
3146 1252 3411 1312 amicitia,
3444 1248 3587 1316 quod

2024 1347 2212 1409 sentit,
2249 1346 2511 1399 simulare
2545 1359 2648 1397 non
2678 1343 2860 1397 debet.
2885 1341 3001 1397 Non
3042 1349 3129 1396 est
3159 1341 3459 1395 crudelitas
3494 1353 3593 1406 pro

2028 1440 2139 1492 Duo
2170 1436 2399 1490 crimina
2431 1436 2646 1504 punire,
2680 1436 2774 1488 sed
2806 1435 2996 1502 pietas.
3026 1432 3169 1486 Nihil
3199 1441 3375 1485 tamen
3397 1431 3560 1484 crude

2025 1530 2148 1595 lius,
2183 1529 2434 1597 nihilque
2463 1528 2714 1583 miserius
2748 1525 2977 1580 inveniri
3003 1534 3200 1594 potest,
3234 1537 3396 1592 quam
3436 1533 3493 1576 ut
3526 1520 3567 1574 ti

2025 1636 2174 1674 more
2203 1624 2396 1674 mortis
2435 1620 2691 1690 propria,
2722 1633 2791 1672 ne
2821 1617 3051 1673 salutem
3082 1616 3321 1670 filiorum
3356 1615 3597 1668 audeant

2024 1708 2341 1763 defendere.
3532 1779 3537 1785 ⁸

2098 1800 2338 1855 Docente
2367 1812 2549 1853 autem
2573 1808 2622 1852 te
2650 1799 2703 1853 in
2730 1797 2994 1862 Ecclesia,
3025 1812 3131 1851 non
3153 1796 3361 1851 clamor
3385 1794 3589 1866 populi.

2023 1892 2118 1944 sed
2153 1890 2387 1959 gemitus
2409 1888 2724 1954 suscitetur,
2756 1887 3010 1959 lacrymaa
3035 1888 3370 1940 audientium
3402 1886 3591 1940 laudes

2030 1990 2134 2034 tuae
2166 1981 2296 2035 sint.
2335 1980 2533 2035 Sermo
2583 1980 2891 2049 presbyteri
2918 1979 3326 2047 Scripturarum
3361 1977 3594 2031 lectione

2024 2073 2283 2127 conditus
2311 2072 2404 2127 sit.
2438 2070 2594 2127 Unde
2624 2080 2679 2125 et
2733 2071 3030 2140 Apostolus
3078 2072 3321 2143 praecipit
3353 2086 3368 2128 :
3410 2069 3596 2125 Sermo

2022 2176 2189 2221 vester
2226 2166 2290 2219 sit
2331 2163 2447 2219 sale
2471 2164 2714 2219 conditus
2743 2163 2973 2233 (Coloss.
3012 2178 3087 2229 tv,
3118 2163 3194 2233 6).
3250 2163 3404 2229 Quod
3439 2165 3482 2216 si
3512 2163 3595 2216 in-

2023 2254 2289 2319 fatuetur,
2318 2251 2467 2308 foras
2496 2254 2805 2322 projicitur,-
2826 2264 2882 2307 et
2901 2253 3081 2323 perdit
3106 2253 3342 2307 nominis
3367 2252 3598 2323 dignita-

2023 2357 2153 2402 tem.
2203 2346 2335 2399 Nam
2386 2346 2530 2400 sicut
2581 2348 2810 2400 victoria
2852 2345 3095 2410 Domini,
3146 2344 3458 2413 triumphus
3506 2354 3595 2398 est

2021 2451 2365 2495 servorum:
2419 2439 2503 2492 sic
2555 2440 2802 2508 magistri
2864 2437 3122 2502 eruditio,
3185 2429 3588 2506 discipulorum

2022 2528 2322 2599 profectus.
2357 2528 2475 2581 Nisi
2530 2530 2675 2584 enim
2711 2537 2873 2599 caput
2909 2527 3019 2601 [AL
3052 2525 3359 2598 cerebrum]
3399 2541 3592 2582 unum

2022 2623 2116 2683 sit,
2148 2619 2329 2673 omnia
2361 2619 2609 2673 membra
2644 2631 2773 2674 sunt
2807 2621 2861 2674 in
2895 2620 3043 2673 vitio.

2096 2711 2328 2778 Quando
2353 2712 2598 2766 doctrina
2635 2727 2745 2765 non
2777 2712 2882 2766 erit
2916 2711 2972 2764 in
3001 2709 3287 2774 Ecclesiis,
3322 2708 3595 2778 intellige-

2024 2816 2148 2856 ntus
2192 2801 2369 2870 perire
2400 2800 2741 2869 pudicitiam,
2773 2801 3083 2854 castitatem
3114 2799 3281 2865 mori,
3320 2810 3376 2851 et
3403 2812 3609 2853 numen

2020 2891 2176 2946 obire
2205 2890 2457 2954 virtutes,
2483 2890 2609 2958 quia
2632 2904 2743 2943 nou
2779 2889 3133 2943 comederunt
3159 2888 3379 2942 verbum
3408 2885 3596 2940 Domi-

2022 2985 2103 3040 ni.
2159 2982 2314 3039 Tunc
2357 2982 2637 3053 Scriptura
2694 2981 2847 3036 utilis
2902 2992 2987 3036 est
3038 2980 3407 3042 audientibus,
3464 2993 3595 3033 cum

2022 3076 2231 3144 absque
2265 3075 2484 3130 Christo
2509 3088 2615 3137 non
2653 3073 2883 3127 discitur
2912 3088 2931 3131 :
2962 3087 3088 3127 cum
3128 3071 3249 3126 sine
3274 3069 3435 3125 Patre
3481 3084 3593 3124 non

2023 3168 2300 3238 profertur
2334 3169 2349 3199 ¹
2382 3185 2400 3223 :
2432 3182 2558 3221 cum
2587 3167 2706 3219 sine
2735 3165 2936 3234 Spiritu
2970 3175 3181 3226 sancto,
3211 3178 3318 3218 non
3346 3163 3599 3218 insinuat

2024 3259 2113 3313 ille
2143 3258 2234 3326 qui
2264 3258 2541 3326 praedicat.
2578 3254 2686 3310 Sed
2721 3253 2936 3309 didicile
2975 3255 3172 3322 dignus
3205 3266 3385 3322 preco
3417 3253 3597 3307 virtu-

2023 3358 2133 3403 tum
2171 3349 2369 3403 Christi
2426 3349 2654 3404 inveniri
2701 3357 2907 3417 potest,
2959 3348 3052 3417 qui
3092 3348 3148 3401 in
3200 3344 3603 3401 annttutiandis

2024 3441 2132 3496 illis
2166 3456 2273 3495 non
2297 3455 2472 3507 suam,
2502 3439 2604 3496 sed
2634 3442 2757 3512 ejus
2780 3449 2989 3511 quaerat
3006 3441 3234 3511 gloriam
3261 3454 3423 3509 quem
3448 3451 3596 3508 prae-

2023 3530 2192 3584 dicat.
2534 3534 2543 3541 ’

2091 3620 2356 3676 Confusio
2373 3634 2589 3691 quoque
2615 3630 2700 3676 est
2732 3619 3032 3690 ignominia
3052 3631 3107 3674 et
3142 3617 3330 3675 Jesum
3369 3616 3597 3674 erucith

2024 3728 2151 3769 xum
2195 3721 2250 3767 ct
2288 3727 2578 3782 pauperem
2609 3722 2666 3768 et
2716 3713 3048 3767 esurientem
3082 3710 3248 3767 fartis
3296 3713 3597 3781 praedicare

2022 3806 2344 3875 corporibus
2379 3822 2394 3861 :
2424 3816 2474 3861 et
2502 3804 2836 3875 ieiuniorum
2860 3804 3167 3859 doctrinam
3200 3820 3300 3875 per
3329 3807 3595 3861 rubentes

2024 3899 2226 3953 buccas
2250 3898 2626 3967 iumentisque
2659 3911 2756 3952 ora
2791 3897 3063 3968 proferre.
3098 3896 3217 3952 Non
3256 3898 3597 3953 confundant

2025 4003 2154 4057 ergo
2190 4003 2353 4057 opera
2390 4002 2700 4042 sermonem
2755 4000 2933 4052 tuum,
2965 3998 3025 4043 ut
3064 4003 3189 4044 cum
3243 3989 3296 4043 in
3326 3987 3594 4044 Ecclesiis

2025 4081 2284 4151 loquaris,
2321 4080 2521 4135 tacitus
2552 4081 2782 4150 quisque
2807 4081 3138 4150 respondeat
3163 4096 3182 4137 :
3207 4079 3321 4135 Cur
3342 4084 3453 4134 haec
3471 4096 3593 4148 qua:

2026 4174 2185 4239 dicis,
2222 4173 2341 4241 ipse
2397 4185 2504 4225 non
2558 4168 2739 4224 facis?
2784 4172 3061 4227 Accusare
3108 4172 3395 4227 avaritiam
3426 4173 3589 4227 etiam

2028 4264 2165 4319 latro
2194 4272 2394 4334 potest.
2431 4262 2748 4318 Sacerdotis
2776 4277 2879 4316 vos
2906 4277 3030 4316 cum
3072 4275 3253 4318 tuente
3279 4265 3593 4318 concordet.

2023 4353 2159 4409 Nam
2183 4355 2450 4424 quomodo
2476 4364 2652 4423 potest
2682 4369 2884 4423 praeses
2926 4353 3182 4408 Ecclesia:
3234 4354 3437 4407 malum
3490 4370 3591 4407 au-

359 4436 453 4505 qui
485 4438 531 4492 si
558 4454 711 4492 suum
738 4446 1080 4500 servaverint
1107 4450 1357 4517 gradum,
1389 4460 1515 4507 sunt
1574 4453 1766 4509 domus
1801 4453 1920 4519 Dei,

2030 4450 2171 4503 ferre
2194 4448 2262 4503 de
2292 4449 2469 4502 medio
2494 4447 2638 4517 ejus,
2672 4446 2765 4515 qui
2798 4445 2853 4500 in
2884 4444 3138 4499 delictum
3173 4444 3351 4500 simile
3374 4459 3595 4500 corrue-

359 4539 412 4582 et
442 4532 595 4598 quasi
638 4532 862 4601 angelus
893 4535 1123 4591 Domini.
1160 4538 1264 4593 Sed
1289 4541 1334 4594 si
1405 4541 1524 4609 plus
1567 4543 1789 4612 cupiunt
1839 4547 1924 4597 vi-

361 4619 476 4673 deri
510 4637 669 4678 nosse
699 4640 861 4693 quam
892 4628 1095 4692 caeteri,
1127 4631 1452 4700 quandoque
1466 4642 1652 4704 patent
1681 4635 1925 4691 veritatis

357 4714 595 4779 regulam
633 4731 734 4768 non
767 4725 972 4775 tenere.

433 4802 690 4873 Magister
717 4824 931 4881 quoque
956 4813 1271 4882 discipulum
1329 4817 1575 4888 corrigit,
1633 4834 1794 4888 quem
1837 4834 1927 4874 ar-

359 4895 619 4953 dentioris
636 4904 810 4956 cernit
847 4906 1068 4973 ingenii.
1097 4907 1227 4961 Nam
1256 4913 1496 4966 medicus
1549 4912 1593 4966 si
1633 4913 1925 4967 cessaverit

359 5004 577 5056 c:.r:tre,
626 4994 899 5063 desperat.
947 4997 1213 5063 Quoniam
1281 5018 1386 5057 non
1443 5013 1529 5058 est
1576 5005 1725 5071 parvi
1778 5005 1922 5073 apud

362 5081 525 5136 Deum
553 5087 730 5140 meriti
763 5086 899 5142 bene
924 5089 1061 5144 ﬁlios
1081 5095 1333 5147 educare.
1378 5091 1670 5149 Recturum
1709 5109 1924 5164 quoque

357 5175 936 5236 e~t,utlaborantiutn
995 5185 1244 5237 noverint
1290 5187 1571 5252 sudorem,
1623 5188 1700 5242 vel
1756 5188 1923 5255 lapsis

359 5270 1007 5338 manutnpurrigerc,wl
1054 5275 1364 5329 errantibus
1415 5278 1554 5329 viam
1609 5277 1918 5331 ostendere.

358 5355 463 5409 Sed
500 5370 567 5411 ne
594 5359 842 5427 glorieris
871 5364 1012 5432 qttod
1061 5367 1262 5420 multos
1317 5368 1613 5435 discipulos
1660 5369 1863 5424 habeas
1898 5382 1913 5423 :

356 5446 527 5504 Filius
556 5450 649 5507 Dei
695 5456 877 5510 docuit
938 5457 992 5511 in
1054 5456 1264 5524 Judaea,
1321 5470 1378 5515 et
1434 5462 1718 5517 duodecim
1772 5463 1919 5516 illum

432 5650 688 5731 ’Aberat
727 5660 948 5731 verbum
999 5660 1236 5731 deputet.
1276 5662 1413 5715 Sunt
1451 5660 1567 5717 haze
1617 5671 1796 5715 autem
1850 5678 1915 5717 ex

356 5715 494 5774 falso
552 5728 800 5791 ascriptis
852 5715 1656 5801 llieronvntocommentariis
1706 5731 1759 5785 in
1816 5715 1917 5787 Lar-—

2030 4536 2142 4593 rit?
2170 4538 2248 4591 Ae
2286 4552 2393 4607 qua
2443 4539 2692 4597 libertate
2718 4537 2949 4606 corripit
2989 4545 3330 4605 peccantem,
3356 4551 3477 4590 cum
3514 4548 3601 4590 ta-

2026 4633 2167 4686 citus
2207 4634 2319 4699 ipse
2352 4630 2459 4686 sibi
2511 4630 2842 4699 respondeat
2899 4632 3089 4686 eadem
3134 4632 3423 4685 admisisse
3472 4644 3605 4699 quas

2026 4721 2299 4790 corripit?
2330 4720 2519 4777 Perdit
2551 4724 2694 4777 enim
2732 4724 3118 4778 auctoritatem
3153 4722 3404 4788 docendi,
3438 4720 3607 4788 cujus

2024 4828 2189 4881 opere
2241 4828 2426 4868 sermo
2484 4814 2808 4869 deatruitur.
2840 4814 2911 4870 Et
2970 4813 3103 4869 illud
3156 4812 3316 4867 Tullii
3354 4827 3375 4868 ι
3420 4811 3613 4882 Caan

2025 4905 2163 4958 artis
2195 4913 2283 4958 est
2308 4904 2508 4959 docere
2526 4906 2669 4971 quod
2695 4904 2850 4958 facis.

2098 4994 2443 5051 Venerationi
2491 4997 2624 5050 mihi
2661 5011 2878 5065 semper
2911 4994 3031 5061 fuit,
3062 5011 3168 5051 non
3217 4996 3439 5052 verbosa
3471 5010 3605 5050 rus-

2027 5089 2224 5153 ticitas,
2259 5090 2351 5143 sed
2381 5099 2567 5143 sancta
2596 5088 2933 5157 simplicitas.
2961 5088 3062 5154 Qui
3091 5090 3235 5142 enim
3259 5090 3309 5141 in
3340 5101 3605 5141 sermone

2027 5194 2087 5234 se
2149 5181 2286 5233 dicit
2339 5179 2614 5249 apostolos
2670 5180 2901 5242 imitari,
2956 5180 3107 5247 prius
3177 5179 3423 5232 imitetur
3482 5178 3609 5227 vir.

2026 5280 2170 5324 tutes
2208 5282 2264 5325 et
2306 5271 2473 5324 vitam
2511 5271 2750 5335 illorum,
2787 5271 2840 5325 in
2880 5273 3080 5340 quibus
3106 5269 3354 5339 loquendi
3388 5267 3613 5333 simpli-

2026 5365 2247 5417 citatem
2281 5363 2576 5417 excusabat
2602 5363 2777 5417 sancti
2811 5363 3048 5417 numinis
3101 5359 3435 5429 magnitudo.
3472 5359 3603 5414 Non

2025 5456 2169 5510 enim
2207 5454 2340 5509 facit
2371 5454 2748 5511 ecclesiastica
2777 5453 3015 5522 dignitas
3045 5451 3414 5508 Christianum
3440 5465 3461 5517 ;
3496 5466 3611 5506 nec

2024 5667 2249 5717 ntentat.
2270 5658 2518 5713 Jercmite
2549 5673 2831 5724 expressa.

2098 5733 2113 5762 ‘
2149 5732 2321 5786 Antea
2359 5746 2461 5783 non
2489 5733 2767 5797 probatur,
2799 5738 2853 5784 et
2878 5744 3002 5786 mox
3033 5746 3132 5785 nou
3159 5729 3561 5799 jnminsittuat.
