4004 6192
326 279 437 340 349

1486 286 1803 352 REGULA
1862 291 2425 361 MONACHORUM.

2020 134 2047 152 ἢ

3474 312 3587 378 350

326 400 411 490 est
436 388 600 445 facile
637 398 789 448 stare
824 391 945 448 loco
997 393 1168 462 Pauli,
1203 404 1388 454 tenere
1438 403 1662 469 gradum
1723 403 1889 465 Petri,
1925 409 1969 464 Α
2000 409 2130 473 psit.
2171 409 2307 464 Nam
2341 426 2570 468 summa?
2612 414 2855 472 stultitiae
2877 425 2982 486 est,
3014 418 3326 475 renuntiare
3355 425 3577 490 saeculo,

323 479 435 548 jam
467 494 592 533 cum
622 482 841 538 Christo
871 486 1215 552 regnantium
1245 504 1261 555 ;
1291 504 1358 544 ne
1396 490 1534 545 forte
1564 496 1744 547 ven‘at
1798 504 1897 546 an-

327 573 477 639 gelus
503 573 740 641 Domini,
788 577 882 644 qui
932 580 1144 634 scindat
1176 581 1352 637 velum
1411 584 1597 654 templi
1654 586 1753 651 tui,
1806 586 1901 656 qui

328 665 723 720 candelabrum
754 677 907 722 tuum
934 671 1002 725 de
1034 671 1150 726 loco
1186 683 1424 729 moveat.

397 756 570 826 igitur
599 759 970 815 aedificaturus
1001 765 1218 830 turrim,
1248 767 1415 822 futuri
1443 767 1626 836 operis
1653 782 1900 840 sumptus

330 857 609 916 computa.
643 849 815 905 Sicuti
845 868 951 906 non
990 854 1388 927 Hierosolymis
1419 859 1614 923 fuisse,
1647 864 1742 917 sed
1779 863 1903 919 Ilie-

333 938 619 1009 rosolymis
664 944 802 995 bene
834 945 1060 1006 vixisse.
1092 946 1422 1004 laudandum
1450 960 1554 1007 est.
1590 951 1747 1007 Prius
1776 969 1907 1023 ergo

331 1031 625 1094 faciamus,
655 1042 709 1085 et
745 1034 827 1086 sic
850 1036 1145 1091 «iureamus
1170 1053 1186 1093 :
1216 1056 1284 1094 ne
1310 1042 1577 1105 doctrina:
1607 1046 1906 1101 auctoritas

332 1126 503 1179 castis
528 1126 783 1189 operibus
805 1128 1142 1186 destruatur.
1167 1131 1301 1185 Nam
1346 1134 1413 1188 de
1441 1135 1829 1204 eloquentibus
1849 1146 1908 1193 et

328 1217 813 1284 pronuntiantibus
866 1220 1057 1287 plenus
1100 1234 1181 1277 est
1211 1226 1380 1282 orbis.
1414 1226 1737 1295 Loqunntur
1787 1245 1908 1297 quae

331 1308 635 1361 nesciunt:
695 1309 892 1363 docent
946 1328 1069 1381 qua:
1112 1330 1219 1370 non
1276 1318 1606 1375 didicerunt.
1664 1320 1908 1392 Magistri

330 1392 487 1455 fiunt,
511 1412 633 1449 cum
671 1407 798 1451 ante
829 1400 1077 1466 discipuli
1109 1415 1217 1457 non
1252 1403 1481 1460 fuerint.

392 1485 497 1543 Sed
518 1502 619 1542 nec
635 1488 702 1545 ad
718 1490 1063 1546 scribendum
1085 1494 1203 1563 cito,
1215 1496 1487 1565 prosilias,
1506 1506 1559 1551 et
1573 1497 1675 1554 levi
1693 1498 1913 1556 ducaris

328 1575 543 1631 insania
562 1593 581 1633 ε
600 1580 879 1649 multoque
897 1593 1139 1653 tempore
1165 1586 1313 1641 disce
1330 1589 1471 1657 quod
1491 1590 1708 1654 doceas,
1726 1601 1781 1646 et
1802 1606 1909 1645 non

329 1668 411 1722 sic
454 1671 771 1726 temeritate
830 1678 1188 1744 quorumdam
1221 1678 1423 1735 doceas
1454 1684 1593 1749 quod
1638 1683 1855 1738 nescias
1891 1697 1913 1739 :

2004 499 2278 555 dimittere
2310 503 2564 568 patriam,
2593 506 2754 561 urbes
2787 507 3065 573 deserere,
3094 510 3425 566 monachum
3452 527 3578 581 pro-

2010 589 2172 652 literi,
2207 600 2262 645 et
2298 592 2441 649 inter
2460 595 2695 667 majores
2716 597 2939 668 papulos
2972 613 3198 670 peregre
3223 598 3336 672 [ΑΙ.
3366 603 3579 672 ρετίευυ

2010 682 2202 754 Iosins]
2234 684 2439 739 vivere.

2078 776 2212 839 Quia
2256 776 2417 845 igitur
2450 776 2688 833 fraterne
2727 778 3030 850 interrogas
3068 795 3169 851 per
3215 798 3377 853 quam
3427 786 3573 843 viam

2007 866 2262 922 incedere
2298 870 2496 923 debeas
2532 885 2550 926 :
2582 872 2822 926 revelata
2870 881 3045 927 terum
3098 873 3235 930 facie
3268 876 3479 946 loquar.
3515 878 3572 934 Si

2005 958 2237 1013 oﬂicium
2271 961 2355 1015 vis
2382 977 2639 1017 exercere
2668 965 2996 1034 presbyteri,
3036 965 3084 1018 si
3115 968 3472 1037 episcopatus
3496 979 3568 1037 te,

2009 1050 2094 1104 vel
2125 1065 2284 1118 opus,
2321 1054 2401 1106 vel
2427 1053 2601 1109 honor
2637 1054 2774 1108 forte
2799 1057 3059 1121 deiectat,
3106 1058 3230 1112 vive
3259 1058 3311 1112 in
3344 1061 3570 1117 urbibus

2007 1152 2063 1196 et
2091 1142 2371 1201 castellis:
2400 1154 2453 1199 et
2482 1146 2710 1200 aliorum
2739 1148 2994 1214 salutem,
3018 1149 3227 1203 lucrum
3257 1151 3340 1205 fac
3379 1152 3573 1206 animae

2012 1243 2135 1288 tuas.
2183 1233 2277 1288 Sin
2310 1246 2492 1289 autem
2524 1239 2682 1307 cupis
2738 1254 2861 1293 esse
2894 1239 3040 1307 quod
3095 1241 3317 1306 diceris,
3382 1257 3576 1299 mOna-

2014 1323 2150 1378 chus
2190 1341 2205 1380 :
2238 1326 2369 1392 quid
2413 1326 2547 1380 facis
2586 1329 2638 1382 in
2668 1330 2914 1392 urbibus,
2940 1345 3059 1399 qua:
3092 1334 3280 1399 utique
3316 1348 3422 1387 non
3446 1345 3577 1389 sunt

2010 1415 2250 1468 solorum
2287 1417 2627 1485 habitacula,
2656 1420 2748 1473 sed
2807 1420 3144 1475 multorum?
3172 1420 3345 1476 Habet
3379 1435 3580 1475 unum-

2010 1507 2264 1575 quodque
2288 1509 2629 1578 propositum
2665 1511 2940 1580 principes
2966 1526 3118 1567 suos.
3154 1512 3383 1567 Romani
3413 1518 3583 1568 duces

2015 1597 2298 1651 imitentur
2322 1597 2604 1664 Camillos,
2643 1599 2952 1665 Fabricios,
2984 1602 3241 1672 Regulos,
3273 1603 3581 1673 Scipiones.

2014 1686 2327 1757 Philosophi
2380 1700 2685 1760 proponant
2716 1693 2820 1747 sibi
2859 1693 3242 1765 Pythagoram,
3274 1693 3581 1759 Socratem,

332 1762 427 1813 sed
464 1769 593 1815 ante
630 1763 783 1820 disce
835 1767 979 1834 quod
1028 1766 1289 1824 docturus
1340 1747 1787 1844 [ALVdicturus]
1816 1788 1900 1828 es.
1944 1747 1985 1807 Β
2012 1747 2321 1844 Platonem,
2370 1747 2735 1839 Aristotelem.
2769 1747 2951 1838 Poetae
3009 1747 3333 1839 aemulentur
3381 1747 3582 1838 Honie:

330 1847 465 1905 Nam
488 1852 585 1921 qui
616 1854 878 1922 sapientis
900 1859 1062 1913 verba
1090 1861 1286 1917 crebro
1307 1863 1495 1919 audire
1517 1873 1572 1919 et
1604 1864 1902 1933 intelligere

334 1944 579 2015 negligit,
613 1947 782 2001 vitam
813 1962 968 2005 suam
999 1951 1309 2021 gubernare
1334 1969 1444 2010 non
1465 1956 1618 2012 novit
1651 1972 1668 2014 :
1697 1966 1902 2027 quanto

333 2038 503 2105 magis
528 2051 631 2094 nec
672 2038 901 2095 aliorum
932 2044 1183 2111 regimini
1215 2046 1469 2114 prolicit?
1494 2047 1659 2119 Igitur
1686 2064 1905 2104 servum

332 2131 509 2184 servis
544 2141 597 2185 te
625 2146 750 2191 esse
776 2136 1052 2191 convenit.
1084 2139 1265 2207 Atque
1296 2139 1370 2193 ita
1408 2140 1461 2194 in
1495 2142 1751 2197 omnibus
1781 2155 1905 2212 per-

332 2219 548 2285 docere,
584 2232 642 2276 ut
677 2224 989 2295 quicunque
1034 2231 1283 2294 audiunt,
1337 2234 1760 2288 conversatione
1809 2244 1899 2287 tua

334 2314 508 2382 magis
540 2329 709 2382 quam
741 2331 995 2374 sermone
1026 2322 1337 2387 proﬁciant.
1376 2325 1644 2391 Quoniam
1678 2328 1899 2396 quidem

334 2419 441 2460 non
484 2405 538 2459 in
571 2421 826 2463 sermone
862 2421 943 2464 est
978 2427 1206 2480 regnum
1240 2414 1353 2479 Dei,
1387 2418 1483 2470 sed
1514 2418 1566 2471 in
1609 2420 1828 2473 virtute.

408 2497 513 2553 Sed
543 2515 613 2554 ne
639 2504 824 2556 statim
855 2506 1216 2560 multitudinis
1246 2509 1898 2579 acquiesramusjuiiicio,

334 2592 431 2646 sed
463 2594 625 2647 electi
652 2596 705 2647 in
742 2597 1108 2663 principatum
1145 2615 1435 2655 noscamus
1463 2617 1769 2655 mensuram
1804 2618 1903 2655 no-

333 2697 524 2749 stram,
545 2699 598 2740 et
626 2686 977 2742 humiliemur
997 2691 1100 2745 sub
1122 2693 1326 2758 potenti
1348 2707 1509 2747 manu
1544 2694 1661 2748 Dei.
1692 2694 1899 2769 Revera

336 2776 411 2828 nil
466 2778 667 2831 foedius
705 2789 1040 2848 praeceptore
1095 2780 1320 2846 furioso,
1369 2798 1491 2837 cum
1539 2786 1733 2839 debeat
1781 2798 1905 2840 esse

337 2883 657 2926 mansuetus
700 2882 756 2927 et
780 2875 1070 2932 eruditus:
1122 2888 1345 2932 econtra
1390 2888 1547 2933 torvo
1594 2880 1765 2943 vultu,
1795 2888 1903 2934 tre-

338 2964 616 3019 mentibus
638 2964 819 3033 labiis,
851 2978 1039 3039 rugata
1076 2969 1279 3035 fronte,
1309 2969 1589 3026 effrenatis
1619 2972 1904 3037 conviciis,

2018 1883 2162 1934 rum,
2184 1867 2492 1939 Virgilium,
2521 1869 2899 1937 Menandrum,
2925 1871 3266 1931 Terentium.
3299 1871 3580 1936 Historici,

2019 1959 2415 2032 Thucydidem,
2450 1961 2770 2028 Saiustium,
2800 1963 3156 2030 Herodotum,
3189 1964 3422 2020 Livium.
3449 1966 3585 2018 Ora-

2017 2063 2163 2108 tores
2184 2053 2425 2124 Lysiam,
2445 2054 2741 2120 Gracchos,
2767 2057 3205 2121 Demosthenem,
3229 2055 3488 2110 Tullinm.
3517 2055 3586 2110 Et

2011 2155 2073 2200 ut
2092 2147 2158 2201 ad
2179 2154 2364 2202 nostra
2388 2149 2690 2214 veniamus,
2710 2149 2946 2219 episcopi
2966 2150 3333 2220 etpresbytcri
3348 2150 3584 2204 habeant

1955 2310 1961 2315 Ι
2014 2240 2069 2292 in
2086 2240 2391 2309 exemplum
2411 2240 2686 2308 apostolos
2706 2250 2759 2294 et
2781 2241 3106 2309 apostolicos
3129 2242 3273 2295 viros
3297 2255 3314 2298 :
3337 2255 3568 2308 quorum

2013 2330 2281 2386 honorem
2325 2332 2687 2401 possidentes,
2714 2335 2922 2387 habere
2944 2334 3191 2387 nitantur
3216 2342 3271 2387 et
3300 2334 3577 2387 meritum.

2083 2420 2193 2474 Nos
2224 2431 2406 2477 autem
2438 2422 2736 2477 habeamus
2790 2423 3055 2492 propositi
3105 2422 3275 2477 nostri
3304 2422 3579 2491 principes

2014 2514 2230 2579 Paulos,
2282 2516 2571 2581 Antonios,
2625 2513 2890 2581 Julianos,
2938 2511 3574 2576 llilarioues,Macarios.

2013 2607 2081 2661 Et
2107 2616 2165 2660 ut
2196 2610 2262 2660 ad
2291 2606 2697 2675 Si'ripturarum
2724 2607 3101 2661 auctoritatem
3126 2606 3368 2667 redeam,
3398 2610 3583 2657 noster

2016 2700 2268 2767 princeps
2325 2699 2499 2762 Elias,
2561 2706 2749 2753 noster
2796 2700 3052 2768 princeps
3104 2697 3349 2761 Elisams,
3409 2692 3578 2748 nostri

2014 2789 2185 2843 duces
2237 2791 2330 2845 lilii
2367 2792 2752 2860 pr0phetarum
2778 2791 2870 2860 qui
2918 2790 3234 2851 habitabant
3262 2788 3317 2841 in
3348 2786 3495 2856 agris
3526 2793 3585 2838 et

2016 2881 2423 2947 solitudinibus,
2461 2891 2515 2936 et
2552 2880 2820 2936 iaciebant
2868 2880 2972 2934 sibi
3026 2877 3374 2933 tabernacula
3418 2888 3585 2944 prope

2016 2972 2215 3030 ﬂuenta
2242 2973 2522 3029 Jordanis.
2550 2973 2626 3028 De
2655 2974 2740 3028 his
2762 2980 2889 3026 sunt
2908 2981 2962 3026 et
2989 2971 3064 3025 illi
3097 2971 3189 3024 lilii
3216 2969 3456 3033 Ret-hab,
3487 2965 3579 3034 qui

336 3060 476 3115 facie
509 3064 655 3116 inter
682 3064 965 3131 pallorem,
998 3067 1362 3135 rnhoremque
1406 3067 1638 3129 variata,
1666 3067 1905 3122 clamore
1936 3096 1980 3135 ,τ
2015 3065 2203 3119 vinum
2242 3073 2297 3117 et
2327 3064 2557 3119 siceram
2590 3077 2700 3117 non
2746 3063 3022 3127 bibebant,
3054 3071 3109 3117 et
3146 3061 3496 3114 morabantur
3525 3056 3583 3110 in

337 3157 668 3226 perstrepit;
700 3166 754 3212 et
783 3167 1037 3212 errantes
1061 3172 1168 3213 non
1205 3168 1310 3213 tam
1369 3160 1435 3213 ad
1480 3161 1682 3214 bonum
1720 3159 1905 3221 trahit,

340 3264 504 3318 quam
532 3250 600 3302 ad
638 3251 840 3304 malum
873 3251 1080 3304 saevitia
1117 3266 1213 3304 sua
1246 3250 1591 3320 praecipitat;
1634 3251 1761 3305 licet
1789 3267 1895 3305 non

338 3343 429 3409 qui
456 3341 713 3397 irascitur
750 3342 1051 3395 iracundus
1068 3330 1175 3406 est,
1211 3345 1307 3397 sed
1340 3341 1432 3396 ille
1462 3342 1551 3409 qui
1585 3341 1784 3397 crebro
1807 3340 1912 3395 hac

341 3433 593 3500 passione
619 3441 932 3500 superatur.
958 3429 1206 3499 Suntque
1235 3432 1388 3486 multi
1413 3431 1678 3487 docentes
1700 3446 1763 3485 ea
1790 3445 1911 3499 qua:

343 3537 453 3577 non
503 3530 745 3590 oportet,
777 3525 951 3592 turpis
986 3525 1124 3579 lucri
1174 3524 1349 3592 gratia
1377 3539 1392 3579 :
1422 3524 1512 3591 qui
1546 3531 1689 3578 totas
1718 3523 1913 3577 domus

339 3615 720 3670 subvertant:
772 3623 829 3669 et
879 3624 1070 3683 putant
1128 3626 1400 3685 quaestum
1452 3631 1578 3672 esse
1624 3617 1910 3686 pietatem.

338 3704 501 3770 Quod
536 3706 857 3775 plerumque
878 3706 1095 3772 accidit,
1126 3716 1186 3761 ut
1209 3707 1509 3764 habeamus
1536 3722 1745 3777 pugnas
1779 3707 1911 3776 legis

339 3810 451 3851 non
475 3799 547 3852 oh
567 3798 899 3852 desiderium
930 3800 1174 3854 veritatis
1201 3815 1218 3866 ;
1245 3802 1339 3855 sed
1360 3801 1431 3854 ob
1451 3798 1773 3868 jactantiam
1801 3800 1915 3868 glo-

338 3888 476 3942 ria:
506 3890 631 3942 dum
655 3890 798 3958 apud
823 3891 1110 3944 audientes
1131 3892 1276 3945 docti
1305 3891 1560 3946 volumus
1582 3888 1910 3945 existimari.

338 3977 567 4034 Festino
623 3981 785 4050 igitur
838 3983 1009 4050 gradu
1052 3997 1349 4052 pergamus
1406 3983 1473 4036 ad
1512 3983 1825 4051 magistros,
1859 3991 1916 4035 et

338 4084 533 4124 eorum
570 4080 807 4125 teramus
857 4073 1081 4141 limina;
1130 4083 1185 4128 et
1231 4083 1495 4142 prtrccpta
1530 4075 1794 4129 virtutum
1850 4089 1915 4128 ac

338 4164 601 4231 mysteria
634 4162 1042 4236 Scripturarum
1072 4166 1288 4220 vincula
1320 4176 1581 4237 putemus
1611 4176 1840 4223 aeterna.

932 4322 1160 4378 CAPUT
1215 4321 1326 4380 VII.

596 4428 623 4439 ί
905 4413 986 4470 De
1026 4413 1335 4470 solitudine.

416 4522 650 4591 Revera,
678 4525 1078 4595 utsimpliciter
1101 4537 1306 4581 motum
1334 4528 1536 4585 mentis
1563 4543 1698 4585 mea?
1721 4527 1914 4593 fatear,

342 4617 699 4672 considerans
720 4628 775 4671 et
813 4618 1149 4686 propositum
1182 4630 1334 4673 tuum
1389 4629 1445 4675 et
1499 4620 1774 4686 arderent,
1808 4637 1917 4691 quo

338 4708 547 4764 seculo
574 4711 930 4776 renuntiami;
964 4711 1304 4767 differentias
1338 4712 1391 4766 in
1423 4713 1558 4768 locis
1588 4714 1845 4773 arbitror.
1872 4715 1917 4768 si

346 4801 580 4855 urbibus
618 4811 674 4854 et
726 4800 1038 4869 frequentia
1074 4805 1288 4858 urbium
1322 4805 1607 4870 derelicta,
1639 4806 1693 4859 in
1741 4804 1921 4874 agello

344 4893 583 4955 habites,
610 4903 667 4948 et
692 4894 969 4949 Christum
1002 4896 1058 4950 in
1099 4898 1390 4951 solitudine
1425 4913 1659 4966 qucras,
1694 4907 1749 4953 et
1796 4914 1921 4954 ores

342 4982 502 5034 solus
546 4982 599 5035 in
648 4993 833 5037 monte
862 4998 985 5038 cum
1030 4984 1185 5049 Jesu,
1217 4995 1642 5056 sanctorumque
1677 4989 1919 5043 locorum

348 5084 569 5127 tantum
619 5074 994 5130 vicinitatibus
1026 5078 1351 5144 perfruaris,
1384 5079 1434 5132 id
1471 5089 1578 5144 est,
1612 5090 1672 5133 ttt
1699 5092 1755 5134 et
1784 5084 1923 5135 urbe

346 5178 564 5221 careas.
588 5175 643 5217 et
666 5167 998 5233 propositum
1026 5170 1273 5222 monachi
1294 5186 1397 5222 non
1422 5170 1666 5224 amittas.
1703 5171 1922 5235 Loquor

346 5264 463 5305 non
521 5252 586 5303 de
643 5253 938 5322 episcopis,
994 5270 1101 5309 non
1136 5258 1204 5309 de
1250 5258 1488 5324 clericis,
1530 5274 1759 5328 quorum
1814 5262 1919 5314 alia

350 5355 523 5395 causa
552 5352 661 5405 est,
689 5344 793 5396 alia
838 5347 1110 5401 monachi.
1138 5346 1332 5403 Clerici
1362 5364 1495 5405 oves
1528 5361 1783 5420 pascunt,
1822 5368 1923 5422 ego

348 5446 568 5502 pascor.
602 5434 707 5489 Sed
738 5435 807 5490 de
838 5438 1105 5492 monacho
1152 5438 1366 5508 loquor,
1398 5441 1489 5511 qui
1524 5444 1755 5511 pretium
1794 5459 1922 5513 pus-

348 5522 659 5578 sessiouum
688 5540 911 5582 suarum
969 5530 1035 5584 ad
1088 5533 1255 5600 pedes
1309 5535 1685 5603 apostolorum
1720 5537 1922 5606 posuit,

348 5616 557 5671 docens
590 5620 873 5688 pecuniam
903 5621 1261 5691 calcaudam;
1300 5625 1575 5683 humiliter
1616 5636 1670 5683 et
1710 5639 1922 5685 secreto

354 5708 633 5777 victitans,
669 5725 885 5781 semper
916 5724 1228 5771 contemnat
1275 5717 1421 5785 quod
1463 5718 1631 5775 semel
1673 5732 1920 5776 contem-

2016 3157 2264 3211 tentoriis
2294 3171 2308 3212 :
2341 3157 2436 3224 qui
2483 3154 2577 3209 Dei
2628 3170 2725 3223 per
2748 3154 3043 3209 Jeremiam
3094 3166 3227 3207 voce
3258 3150 3580 3216 laudantur,

2009 3262 2065 3305 et
2096 3250 2435 3318 promittitur
2461 3248 2564 3311 eis,
2599 3246 2743 3318 quod
2789 3250 2896 3301 non
2926 3246 3144 3301 deficiat
3174 3245 3245 3299 de
3289 3244 3459 3312 stirpe
3487 3255 3586 3295 eo-

2009 3356 2129 3394 rum
2175 3339 2260 3394 vir
2297 3352 2453 3394 stans
2502 3355 2686 3393 coram
2723 3337 2972 3393 Domino.
3006 3337 3367 3403 Interpretare
3421 3334 3587 3403 igitur

2010 3432 2336 3486 vocabulum
2393 3431 2681 3497 monachi;
2726 3431 2833 3485 hoc
2889 3439 2972 3484 est
3012 3443 3207 3484 nomen
3242 3436 3414 3481 tuum.
3443 3423 3587 3490 Quid

2013 3522 2149 3579 iacis
2180 3524 2232 3576 in
2272 3523 2428 3577 turba
2460 3525 2550 3591 qui
2584 3523 2738 3577 solus
2768 3520 2873 3575 es?
2902 3535 3010 3574 non
3045 3520 3139 3573 tibi
3172 3518 3363 3572 eadem
3395 3531 3584 3580 causa,

2011 3629 2133 3682 quae
2155 3613 2388 3668 caneris.
2420 3612 2592 3667 Nemo
2614 3614 2881 3682 propheta
2905 3612 2958 3665 in
2992 3609 3171 3680 patria
3198 3622 3294 3663 sua
3319 3608 3579 3660 honorem

2014 3707 2198 3760 habet.
2231 3703 2365 3758 Nam
2399 3706 2484 3758 ubi
2524 3705 2698 3758 honor
2725 3719 2829 3757 non
2861 3710 2967 3764 est,
2990 3700 3062 3753 ibi
3094 3707 3442 3766 contemptus
3472 3705 3579 3751 est.

2018 3796 2121 3851 Ubi
2147 3803 2488 3864 contemptus
2509 3803 2611 3857 cst,
2647 3794 2720 3848 ibi
2750 3793 3006 3862 frequens
3038 3789 3257 3857 injuria.
3308 3788 3409 3842 Ubi
3446 3789 3587 3853 inju-

2014 3888 2118 3947 ria,
2164 3884 2234 3938 ibi
2276 3884 2598 3952 indignatio.
2630 3882 2727 3938 Ubi
2772 3882 3102 3947 indignatio,
3133 3879 3206 3933 ibi
3240 3878 3397 3945 quies
3419 3877 3585 3930 nulla.

2019 3976 2315 4043 Ubirquies
2376 3990 2483 4027 non
2526 3983 2634 4036 est,
2688 3974 2758 4026 ibi
2816 3986 2972 4024 tuens
3024 3984 3169 4039 smpe
3222 3983 3251 4021 a
3304 3966 3584 4037 proposito

2017 4068 2329 4121 deducitur.
2385 4063 2483 4120 Ubi
2520 4074 2700 4117 autem
2737 4078 2832 4129 per
2875 4060 3312 4130 inquietudinem
3374 4056 3581 4123 aliquid

2017 4158 2267 4211 aufertur
2305 4170 2369 4211 ex
2399 4156 2601 4221 studio,
2650 4154 2831 4208 minus
2884 4152 2943 4205 lit
2972 4153 3040 4205 ab
3078 4164 3143 4204 eo
3171 4149 3314 4219 quod
3358 4147 3583 4203 tollitur.

2019 4253 2082 4309 Et
2107 4253 2197 4309 ubi
2235 4254 2415 4309 minus
2443 4265 2547 4317 cst,
2586 4252 2882 4322 perfectum
2919 4267 3026 4305 non
3062 4256 3239 4319 potest
3269 4246 3400 4302 dici.

2090 4344 2167 4398 Ex
2199 4346 2303 4401 hac
2349 4346 2735 4414 supputatione
2774 4343 2860 4397 illa
2911 4356 3120 4396 summa
3164 4337 3423 4402 nascitur,
3469 4350 3589 4392 mo-

1941 4445 1993 4505 D
2021 4440 2259 4494 nachnm
2293 4438 2589 4507 perfectum
2632 4439 2685 4491 in
2734 4437 2906 4506 patria
2939 4449 3034 4489 sua
3077 4447 3200 4487 esse
3239 4447 3345 4486 non
3400 4445 3589 4501 posse.

2020 4531 2326 4589 Perfectum
2361 4542 2537 4585 autem
2587 4544 2712 4585 esse
2760 4525 3289 4595 nollehdelinquere
3316 4531 3423 4577 est.
3482 4520 3588 4576 Ubi

2021 4636 2200 4679 autem
2234 4640 2337 4694 ego
2374 4638 2517 4676 nunc
2559 4637 2704 4686 sum,
2746 4636 2852 4674 non
2900 4619 3079 4673 solum
3129 4614 3259 4683 quid
3307 4618 3487 4684 agitur
3539 4612 3593 4666 in

2021 4717 2219 4786 patria,
2242 4716 2335 4768 sed
2354 4730 2421 4766 an
2448 4714 2622 4780 patria
2648 4712 2922 4781 pt'rsistat,
2949 4710 3160 4779 ignoro.
3182 4708 3298 4762 lino
3325 4718 3423 4759 nec
3452 4702 3587 4756 mihi

2021 4806 2340 4861 conceditur
2362 4820 2510 4859 unus
2542 4805 2766 4871 angelus
2795 4802 2962 4856 eremi
2998 4820 3013 4855 :
3047 4799 3295 4871 quotidie
3325 4808 3592 4873 expoOscor

2026 4896 2215 4960 fidem,
2248 4894 2401 4964 quasi
2440 4893 2556 4949 sine
2587 4895 2692 4948 fide
2725 4903 2948 4948 renatus
2974 4893 3099 4947 sim.

2613 5047 2844 5104 CAPUT
2876 5015 3012 5101 im.

2314 5142 2389 5198 De
2429 5142 2699 5207 laudibus,
2761 5152 2807 5194 et
2858 5142 3088 5194 utilitate
3127 5138 3307 5192 eremi.

2100 5258 2239 5324 Quid
2279 5257 2587 5326 igitur‘agis
2615 5266 2692 5320 ttt,
2728 5256 2917 5318 frater,
2952 5255 3003 5309 in
3047 5253 3267 5319 sa’culo,
3294 5253 3383 5322 qui
3422 5252 3597 5322 major

2026 5364 2087 5404 es
2132 5349 2377 5403 mundo?
2410 5348 2790 5418 Paupertatem
2848 5345 3050 5401 times?
3100 5346 3283 5399 bratos
3336 5359 3599 5415 pauperes

2029 5443 2283 5499 Christus
2308 5440 2562 5510 appellat.
2601 5439 2809 5493 Labore
2837 5437 3097 5492 tet-reris?
3120 5438 3213 5491 sed
3237 5446 3397 5493 nemo
3425 5436 3599 5490 athle-

2031 5548 2080 5589 ta
2112 5535 2229 5590 sine
2273 5534 2563 5589 sudoribus
2596 5542 2912 5587 coronatur.
2944 5531 3019 5584 De
3054 5530 3176 5585 cibo
3206 5530 3455 5601 cogitas?
3498 5529 3593 5582 sed

2027 5644 2158 5683 vera
2183 5625 2316 5683 lides
2349 5628 2548 5683 famem
2588 5642 2696 5681 non
2730 5625 2906 5680 timet.
2942 5624 3116 5693 Super
3146 5622 3347 5677 nudam
3399 5620 3597 5675 metuis

2028 5722 2248 5776 humum
2279 5734 2441 5775 cxcsa
2473 5720 2691 5787 jt'juttiis
2741 5718 2983 5773 membra
3014 5715 3304 5773 Collidcrc?
3328 5714 3424 5770 sed
3479 5711 3582 5766 Do-
