4012 6188
403 265 506 330 35Ῑ

1339 266 1401 326 S.
1441 265 1887 328 HIERONYMI
1941 265 2259 327 OPERUM
2304 263 2701 326 MANTISS'A‘.

3539 267 3644 330 352

398 385 578 436 minus
621 392 796 435 tecum
824 381 990 452 jacet.
1033 380 1278 449 Squalidi
1312 383 1510 451 capitis
1544 383 1730 440 horret
1758 385 1964 440 inculta
1997 390 2041 446 Α
2069 383 2178 437 eris
2235 383 2419 437 solus:
2486 382 2732 451 angelica
2778 383 2938 438 turba
2977 384 3303 450 versabitur,
3351 391 3430 440 tot
3488 390 3641 455 socii,

397 473 698 529 ca‘saries?
748 473 845 530 sed
899 482 1062 543 caput
1095 483 1248 528 tuum
1302 475 1554 531 Christus
1590 486 1696 532 est;
1751 475 1965 532 Inﬁnita

403 565 572 621 eremi
614 566 837 622 vastitas
862 568 1079 622 terret?
1101 571 1196 622 sed
1231 580 1282 624 tu
1316 569 1626 638 paradisum
1665 579 1845 626 mente
1877 573 1969 626 de-

401 656 613 709 ambula
651 673 664 709 :
694 655 912 724 quoties
943 657 1065 712 illuc
1089 660 1494 724 cooseenderis,
1532 660 1690 715 toties
1710 661 1763 715 in
1782 675 1969 717 eremo

405 762 511 800 non
549 748 680 801 eris.
711 746 756 803 Ο
784 751 1058 802 desertum
1093 750 1295 806 Christi
1336 751 1562 808 ﬂoribus
1618 769 1853 809 vernans
1879 758 1896 810 l
1925 755 1969 811 0

397 835 654 899 solitudo,
693 837 742 889 iu
773 852 879 907 qua
923 839 999 892 illi
1029 851 1332 896 nascuntur
1377 843 1603 913 lapides,
1651 845 1716 900 de
1771 849 1970 916 quibus

397 927 451 981 in
505 929 823 1000 Apocalypsi
880 932 1075 987 civitas
1136 935 1318 1004 magni
1353 937 1497 1005 regis
1550 940 1891 995 exstruitur!
1927 943 1968 996 0

397 1035 611 1073 etemus
651 1021 975 1078 familiarius
1038 1023 1154 1096 [Αι.
1208 1027 1486 1099 familiari]
1540 1027 1652 1085 Deo
1705 1032 1971 1098 gaudens,

399 1120 453 1166 et
479 1113 708 1167 czeleral
743 1115 822 1168 Ad
858 1131 982 1186 quae
1005 1119 1171 1172 etiam
1207 1120 1335 1174 illud
1364 1122 1613 1191 Apostoli
1644 1139 1658 1177 :
1695 1121 1819 1179 Non
1845 1135 1969 1179 sunt

400 1202 674 1272 condigna:
708 1205 982 1272 passiones
1017 1208 1177 1277 hujus
1209 1214 1458 1280 temporis
1485 1214 1556 1267 ad
1588 1213 1824 1282 futuram
1855 1217 1970 1287 glo-

398 1292 555 1354 riam,
582 1311 698 1362 quis
728 1297 1046 1352 revelabitur
1080 1301 1134 1353 in
1158 1300 1304 1354 nobis
1337 1302 1512 1373 (Rom.
1548 1321 1660 1368 vttt,
1701 1309 1809 1373 18).

467 1386 577 1439 Cur
618 1386 780 1455 igitur
807 1387 997 1444 timido
1045 1391 1230 1446 animo
1266 1393 1612 1452 Christianus
1646 1400 1741 1453 es?
1797 1397 1974 1457 Filius

398 1473 640 1532 hominis
683 1494 788 1532 non
846 1480 1010 1535 habet
1041 1482 1133 1536 ubi
1194 1493 1354 1552 caput
1394 1501 1550 1540 suum
1596 1489 1870 1562 reclinet:
1914 1499 1970 1547 tu

399 1569 609 1634 amplas
635 1573 883 1640 porticus
916 1583 969 1630 et
1003 1575 1240 1645 ingentia
1286 1587 1553 1634 tectorum
1604 1583 1776 1651 spatia
1817 1583 1973 1639 meti-

403 1659 477 1712 ris
513 1675 528 1715 :
565 1659 936 1718 hacreditatem
961 1678 1286 1736 exspectans
1317 1671 1520 1738 saeculi,
1544 1673 1786 1728 cohaeres
1817 1674 1974 1730 Citri-

2072 485 2203 544 quot
2229 476 2426 532 sancti.
2468 475 2639 545 Leges
2662 475 3034 544 Evangelium,
3090 475 3418 532 fabulabitur
3467 488 3643 532 tecum

2071 565 2264 624 .Iesus:
2301 567 2585 634 replicabis
2619 566 2898 636 apostolos
2934 567 3017 622 vel
3042 567 3357 637 prophetas.
3388 567 3645 638 Nunquid

2072 659 2279 727 poteris
2319 657 2482 710 talem
2533 659 2701 712 alium
2737 659 2846 714 tuis
2879 660 3227 714 sermonibus
3270 660 3475 714 habere
3516 676 3646 716 con-

2072 751 2322 804 sortem?
2354 748 2520 804 Terra
2544 765 2734 807 sumus
2757 761 2812 807 et
2855 753 3020 819 cinis,
3066 761 3122 807 et
3164 768 3260 822 per
3299 754 3482 807 omnia
3530 770 3648 809 mo-

2073 851 2252 896 menta
2281 843 2348 898 de
2373 852 2560 897 nostra
2596 843 2773 898 salute
2798 845 3044 912 suspensi
3070 846 3336 900 continuo
3387 845 3439 898 in
3470 845 3648 914 pulve-

2072 951 2182 988 rem
2206 935 2552 990 tlissolvendi.
2571 935 2708 1002 Quid
2723 937 3087 992 detrectamus
3125 937 3236 1010 [ΑΙ.
3265 935 3647 1009 retractemus]

2073 1027 2254 1082 facere
2289 1027 2357 1081 de
2405 1029 2729 1082 necessitate
2782 1027 3084 1083 virtutem?
3132 1038 3278 1084 certe
3324 1032 3646 1099 quandoque

2073 1119 2412 1172 moriendum
2445 1131 2551 1173 est.
2597 1121 2767 1185 Quam
2813 1123 2922 1176 cito
2967 1122 3154 1176 mundi
3204 1122 3646 1190 derelinquamus

2073 1212 2354 1279 angustias
2381 1229 2395 1275 ;
2421 1222 2474 1265 et
2502 1212 2547 1266 si
2586 1211 2725 1266 forte
2755 1211 2824 1267 ob
2857 1216 3272 1281 continentiam,
3294 1216 3436 1286 quod
3463 1223 3642 1270 tamen

2077 1319 2204 1357 raro
2233 1304 2455 1370 accidit,
2491 1305 2676 1359 dolere
2709 1307 3074 1372 Stomachum,
3126 1317 3360 1362 aestuare
3403 1306 3646 1387 febribus

2071 1396 2423 1464 ceperimus,
2453 1405 2726 1466 perpetua
2759 1398 2880 1451 vitae
2907 1398 3203 1468 ingressuri
3224 1399 3448 1468 januam
3499 1413 3647 1454 mor-

2073 1489 2198 1542 bum
2227 1497 2497 1556 putemus.
2527 1487 2726 1554 Quanti
2756 1488 2900 1543 enim
2930 1487 2985 1542 in
3012 1488 3206 1544 modiis
3231 1487 3445 1559 opibus,
3473 1498 3526 1543 et
3561 1489 3647 1542 in-

2075 1589 2160 1635 ter
2213 1581 2414 1636 infulas
2487 1581 2600 1654 [Αι.
2671 1579 2912 1653 tabulas]
2951 1580 3294 1648 consulatus,
3364 1581 3647 1650 repentina

2079 1678 2252 1726 morte
2271 1674 2536 1728 subtracti
2569 1682 2717 1728 sunt.

400 1752 469 1804 sti
505 1768 626 1808 esse
662 1771 766 1809 non
826 1759 1052 1826 poteris.
1084 1759 1268 1818 Nudos
1295 1774 1442 1819 amat
1473 1780 1712 1822 eremus.
1763 1765 1974 1836 Corpus
2008 1739 2049 1793 Β
2153 1762 2291 1828 Quid
2313 1777 2443 1834 ergo
2466 1765 2847 1819 desideramus
2875 1762 3092 1818 urbium
3122 1759 3512 1832 frequentiam,
3557 1759 3648 1829 qui

401 1856 683 1903 assuetum
743 1852 962 1920 tunicis,
1019 1854 1202 1910 loricae
1259 1873 1400 1912 onus
1463 1874 1569 1913 non
1626 1859 1752 1915 fert.
1795 1860 1973 1932 Caput

400 1950 648 2005 opertum
685 1943 872 2006 linteo.
903 1947 1112 2016 galeam
1143 1961 1384 2006 recusat.
1437 1951 1650 2008 Mollem
1701 1955 1821 2009 otio
1855 1970 1971 2009 ma-

403 2050 553 2099 nmu,
591 2036 762 2093 durus
794 2051 1088 2110 exasperat
1139 2042 1386 2110 capulus.
1426 2041 1533 2100 Sed
1594 2060 1712 2110 cur,
1761 2047 1966 2117 inquis,

401 2128 577 2198 pergis
611 2129 676 2184 ad
703 2134 986 2187 eremum?
1017 2134 1270 2190 videlicet
1303 2145 1359 2190 ut
1387 2144 1440 2191 te
1467 2151 1572 2191 non
1594 2139 1835 2204 audiam,
1863 2152 1970 2192 non

399 2220 638 2284 videam,
693 2234 750 2276 ut
799 2234 892 2279 tuo
943 2225 1127 2282 furore
1175 2243 1284 2283 non
1340 2245 1582 2295 movear,
1618 2241 1676 2285 ut
1710 2242 1798 2288 tua
1831 2233 1970 2287 bella

399 2323 506 2363 non
539 2314 736 2380 patiar,
767 2330 834 2370 ne
867 2331 952 2370 me
976 2318 1154 2386 capiat
1182 2318 1373 2374 oculus
1407 2319 1737 2387 nteretricis,
1771 2338 1839 2377 ne
1863 2322 1975 2376 for-

403 2416 486 2453 ma
515 2405 884 2469 pulcherrima
913 2410 979 2460 ad
1007 2408 1224 2464 illicitos
1256 2412 1416 2465 ducat
1445 2414 1748 2482 amplexus.

477 2497 848 2565 llespondebis
877 2517 892 2556 :
929 2503 1028 2556 hoc
1055 2518 1161 2557 non
1195 2514 1280 2560 est
1325 2520 1590 2574 pugnare,
1619 2509 1716 2561 sed
1763 2505 1970 2578 fugere.

403 2583 500 2639 Sta
537 2588 590 2640 in
617 2591 756 2652 acie,
792 2593 1122 2647 adversariis
1155 2606 1398 2648 armatus
1433 2595 1641 2651 obsiste
1673 2613 1688 2652 :
1726 2607 1784 2652 ut
1823 2607 1972 2667 posto

403 2691 563 2744 quam
620 2681 841 2744 viceris,
896 2685 1203 2738 coroneris.
1277 2685 1478 2740 Fateor
1542 2687 1970 2744 imbecillitatem

407 2785 608 2825 meam.
643 2769 778 2826 Nolo
813 2789 911 2843 spe
941 2791 1192 2845 pugnare
1225 2779 1489 2843 victoria,
1520 2794 1590 2834 ne
1607 2781 1832 2848 perdam
1875 2783 1974 2837 ali-

403 2865 623 2930 quando
644 2865 953 2924 victoriam.
982 2869 1103 2924 Nisi
1131 2868 1341 2941 fugero,
1371 2881 1464 2926 aut
1487 2873 1812 2928 vincendum
1845 2875 1972 2930 mihi

403 2963 509 3018 est,
547 2968 642 3012 aut
673 2963 1000 3016 cadendum.
1029 2964 1165 3029 Quid
1217 2974 1399 3020 autem
1434 2982 1656 3023 necesse
1711 2979 1795 3025 est
1825 2981 1978 3024 certa.

408 3043 705 3116 dimittere,
745 3059 800 3104 et
831 3052 1034 3108 incerta
1069 3055 1309 3110 sectari?
1337 3057 1444 3112 Aut
1485 3068 1660 3123 scuto,
1693 3068 1788 3114 aut
1829 3061 1977 3130 pedi-

411 3137 513 3194 bus
540 3157 690 3197 mors
723 3143 937 3200 vitanda
967 3155 1073 3202 est.
1104 3146 1186 3201 Tu
1223 3147 1314 3217 qui
1353 3164 1584 3218 pugnas,
1628 3158 1684 3205 et
1721 3153 1971 3221 superari

418 3241 572 3299 potes
634 3245 688 3288 et
743 3237 984 3292 vincere.
1013 3239 1127 3307 Ego
1176 3255 1302 3294 cum
1363 3239 1575 3309 fugero,
1635 3254 1743 3296 non
1817 3245 1978 3298 vinco

410 3325 464 3378 in
521 3339 588 3379 eo
637 3330 778 3395 quod
851 3329 1019 3399 fugio,
1075 3335 1168 3386 sed
1229 3333 1354 3388 ideo
1414 3334 1560 3405 fugio
1626 3351 1696 3390 e
1768 3337 1973 3392 vincar.

406 3414 562 3470 Nulla
637 3421 908 3474 securitas
971 3433 1054 3476 est
1118 3424 1298 3478 vicino
1354 3435 1617 3494 serpente
1679 3428 1974 3486 dormire:

404 3520 584 3578 pOIest
613 3511 748 3578 lieri,
795 3524 853 3567 ιιι
891 3530 978 3568 me
1008 3532 1114 3570 non
1167 3520 1434 3574 mordeat.
1472 3519 1618 3589 Fuga
1669 3521 1814 3575 enim
1868 3536 1976 3576 non

405 3603 766 3671 lulidelitatis,
801 3609 893 3663 sed
921 3611 1222 3678 prudentie
1259 3613 1520 3667 indicium
1549 3623 1652 3682 est,
1682 3631 1752 3671 ne
1775 3613 1974 3671 frustra

404 3711 508 3751 nos
541 3698 837 3754 olferatuus
864 3702 1137 3770 periculis.

478 3789 585 3845 Sed
631 3793 1073 3864 nuperJEgypti
1112 3797 1329 3851 deserta
1381 3797 1565 3852 vidisti
1602 3815 1617 3855 :
1652 3799 1882 3856 intuitus
1917 3815 1978 3855 es

406 3883 708 3952 angelicam
741 3886 1000 3940 familiam
1035 3903 1049 3940 :
1096 3890 1283 3957 quanti
1314 3888 1386 3941 ibi
1421 3887 1585 3942 liores
1612 3890 1784 3944 sunt?
1815 3906 1976 3960 quam

407 3977 780 4045 spiritualibus
812 3982 1042 4048 gemmis
1066 3990 1220 4048 prata
1254 3983 1580 4036 veruautia?
1610 3981 1803 4038 Vidisti
1833 3991 1976 4037 serta

407 4069 607 4135 quibus
638 4068 899 4123 Dominus
927 4083 1246 4126 coronatur.
1273 4072 1368 4126 Ille
1400 4073 1493 4124 tibi
1524 4073 1664 4140 ignis
1692 4074 1742 4126 in
1761 4084 1980 4142 pectore

408 4172 695 4227 exaestuet,
726 4175 779 4216 et
811 4163 899 4215 illa
941 4165 1186 4233 quotidie
1219 4166 1421 4232 cogita,
1457 4173 1652 4231 tracta,
1687 4166 1978 4221 considera

404 4253 518 4326 [Αἰ.
551 4252 848 4326 desidera],
882 4267 934 4308 et
968 4254 1122 4323 quasi
1151 4257 1386 4324 quodam
1420 4271 1642 4310 carcere
1669 4266 1852 4311 tentus
1883 4273 1980 4311 ex-

409 4348 588 4400 t'lunta
621 4361 635 4398 :
675 4346 792 4398 Heu
832 4362 932 4410 me,
983 4347 1108 4416 quia
1154 4347 1467 4417 prolongata
1515 4355 1594 4400 est
1628 4348 1978 4418 peregrinatio

406 4457 522 4494 mea
554 4439 727 4510 (Psal.
761 4455 907 4502 cxtx,
942 4439 1033 4508 5)!
1076 4451 1130 4493 et
1166 4455 1218 4492 ιιι
1255 4438 1570 4508 paradisum
1605 4448 1788 4493 mente
1840 4453 1972 4492 cou-
2007 4440 2050 4494 D

413 4533 702 4596 scendens,
741 4535 903 4587 toties
941 4531 993 4586 in
1036 4539 1180 4586 terra
1217 4545 1321 4584 non
1355 4531 1487 4594 eris,
1520 4530 1733 4598 quoties
1761 4538 1975 4584 terrena

407 4626 742 4698 despexeris.
785 4626 987 4680 Eadem
1031 4624 1186 4679 nobis
1221 4632 1370 4678 certe
1400 4637 1528 4677 cum
1579 4622 1666 4677 his
1696 4622 1786 4690 qui
1821 4621 1976 4675 habi-

407 4728 525 4773 tant
564 4733 661 4789 per
700 4719 936 4783 deserta,
970 4717 1210 4772 conditio
1260 4724 1388 4769 est:
1425 4713 1592 4767 iidem
1646 4712 1812 4777 oculi,
1855 4712 1978 4766 toti-

411 4813 531 4865 dem
562 4821 620 4865 et
652 4825 874 4875 manus,
906 4809 1094 4864 iisdem
1127 4806 1538 4862 infirmitatibus
1571 4805 1654 4860 vel
1684 4804 1978 4860 virtutibus

410 4904 777 4975 subjacemus.
807 4903 863 4958 Si
899 4913 950 4957 te
986 4915 1140 4972 aqua:
1175 4910 1337 4970 p0tus
1372 4907 1554 4964 vexat,
1591 4897 1782 4965 quanti
1821 4897 1978 4950 nobi-

408 5000 488 5053 les
520 5013 627 5052 non
671 4999 845 5052 dicam
879 4997 1005 5050 vina
1031 4995 1307 5058 nesciunt,
1347 4991 1443 5046 sed
1475 5005 1670 5046 carnes
1706 4990 1977 5059 ignorant,

407 5100 460 5142 et
501 5088 620 5142 fuso
645 5087 758 5160 [ΑΙ.
789 5083 994 5158 infuso]
1033 5096 1245 5139 tantum
1270 5081 1542 5152 legumine
1565 5080 1980 5136 sustentantur?

411 5180 467 5232 Si
504 5182 822 5234 balnearum
858 5189 910 5233 te
958 5179 1173 5233 lavacra
1209 5175 1528 5240 sollicitant,
1559 5173 1745 5244 quanti
1779 5173 1980 5242 princi-

407 5287 502 5340 pes
527 5275 823 5339 civitatum,
846 5273 959 5346 sive
979 5274 1047 5326 oh
1067 5269 1277 5340 culpam
1301 5267 1600 5338 propriam,
1619 5265 1736 5319 sive
1749 5264 1819 5318 ob
1843 5263 1982 5317 invi-

407 5367 552 5420 diam
578 5367 642 5419 ad
665 5367 866 5420 insulas
887 5362 1302 5433 deportati,sine
1319 5370 1523 5415 aeterno
1544 5357 1766 5429 praemio
1787 5369 1978 5426 perpe-

411 5471 611 5527 tuaque
647 5459 897 5513 mercede
925 5459 1133 5527 absque
1162 5455 1367 5508 balneis
1394 5459 1749 5523 perseverant
1768 5451 1790 5504 ?
1811 5448 1981 5502 Nemo

412 5550 466 5604 id
511 5551 840 5606 necessitate
875 5553 986 5619 pati
1040 5566 1143 5602 non
1185 5557 1384 5617 potest,
1419 5545 1562 5614 quod
1596 5557 1696 5613 pro
1727 5542 1838 5596 Deo
1869 5542 1978 5609 pati

408 5639 690 5694 voluntate
713 5641 1001 5694 detrectet.

482 5727 721 5788 Habebis
753 5732 1000 5788 cellulam
1030 5747 1147 5802 quae
1177 5739 1229 5786 te
1251 5730 1422 5787 solum
1481 5727 1674 5798 capiat.
1708 5726 1816 5780 luto
1874 5741 1981 5779 non

2079 1852 2145 1906 de
2193 1851 2569 1923 siugularitate
2601 1855 2933 1910 censemur?
3014 1854 3144 1910 mihi
3197 1854 3340 1908 enim
3392 1853 3650 1922 oppidum

2079 1960 2288 2014 carcer,
2316 1956 2371 2000 et
2402 1947 2637 2002 solitudo
2669 1948 2954 2016 paradisus
2991 1956 3096 2003 est.
3124 1946 3478 2002 Saecularium
3511 1960 3652 2013 quo-

2079 2053 2208 2107 que,
2237 2039 2471 2093 tnaxime
2492 2048 2773 2107 potentum
2808 2040 3086 2096 consortia
3137 2039 3337 2094 devita.
3365 2037 3503 2105 Quid
3555 2039 3650 2092 tibi

2080 2145 2302 2186 necesse
2343 2141 2428 2185 est
2461 2130 2549 2184 illa
2576 2131 2776 2200 saepius
2813 2131 3018 2198 videre,
3050 2145 3282 2200 quorum
3340 2138 3651 2198 contemptu

2079 2223 2380 2278 monachus
2417 2237 2540 2280 esse
2573 2226 2832 2294 coepisti?
2863 2225 2997 2280 Nam
3033 2224 3362 2288 monachum
3415 2223 3660 2280 solitudo

2079 2315 2234 2383 facit,
2275 2332 2378 2371 non
2405 2316 2704 2385 publicum.
3114 2309 3122 2338 ⁵

2685 2472 2913 2528 CAPUT
2953 2471 3049 2528 1X.

2434 2566 2510 2622 De
2569 2567 2802 2637 periculo
2849 2567 2968 2620 vitae
3017 2564 3297 2619 solitaria'.

2151 2679 2400 2735 Monachi
2419 2681 2583 2736 etiam
2612 2695 2754 2734 nunc
2773 2693 2951 2733 mores
2967 2677 3341 2740 discutiamus,
3358 2674 3447 2743 qui
3463 2673 3661 2744 jugula-

2082 2773 2281 2830 Cltristi
2315 2773 2458 2827 collo
2485 2788 2584 2826 suo
2616 2772 2894 2841 imposuit.
2928 2770 3280 2838 Primumque
3309 2771 3652 2822 tractandum

2083 2877 2182 2926 est.
2223 2878 2405 2922 utrum
2441 2866 2613 2932 solus,
2650 2881 2718 2919 an
2749 2881 2870 2920 eum
2895 2863 3090 2919 aliisin
3117 2861 3447 2916 monasterio
3471 2862 3654 2916 vivere

2083 2959 2303 3014 debeas.
2331 2957 2459 3012 Mihi
2503 2958 2678 3028 placet
2704 2966 2760 3012 ut
2795 2957 2995 3012 habeas
3018 2965 3331 3010 sanctorum
3355 2957 3650 3010 contuber-

2086 3051 2258 3114 nitnu,
2295 3068 2362 3105 ne
2390 3051 2603 3120 absque
2626 3051 2856 3104 ductore
2899 3049 3228 3119 ingrediaris
3265 3047 3430 3110 viam,
3490 3061 3652 3115 quam

2079 3157 2356 3210 nunquam
2388 3141 2671 3211 ingressus
2718 3155 2812 3196 es:
2843 3141 3144 3206 statimque
3184 3138 3281 3193 tibi
3340 3139 3392 3192 in
3441 3149 3652 3206 partem

2079 3234 2308 3287 alteram
2334 3233 2713 3288 declinandum
2744 3233 2835 3296 sit,
2869 3239 2923 3286 et
2943 3231 3118 3285 errori
3155 3240 3362 3298 pateas,
3418 3229 3654 3298 plusque

2079 3333 2170 3378 aut
2200 3325 2377 3378 minus
2427 3322 2675 3378 ambules
2709 3337 2872 3392 quam
2917 3335 3144 3376 necesse
3183 3327 3304 3378 est:
3333 3330 3387 3374 et
3425 3335 3653 3374 currens

2080 3416 2323 3480 lasseris,
2344 3430 2655 3485 moramque
2678 3415 2884 3469 faciens
2906 3412 3241 3468 obdormias.
3269 3411 3326 3467 ιιι
3359 3412 3656 3466 solitudine

2079 3510 2208 3575 sito,
2239 3508 2483 3578 subrepit
2509 3508 2782 3576 superbia.
2805 3508 2868 3560 Et
2893 3507 2940 3561 si
2971 3520 3262 3576 parumper
3294 3505 3652 3575 jejunaverit,

2083 3603 2466 3669 hominemque
2490 3616 2594 3654 non
2655 3599 2874 3662 viderit,
2924 3607 3077 3667 putat
3125 3591 3184 3652 se
3240 3597 3471 3666 alicujus
3533 3611 3656 3650 esse

2081 3695 2368 3749 momenti.
2399 3692 2834 3762 Oblitusquesui
2867 3689 3028 3756 unde,
3055 3697 3236 3760 etquo
3252 3691 3484 3746 venerit:
3511 3690 3655 3744 intus

2081 3785 2268 3849 corde,
2298 3784 2433 3838 foris
2457 3784 2639 3852 lingua
2671 3789 2917 3850 vagatur.
2974 3778 3191 3835 Judlcat
3215 3791 3403 3835 contra
3450 3781 3646 3834 volun-

2083 3887 2248 3932 tatem
2281 3877 2528 3946 Apostoli
2549 3875 2761 3930 alienos
2786 3887 2976 3929 servos
3007 3871 3118 3944 [ΑΙ.
3146 3871 3326 3944 suos].
3379 3873 3497 3938 Quo
3531 3876 3652 3941 gula

2082 3971 2413 4038 poposcerit,
2446 3967 2672 4037 porrigit
2705 3980 2943 4028 manus;
2995 3965 3199 4019 dormit
3239 3974 3500 4032 quantum
3559 3979 3655 4018 vo-

2083 4062 2266 4127 luerit,
2297 4061 2572 4114 neminem
2595 4067 2850 4123 verctur;
2878 4071 3069 4110 omnes
3084 4073 3142 4110 se
3174 4055 3458 4110 inferiores
3481 4065 3656 4124 putat,

2081 4155 2436 4222 crebriusque
2467 4151 2521 4206 in
2553 4151 2778 4204 urbibus
2800 4163 2963 4218 quam
2991 4152 3047 4202 in
3073 4148 3264 4201 cellula
3290 4157 3373 4201 est
3397 4163 3412 4212 ;
3436 4159 3492 4201 et
3514 4149 3656 4201 inter

2083 4245 2278 4299 fratres
2303 4243 2524 4298 simulat
2557 4241 2942 4296 verecundiam
2971 4239 3064 4308 qui
3117 4239 3424 4308 platearum
3480 4239 3654 4293 turbis

2080 4337 2376 4391 colliditur.

2149 4429 2287 4495 Quid
2341 4426 2546 4496 igitur?
2600 4423 2914 4480 solitariam
2951 4421 3117 4476 vitam
3172 4418 3655 4492 reprehendimus?

2080 4519 2323 4586 Minime,
2358 4518 2561 4586 quippe
2609 4532 2770 4583 quam
2820 4528 2965 4584 saepe
3010 4513 3371 4579 laudavimus,
3419 4512 3544 4567 licet
3597 4523 3655 4565 ut

2081 4610 2368 4679 pralertur
2400 4608 2646 4664 solitaria
2670 4606 2778 4660 vita
2812 4605 3118 4676 periculosa
3144 4613 3263 4668 est;
3291 4619 3359 4658 ne
3393 4603 3652 4657 abstracti

2079 4703 2148 4757 ab
2186 4703 2464 4757 hominum
2494 4699 2821 4770 frequentia,
2856 4698 3093 4754 sordidis
3122 4707 3178 4752 et
3224 4697 3408 4766 impiis
3449 4697 3657 4765 cogita-

2083 4793 2322 4850 tionibus
2350 4798 2613 4863 pateant;
2646 4801 2700 4846 et
2734 4789 3234 4860 pleniarrogantite
3261 4795 3317 4841 et
3350 4788 3650 4857 supercilii,

2079 4895 2310 4941 cunctos
2356 4885 2686 4955 despiciant,
2747 4891 3071 4955 artneutque
3103 4878 3319 4949 linguas
3363 4893 3515 4942 suas,
3569 4879 3651 4931 vel

2082 4977 2318 5040 clericis,
2352 4977 2438 5030 vel
2491 4973 2778 5030 monachis
2828 4971 3193 5027 detrahendo.
3244 4968 3352 5023 Sed
3413 4972 3477 5023 de
3528 4969 3652 5023 ludo

2087 5069 2546 5123 monasteriorum
2579 5066 2826 5120 volumus
2852 5062 3168 5133 huiusmodi
3200 5061 3387 5132 egredi
3422 5062 3647 5124 milites,

2085 5177 2221 5230 quos
2269 5159 2439 5214 eremi
2497 5162 2634 5212 dura
2704 5158 3012 5212 rudimenta
3070 5170 3175 5208 non
3223 5164 3500 5218 terreant;
3555 5155 3649 5221 qui

2085 5255 2360 5326 specimen
2387 5253 2502 5326 [ΑΙ.
2553 5249 2816 5322 speciem]
2848 5248 3280 5304 conversationis
3326 5261 3438 5300 suae
3482 5247 3652 5301 multo

2085 5363 2331 5417 tempore
2391 5347 2674 5402 dederint:
2728 5345 2820 5415 qui
2860 5343 3104 5398 omnium
3162 5339 3362 5395 fuerint
3415 5341 3650 5406 tninitni,

2087 5449 2142 5492 ut
2161 5436 2573 5507 primiomnium
2598 5435 2809 5498 tierent,
2833 5444 2968 5500 quos
2991 5444 3088 5484 nec
3104 5429 3312 5484 esuries
3335 5427 3654 5497 aliquando,

2089 5545 2190 5584 uec
2221 5529 2486 5582 saturitas
2518 5525 2835 5595 superavit;
2863 5523 2954 5592 qui
2994 5529 3310 5592 paupertate
3361 5520 3650 5578 laetantur:

2085 5638 2318 5692 quorum
2343 5621 2585 5689 habitus,
2629 5632 2835 5685 sermo,
2868 5617 3073 5680 vultus,
3101 5614 3347 5669 incessus
3401 5613 3650 5671 doctrina

2085 5720 2344 5774 virtutum
2369 5725 2473 5772 est.
