4004 6192
362 331 475 391 35')

1521 332 1832 392 REGULA
1892 331 2463 396 MONACHORUM.

2623 252 2646 262 ο
2661 250 2692 259 νο
2713 249 2754 272 Ἧι

3507 334 3615 395 354

429 444 476 498 0
525 441 738 512 quoties
784 443 837 497 in
885 457 1070 499 eremo
1099 443 1428 498 constitutus
1473 456 1524 499 et
1563 445 1614 500 in
1655 447 1742 500 illa
1788 455 1938 500 vasta
1974 453 2016 506 Α
2048 446 2168 515 pler
2201 463 2304 502 non
2337 447 2497 502 facile
2529 445 2838 519 rumpitur:
2872 453 2926 503 et
2959 447 3125 502 frater
3173 447 3397 504 fratrem
3456 449 3614 517 adju-

359 540 681 604 solitndine,
718 553 842 608 quae
865 548 1057 592 exusta
1091 539 1224 593 solis
1269 539 1583 603 ardoribus,
1642 540 1929 594 horridum

353 631 645 685 monachis
672 639 895 700 praestat
935 630 1306 687 habitaculum
1346 669 1362 692 ,
1399 633 1654 700 putabam
1694 649 1776 687 me
1831 631 1938 686 lio-

364 724 542 777 manis
594 724 862 777 interesse
930 723 1159 778 deliciis.
1239 722 1504 778 Sedebam
1565 727 1738 791 solus,
1807 730 1935 794 quia

363 816 729 869 amaritudine
763 817 1001 883 repletus
1025 831 1197 870 eram.
1236 816 1538 870 llorrebant
1562 833 1724 873 sacco
1769 835 1938 871 mem-

365 906 458 960 bra
497 906 762 960 deformia
793 923 807 960 :
841 919 894 961 et
923 909 1168 975 squalida
1209 909 1351 963 cutis
1389 911 1552 964 situm
1612 909 1938 982 Ethiopian

365 999 547 1052 carnis
578 999 899 1054 obduxerat.
929 997 1184 1065 Quotidie
1210 1001 1483 1069 gemitus;
1529 1011 1581 1055 et
1629 1003 1676 1056 si
1718 1003 1938 1072 quando

365 1106 450 1144 me
483 1102 876 1160 repugnantem
918 1107 1144 1147 somnus
1203 1093 1494 1149 imminens
1548 1097 1934 1163 Oppressisset,

365 1183 509 1237 nuda
539 1186 710 1238 humo
744 1189 832 1238 vix
867 1199 988 1239 ossa
1016 1185 1271 1240 haerentia
1303 1187 1646 1243 collidebam.
1678 1188 1754 1244 De
1799 1188 1938 1244 cibis

361 1291 496 1330 vero
529 1286 582 1329 et
622 1288 750 1346 potu
789 1287 976 1332 taceo:
1012 1293 1133 1332 cum
1173 1279 1337 1333 etiam
1375 1278 1696 1349 languentes
1743 1296 1934 1334 mona-

363 1367 450 1420 cbi
490 1369 561 1421 ibi
597 1383 738 1438 aqua
775 1368 968 1439 frigida
999 1380 1243 1437 utantur,
1272 1379 1326 1424 et
1360 1379 1579 1426 coctum
1609 1372 1812 1440 aliquid
1840 1389 1935 1428 ac-

363 1457 602 1528 cepisse.
627 1459 839 1512 luxuria
871 1461 961 1514 sit.
997 1459 1092 1515 Ille
1123 1461 1284 1532 igitur
1315 1477 1436 1532 ego,
1468 1465 1560 1534 qui
1587 1466 1657 1518 ob
1681 1465 1937 1532 gehennae

363 1563 598 1616 metum,
627 1552 727 1604 tali
754 1566 838 1605 me
866 1566 1086 1607 carcere
1115 1551 1526 1621 damnaveram,
1577 1556 1930 1624 scorpionum

365 1649 575 1691 tantum
613 1639 794 1694 socius
817 1651 872 1693 et
909 1639 1174 1705 ferarum,
1205 1655 1346 1710 saepe
1399 1642 1583 1696 choris
1634 1643 1928 1696 intereram

364 1731 693 1799 puellarum.
731 1731 1003 1786 Pallebant
1035 1749 1128 1786 ora
1168 1733 1419 1803 jejuniis:
1446 1743 1500 1787 et
1532 1747 1688 1786 mens
1720 1733 1937 1787 deside-

363 1822 461 1875 riis
491 1822 760 1876 maturabat
787 1823 844 1878 in
878 1823 1074 1893 frigido
1101 1839 1365 1894 corpore;
1405 1834 1459 1878 et
1498 1836 1626 1878 ante
1661 1827 1932 1880 hominem

358 1925 521 1965 suum
554 1911 667 1981 jam
690 1928 854 1968 carne
883 1927 1226 1984 praemortua,
1256 1915 1372 1970 sola
1435 1914 1716 1970 libidinum
1751 1917 1939 1970 incen-

363 2001 451 2054 dia
490 2003 813 2057 bulliebant.
845 2002 1038 2072 Itaque
1079 2005 1230 2057 omni
1280 2003 1487 2058 auxilio
1529 2005 1822 2060 destitutus
1869 2006 1935 2060 ad

364 2089 490 2145 Jesu
515 2092 766 2160 jacebam
802 2097 988 2163 pedes,
1023 2095 1261 2162 rigabam
1294 2097 1570 2168 lacrymis,
1607 2099 1760 2154 crine
1823 2109 1932 2153 ter—

359 2182 583 2252 gebatn,
615 2195 1003 2250 repugnantem
1032 2195 1250 2239 carnem
1295 2188 1758 2243 hebdomadarum
1818 2191 1936 2244 ine-

365 2275 449 2328 dia
477 2273 864 2344 subjugabatn.
896 2275 1009 2329 Non
1037 2277 1304 2332 erubesco
1337 2276 1450 2350 [Αἰ.
1485 2279 1818 2350 depudesco]
1857 2283 1936 2334 in-

363 2363 644 2421 felicitatis
702 2383 854 2434 uicte,
905 2368 1034 2437 quin
1089 2373 1270 2438 potius
1300 2373 1500 2442 plango
1540 2389 1624 2428 me
1657 2391 1761 2428 non
1813 2389 1934 2429 esse

363 2460 505 2526 quod
536 2459 757 2514 fuerim.
784 2457 1004 2514 Memini
1032 2476 1115 2516 tne
1139 2461 1484 2524 clamantem,
1514 2469 1565 2516 et
1589 2462 1936 2518 diemcrebro

357 2549 614 2619 iunxisse
651 2566 776 2606 cum
813 2563 990 2616 nocte,
1022 2568 1122 2607 nec
1153 2555 1304 2620 prius
1339 2570 1368 2607 a
1411 2557 1646 2623 preloris
1686 2570 1935 2612 cessasse

363 2645 704 2704 verberibus,
737 2658 898 2710 quam
933 2645 1153 2711 rediret,
1204 2644 1431 2702 Domino
1477 2647 1789 2717 increpante
1821 2646 1932 2719 [ΑΙ.

365 2733 688 2806 imperante]
733 2737 1120 2803 ιηιιιιιιιὶΙΙίιίιε.
1179 2735 1350 2806 Ipsam
1395 2755 1608 2808 quoque
1683 2740 1933 2808 cellulam

359 2829 519 2896 quasi
594 2829 982 2898 cogitationum
1037 2845 1278 2884 mearum
1345 2833 1622 2886 consciam
1679 2833 1937 2900 pertime-

357 2920 604 2984 scebam,
632 2932 688 2973 et
726 2920 972 2975 mihimet
1003 2923 1173 2977 iratus
1199 2933 1259 2977 et
1284 2925 1512 2991 tigidus,
1546 2924 1695 2978 solus
1719 2925 1933 2979 deserta

359 3011 734 3076 penetrabam.
767 3011 950 3064 Sicubi
985 3027 1220 3066 concitva
1257 3014 1503 3078 vallium,
1537 3029 1732 3084 aspera
1773 3030 1936 3070 mon-

2044 554 2176 591 vans
2205 540 2553 595 exaltabitur.

2117 628 2236 682 Vidi
2265 645 2364 699 ego
2394 631 2814 700 quosdam,qui,
2846 639 3130 700 postquam
3158 631 3610 686 renuntiaverunt

2040 720 2258 784 saeculo,
2294 722 2631 774 vestimentis
2666 721 2952 786 duntaxat,
2982 730 3034 774 et
3065 720 3212 774 vocis
3245 722 3612 788 promissione.

2041 809 2149 882 [Αι.
2226 811 2609 882 professione],
2663 805 2770 867 non
2835 814 3015 877 rebus,
3055 812 3191 864 nihil
3247 811 3315 864 de
3373 812 3604 880 pristina

2040 903 2460 959 conversatione
2489 914 2790 958 mutarunt.
2815 903 2922 958 Res
2950 902 3232 956 familiaris
3255 915 3412 956 aucta
3444 919 3606 970 quam

2041 996 2348 1049 imminuta.
2381 995 2580 1050 Eadem
2621 997 2920 1050 ministeria
2948 995 3317 1058 servulorum,
3345 995 3482 1048 idem
3512 1009 3610 1064 ap-

2039 1095 2262 1155 paratus
2295 1089 2565 1144 convivil:
2601 1098 2654 1142 et
2693 1103 2888 1142 nomen
2925 1087 3026 1143 sibi
3052 1087 3329 1142 vindicant
3357 1083 3609 1138 solitarii.

2039 1175 2273 1244 Quidam
2311 1177 2425 1250 [AL
2461 1178 2588 1252 Qui]
2619 1195 2750 1235 vero
2777 1193 3048 1250 pauperes
3073 1188 3202 1232 sunt
3223 1186 3278 1230 et
3305 1175 3448 1231 tenui
3484 1175 3612 1230 sub-

1989 1300 1993 1303 -
2040 1273 2322 1339 stantiola,
2367 1272 2729 1341 videnturque
2767 1272 2869 1327 sibi
2908 1269 3106 1326 scioli:
3143 1283 3464 1338 pomparum
3494 1265 3610 1320 fer-

2040 1364 2177 1420 culis
2217 1364 2424 1418 similes
2461 1364 2764 1434 procedunt
2796 1363 2854 1418 in
2905 1363 3209 1434 publicum,
3253 1370 3304 1414 ut
3358 1359 3608 1414 caninam

2041 1467 2330 1510 exerceant
2355 1457 2692 1510 facundiam.

2113 1549 2254 1604 Sunt
2291 1553 2460 1605 etiam
2494 1551 2585 1622 qui
2619 1551 2851 1605 humore
2889 1549 3232 1613 cellularum,
3281 1549 3610 1603 immodera-

2041 1643 2220 1711 tisque
2241 1643 2486 1712 jejuniis,
2522 1643 2681 1697 ttcdio
2711 1641 3042 1704 solitudinis,
3077 1655 3141 1695 ac
3159 1640 3322 1694 nimia
3355 1641 3610 1706 lectione,

2041 1735 2169 1789 dum
2202 1735 2393 1789 diebus
2445 1749 2507 1788 ac
2548 1734 2800 1790 noctibus
2854 1732 3084 1787 auribus
3126 1732 3240 1786 suis
3295 1743 3610 1801 personant,

2042 1835 2333 1880 vertuntur
2359 1826 2411 1879 in
2445 1824 2858 1880 melancholiam
2893 1841 2907 1882 :
2937 1833 2990 1879 et
3037 1822 3391 1893 Hippocratis
3445 1823 3616 1892 magis

2040 1917 2293 1972 fomentis
2340 1931 2503 1986 quam
2538 1917 2742 1971 nostris
2782 1915 3000 1970 monitis
3033 1915 3300 1985 indigent.
3365 1912 3615 1982 Plerique

2037 2009 2248 2063 artibus
2275 2018 2328 2064 et
2355 2009 2818 2079 negotiationibus
2850 2009 3096 2078 pristinis
3129 2021 3319 2061 carere
3353 2023 3458 2060 non
3489 2021 3616 2076 pos-

2036 2110 2180 2165 sunt,
2245 2102 2576 2170 mutatisque
2627 2100 2964 2159 nominibus.
3045 2099 3357 2151 institorum
3410 2099 3606 2150 eadem

2035 2202 2292 2246 exercent
2343 2192 2720 2246 mercimonia.
2775 2189 2890 2245 Non
2955 2190 3155 2242 victum
3213 2195 3266 2242 et
3326 2190 3612 2252 vestitum,

2035 2282 2176 2350 quod
2205 2283 2491 2351 Apostolus
2520 2282 2790 2351 praecipit,
2819 2282 2912 2335 sed
2945 2280 3152 2350 majora
3212 2293 3377 2349 quam
3427 2276 3615 2331 saeculi

2041 2371 2291 2426 homines
2321 2373 2688 2427 emolumenta
2717 2381 3014 2438 sectantes,
3068 2381 3124 2425 et
3175 2372 3278 2424 sub
3333 2367 3616 2438 religionis

2040 2463 2193 2517 titulo
2251 2475 2577 2520 exercentur
2647 2465 2846 2536 injusta
2919 2462 3260 2530 compendia,
3315 2471 3370 2515 et
3438 2459 3616 2514 honor

2038 2555 2336 2610 Christiani
2373 2557 2609 2612 nominis
2637 2557 2808 2628 magis
2856 2554 3106 2610 fraudum
3163 2554 3293 2609 facit
3331 2567 3492 2622 quam
3520 2565 3621 2620 pa-

2039 2649 2192 2704 titur.

2113 2742 2374 2812 Quodque
2438 2741 2548 2815 [ΑΙ.
2603 2739 2746 2813 qius]
2780 2742 2942 2812 pudet
2975 2739 3182 2804 dicere,
3241 2739 3336 2794 sed
3391 2751 3614 2794 necesse

2039 2846 2143 2898 εει,
2170 2847 2225 2887 ιιι
2257 2834 2453 2888 saltem
2488 2834 2566 2887 sie
2599 2834 2664 2887 ad
2709 2841 2957 2886 nostrum
3011 2832 3406 2886 erubescamus
3449 2829 3617 2882 dede-

2039 2942 2158 2990 cus,
2221 2926 2434 2994 publice
2491 2923 2844 2979 extendentcs
2895 2938 3109 2984 manus,
3165 2921 3358 2990 pannis
3416 2935 3612 2974 aurum

2041 3019 2274 3086 tegimus
2304 3032 2318 3071 :
2355 3026 2408 3070 et
2439 3025 2633 3069 contra
2660 3014 2898 3068 omnium
2935 3014 3245 3083 opinionem
3279 3013 3452 3082 plenis
3487 3029 3612 3068 sac-

361 3105 524 3166 tium,
571 3103 784 3170 rnpiutn
828 3116 1096 3174 praerupta
1156 3107 1472 3171 cernebam,
1521 3107 1592 3160 ibi
1638 3122 1772 3161 mea:
1813 3117 2002 3181 eratc
2036 3109 2170 3164 colis
2225 3109 2489 3163 morimur
2537 3106 2756 3172 divites,
2807 3104 2898 3173 qui
2931 3105 3084 3174 quasi
3138 3119 3205 3173 pa
3223 3117 3418 3174 upercs
3471 3104 3612 3158 vixi-

357 3193 630 3248 orationis
667 3195 836 3257 locus,
871 3197 940 3249 ibi
972 3197 1100 3249 illud
1148 3199 1485 3252 'miserrimte
1530 3200 1714 3254 carnis
1770 3216 1932 3273 erga-

361 3285 570 3338 stulum
626 3285 954 3341 collocabant
1003 3285 1114 3360 [ΑΙ.
1149 3297 1285 3344 tacet
1331 3292 1685 3366 collocabam]
1715 3311 1730 3350 :
1761 3306 1834 3358 et,
1877 3309 1932 3349 ut

360 3379 498 3430 mihi
557 3380 712 3432 testis
762 3389 845 3434 est
897 3381 1179 3450 Dominus,
1222 3393 1343 3451 post
1401 3388 1601 3440 multas
1645 3387 1931 3456 lacrytnas,

361 3480 488 3538 post
513 3470 651 3524 caelo
684 3473 873 3526 oculos
931 3475 1286 3538 inhaerentes,
1349 3490 1746 3547 nonnunquam
1784 3478 1933 3534 vide-

361 3564 464 3612 bar
503 3561 636 3615 mibi
675 3563 934 3617 interesse
962 3567 1274 3631 agminibus
1298 3567 1640 3633 angelorum,
1675 3577 1728 3622 et
1775 3569 1928 3623 laetus

361 3654 714 3723 gaudensque
750 3661 1036 3710 cantabant
1066 3674 1080 3712 :
1121 3658 1243 3710 Post
1272 3670 1320 3711 te
1358 3661 1411 3712 in
1435 3659 1650 3714 adorem
1697 3675 1933 3730 unguen-

361 3755 539 3798 torum
564 3758 772 3801 tuorum
797 3765 1065 3802 rut-remus
1093 3749 1272 3820 (Cant.
1307 3767 1344 3813 l,
1367 3753 1446 3818 5).
1481 3817 1492 3824 ᾖ

440 3841 621 3894 Dicam
644 3854 698 3896 et
735 3843 877 3894 aliud
911 3845 1050 3912 quod
1086 3844 1140 3896 in
1183 3841 1416 3913 [Egypto
1449 3843 1934 3899 viderinnGrzecus

355 3943 487 3987 erat
514 3935 828 3986 adolescens
851 3934 904 3986 in
938 3935 1207 3999 emnobio,
1243 3935 1334 4003 qni
1374 3934 1518 3988 nulla
1572 3937 1929 4002 continentia,

359 4026 513 4079 nulla
544 4027 721 4094 operis
765 4026 1154 4094 niagnitndine,
1207 4027 1476 4079 flammam
1504 4027 1687 4081 carnis
1726 4038 1936 4096 poterat

361 4119 734 4187 exstinguere.
763 4114 918 4170 Hunc
949 4116 1109 4173 Pater
1145 4117 1457 4172 monasterii
1511 4119 1930 4187 periclitantem,

362 4211 468 4265 hac
501 4225 616 4264 arte
646 4211 902 4264 servavit.
939 4207 1176 4279 Imperat
1224 4211 1342 4263 viro
1382 4209 1599 4264 cuidam
1653 4209 1830 4280 gravi,
1878 4217 1936 4262 ut

355 4302 556 4370 jurgiis
587 4312 746 4370 atque
784 4301 1051 4355 Conviciis
1107 4300 1471 4354 insectaretur
1501 4301 1818 4366 hominem;
1879 4312 1934 4355 et

364 4400 492 4460 post
523 4394 810 4459 irrogatam
833 4391 1107 4459 injuriatu,
1137 4389 1346 4458 primus
1384 4391 1596 4445 veniret
1630 4393 1696 4444 ad
1751 4391 1935 4462 queri-

365 4484 630 4536 moniam.
675 4479 864 4535 Vocati
923 4489 1111 4547 testes,
1164 4495 1266 4550 pro
1299 4495 1369 4536 eo
1401 4482 1787 4550 loquebantur,
1838 4485 1930 4553 qui
1965 4475 2011 4532 D

363 4574 752 4630 contumeliam
784 4575 1008 4631 fecerat.
1043 4575 1202 4631 Flere
1229 4575 1322 4630 ille
1356 4583 1546 4630 contra
1587 4576 1932 4630 mendacium

362 4671 552 4737 erepit.
585 4669 744 4723 Solus
782 4679 934 4738 pater
963 4669 1331 4723 defensionem
1372 4683 1529 4722 suam
1583 4668 1781 4722 callide
1838 4684 1936 4737 op.

361 4777 570 4832 ponere
593 4764 836 4817 Studuit:
874 4777 939 4816 ne
975 4761 1362 4815 abundantiori
1392 4761 1614 4815 tristitia
1673 4764 1937 4816 absorbe-

359 4867 519 4908 retur
547 4855 734 4906 frater.
764 4852 900 4918 Quid
927 4853 1126 4907 multa?
1155 4853 1236 4908 lta
1260 4867 1436 4908 annus
1465 4858 1654 4909 ductus
1688 4867 1792 4920 est,
1825 4872 1932 4924 quo

359 4947 605 5014 expleto,
638 4947 1002 5014 interrogatus
1029 4947 1370 5010 adolescens,
1431 4961 1595 5015 super
1640 4951 1930 5017 «:Ogitatio-

359 5040 524 5093 nibus
543 5039 807 5108 pristinis,
827 5053 894 5092 an
916 5039 1092 5094 adhuc
1119 5039 1375 5092 inolestia:
1396 5039 1597 5107 aliquid
1611 5041 1931 5100 sustineret:

357 5129 546 5198 Papae,
574 5131 772 5198 inquit,
797 5130 926 5182 mihi
983 5132 1166 5182 vivere
1210 5145 1318 5183 non
1349 5130 1496 5194 licet,
1555 5139 1609 5183 et
1669 5131 1930 5185 fornicari

359 5223 570 5276 libeat?
607 5221 704 5276 llic
731 5223 776 5276 si
811 5226 957 5277 solus
995 5221 1206 5286 fuisset,
1239 5236 1346 5291 quo
1395 5222 1642 5290 adjutore
1671 5238 1931 5292 superas-

357 5313 488 5368 set?
549 5314 687 5369 Sunt
715 5314 862 5368 enim
911 5314 1163 5368 meliores
1187 5315 1296 5366 duo
1351 5329 1512 5383 quam
1565 5329 1730 5377 unus,
1780 5326 1837 5370 et
1885 5315 1932 5369 si

357 5407 503 5460 alter
526 5406 808 5472 ceciderit,
845 5405 915 5460 ab
942 5406 1117 5460 altero
1147 5402 1425 5459 fulcietur.
1476 5401 1778 5460 Futticulus
1838 5407 1934 5460 tri-

435 5568 633 5642 ?__Apuil
668 5569 910 5642 Rubeum
942 5571 1076 5634 lucc,
1111 5588 1131 5622 ι
1155 5586 1256 5628 nec
1287 5582 1337 5628 te
1364 5572 1708 5642 pereuntium
1759 5576 1939 5628 turba-

357 5637 644 5700 sollicnet,
676 5657 696 5690 ι
728 5641 1131 5694 desiderantur.

429 5707 546 5760 Ἐκ
579 5711 743 5780 epist.
786 5713 926 5766 inter
966 5711 1343 5780 supposititias
1391 5715 1558 5768 relata
1617 5713 1685 5767 ad
1731 5713 1924 5767 Prasi-

355 5779 505 5831 ciutn
536 5782 701 5846 petita
735 5779 848 5836 hac
871 5779 1274 5838 sunt.’Aildnnt
1306 5787 1487 5848 itaque
1509 5799 1575 5838 cs
1613 5784 1730 5848 cius
1785 5802 1920 5840 con-

2041 3218 2182 3258 mus.

2111 3294 2230 3350 Tibi
2274 3310 2396 3349 cuin
2435 3293 2488 3347 in
2521 3290 2856 3347 monasterio
2903 3288 3091 3354 fueris,
3123 3290 3225 3343 hoc
3272 3287 3454 3343 facere
3500 3303 3608 3341 non

2039 3386 2259 3450 licebit;
2295 3396 2346 3440 et
2371 3385 2705 3439 inolescente
2733 3381 2990 3451 paulatim
3017 3380 3432 3443 coiisuetudine,
3456 3381 3605 3448 quod

2041 3479 2275 3547 primum
2339 3477 2622 3546 cogebaris
2653 3477 2788 3529 velle
2835 3475 3087 3542 incipies,
3121 3482 3175 3527 et
3208 3472 3497 3527 delectabit
3556 3484 3609 3528 te

2039 3569 2197 3623 labor
2227 3580 2368 3632 tuus,
2402 3567 2712 3636 oblitusque
2739 3569 3140 3636 prmteriturutn
3174 3579 3387 3633 seraper
3429 3565 3608 3634 priora

2039 3659 2364 3722 sectaberis,
2401 3673 2744 3727 nequaquam
2783 3658 3138 3712 considerans
3167 3657 3300 3725 quid
3338 3657 3426 3710 alii
3481 3657 3608 3710 ntali

2041 3750 2262 3811 faciant,
2303 3749 2393 3803 sed
2416 3749 2544 3818 quid
2579 3749 2701 3802 boni
2735 3759 2788 3802 tu
2825 3747 3004 3802 facere
3031 3747 3250 3800 debeas.
3275 3747 3457 3815 Neque
3481 3760 3612 3800 vero

2041 3841 2384 3913 peccantium
2425 3840 2645 3895 ducaris
2709 3839 3080 3901 multitudine,
3133 3847 3316 3891 necte
3374 3851 3611 3905 percun-

2043 3936 2173 3989 tiutn
2235 3933 2390 3987 turba
2427 3931 2684 3986 sollicitet
2717 3932 2757 3996 ',
2797 3941 2858 3985 ut
2892 3930 3084 3984 tacitus
3131 3928 3372 3998 cogites:
3423 3928 3612 3994 Quid?

2041 4041 2169 4094 ergo
2221 4041 2410 4081 omnes
2459 4026 2730 4092 peribunt,
2780 4021 2872 4091 qui
2933 4020 2986 4075 in
3053 4020 3276 4074 urbibus
3327 4018 3616 4074 habitant?

2042 4124 2184 4180 Ecce
2218 4123 2294 4177 illi
2327 4121 2582 4175 fruuntur
2618 4121 2734 4172 suis
2764 4118 2947 4182 rebus,
2978 4115 3295 4168 ministrant
3323 4114 3606 4183 Ecclesia,

2044 4219 2244 4270 adettnt
2273 4215 2491 4276 balnea,
2539 4220 2811 4280 unguenta
2851 4223 2957 4262 non
2994 4216 3280 4275 spernunt,
3331 4218 3382 4260 ct
3428 4216 3610 4262 tamen

2046 4309 2098 4361 in
2129 4307 2370 4360 omnium
2406 4319 2501 4360 ore
2526 4312 2832 4358 versantur.
2866 4301 2944 4356 Ad
2989 4300 3132 4370 quod
3169 4308 3295 4353 ante
3326 4301 3607 4368 respondi,

2045 4407 2098 4451 et
2124 4412 2265 4451 nunc
2296 4397 2532 4450 breviter
2568 4394 2906 4462 respondeo,
2950 4391 3004 4446 in
3042 4390 3295 4460 praesenti
3345 4392 3611 4460 opusculo

2040 4506 2144 4544 non
2179 4504 2261 4542 me
2290 4489 2355 4543 de
2379 4488 2594 4542 clericis
2627 4488 2925 4556 disputare,
2960 4485 3052 4540 sed
3101 4482 3426 4538 monachum
3493 4483 3606 4538 ins-

2039 4593 2236 4636 truere.
2667 4647 2894 4705 CAPUT
2925 4647 2992 4704 Χ.

2299 4743 2373 4798 De
2409 4743 2645 4813 periculo
2684 4744 2954 4797 habitandi
3012 4741 3066 4796 in
3105 4743 3343 4797 urbibus.

2109 4856 2428 4922 Considera,
2488 4857 2740 4919 obsecro,
2797 4859 2932 4911 satis
2985 4871 3109 4911 esse
3157 4856 3371 4910 difficile
3434 4855 3610 4909 locum
3671 4845 3674 4850 ’

2040 4948 2298 5016 Stephani
2358 4950 2583 5018 implere
2617 4949 2696 5001 vel
2731 4949 2908 5008 Pauli.
2955 4961 3009 5002 et
3061 4949 3111 5001 in
3171 4948 3413 5013 angelico
3459 4957 3611 4999 stare

2041 5045 2345 5099 ministerio
2368 5045 2408 5098 '.
2443 5040 2747 5097 Pretiosum
2786 5042 3136 5113 margaritum
3175 5043 3285 5094 cito
3311 5038 3608 5105 frangitur,

2039 5134 2382 5205 fractumque
2415 5136 2708 5189 instaurari
2754 5151 2858 5189 non
2893 5144 3092 5205 potest.
3148 5132 3315 5186 Navis
3356 5135 3610 5198 quamvis

2037 5227 2108 5280 sit
2137 5229 2284 5282 rudis
2313 5238 2366 5281 et
2400 5227 2589 5282 solidis
2620 5230 2828 5282 cantixa
2865 5227 3031 5281 clavis
3053 5266 3067 5288 ,
3105 5236 3482 5292 tumctttesque
3507 5219 3615 5274 ﬂu-

2037 5327 2157 5372 ctus
2189 5332 2298 5372 non
2326 5319 2546 5381 sentiat,
2575 5319 2707 5383 cito,
2734 5320 2778 5372 si
2813 5318 3116 5387 periculose
3142 5318 3380 5381 navigat,
3421 5312 3612 5381 perfo-

2039 5417 2228 5476 ratur;
2283 5418 2338 5465 et
2367 5411 2498 5467 licet
2525 5411 2702 5482 plenis
2753 5411 2931 5466 ventis
2987 5407 3260 5462 lucrosius
3300 5406 3366 5458 ad
3419 5414 3608 5471 optata

2035 5582 2179 5628 textu
2210 5576 2448 5638 liubeus,
2483 5572 2687 5642 aliique
2717 5569 2908 5631 verba,
2944 5588 2962 5622 t
2993 5577 3048 5622 et
3102 5568 3452 5642 subiacentes
3505 5580 3604 5636 po-

2039 5649 2194 5710 pulos
2233 5636 2486 5700 candenti
2521 5636 2943 5712 desitper_veste
2974 5636 3272 5706 despicere.
3305 5657 3324 5690 ι
3378 5636 3620 5706 Plusque

2037 5709 2239 5770 habent
2303 5715 2466 5784 paulo
2507 5709 2718 5784 post,’t
2765 5709 2965 5767 fluctus
3031 5713 3271 5765 tabulata
3326 5726 3433 5764 non
3495 5723 3619 5764 scn-

2037 5797 2194 5840 tiztttt.
2232 5805 2250 5836 ι
