4004 6192
353 322 459 384 355
1307 314 1366 377 S.
1408 309 1865 375 HI-ERONYMI
1900 309 2229 372 OPERUM
2270 307 2673 368 MANTISSA.
3504 286 3613 351 355

356 430 677 502 perveniat:
721 438 901 484 tamen
935 426 1104 498 magis
1124 442 1321 483 secura
1355 437 1483 483 sunt
1524 441 1647 497 qua:
1678 438 1734 482 et
1765 437 1919 481 trau-
1947 431 1998 490 Α
2025 424 2277 495 invitum]
2330 424 2533 487 videre,
2594 438 2622 475 a
2691 416 3095 474 monachorum
3138 407 3423 482 proposito
3478 415 3531 458 el
3587 420 3618 456 ι

358 524 528 597 quilla
557 531 706 578 sunt.
737 520 801 575 Et
832 520 1075 588 apertius
1101 518 1314 587 loquar,
1349 520 1472 588 plus
1510 528 1581 582 te,
1607 518 1753 587 quod
1777 518 1939 580 dicis,
2046 519 2230 589 quiete
2250 526 2376 573 sunt
2415 517 2616 571 aliena.
2649 514 2756 568 Aut
2785 511 2932 566 enim
2974 501 3335 597 videmusgad
3376 508 3478 553 nos
3502 509 3621 597 ve-

363 588 565 672 haberc
624 610 957 675 mercedem,
1026 612 1071 664 si
1131 612 1184 665 in
1216 611 1391 667 media
1446 610 1582 666 urbe
1640 608 1947 664 consistens
2050 588 2279 674 nientes,
2315 618 2368 662 et
2397 608 2672 661 silentium
2706 602 3010 673 perdimus.
3048 597 3157 651 Aut
3208 594 3253 650 si
3317 607 3428 645 non
3468 588 3622 641 vitle-

368 707 675 763 monachus
738 703 996 769 victites;
1051 714 1107 756 et
1167 717 1296 758 sunt
1360 704 1530 758 vera‘
1592 718 1715 771 qua:
1782 701 1946 763 dicis,
2054 718 2196 764 mus,
2249 700 2522 771 superbia:
2561 698 2866 769 arguimur.
2918 690 3195 744 Interdum
3232 694 3291 738 ut
3343 682 3456 754 [AL
3489 676 3618 731 add.

367 803 459 855 sed
495 815 598 853 nou
638 808 744 850 tam
780 795 948 849 facile
993 797 1282 865 explentur
1337 809 1503 862 opere
1560 809 1722 862 quam
1777 793 1944 847 dicto.
2052 791 2423 863 visitantibus]
2456 795 2626 846 vicem
2699 789 3012 849 reddamus,
3064 782 3132 836 ad
3170 776 3439 848 superbas
3478 772 3627 824 f0"68

372 888 503 945 Nam
531 889 573 943 si
599 886 859 955 aliquiste
879 885 1312 954 deoptimatibus
1337 885 1531 938 invitet
1552 883 1617 936 ad
1640 884 1949 951 prandium,
2056 887 2352 955 pergimus,
2417 885 2560 937 inter
2608 882 2823 950 linguas
2854 876 3165 931 rodentium
3228 867 3626 955 ministret-tun,

369 991 521 1037 certe
551 990 642 1033 aut
671 979 909 1033 eundum
947 992 1051 1052 est,
1088 989 1179 1031 aut
1208 978 1531 1044 negandum.
1568 974 1623 1027 Si
1670 975 1820 1038 ieris,
1852 983 1947 1027 aut
2050 986 2234 1045 postes
2274 974 2608 1044 ingredimur
2632 973 2941 1025 deauratos.
2984 966 3041 1019 In
3072 960 3277 1018 Christi
3314 974 3445 1011 vero
3472 953 3626 1058 villas

374 1076 567 1130 iisdem
596 1073 732 1126 cibis
763 1072 1024 1131 vesceris,
1054 1084 1147 1123 aut
1173 1070 1319 1122 aliis.
1346 1069 1401 1121 Si
1425 1068 1568 1129 aliis,
1595 1068 1945 1118 convivarum
2057 1077 2116 1122 ut
2140 1067 2430 1120 didicimus
2461 1063 2576 1135 [ΑΙ.
2608 1074 2715 1117 lac.
2742 1070 2802 1115 ut
2835 1053 3175 1126 didicimus],
3207 1062 3381 1107 totum
3409 1053 3634 1101 rustici-

377 1164 725 1220 oﬂ'enduutur
779 1164 943 1216 oculi.
999 1163 1054 1215 Si
1115 1163 1338 1223 iisdem,
1410 1158 1550 1227 perit
1599 1158 1952 1211 abstinentia.
2060 1170 2160 1214 tas.
2200 1160 2384 1227 Itaque
2424 1166 2643 1226 propter
2667 1154 3080 1220 occupationes,
3120 1158 3211 1201 aut
3260 1142 3425 1197 nobis
3472 1139 3632 1193 clau-

381 1256 535 1324 Quod
595 1258 641 1312 si
703 1272 808 1309 non
865 1257 943 1308 ire
1000 1253 1261 1317 volueris,
1330 1253 1498 1306 miser
1544 1251 1855 1304 comederis
1896 1248 1949 1301 in
2057 1250 2291 1304 dendtm
2344 1257 2429 1303 est
2486 1248 2713 1312 ostium,
2745 1253 2840 1297 aut
2913 1241 3346 1309 Seripturarnm,
3410 1241 3635 1301 propter

384 1349 614 1418 prandio
671 1345 739 1400 ad
780 1346 1022 1413 singulas
1057 1359 1305 1413 quasque
1330 1344 1566 1411 phialas,
1612 1352 1666 1395 et
1710 1340 1777 1393 ad
1825 1340 1958 1393 deli-
2058 1360 2195 1413 quas
2224 1342 2532 1411 aperiendae
2561 1351 2691 1393 sunt
2718 1338 2888 1401 fores,
2921 1334 3098 1388 studia
3149 1328 3521 1396 relinquenda.

384 1438 514 1493 buta
547 1437 703 1492 melle
737 1436 860 1491 vina
894 1436 1210 1506 potabcris:
1242 1435 1381 1488 altus
1425 1443 1575 1486 ttnun
1600 1433 1807 1485 vultum
1855 1446 1949 1483 ca-
2130 1435 2226 1489 llis
2252 1436 2416 1502 igitur
2446 1431 2751 1485 rationibus
2779 1426 3018 1490 invitati,
3057 1423 3214 1476 inulti
3262 1418 3631 1506 philosophu-

384 1531 687 1593 villabitur,
718 1532 805 1583 ille
835 1532 1107 1584 incessum
1142 1530 1411 1591 irridebit,
1444 1528 1533 1580 hic
1576 1523 1852 1585 habiturn;
1896 1535 1949 1579 et
2062 1544 2181 1583 rttltl
2234 1526 2578 1594 reliquerunt
2618 1519 2958 1595 frequentias
3006 1514 3249 1575 urbium,
3279 1518 3333 1562 et
3385 1504 3639 1560 hortulos

385 1621 691 1676 imitatores
739 1620 962 1673 forsitan
1008 1618 1360 1673 Judseurunt:
1418 1616 1631 1677 Nonne,
1686 1616 1954 1684 inquient,
2059 1620 2453 1679 suburbanos:
2497 1615 2589 1667 ubi
2622 1627 2752 1680 ager
2779 1611 3039 1677 irriguus,
3066 1606 3329 1659 arborum
3358 1612 3546 1660 εοιιιε,
3580 1604 3636 1647 ﬂ

386 1715 482 1770 hic
499 1724 581 1768 est
610 1713 743 1767 fabri
779 1712 960 1766 ﬁlius?
985 1710 1178 1764 Nonne
1211 1712 1406 1763 fratres
1431 1709 1553 1778 eius
1595 1706 1705 1778 [ΑΙ.
1748 1706 1875 1761 add-
1904 1715 1957 1761 et
2061 1726 2323 1766 susurrus
2348 1707 2552 1770 avium,
2578 1704 2743 1758 fontis
2774 1700 3051 1772 speculum
3106 1699 3554 1752 itumnrmurans,
3584 1694 3643 1739 ct

390 1804 635 1878 sorores]
668 1806 806 1873 apud
833 1820 931 1858 nos
959 1802 1125 1857 sunt?
1156 1802 1264 1871 Ego
1295 1803 1445 1856 illum
1480 1802 1698 1855 memini
1729 1810 1853 1854 ante
1883 1808 1960 1852 tot
1992 1781 2035 1839 θ
2066 1803 2246 1857 multa:
2261 1800 2543 1855 oculorum
2577 1797 2905 1863 auriumque
2938 1790 3311 1852 illecebrte,ne
3340 1782 3643 1878 perlumtll

392 1892 567 1947 ferme
614 1872 787 1947 annos
840 1894 968 1946 illud
1025 1891 1220 1945 fecisse
1254 1899 1433 1959 turpe,
1467 1891 1669 1943 dixisse
1705 1891 1947 1958 turpius.

2113 1935 2117 1945 .
2171 1908 2268 1963 per
2338 1892 2729 1945 abundantiam
2783 1900 3065 1955 copiarum
3128 1880 3325 1935 animae
3382 1872 3645 1930 fortitudo

394 1986 548 2041 Alius
589 1987 762 2039 furem
816 1984 1098 2048 clamabit,
1139 1992 1196 2037 et
1233 1994 1410 2037 tecum
1445 1980 1555 2048 IAI.
1582 1978 1879 2051 moechum]
1907 1994 1965 2033 se

2113 1987 2402 2039 tollesccret
2444 1992 2502 2037 et
2523 1983 2641 2051 ejus
2670 1979 2926 2049 pudicitia
2948 1984 3419 2043 consrupraretur.
3448 1966 3645 2022 Inutile

398 2078 625 2135 sceleris
661 2077 824 2145 tinget
848 2091 973 2131 esse
1013 2076 1352 2144 participem.
1387 2074 1581 2128 Omnia
1616 2072 1840 2143 prandia
1874 2087 1969 2138 pa-
2070 2081 2266 2147 quippe
2289 2086 2371 2129 ρει
2397 2075 2593 2129 crebro
2628 2073 2814 2126 videre
2848 2084 2943 2139 per
2973 2082 3092 2136 qua
3124 2074 3320 2134 captus
3351 2058 3648 2129 aliquando

408 2177 542 2223 riter
590 2169 988 2233 consonabuut,
1043 2167 1099 2222 itt
1150 2176 1203 2222 te
1262 2166 1621 2221 temulentum
1654 2165 1967 2220 convivium
2071 2174 2276 2237 sis;ct
2320 2182 2512 2222 eorum
2553 2175 2604 2218 te
2632 2166 3006 2232 experimento
3038 2159 3406 2218 committere,
3448 2153 3653 2222 quibus

400 2258 753 2315 dissolvetur.
1752 2265 1756 2269 ·

2113 2263 2358 2316 .tliculter
2402 2273 2614 2313 careas.
2668 2256 2799 2309 Nam
2836 2268 2974 2322 quos
3016 2249 3200 2305 saeculi
3236 2260 3430 2303 carcer
3462 2242 3643 2296 inclu-

475 2347 626 2413 Quod
652 2348 695 2401 si
729 2346 850 2400 ullis
873 2345 1207 2401 abstinueris
1251 2347 1529 2412 carnibus,
1562 2355 1616 2400 et
1640 2359 1750 2398 non
1781 2343 1974 2396 crebro

2115 2357 2175 2418 it,
2218 2368 2361 2407 nunc
2423 2352 2528 2415 ira,
2562 2364 2706 2403 nunc
2765 2344 3025 2409 avaritia,
3056 2355 3204 2396 nunc
3256 2338 3448 2401 libido,
3503 2347 3654 2388 nunc

402 2439 597 2495 balnea
624 2440 964 2508 frequentes,
1002 2450 1133 2493 tunc
1166 2455 1296 2493 vero
1336 2455 1434 2509 per
1468 2453 1658 2492 omnes
1695 2436 1977 2490 columnas

403 2530 687 2585 Manichaei
715 2531 905 2583 titulus
933 2532 1262 2584 aseribetur.
1292 2530 1346 2583 Si
1400 2533 1683 2584 volucrqu
1736 2526 1974 2581 edulium

408 2622 756 2684 refutaveris,
792 2628 847 2674 et
879 2621 1105 2674 tenellas
1145 2621 1427 2673 columbis
1472 2634 1801 2687 craSsosque
1859 2628 1977 2671 tur-

412 2718 560 2763 tures
579 2709 846 2776 expetenti
875 2711 1080 2779 gutturi
1115 2709 1300 2764 durior
1321 2708 1575 2763 dominus
1601 2707 1981 2776 tleuegaveris,

402 2782 684 2869 sacrilegii
723 2802 1255 2874 crimeuaﬂiugitur,
1304 2804 1598 2869 statimque
1654 2802 1845 2855 aiunt:
1914 2801 1983 2856 Ili

414 2902 541 2944 sunt
575 2893 667 2960 qui
701 2892 1009 2946 Creatorem
1061 2893 1246 2947 mundi
1306 2894 1690 2948 condemnant.
1730 2894 1786 2948 In
1852 2909 1987 2948 usus

415 2991 634 3036 nostros
667 2980 802 3035 facta
843 2992 969 3035 sunt
1015 2983 1227 3037 omnia.
1273 2983 1494 3046 Audivi,
1536 2984 1767 3038 Domino
1826 2994 1985 3047 teste,

2076 2447 2303 2500 aliorum
2333 2444 2609 2496 incentiva
2639 2439 2898 2492 vitiorum
2931 2432 3202 2505 pertrahit
3241 2428 3309 2483 ad
3337 2430 3574 2481 ruinam.

2151 2541 2387 2603 Ideoque
2416 2537 2733 2590 obterendce
2759 2540 2888 2587 sunt
2932 2529 3100 2583 animi
3129 2530 3453 2596 voluptates,
3487 2524 3658 2577 relin-

2080 2635 2294 2701 quenda
2346 2629 2787 2685 dclectationutu
2841 2623 3018 2677 studia
3046 2620 3350 2691 ;'qnoniam
3409 2619 3524 2671 haoc
3574 2625 3663 2670 est

2083 2724 2520 2781 circumcisiouis
2570 2720 2816 2784 veritas,
2863 2732 2967 2771 non
3023 2718 3214 2784 figura.
3257 2713 3545 2766 Nitendum
3605 2712 3660 2764 in

2085 2833 2339 2882 summa,
2402 2824 2461 2869 ut
2527 2811 2867 2868 naturalibus
2921 2808 3251 2877 amputatis,
3308 2804 3661 2861 conversatio

2088 2920 2270 2966 nostra
2304 2907 2488 2961 tendat
2513 2905 2580 2960 ad
2605 2905 2824 2960 coelum.
2844 2902 3001 2969 Quod
3032 2902 3142 2967 fiet,
3176 2899 3220 2953 si
3248 2898 3381 2963 ludi,
3404 2898 3448 2950 si
3474 2896 3664 2966 jucus,

2087 3006 2132 3058 si
2157 3000 2430 3063 convivia,
2457 3000 2504 3053 si
2524 3011 2707 3052 sermo
2725 3010 2863 3066 pene
2896 2994 3246 3049 familiarium
3273 2994 3581 3050 deseratur,
3611 2996 3668 3041 et

418 3089 525 3130 non
554 3076 810 3138 mentior,
854 3075 1145 3145 quemdam
1178 3078 1231 3131 in
1260 3092 1356 3131 sua
1385 3077 1507 3146 gula
1545 3077 1834 3140 disertum,
1860 3090 1984 3130 cum
2016 3118 2061 3177 ο
2092 3109 2215 3163 quae
2275 3090 2749 3145 circumcidunmr
2801 3098 3059 3140 ,τεεραιη
3088 3102 3103 3143 ε
3163 3102 3267 3138 non
3321 3083 3442 3136 visu
3480 3081 3522 3146 ί,
3555 3095 3669 3135 non

419 3181 638 3220 rumore
673 3177 1053 3237 cognosceret,
1091 3184 1176 3222 me
1210 3168 1347 3224 cibis
1375 3168 1831 3223 esculentioribus
1860 3170 1989 3223 abs—

427 3258 624 3321 tinere,
657 3273 715 3311 se
742 3260 965 3314 dicere:
1015 3257 1270 3329 Nunquid
1298 3260 1568 3326 porcellus
1633 3260 1756 3311 ideo
1814 3258 1995 3313 factus

435 3357 543 3409 est,
572 3359 631 3401 ut
664 3358 879 3417 togatus
909 3349 960 3401 in
991 3359 1180 3403 senatu
1211 3351 1541 3403 sententiam
1584 3349 1835 3404 diceret?
1876 3348 1997 3415 Quo

427 3436 684 3492 videlicet
706 3454 791 3493 me
817 3439 1062 3493 stultitiae
1089 3441 1493 3505 condemnaret,
1531 3442 1622 3511 qui
1662 3457 1747 3496 me
1778 3451 1997 3512 putaret

427 3544 490 3586 ea
518 3545 635 3600 quae
659 3542 786 3585 sunt
814 3531 869 3585 in
902 3547 1031 3586 usus
1053 3536 1236 3588 dreata
1267 3550 1371 3586 tton
1400 3549 1638 3588 sumere.

501 3620 658 3686 Quod
685 3622 728 3675 si
759 3622 901 3690 pulla
929 3621 1095 3676 fuerit
1121 3624 1322 3690 tunica,
1354 3624 1516 3676 etiam
1554 3624 1999 3692 praetereuntium

431 3710 613 3782 digitis
668 3712 1034 3767 denotaberis.
1086 3716 1163 3767 Ae
1212 3716 1295 3768 sic
1348 3715 1452 3769 nisi
1488 3715 1760 3770 formosus
1798 3716 1993 3781 fueris,

432 3814 657 3859 sanctus
680 3820 802 3858 esse
835 3820 939 3857 non
972 3805 1199 3873 poteris.
1236 3803 1365 3858 llaec
1417 3815 1473 3859 et
1507 3805 1815 3861 istiusmodi
1875 3784 2000 3861 cuin

426 3895 597 3950 vitam
623 3897 857 3950 lacerent
889 3895 1107 3960 bonam,
1138 3897 1264 3966 quid
1295 3896 1450 3960 facis,
1475 3895 1663 3963 frater,
1699 3899 1753 3952 in
1784 3898 2003 3953 medio?

428 3988 545 4041 ‘Aut
571 3987 735 4049 vitiis,
774 3998 867 4040 aut
898 3988 1227 4040 anathemati
1265 3988 1403 4042 colla
1434 3990 1743 4052 submittes,
1785 3989 1838 4043 id
1884 3998 1995 4054 est,

437 4082 736 4136 seetaberis
764 4098 823 4134 ea
848 4095 969 4148 qua:
1023 4092 1149 4135 sunt
1188 4082 1413 4135 adversa
1461 4083 1832 4137 continentia.
1893 4085 2005 4137 Aut

439 4174 485 4226 si
540 4171 718 4227 facere
774 4173 1038 4237 nolueris,
1099 4182 1337 4241 tempore
1390 4171 1519 4244 [ΑΙ.
1573 4170 1737 4245 ipse}
1780 4175 2006 4229 damna-

441 4263 611 4318 beris.

510 4355 877 4411 Prmteruiilto
911 4359 1132 4413 crebras
1163 4357 1544 4424 salutationes,
1577 4360 1840 4430 obsequia
1890 4376 2009 4417 ma-

2095 3186 2308 3249 auditu,
2352 3198 2459 3236 non
2504 3190 2684 3245 tactu,
2713 3193 2821 3233 non
2862 3191 3081 3246 sapore,
3116 3184 3210 3230 aut
3248 3174 3425 3244 capiet
3466 3175 3519 3226 iu
3573 3186 3673 3225 na-

2097 3290 2220 3333 tura
2280 3279 2524 3346 corporis
2581 3284 2831 3328 naturam
2888 3285 3203 3341 corpoream
3278 3284 3383 3323 non
3437 3268 3670 3321 habere.

2096 3369 2232 3425 Nam
2275 3371 2320 3425 si
2355 3370 2580 3424 velimus
2603 3368 2887 3436 despicere
2937 3365 3084 3436 quod
3136 3379 3347 3429 sumus,
3381 3376 3665 3417 meremur

2098 3463 2296 3519 tnelius
2324 3476 2470 3528 esse,
2502 3476 2665 3530 quam
2700 3460 2925 3517 fuimus.
2962 3458 3132 3530 Igitur
3166 3472 3277 3512 non
3311 3467 3516 3509 temere
3536 3454 3676 3508 υσυ-

2098 3571 2284 3611 ramus
2316 3571 2416 3610 nos
2448 3554 2723 3624 periculis,
2758 3554 2852 3608 sed
2881 3562 3151 3623 quantunt
3177 3551 3229 3606 in
3278 3548 3439 3605 nobis
3469 3557 3555 3604 est
3583 3546 3679 3602 iu-

2099 3647 2269 3702 sidias
2296 3647 2654 3701 declinemus.

2702 3776 2931 3834 CAPUT
2976 3777 3069 3833 XI.

2284 3893 2357 3950 De
2395 3892 2755 3954 Abalinentia,
2783 3901 2835 3946 et
2861 3893 3123 3962 pracipue
3166 3908 3198 3945 α
3226 3890 3500 3946 carnibus.

2177 3987 2431 4045 Salvator
2462 3995 2669 4052 noster,
2700 3988 2990 4053 Attendite,
3028 3986 3224 4055 inquit,
3260 3985 3396 4039 vobis
3441 4001 3506 4039 ne
3543 3983 3691 4054 forte

2106 4092 2390 4155 graventur
2422 4080 2584 4133 corda
2606 4089 2778 4133 vestra
2808 4077 3052 4148 crapula,
3082 4089 3127 4131 et
3157 4078 3212 4130 in
3232 4078 3486 4131 ebrietate
3519 4088 3569 4131 et
3593 4094 3693 4132 cu-

2108 4179 2182 4231 ris
2235 4175 2539 4245 hujurritte
2586 4171 2742 4243 (Luc.
2797 4187 2889 4226 ιιι
2950 4172 3063 4241 54).
3107 4170 3351 4226 Modicus
3417 4172 3563 4224 enim
3625 4185 3696 4226 ac

2113 4280 2446 4339 temperatus
2475 4267 2629 4321 cibus
2690 4273 2747 4318 et
2797 4263 2947 4319 carni
3010 4275 3067 4319 et
3141 4266 3337 4319 aniutte
3385 4265 3537 4320 utilis
3576 4276 3693 4321 est.

2112 4358 2435 4414 Balnearum
2469 4358 2711 4412 fomenta
2756 4371 2823 4411 ne
2866 4370 3104 4426 quaeras,
3147 4357 3238 4427 qui
3277 4357 3516 4411 calorem
3564 4375 3700 4412 cor-

442 4458 746 4514 trOuarum,
779 4451 1073 4517 variasque
1104 4450 1404 4513 illecebras,
1448 4452 1646 4519 quibus
1668 4452 1834 4506 etiam
1873 4452 2006 4523 rigi-
2040 4470 2084 4525 ι)
2113 4453 2260 4523 poris
2306 4450 2633 4519 jejuniorum
2662 4450 2819 4520 cupis
2850 4449 3056 4519 frigore
3109 4451 3465 4522 exstinguere
3515 4468 3531 4505 :
3568 4466 3700 4522 quae

442 4541 651 4596 dissitui
683 4542 997 4595 molliuntur
1026 4540 1135 4614 [ΑΙ.
1171 4543 1300 4597 add.
1331 4541 1545 4615 animi],
1569 4559 1690 4596 cunt
1710 4545 2011 4599 etsireuaeo

445 4644 607 4689 cantu
633 4635 699 4687 ad
725 4634 1009 4703 naufragia
1045 4635 1456 4702 pertrahuntur.
1498 4635 1652 4691 Nunc
1677 4646 1859 4691 autem
1885 4637 2012 4692 illud

447 4726 679 4793 aﬂirmo,
731 4726 875 4797 quod
900 4732 1066 4780 etiam
1103 4726 1148 4781 si
1182 4726 1288 4781 ista
1332 4742 1439 4781 non
1469 4738 1673 4791 essent,
1699 4730 1765 4781 ad
1795 4744 2015 4798 compa-

447 4820 714 4875 rationem
750 4829 930 4873 tantt-n
959 4820 1194 4887 ingentis
1229 4819 1376 4885 boni,
1409 4819 1610 4887 majora
1638 4818 1750 4892 [ΑΙ.
1779 4818 2014 4892 minora]

449 4911 698 4966 deserere
730 4911 977 4965 deberes.
1036 4910 1170 4964 Cum
1215 4913 1360 4983 enim
1395 4921 1538 4965 tanta
1593 4911 1897 4980 reperimus
1960 4913 2012 4967 in

449 5005 626 5073 cmlo;
657 5021 823 5075 parva
858 5016 911 5060 et
944 5004 1149 5060 caduca
1181 5020 1281 5058 nos
1314 5006 1574 5074 quaesisse
1611 5006 1901 5060 doleamus
1960 5008 2014 5061 in

450 5108 616 5152 terra.
651 5096 893 5151 Ambitio
926 5111 1186 5166 namque,
1211 5097 1473 5165 potentia,
1506 5098 1822 5167 magnitudo
1844 5098 2016 5164 urbis,

452 5191 622 5244 videri
653 5200 708 5244 et
736 5189 944 5255 videre,
968 5191 1211 5244 salutare
1244 5198 1299 5244 et
1339 5188 1588 5253 salutari,
1649 5171 1898 5255 laudare,
1938 5190 2019 5245 vel

453 5282 764 5347 detrahere,
793 5282 878 5336 vel
918 5282 1131 5347 audire,
1173 5282 1254 5336 vel
1288 5282 1557 5351 proloqui,
1592 5293 1651 5336 et
1689 5290 1892 5336 tantam
1922 5281 2019 5335 bo-

453 5372 658 5428 minum
686 5372 1049 5444 frequentiam
1079 5373 1265 5430 saltem
1283 5372 1513 5428 invitum
1543 5371 1652 5445 [AL
1687 5382 1788 5428 tae.
1824 5375 2019 5431 saltent

533 5519 743 5587 "fidem
784 5532 926 5597 libri,
993 5551 1011 5585 ι
1040 5532 1434 5588 monachorum
1466 5535 1684 5587 victites
1737 5532 1865 5588 vita.
1895 5531 2019 5588 Ilazc

454 5613 578 5655 sunt
603 5618 753 5666 vera,
795 5622 812 5654 ι
851 5615 957 5657 etc.

532 5673 547 5704 ³
588 5673 690 5725 Pro
734 5675 818 5726 his
859 5688 977 5741 qua:
1022 5681 1325 5743 sequuntur
1369 5687 1539 5742 usque
1587 5672 1653 5726 ad
1687 5672 1879 5740 Igitur,
1912 5672 2017 5726 alia

454 5738 678 5796 [iubens
724 5738 1025 5810 substituit,
1084 5738 1168 5810 tit,
1224 5745 1420 5814 inquit,
1456 5738 1764 5798 'verboruiu
1826 5759 2020 5801 sensus

2119 4558 2175 4599 et
2212 4544 2328 4614 ipsa
2368 4545 2650 4597 moderata
2684 4544 2921 4607 sint,'ue
2951 4541 3115 4595 nimia
3162 4543 3447 4596 debilitent
3475 4552 3698 4597 stoma-

2117 4639 2304 4700 chum,
2326 4648 2381 4692 et
2407 4638 2665 4705 majorem
2693 4637 3050 4691 refectionem
3088 4638 3364 4705 poscentia
3400 4648 3708 4707 erumpant

2120 4729 2173 4783 iu
2232 4729 2584 4794 cruditatem,
2613 4744 2733 4795 qua:
2768 4743 2967 4797 parens
3013 4729 3303 4783 libidinum
3364 4742 3467 4783 est.
3529 4731 3712 4783 Aiunt

2120 4825 2264 4875 enim
2308 4822 2526 4884 medici,
2564 4820 2656 4891 qui
2693 4823 2760 4875 de
2810 4823 3169 4874 humanorum
3223 4835 3515 4887 corporum
3554 4821 3710 4874 scri-

2122 4928 2281 4983 psere
2322 4916 2552 4975 naturis.
2586 4915 2857 4983 praecipue
2888 4911 3127 4968 Galenus
3178 4913 3230 4967 in
3260 4913 3434 4978 libris,
3462 4928 3712 4981 quorum

2126 5007 2313 5060 titulus
2371 5007 2507 5076 Περί
2554 5006 2811 5070 ὐγεινών,
2847 5019 3143 5073 puerorum
3181 5016 3237 5061 et
3292 5005 3582 5074 jurenum,
3642 5023 3717 5061 ac

2124 5100 2378 5169 perfecta:
2401 5103 2579 5153 aetatis
2613 5102 2855 5152 virorum
2886 5097 3289 5168 mulierumque
3334 5112 3586 5165 corpora,
3618 5098 3716 5151 in-

2126 5195 2235 5250 sito
2255 5194 2457 5249 calore‘
2481 5193 2714 5261 fervere,
2747 5202 2803 5247 et
2838 5194 3029 5248 noxios
3063 5194 3144 5247 his
3178 5208 3296 5247 esse
3335 5194 3593 5247 aetatibus
3628 5194 3714 5249 ci-

2126 5287 2227 5342 bos
2264 5288 2355 5357 qui
2400 5287 2638 5342 calorem
2689 5297 2933 5355 augent:
2985 5285 3314 5354 sanitatique
3365 5290 3713 5349 cortducere,

2128 5376 2322 5447 frigida
2355 5376 2658 5446 qumqueiu
2683 5375 2809 5430 cibo
2834 5386 2890 5429 et
2921 5385 3051 5444 potu
3087 5389 3323 5430 sumere.
3352 5372 3502 5427 Sicut
3530 5386 3718 5426 econ-

2127 5534 2273 5590 ltaud
2314 5534 2385 5587 ita
2432 5544 2653 5603 apertus
2701 5534 2873 5604 magis
2923 5543 3153 5603 pateret.
3190 5532 3299 5587 Nos
3328 5533 3379 5584 in
3433 5534 3537 5604 line
3566 5531 3721 5584 dun-

2132 5614 2283 5658 taxat
2307 5602 2526 5658 verbum
2550 5605 2771 5674 fuimus,
2796 5602 2869 5658 cx
2925 5602 3028 5658 ms.
3058 5604 3391 5657 sulfecimus.
3429 5602 3717 5656 Caeterum

2130 5690 2249 5745 pro,
2285 5683 2377 5726 aut
2411 5676 2606 5740 cupiet,
2634 5676 2919 5742 legendum
2970 5676 3184 5728 videtur
3216 5674 3477 5727 continuo
3507 5685 3718 5736 sensu,

2138 5763 2157 5796 ι
2192 5762 2297 5800 non
2328 5759 2526 5814 sapore
2554 5761 2695 5815 capi,
2731 5752 2786 5800 ct
2812 5748 2865 5800 in
2898 5754 3115 5813 natura,
3147 5762 3164 5794 ι
3204 5755 3310 5799 etc.
