4004 6192
328 275 448 344 357

1500 278 1809 343 assum
1876 277 2444 343 MONACHORUM.
2531 230 2536 234 1

2950 228 2979 243 μ,
3012 231 3019 235 .

3488 283 3601 349 358

341 396 515 452 trario
542 380 787 459 senibus,
825 393 915 464 qui
941 392 1134 466 pituita
1167 391 1418 448 laborant
1449 403 1505 448 et
1535 394 1759 463 frigore,
1785 391 1919 450 cali-
1944 392 1996 455 Α
2023 392 2153 447 dant
2202 409 2421 457 carnes,
2449 392 2543 464 qui
2606 392 2756 449 carui
2798 393 3065 449 serviunt.
3117 394 3357 462 Quorum
3415 399 3597 456 fervor

340 492 444 545 dos
473 488 650 554 cibos,
678 497 730 543 et
774 499 958 542 vetera
1010 487 1136 542 vina
1193 488 1478 557 prodesse.
1508 485 1577 540 Et
1606 487 1770 542 etiam
1819 485 1923 543 Co-

332 580 539 646 micus,
573 579 731 650 cujus
768 578 891 633 finis
917 588 1003 634 est
1034 578 1307 634 humanos
1339 594 1518 634 mores
1558 593 1721 634 nosse
1759 587 1922 648 atque

339 671 679 736 describere,
698 670 868 723 dixit:
892 668 1017 724 Siue
1036 668 1222 725 Cerere
1243 678 1293 725 et
1318 668 1504 723 Libero
1528 670 1683 740 [riget
1727 668 1918 723 Venus.

413 762 562 818 Nihil
597 764 781 832 itaque
822 762 965 816 scias
1016 766 1325 817 conducere
1364 761 1698 817 Christianis
1736 761 1921 816 adole-

340 857 626 913 scentibus
646 866 712 923 _ut
734 869 864 910 esus
886 855 1118 909 olerum.
1143 853 1281 908 Nam
1310 854 1475 908 ardor
1496 840 1791 922 c'orporum
1825 850 1923 905 fri-

341 950 649 1021 gidioribus
673 949 849 1017 epulis
882 946 1273 1016 temperandus
1297 956 1408 1002 est.
1434 945 1603 999 Nobis
1635 946 1778 999 enim
1813 960 1918 998 non

344 1056 639 1111 corporum
674 1040 876 1106 vultus,
905 1039 1003 1094 sed
1045 1039 1241 1093 anima:
1296 1040 1448 1105 vigor
1483 1038 1765 1106 quaeritur,
1798 1052 1919 1107 qua:

344 1133 524 1189 carnis
576 1131 897 1186 infirmitate
932 1130 990 1185 fit
1031 1132 1247 1186 fortior.
1288 1129 1417 1186 lude
1465 1140 1550 1187 est
1602 1132 1744 1201 quod
1779 1146 1920 1184 non-

345 1224 477 1279 nulli
503 1226 671 1277 vitam
697 1222 947 1292 pudicam
992 1222 1380 1292 appetendum,
1419 1222 1473 1276 in
1507 1225 1684 1277 medio
1723 1222 1920 1276 itinere

343 1324 604 1372 corruunt
628 1334 644 1367 :
663 1316 786 1369 dum
822 1314 990 1368 solam
1019 1314 1401 1369 abstinentiam
1432 1324 1623 1383 putant
1646 1315 1916 1377 carnium,

340 1420 391 1466 et
421 1408 794 1479 leguminibus
813 1416 1048 1461 onerant
1077 1408 1443 1472 stomachum,
1480 1421 1601 1476 quae
1642 1407 1919 1459 moderate

339 1514 617 1574 parceque
664 1510 880 1569 sumpta
913 1500 1133 1553 innoxia
1168 1508 1317 1554 sunt.
1361 1499 1428 1553 Et
1457 1493 1685 1568 utquod
1738 1498 1918 1552 sentio

334 1594 558 1665 loquar,
608 1592 749 1646 nihil
803 1594 884 1647 sic
949 1588 1250 1645 inflammat
1297 1605 1570 1662 corpora,
1626 1600 1681 1646 et
1736 1589 1918 1643 titillat

340 1687 581 1739 membra
611 1682 893 1753 genitalia,
914 1681 1055 1736 sicut
1085 1682 1389 1753 indigestus
1432 1684 1589 1736 cibus
1620 1694 1916 1751 ructusque

339 1779 654 1831 convulsus.
680 1771 834 1839 Quod
856 1774 1000 1825 ettim
1032 1773 1388 1826 seminarium
1427 1770 1764 1841 voluptatum
1799 1776 1908 1832 est,

332 1879 607 1919 venenum
632 1872 786 1930 puta.

408 1955 504 2011 Est
526 1967 707 2009 autem
741 1970 868 2010 esus
902 1953 1151 2011 carnium
1180 1952 1531 2010 seminarium
1558 1950 1820 2006 libidinis.
1849 1950 1913 2006 Et

341 2064 443 2104 non
476 2047 654 2102 solum
687 2049 753 2102 de
781 2048 1044 2104 carnibus
1092 2047 1311 2115 loquor,
1348 2050 1441 2102 sed
1486 2047 1538 2099 itt
1573 2047 1711 2117 ipsis
1761 2045 1912 2116 legu-

342 2140 584 2195 minibus
630 2140 873 2195 inllautia
916 2140 1030 2212 [ΑΙ.
1077 2137 1364 2211 instantia]
1396 2149 1452 2196 et
1506 2141 1692 2211 gravia
1746 2138 1911 2195 decli-

342 2233 515 2287 nanda
550 2243 700 2289 sunt.
747 2234 951 2289 Parcus
983 2234 1140 2289 cibus
1174 2243 1231 2288 et
1281 2245 1470 2289 venter
1506 2235 1777 2301 esuriens,
1808 2237 1911 2288 tri-

339 2322 535 2379 duauis
578 2324 801 2396 jejuuiis
836 2326 1142 2396 praefertur.
1188 2324 1357 2379 Multo
1400 2324 1546 2380 enim
1599 2325 1793 2380 melius
1828 2335 1913 2379 est

342 2419 582 2485 quotidie
622 2432 840 2489 parum,
877 2432 1042 2486 quam
1096 2432 1222 2471 raro
1266 2417 1400 2472 satis
1446 2431 1685 2472 sumere.
1720 2414 1911 2470 Pluvia

344 2509 430 2564 illa
473 2511 680 2577 optima
737 2521 839 2575 est,
871 2526 990 2579 quae
1034 2511 1236 2564 sensim
1273 2509 1555 2564 descendit
1597 2510 1653 2563 in
1712 2518 1908 2562 terras.

345 2598 569 2654 Subitus
595 2610 649 2651 et
698 2598 899 2653 nimius
938 2598 1114 2653 imber
1150 2597 1201 2651 in
1236 2613 1501 2668 prmceps,
1529 2613 1658 2651 arva
1684 2599 1911 2652 subver-

342 2691 425 2747 tit.
465 2690 709 2743 fleret-tio
755 2690 939 2757 itaque
982 2689 1327 2743 saturitatem
1375 2687 1568 2758 fugiat.
1607 2686 1753 2742 Nihil
1787 2703 1913 2757 pro-

341 2782 461 2838 dest
504 2778 672 2837 biduo
720 2784 1004 2850 triduoque
1041 2782 1366 2834 transmisso
1418 2794 1649 2834 vacuum
1689 2789 1912 2849 portare

340 2889 611 2938 ventrem,
648 2878 692 2930 si
728 2876 929 2943 pariter
950 2878 1237 2936 obruatur,
1271 2873 1315 2927 si
1351 2883 1735 2940 compensetur
1763 2883 1913 2925 satu-

340 2965 505 3019 ritate
544 2964 833 3035 jejunium.
870 2964 1019 3017 lllico
1067 2978 1224 3018 mens
1272 2963 1473 3032 repleta
1536 2961 1816 3032 torpescit.
1856 2971 1909 3016 et

339 3058 563 3128 irrigata
596 3057 844 3128 corporis
876 3056 1128 3123 hutnore,
1159 3057 1345 3126 spinas
1368 3054 1637 3125 germinat
1674 3051 1692 3083 ⁸
1728 3052 1909 3106 libidi-
1944 3084 1988 3146 ε

340 3163 499 3204 num.

416 3237 612 3294 Plures
633 3252 844 3307 quoque
870 3246 995 3291 sunt
1025 3234 1116 3305 qui
1150 3250 1275 3289 cum
1313 3235 1442 3290 vino
1468 3235 1578 3289 siut
1606 3232 1803 3298 sobrii,
1837 3232 1914 3288 ci-

334 3328 536 3385 horum
572 3339 754 3383 tamen
789 3328 1039 3396 largitate
1061 3338 1189 3382 sunt
1221 3327 1382 3381 ebrii.
1414 3324 1616 3380 Omnes
1650 3327 1796 3379 enim
1824 3325 1915 3394 qui

331 3423 666 3477 ebrietatem
716 3429 1016 3485 sectantur,
1069 3421 1160 3474 lilii
1218 3418 1390 3473 Belial
1443 3432 1727 3472 vocantur.
1778 3416 1914 3471 Nam

334 3522 530 3567 venter
567 3527 717 3565 mero
745 3523 986 3565 aestuans
1026 3509 1185 3565 facile
1223 3510 1336 3582 [ΑΙ.
1380 3507 1513 3581 cito]
1545 3510 1825 3578 despumat
1862 3511 1914 3563 in

336 3604 647 3658 libidinem.
682 3600 839 3657 Unde
870 3603 981 3656 Noe
1014 3604 1237 3657 nudavit
1263 3602 1531 3657 ebrietate
1564 3601 1794 3655 femora.
1815 3599 1918 3656 Lot

335 3709 501 3763 quem
542 3694 780 3749 Sodoma
830 3710 934 3747 non
974 3695 1209 3757 vicerat,
1241 3694 1360 3747 vitta
1402 3695 1673 3748 vicerunt.
1718 3693 1917 3749 Venter

334 3801 560 3856 quoque
602 3786 797 3855 plenus
833 3784 989 3839 facile
1022 3787 1090 3839 de
1123 3786 1346 3856 jejuniis
1391 3787 1652 3855 disputat.
1687 3784 1791 3852 Qui
1822 3802 1916 3841 au-

330 3885 453 3933 tem
478 3879 761 3934 Christum
793 3879 1092 3942 desiderat,
1121 3889 1175 3933 et
1208 3879 1299 3932 illo
1343 3881 1584 3934 vescitur
1613 3896 1773 3949 pane,
1808 3895 1912 3933 non

328 3975 542 4042 quaerit
583 3987 908 4042 magnopere
946 3970 1014 4026 de
1043 3986 1204 4040 quam
1233 3973 1491 4041 pretiosis
1534 3971 1675 4026 cibis
1703 3982 1916 4026 stercus

326 4066 617 4119 conficiat.
652 4065 925 4131 Quidquid
957 4074 1079 4134 post
1109 4064 1287 4133 gulam
1329 4078 1434 4116 non
1473 4063 1734 4128 sentitur,
1770 4063 1911 4117 idem

328 4152 397 4208 ﬁt
444 4153 593 4224 quod
635 4158 792 4222 panis
837 4162 891 4207 et
937 4153 1233 4224 legumina.
1268 4152 1440 4206 Omne
1483 4153 1628 4207 enim
1661 4156 1802 4222 quod
1860 4152 1913 4208 itt

324 4245 445 4301 hoc
471 4250 675 4299 mundo
716 4243 969 4299 laborant
1002 4246 1283 4309 homines,
1307 4259 1404 4299 ore
1442 4245 1598 4314 quasi
1635 4246 1915 4301 consumi-

324 4347 447 4404 tur,
483 4348 539 4393 et
570 4342 818 4391 attritum
853 4338 1131 4403 dentibus,
1164 4338 1343 4393 ventri
1388 4338 1628 4393 traditur
1656 4341 1907 4408 digeren-

2026 484 2315 556 despumat
2344 487 2397 540 in
2458 486 2687 554 coitum,
2714 500 2901 542 eorum
2951 495 3005 541 et
3036 486 3293 543 intestina
3335 491 3595 548 carnibus

2027 578 2359 648 repleantur.
2410 592 2417 597 ‘

2095 669 2173 723 Tu
2197 686 2326 725 vero
2344 670 2478 724 nihil
2498 669 2824 725 liabeastam
2852 685 3093 738 necesse,
3118 688 3280 743 quam
3307 673 3590 744 injejunio

2024 774 2399 830 perseverare.
2418 759 2601 815 Pallor
2626 769 2680 813 et
2705 762 2895 816 sordes
2933 772 3039 817 tuae
3070 779 3297 832 gemmas
3326 767 3458 821 sint.
3483 763 3589 836 lgii

2027 862 2112 906 tur
2134 868 2258 908 cum
2294 853 2425 907 inibi
2457 854 2682 919 dixeris,
2711 868 2807 907 cur
2839 869 3036 922 porcus
3079 864 3297 909 creatus
3327 857 3455 910 est?
3481 868 3595 913 sta-

2026 946 2121 998 tim
2165 944 2261 998 tibi
2305 943 2645 1013 respondebo
2702 959 2997 1013 ptterorum
3032 959 3188 998 more
3221 949 3592 1013 certantium,

2022 1052 2121 1092 cur
2176 1039 2376 1105 vipera:
2429 1048 2483 1091 et
2535 1036 2920 1107 scorpii?Nec
2980 1036 3147 1092 Deum
3194 1037 3636 1107 superﬂuorum‘

2018 1130 2294 1199 jutlieabis
2358 1124 2832 1185 artiﬁcemtcum
2890 1130 3136 1209 plurimae
3187 1139 3243 1184 et
3299 1132 3484 1185 bestiae
3537 1139 3593 1186 et

2024 1222 2271 1276 volucres
2317 1222 2450 1286 sint,
2481 1236 2616 1289 quas
2659 1228 2763 1273 tuae
2807 1221 2988 1275 fauces
3038 1230 3322 1276 recusant.
3362 1219 3464 1275 Sed
3524 1236 3595 1276 ne

2022 1314 2420 1369 contentiosqu
2452 1313 2578 1377 hoc,
2609 1321 2663 1366 et
2692 1327 2757 1366 ex
2785 1328 2963 1380 pugna
2996 1313 3168 1380 magis
3193 1312 3440 1368 videatur
3469 1329 3592 1367 esse

2021 1421 2184 1475 quam
2218 1420 2444 1469 verum;
2476 1404 2624 1467 audi,
2666 1403 2871 1457 idcirco
2919 1419 3044 1457 suos
3074 1412 3129 1457 et
3171 1419 3331 1471 apros
3373 1412 3429 1459 et
3469 1404 3597 1460 reli-

2021 1512 2157 1565 quas
2185 1497 2491 1549 animantes
2516 1504 2752 1557 creatos,
2794 1504 2850 1546 ut
2872 1494 3091 1558 milites,
3121 1494 3357 1560 athletae,
3391 1505 3591 1560 nautae,

2019 1590 2292 1653 rhetores,
2343 1587 2794 1655 metallorumqtte
2835 1585 3092 1650 fossores,
3125 1595 3182 1639 et
3220 1588 3401 1640 cmteri
3449 1588 3590 1641 duro

2019 1681 2169 1750 operi
2211 1678 2502 1748 mancipati
2544 1679 2812 1732 baberent
2850 1679 3041 1744 cibos;
3085 1675 3289 1746 quibus
3333 1677 3593 1733 fortitudo

2021 1786 2311 1840 corporum
2341 1771 2649 1824 necessaria
2691 1779 2773 1823 est
2800 1786 2815 1833 ;
2845 1770 2937 1837 qui
2976 1780 3194 1838 portant
3232 1786 3383 1823 arma
3430 1780 3485 1825 et
3517 1771 3595 1824 ci.

2020 1864 2169 1919 baria
2196 1878 2213 1930 ;
2239 1863 2330 1931 qui
2353 1862 2553 1932 pugnis
2578 1870 2632 1914 et
2663 1861 2906 1915 calcibus
2949 1876 3045 1914 sua
3085 1862 3317 1914 invicem
3347 1864 3591 1918 membra

2020 1957 2337 2023 debilitant;
2362 1957 2453 2025 qui
2510 1970 2691 2009 remos
2738 1956 3001 2019 trahunt;
3040 1970 3271 2024 quorum
3306 1955 3474 2009 latera
3511 1957 3580 2009 ad

2019 2050 2358 2107 clamandum
2390 2048 2785 2113 dicendumque
2840 2055 2969 2101 sunt
3013 2046 3225 2112 valida;
3254 2046 3347 2114 qui
3370 2047 3596 2119 subver-

2020 2147 2140 2193 tttut
2192 2150 2427 2204 montes,
2463 2120 2656 2193 cttsud
2713 2137 2838 2191 divo
2886 2136 2993 2207 [AL
3027 2132 3185 2205 sudo]
3225 2147 3279 2189 et
3328 2135 3594 2191 imbribus

2020 2227 2322 2280 dormiunt.

2092 2315 2199 2371 Sed
2236 2317 2365 2387 quid
2398 2312 2467 2372 ad
2520 2330 2648 2383 nos,
2681 2331 2913 2387 quorum
2950 2315 3290 2371 conversatio
3338 2316 3389 2370 itt
3440 2315 3594 2371 ccclis

2019 2409 2449 2464 est?Catterum
2504 2417 2691 2463 nostra
2753 2409 2943 2477 religio
2997 2424 3105 2462 non
3164 2408 3448 2472 athletam,
3480 2424 3591 2463 non

2021 2513 2238 2566 nautas,
2267 2517 2371 2554 non
2430 2500 2655 2561 milites.
2709 2515 2815 2553 nou
2878 2500 3140 2564 lossores,
3172 2502 3266 2555 sed
3309 2502 3593 2568 sapientia:

2019 2592 2201 2647 erudit
2247 2602 2602 2656 sectatorem,
2637 2595 2731 2660 qui
2772 2605 2831 2645 se
2878 2590 2970 2645 Dei
3011 2591 3183 2645 cultui
3216 2591 3509 2651 dedicavit.
3534 2601 3594 2645 et

2019 2687 2126 2740 scit
2170 2700 2270 2740 cur
2312 2697 2531 2740 creatus
2579 2687 2668 2749 sit,
2703 2699 2802 2738 cur
2841 2694 3091 2739 versetur
3119 2685 3171 2737 itt
3227 2684 3453 2747 mundo,
3483 2700 3593 2752 quo

2017 2779 2169 2851 abire
2200 2778 2442 2832 festinet.
2466 2777 2617 2832 Unde
2638 2788 2694 2832 et
2726 2778 3027 2847 Apostolus
3065 2776 3338 2847 loquitur:
3363 2778 3593 2842 Quando

2019 2869 2290 2936 iuﬁrmor,
2329 2879 2452 2923 tunc
2482 2878 2668 2937 potens
2708 2868 2939 2938 suut'tll
2968 2868 3092 2924 Cor.
3128 2884 3226 2931 xit,
3262 2868 3374 2932 10).
3407 2868 3496 2933 Et,
3531 2867 3594 2924 Si

2019 2962 2249 3016 exterior
2295 2971 2474 3015 noster
2512 2962 2667 3014 homo
2710 2961 3088 3027 corrumpitur,
3117 2960 3208 3013 sed
3228 2955 3465 3013 'iutertor
3509 2977 3591 3013 re-

2021 3070 2245 3110 novatur
2270 3056 2331 3109 de
2363 3055 2446 3109 die
2473 3056 2527 3109 in
2554 3055 2690 3108 diem
2737 3053 2821 3125 (ll
2859 3053 2984 3109 Cor.
3022 3069 3096 3117 tv,
3127 3053 3238 3123 16).
3279 3056 3366 3119 Et,
3420 3049 3592 3121 Cupio

2023 3150 2238 3204 dissolvi
2286 3159 2339 3204 et
2391 3165 2502 3203 esse
2553 3164 2669 3202 cum
2740 3148 2952 3202 Christo
2994 3146 3298 3219 (Philipp.t.
3334 3145 3453 3214 23).
3502 3148 3595 3213 Et,

2022 3238 2211 3295 Carnis
2246 3255 2430 3292 curam
2464 3254 2527 3291 ne
2554 3237 2786 3306 feceritis
2825 3234 3005 3305 (Rom.
3040 3252 3159 3301 xui,
3187 3235 3298 3304 te).
3331 3234 3593 3305 Quodque

2019 3332 2138 3385 sine
2168 3340 2406 3399 quatuor
2438 3330 2696 3384 sensibus
2756 3328 2939 3383 vivere
2995 3343 3290 3397 possumus
3344 3345 3357 3382 :
3406 3329 3590 3394 idest,

2019 3424 2138 3479 sine
2190 3435 2437 3493 aspectu,
2487 3425 2695 3486 auditu,
2739 3424 2992 3488 odoratu,
3042 3431 3206 3490 atque
3238 3423 3526 3491 complexu
3560 3437 3585 3482 ;

2018 3515 2225 3584 absque
2273 3525 2435 3584 gustu
2494 3525 2677 3567 autem
2721 3523 2775 3567 et
2809 3514 2948 3569 cibis
3000 3513 3341 3582 impossibile
3374 3524 3457 3568 est
3490 3516 3594 3567 hu-

2019 3621 2236 3660 manum
2266 3621 2466 3674 corpus
2494 3607 2825 3659 subsistere.

2090 3696 2301 3752 Adesse
2336 3711 2467 3767 ergo
2497 3696 2660 3750 debet
2694 3698 2853 3761 ratio,
2882 3706 2939 3750 ut
2967 3697 3102 3751 tales
3127 3706 3178 3752 et
3208 3708 3387 3752 tantas
3408 3712 3594 3753 suma-

2017 3803 2139 3842 mus
2195 3803 2373 3851 escas,
2417 3790 2619 3856 quibus
2668 3804 2773 3841 nou
2815 3799 3078 3844 oneretur
3124 3804 3346 3859 corpus,
3383 3805 3482 3845 nec
3522 3790 3591 3845 lio

2018 3881 2201 3934 bertas
2242 3882 2438 3933 anima:
2489 3890 2879 3949 praegravetur.
2912 3880 3045 3946 Quia
3099 3892 3153 3933 et
3192 3882 3586 3937 comedendum

2015 3984 2121 4037 εει,
2147 3984 2204 4029 et
2245 3974 2732 4038 deambulandum,
2773 3982 2830 4028 et
2885 3974 3285 4037 dormiendum,
3313 3983 3380 4032 .et
3428 3975 3587 4046 dige-

2018 4068 2269 4131 rendum,
2300 4076 2355 4121 et
2396 4079 2586 4135 postea
2622 4065 2827 4120 inflatis
2854 4066 3006 4121 venis
3036 4066 3312 4121 incentiva
3346 4069 3589 4127 libidinis

2015 4169 2395 4214 sustentantur
2419 4156 2532 4228 [Αι.
2568 4156 2938 4229 sustinenda].
2976 4157 3115 4211 Sunt
3140 4159 3358 4227 quidem
3392 4175 3591 4217 sensus

2017 4252 2187 4305 nostri
2229 4259 2420 4319 portae,
2449 4265 2545 4319 per
2572 4264 2708 4319 quas
2741 4254 2806 4304 ad
2850 4250 3087 4303 animam
3131 4260 3371 4305 nostram
3408 4255 3590 4308 stt-culi

2016 4342 2389 4398 blandimenta
2452 4343 2811 4406 descendunt,
2850 4352 2904 4396 et
2933 4357 3027 4410 per
3066 4358 3202 4411 quas
3242 4357 3435 4398 sensus
3471 4360 3594 4399 car-

319 4431 497 4496 dtttn,
526 4437 582 4485 et
624 4432 812 4486 taudiu
857 4431 1048 4485 tribuit
1084 4431 1433 4500 voluptatem,
1468 4431 1731 4500 quamdiu
1787 4440 1909 4501 gut-
1942 4427 1986 4484 D
2019 4436 2424 4491 nisintroeunt.
2456 4434 2559 4491 Per
2588 4451 2725 4506 quas
2767 4436 2868 4490 nisi
2908 4435 3012 4489 lata
3063 4447 3244 4506 suage
3276 4437 3415 4493 facta
3446 4441 3588 4495 viam

321 4534 461 4579 ture
499 4524 790 4578 detinetur.
818 4522 954 4578 Cum
993 4538 1121 4578 vero
1160 4525 1212 4577 in
1237 4524 1416 4578 alvum
1472 4524 1777 4590 transierit,
1812 4526 1909 4579 de-

317 4614 475 4670 sinit
504 4617 645 4669 inter
671 4616 824 4670 cibos
861 4630 980 4669 esse
1014 4616 1301 4670 distantia.

394 4706 523 4763 Nec
574 4709 678 4763 hoc
741 4709 996 4775 dicimus,
1048 4710 1193 4777 quod
1248 4723 1511 4779 negemus
1568 4711 1782 4778 pisces;
1814 4711 1910 4765 sed

313 4803 612 4871 quomodo
646 4801 854 4871 nuptiis
890 4801 1276 4868 virginitatem,
1303 4800 1374 4854 ita
1409 4801 1679 4855 saturitati
1703 4802 1911 4871 jejunio

314 4896 703 4965 praeferimus.
738 4893 844 4947 Sed
877 4910 982 4947 nou
1023 4894 1142 4949 ideo
1175 4904 1227 4948 te
1261 4907 1456 4948 carnes
1489 4896 1640 4950 vesci
1671 4911 1778 4949 nou
1808 4911 1908 4966 pu-

310 4997 431 5052 tes,
467 4988 513 5042 si
544 5003 724 5049 suum,
751 4987 1017 5055 leporum,
1046 4999 1208 5057 atque
1253 5002 1535 5042 cervorum
1575 5000 1631 5042 et
1667 4996 1909 5059 quadru-

310 5082 537 5147 pedum
594 5077 958 5131 animantium
1027 5076 1378 5131 esculentiam
1449 5080 1730 5147 reprobes.
1790 5080 1908 5136 Non

311 5168 491 5225 enim
546 5168 659 5219 haec
710 5167 906 5238 pedum
963 5183 1215 5235 numero,
1245 5170 1338 5224 sed
1391 5173 1661 5226 suavitate
1720 5183 1914 5242 gustus

310 5258 791 5329 comprobantur.
825 5258 1045 5316 Scimus
1064 5262 1132 5317 ab
1161 5260 1423 5332 Apostolo
1446 5262 1648 5319 dictum
1684 5282 1698 5321 :
1729 5266 1912 5321 Omnis

306 5362 593 5409 creatura
624 5352 720 5408 Dei
737 5353 896 5417 bona,
930 5371 1042 5419 qua:
1067 5372 1185 5409 cum
1220 5358 1519 5424 gratiarum
1555 5364 1760 5414 actione
1792 5377 1913 5430 per-

303 5446 537 5510 cipitur
558 5440 610 5513 (1
636 5441 775 5497 Tim.
799 5458 876 5508 tv,
906 5443 987 5515 4).
1018 5444 1124 5499 Sed
1187 5444 1329 5501 idem
1387 5448 1628 5517 loquitur
1658 5466 1674 5506 ;
1705 5449 1910 5504 Bonum

302 5546 395 5590 est
432 5549 655 5588 carnem
690 5551 792 5590 non
841 5537 1162 5592 manducare
1212 5536 1390 5609 (flant.
1428 5557 1537 5609 inv,
1577 5542 1693 5613 2i).
1722 5543 1915 5598 Come-

2014 4529 2313 4584 virtutibus
2355 4529 2538 4599 potius
2569 4543 2729 4596 quam
2774 4528 3058 4595 impietate
3109 4530 3426 4594 fecerimus,
3453 4546 3593 4584 nuu-

2014 4636 2177 4690 quam
2209 4620 2277 4675 ad
2304 4635 2483 4688 regem
2516 4620 2742 4689 pietatis
2771 4622 3058 4686 pervenire
3091 4630 3412 4691 poterimus.

2086 4713 2242 4768 Dicat
2294 4714 2438 4767 enim
2502 4712 2882 4781 unusquisque
2939 4728 3046 4782 quo
3116 4716 3257 4768 dolet
3303 4713 3409 4786 [ΑΙ.
3443 4716 3588 4784 quod

2014 4806 2151 4880 vult]
2189 4824 2204 4861 :
2239 4820 2339 4874 ego
2372 4807 2564 4875 loquor
2594 4808 2990 4859 conscientiam
3030 4822 3230 4860 meam.
3274 4808 3400 4862 Scio
3448 4810 3582 4863 mihi

2018 4900 2425 4966 abstinentiam,
2453 4907 2508 4951 et
2540 4899 2796 4953 nocuisse
2822 4899 3213 4965 intermissam,
3234 4912 3286 4955 et
3318 4901 3588 4968 profuisse

2018 4996 2326 5067 repetitam.
2361 4992 2470 5048 Nec
2502 4994 2641 5047 tales
2667 5008 2801 5062 ergo
2841 4995 3173 5062 recipiamus
3228 4995 3399 5059 cibus,
3449 5010 3589 5064 quos

2025 5104 2118 5147 aut
2146 5089 2461 5143 difﬁcultate
2489 5088 2756 5156 digerere,
2787 5096 2879 5140 attt
2928 5096 3200 5142 corncstos
3243 5101 3438 5158 magno
3466 5103 3596 5157 par-

2020 5194 2104 5237 tos
2131 5192 2187 5236 et
2214 5182 2457 5251 perditos
2488 5178 2675 5233 latiore
2708 5180 3010 5234 doleamus.
3048 5178 3266 5233 Olerutu
3301 5190 3356 5233 et
3398 5195 3595 5249 pomo-

2018 5289 2135 5327 rum
2189 5273 2657 5343 ac‘leguminum,
2694 5282 2749 5326 et
2782 5273 2994 5326 facilior
3050 5282 3348 5341 apparatus
3404 5283 3509 5336 est,
3537 5281 3595 5327 et

2015 5376 2132 5417 arte
2164 5362 2569 5433 impendiisque
2594 5377 2894 5433 coquorutn
2943 5378 3050 5417 nou
3088 5363 3350 5433 indigent,
3381 5372 3435 5418 et
3466 5366 3591 5421 siue

2016 5470 2148 5511 cura
2200 5463 2513 5512 sustentant
2578 5454 2875 5510 humanum
2944 5469 3156 5525 genus,
3208 5456 3595 5527 moderateque

2018 5555 2271 5617 sumptus
2306 5546 2475 5618 :quia
2505 5561 2605 5603 nec
2662 5544 2820 5602 avide
2867 5546 3184 5605 devoratur.
3220 5548 3374 5614 Quod
3411 5550 3597 5607 irrita-

390 5724 407 5751 ⁵
447 5719 709 5785 Rubeus,
740 5740 759 5772 ι
784 5719 1007 5792 lrrigata
1042 5721 1235 5777 humus
1282 5723 1465 5793 spinas
1517 5726 1804 5796 germinat,
1838 5746 1855 5781 ι
1914 5737 2019 5786 etc.
