4004 6192
372 318 477 378 3.39

1295 307 1372 374 ’S.
1409 307 1860 370 IllERONYIl-Il
1903 305 2224 369 OPERUM
2267 305 2670 368 MANTiSSA.

3523 292 3632 357 3ὓο

377 440 616 486 ruentum
647 427 787 498 gula:
812 444 922 482 non
968 424 1157 490 habet,
1191 423 1380 480 leviori
1435 423 1744 492 digestione
1788 422 1951 476 deco-
1978 425 2026 484 Α
2055 421 2320 490 gerimus.
2359 421 2700 488 Frustraque
2729 417 2950 488 quidam
2981 411 3239 469 simulant
3265 411 3414 465 salva
3451 410 3552 465 fide
3578 421 3636 465 et

372 526 580 595 quitur.
614 520 784 576 Nemo
827 519 976 573 enim
1031 533 1144 572 uno
1189 527 1242 571 et
1304 515 1516 571 duobus
1563 516 1721 580 cibis,
1757 517 1951 584 hisque

379 617 578 670 vilibus
608 627 780 683 usque
807 612 873 666 ad
901 611 1242 664 inflationem
1266 609 1485 663 ventris
1523 618 1804 671 oneratur,
1831 622 1953 675 quas

376 708 695 763 diversitate
734 704 981 758 carnium
1029 711 1084 756 et
1129 702 1346 772 saporis
1381 701 1739 754 delectatione
1768 699 1954 755 conci-

377 803 544 871 pitur,
577 813 702 852 cum
737 797 905 850 variis
955 795 1240 848 nidoribus
1289 792 1500 845 fumant
1531 793 1750 860 patintia,
1781 800 1836 845 et
1886 791 1952 843 ad

377 908 528 947 esum
564 891 669 956 sui,
703 888 916 957 expleta
963 888 1166 947 esurie,
1199 884 1357 954 quasi
1415 883 1660 952 captivos
1708 884 1951 935 tralumt.

382 985 534 1041 Unde
583 990 639 1037 et
682 981 856 1036 morbi
892 995 958 1034 ex
1007 979 1302 1032 saturitate
1363 976 1531 1030 nimia
1591 977 1951 1029 concitantur.

383 1077 648 1145 Multique
686 1071 1082 1143 impatientiam
1129 1071 1265 1140 gula:
1300 1070 1501 1123 vomitu
1536 1068 1902 1122 remediantur
1935 1083 1953 1124 :

377 1180 436 1226 et
461 1170 604 1238 quod
627 1169 858 1237 turpiter
895 1165 1264 1233 ingesserunt,
1292 1161 1502 1230 turpius
1540 1171 1792 1228 egerunt.

451 1261 743 1329 Postquam
777 1257 923 1311 enim
958 1255 1379 1310 venithrisms
1407 1255 1459 1308 in
1491 1254 1598 1308 fine
1628 1263 1952 1322 temporum,

378 1366 433 1410 et
469 1354 699 1409 revolvit
732 1367 919 1419 omega
956 1350 1022 1403 ad
1059 1351 1239 1419 alpha,
1277 1349 1328 1402 id
1360 1357 1462 1413 est,
1495 1349 1654 1402 linem
1691 1350 1756 1402 ad
1795 1350 1955 1417 prin-

381 1449 606 1518 cipium,
642 1455 701 1500 ut
736 1447 786 1500 in
810 1447 980 1515 prima
1012 1453 1172 1497 relate
1200 1457 1305 1496 non
1348 1442 1818 1503 circumcidimur,
1858 1455 1958 1495 nec

381 1541 666 1608 repudium
729 1537 860 1591 dare
907 1534 1293 1604 permittimur,
1325 1547 1428 1586 nec
1481 1547 1672 1586 carnes
1713 1532 1958 1586 comedi-

382 1648 525 1687 mus.
564 1630 922 1699 Hippocrates
969 1626 1020 1679 in
1081 1625 1423 1694 Aphorismis
1473 1625 1632 1680 docet
1683 1638 1874 1678 crassa
1905 1634 1959 1678 et

383 1724 546 1778 obesa
568 1719 829 1790 ‘corpora,
864 1732 982 1786 qua:
1007 1717 1293 1772 crescendi
1346 1730 1660 1770 mensuram
1693 1714 1958 1784 impleve-

2055 511 2436 584 pudicitia[.ti.
2467 523 2605 565 tacet
2645 519 2698 564 et
2731 504 3019 580 pudicitia]
3053 514 3106 558 et
3138 504 3450 574 integritate
3483 518 3637 556 men-
3689 559 3694 566 _

2056 607 2125 661 tis
2146 621 2202 660 se
2231 607 2377 658 abuti
2413 605 2819 674 voluptatibus:
2853 615 2977 655 cum
3012 608 3203 654 contra
3251 609 3506 651 naturain
3542 596 3635 660 sit,

2054 699 2224 766 copiis
2277 697 2638 766 voluptatum,
2680 697 2799 749 sine
2835 693 3124 762 voluptate
3171 690 3396 761 perfrui.
3429 690 3637 744 Sensus

2055 804 2342 858 corporum
2370 789 2527 858 quasi
2563 788 2690 857 equi
2723 795 2873 850 sunt,
2919 787 3040 840 sine
3073 784 3285 837 ratione
3322 790 3632 836 currentes.

2058 881 2252 933 Anima
2284 896 2412 934 vero
2441 882 2494 932 in
2525 882 2728 950 auriga:
2749 879 2968 932 modum
3002 876 3201 931 retinet
3226 873 3380 928 frena
3407 889 3636 927 curren-

2058 977 2215 1027 tium.

2125 1066 2360 1122 Grandis
2391 1065 2684 1122 exsultatio
2709 1065 2902 1124 anima:
2934 1073 3183 1128 est,cum
3217 1076 3387 1131 parvo
3413 1072 3642 1115 conten-

2055 1167 2149 1214 tus
2167 1159 2360 1223 fueris,
2389 1158 2650 1214 mundum
2672 1158 2876 1212 habere
2908 1158 3010 1212 sub
3035 1156 3268 1226 pedibus
3293 1173 3308 1222 ;
3343 1165 3399 1210 et
3421 1171 3638 1210 omnem

2059 1252 2176 1320 ejus
2214 1251 2534 1320 potentiam,
2578 1251 2792 1320 epulas,
2833 1249 3113 1310 libidines,
3138 1259 3358 1318 propter
3392 1261 3512 1317 quae
3538 1246 3626 1300 di-

2062 1343 2204 1396 vitia:
2250 1354 2663 1412 comparantur,
2698 1343 2901 1396 vilibus
2958 1353 3172 1396 mutare
3203 1339 3362 1403 cibis,
3397 1350 3452 1394 et
3483 1355 3637 1395 cras-

2061 1435 2207 1491 siore
2232 1419 2419 1496 tunica
2447 1449 2826 1505 compensare.
2864 1433 3017 1490 Tolle
3050 1433 3335 1506 epularum
3366 1443 3421 1488 et
3452 1433 3634 1488 libidi-

2057 1530 2146 1584 nis
2179 1530 2447 1582 luxuriam
2479 1543 2680 1584 :neme
2713 1538 2921 1598 quzeret
2946 1527 3190 1594 divitias,
3212 1543 3445 1598 quarum
3477 1542 3630 1590 usus,

2061 1632 2153 1676 aut
2189 1625 2238 1675 in
2274 1632 2481 1686 vent-re,
2511 1631 2602 1674 aut
2633 1621 2735 1676 sub
2765 1629 2953 1676 ventre
2983 1628 3090 1675 est.
3123 1618 3227 1685 Qui
3264 1629 3514 1690 aegrotat,
3536 1635 3640 1674 non

2064 1713 2224 1767 aliter
2253 1713 2443 1780 recipit
2471 1713 2783 1774 sanitatem,
2811 1713 2911 1766 nisi
2945 1712 3093 1766 tenui
3121 1712 3244 1766 cibo
3277 1722 3335 1766 et
3369 1714 3640 1780 castigato

385 1817 520 1878 rint,
547 1815 653 1868 nisi
677 1813 786 1868 cito
809 1811 1085 1864 ablatione
1111 1809 1398 1877 sanguinis
1427 1808 1765 1872 minuantur,
1795 1821 1960 1875 para-
1995 1794 2037 1852 Β
2068 1804 2234 1857 victu.
2269 1802 2480 1868 Quibus
2525 1819 2658 1871 ergo
2701 1804 2841 1857 cibis
2893 1803 3154 1872 recipitur
3191 1804 3420 1866 sanitas,
3455 1803 3536 1856 his
3585 1812 3642 1858 et

385 1908 544 1978 iysim
593 1915 646 1960 et
697 1904 926 1973 pessima
976 1902 1287 1955 morborum
1350 1916 1548 1972 genera
1616 1915 1812 1969 parere
1845 1898 1957 1972 [ΑΙ.

381 1995 716 2066 erumpere].
753 1994 816 2048 Et
865 1994 1072 2048 idcirco
1107 2007 1230 2047 esse
1267 1992 1638 2046 necessariam
1691 1991 1961 2060 dentptiO-

387 2105 537 2154 nem,
571 2099 628 2140 ut
663 2100 878 2140 rursum
906 2085 1144 2138 habeant
1189 2083 1241 2135 in
1287 2097 1408 2150 quae
1442 2087 1653 2150 possint
1685 2097 1960 2137 crescere.

387 2177 505 2232 Non
538 2176 678 2229 enim
709 2187 929 2228 manere
963 2174 1015 2226 in
1047 2187 1153 2226 uno
1187 2181 1328 2226 statu
1357 2184 1606 2225 naturam
1641 2187 1961 2240 corporum,

387 2267 484 2324 sed
516 2276 609 2321 aut
637 2279 912 2326 crescere.
949 2274 1041 2318 aut
1074 2264 1412 2328 decrescere,
1447 2278 1547 2318 nec
1585 2277 1747 2332 posse
1781 2264 1964 2320 vivere

389 2357 593 2414 animal
638 2357 740 2411 nisi
772 2356 1055 2410 crescendi
1088 2369 1256 2422 capax
1311 2356 1404 2408 sit.
1438 2353 1594 2408 Unde
1632 2364 1686 2408 et
1724 2355 1964 2410 Galenus

383 2452 482 2505 ille
537 2448 888 2503 doctissimus
945 2445 1293 2513 Hippocratis
1351 2445 1647 2514 interpres,
1712 2448 1962 2513 athletas,

383 2556 621 2611 quorum
653 2539 761 2592 vita
789 2548 843 2592 et
865 2552 954 2591 ars
980 2538 1164 2605 sagina
1195 2550 1303 2600 est,
1331 2535 1464 2589 dicit
1499 2536 1552 2589 in
1583 2537 1965 2592 exhortatione

389 2631 699 2693 medicinae,
739 2641 840 2682 nec
891 2629 1072 2682 vivere
1112 2643 1270 2695 posse
1308 2627 1424 2692 diu,
1469 2642 1567 2681 nec
1608 2644 1769 2682 sanos
1803 2645 1963 2696 esse;

385 2723 715 2788 animasque
759 2732 957 2773 eorum
992 2717 1063 2770 ita
1093 2718 1265 2771 nimio
1307 2718 1569 2786 sanguine
1624 2728 1678 2770 et
1719 2720 1966 2786 adipibus

391 2813 551 2885 quasi
578 2814 691 2866 luto
727 2811 1014 2874 involutas,
1040 2811 1177 2862 nihil
1211 2818 1396 2875 tenue,
1430 2811 1562 2863 nihil
1587 2812 1812 2864 coileste
1838 2832 1848 2869 ;
1873 2815 1965 2866 sed

396 2921 610 2975 semper
640 2905 708 2958 de
752 2901 1009 2960 carnibus
1050 2911 1104 2956 et
1162 2916 1321 2956 ructu
1369 2913 1426 2957 et
1479 2904 1687 2958 ventris
1732 2905 1966 2974 ingluvie

393 3000 660 3069 cogitare.
684 2996 950 3065 Diogenes
973 3005 1234 3064 tyrannos
1258 3004 1311 3050 et
1335 2999 1716 3052 subversiones
1751 3000 1964 3050 urbium

395 3090 645 3159 bellaque
680 3088 900 3143 hostilia
936 3088 1018 3141 vel
1052 3087 1235 3141 civilia
1274 3103 1378 3142 non
1417 3104 1513 3156 pro
1544 3090 1775 3158 simplici
1815 3091 1963 3144 victu

391 3183 602 3238 olerum
636 3196 1050 3250 pomorumque,
1095 3181 1189 3235 sed
1219 3196 1317 3250 pro
1346 3181 1606 3234 carnibus
1647 3185 1966 3250 epularum-

392 3289 500 3343 que
543 3274 754 3327 deliciis
808 3274 1005 3327 asserit
1057 3273 1311 3327 excitari.
1342 3272 1605 3338 Quodque
1658 3275 1964 3327 mirandum

396 3371 491 3430 sit,
507 3350 771 3432 Epicurus
801 3364 1090 3434 voluptatis
1123 3373 1386 3427 assertor,
1414 3380 1607 3418 omnes
1640 3365 1808 3420 libros
1840 3380 1968 3420 suos

396 3459 629 3528 replevit
655 3457 902 3512 oleribus
933 3467 986 3512 et
1019 3457 1195 3526 pernis
1247 3466 1301 3512 et
1328 3458 1528 3514 vilibus
1583 3459 1743 3523 cibis,
1780 3462 1969 3516 dicens

397 3549 472 3603 ita
502 3564 625 3603 esse
654 3549 946 3603 vivendum
983 3565 998 3602 :
1027 3549 1153 3616 quia
1203 3563 1395 3602 carnes
1431 3557 1486 3603 et
1520 3552 1809 3620 exquisita:
1841 3567 1972 3621 epu-

397 3641 462 3695 lae
501 3640 704 3710 ingenti
751 3654 883 3694 cura
923 3655 987 3694 ac
1028 3639 1252 3694 miseria
1309 3653 1683 3711 praeparantur
1717 3645 1756 3708 ί,
1794 3644 1970 3713 majo-

399 3747 628 3802 remque
659 3747 878 3802 poenam
931 3732 1168 3786 habeant
1198 3733 1248 3786 in
1301 3736 1620 3801 quaerendo,
1652 3749 1818 3804 quam
1874 3753 1972 3790 vo-

399 3826 658 3896 luptatem
687 3826 738 3878 in
767 3826 1068 3880 abolendo.
1093 3825 1284 3880 Bibere
1306 3837 1361 3880 et
1390 3832 1674 3883 comedere
1701 3845 1805 3882 non
1839 3829 1971 3885 deli.

401 3918 609 3972 ciarum
647 3919 896 3972 ardorem
923 3918 1084 3972 debet
1122 3918 1409 3986 excitare;
1443 3921 1536 3974 sed
1566 3921 1712 3975 sitim
1746 3921 1972 3975 famem-

399 4023 504 4076 que
541 4009 896 4077 restinguere.
931 4006 1034 4072 Qui
1079 4011 1341 4064 carnibus
1382 4021 1698 4074 vescuntur,
1730 4012 1972 4080 indigent

399 4101 566 4153 etiam
601 4101 685 4151 his
729 4113 845 4166 «pta:
871 4108 999 4152 sunt
1041 4099 1151 4170 [AL
1197 4116 1304 4154 non
1340 4100 1494 4173 sunt]
1540 4105 1814 4172 carnium.
1870 4103 1970 4170 Qui

397 4202 582 4244 autem
619 4189 852 4258 simplici
899 4191 1043 4244 victu
1091 4200 1340 4258 utuntur,
1367 4208 1462 4249 eos
1513 4209 1706 4249 carnes
1734 4209 1842 4248 non
1882 4209 1971 4249 re-

398 4285 640 4351 quirere.

475 4375 770 4444 Sapientize
816 4389 944 4445 ergo
981 4389 1207 4457 operam
1257 4379 1386 4432 dare
1436 4394 1539 4433 non
1583 4395 1894 4450 possumus,
1921 4383 1966 4436 si

2064 1897 2266 1950 servari
2298 1905 2475 1964 potest
2507 1911 2614 1950 :ne
2649 1896 2770 1965 quis
2802 1905 2951 1963 putet
2983 1902 3206 1951 morbos
3239 1897 3484 1950 oleribus
3504 1913 3637 1950 con-

2063 1987 2244 2040 citari.
2281 1987 2339 2040 Si
2391 1995 2572 2040 autem
2615 1988 2758 2042 vires
2788 1988 2937 2040 olera
2976 2002 3083 2041 non
3143 1988 3480 2050 ministrant,
3517 2003 3672 2057 φης·

2067 2089 2368 2131 nascuntur
2392 2087 2446 2132 et
2469 2077 2688 2131 aluntur
2722 2079 3003 2140 carnibus,
3033 2079 3162 2148 quid
3191 2089 3377 2132 tamen
3407 2097 3453 2131 n.-
3475 2097 3633 2134 cesse

2063 2180 2147 2224 est
2182 2171 2202 2200 ¹
2230 2169 2461 2238 sapienti
2491 2171 2611 2224 viro
2637 2177 2690 2224 et
2723 2170 3048 2238 philosopho
3075 2171 3281 2225 Christi
3317 2181 3517 2226 tantam
3547 2173 3642 2226 ha-

2067 2261 2200 2315 bere
2231 2262 2630 2325 fortitudinem,
2674 2279 2793 2332 quae
2820 2263 3042 2318 athletis
3068 2272 3121 2318 et
3150 2264 3414 2320 militibus
3447 2283 3644 2319 neces-

2067 2356 2209 2407 saria
2241 2363 2344 2421 est,
2378 2369 2538 2424 quam
2565 2370 2688 2408 cum
2718 2355 2969 2410 habuerit
3004 2355 3072 2410 ad
3102 2357 3230 2409 vitia
3267 2362 3642 2427 provocetur?

2067 2440 2147 2496 llli
2196 2444 2533 2498 arbitrentur
2579 2461 2774 2498 carnes
2820 2447 3043 2499 sanitati
3072 2461 3372 2517 congruas,
3406 2451 3498 2517 qui
3543 2465 3646 2503 vo-

2068 2534 2185 2588 lunt
2225 2535 2370 2588 abuti
2407 2536 2655 2599 libidine,
2691 2544 2744 2590 et
2775 2536 2830 2590 in
2863 2551 3084 2592 caenum
3131 2540 3367 2594 demersi
3399 2542 3645 2609 volupta-

2069 2637 2204 2690 tum,
2235 2632 2298 2679 ad
2323 2629 2522 2681 i-oitum
2557 2643 2771 2696 semper
2809 2637 3144 2684 exaestuant.
3183 2630 3500 2686 Christiano
3548 2648 3644 2686 sa-

2068 2719 2208 2773 nitas
2239 2719 2442 2788 absque
2474 2720 2679 2774 viribus
2706 2722 2922 2777 eximiis
2966 2721 3080 2795 [ΑΙ.
3120 2723 3305 2798 nimis]
3336 2728 3644 2782 necessaria

2067 2820 2172 2865 est.

2140 2899 2248 2954 Nec
2286 2900 2507 2956 turbare
2533 2916 2630 2956 nos
2660 2901 2844 2966 debet,
2873 2902 2918 2955 si
2963 2903 3073 2957 rari
3098 2911 3224 2958 sunt
3252 2903 3411 2974 hujus
3443 2920 3645 2974 propo-

2068 2995 2156 3047 siti
2198 3005 2522 3061 sec1atores,
2558 2998 2688 3064 quia
2743 2999 2850 3070 rari
2884 3004 3032 3062 sunt,
3065 3007 3120 3051 ct
3147 2999 3308 3051 amici
3341 2999 3466 3051 boni
3507 2999 3648 3052 tide-

2070 3085 2170 3146 les.
2216 3096 2271 3138 et
2301 3087 2503 3155 pudici,
2557 3098 2614 3141 et
2677 3088 3043 3152 continentes,
3099 3102 3421 3159 semperque
3470 3091 3647 3146 virtus

2072 3193 2192 3230 rara
2226 3188 2326 3232 est.
2365 3178 2620 3249 Legimus
2674 3181 2940 3249 quosdam
2997 3181 3190 3235 morbo
3247 3182 3523 3236 articulari
3589 3195 3649 3236 et

2073 3271 2330 3337 podagrae
2353 3271 2675 3325 humoribus
2704 3270 3031 3338 laborantes,
3059 3275 3450 3343 proscriptione
3473 3277 3649 3328 hono—

2071 3375 2189 3414 rum
2222 3360 2288 3414 ad
2353 3362 2652 3430 simplicem
2686 3379 2932 3419 mensam
2971 3376 3026 3420 et
3076 3369 3144 3422 ad
3195 3382 3460 3436 pauperes
3491 3371 3650 3426 cibos

2071 3453 2340 3519 redactas,
2375 3455 2738 3511 convaluisse.
2765 3456 3072 3512 Caruerant
3098 3459 3239 3513 enim
3266 3461 3642 3516 sollicitudine

2069 3545 2446 3614 dispensanda:
2498 3549 2712 3616 domus,
2763 3560 2818 3604 et
2859 3550 3150 3621 epularum
3199 3550 3470 3624 largitate,
3518 3569 3647 3623 que

2069 3646 2122 3690 et
2150 3653 2346 3707 corpus
2370 3639 2676 3708 ,frangnnt,
2705 3651 2761 3696 et
2790 3641 3052 3697 animam.

2142 3730 2335 3785 lrridet
2359 3731 2618 3787 Horatius
2665 3733 2960 3802 appetitum
2985 3733 3252 3800 ciborum,
3273 3735 3361 3803 qui
3383 3750 3648 3790 consum-

2068 3822 2146 3890 pti
2180 3822 2491 3892 relinquunt
2521 3822 2925 3892 pmoitentiam.
2949 3823 3058 3878 Sed
3087 3826 3250 3880 etiam
3275 3841 3340 3879 ex
3362 3825 3650 3882 vilissimis

2075 3913 2211 3968 cibis
2245 3914 2465 3967 vitanda
2507 3915 2756 3970 satietas.
2813 3913 2957 3969 Nihil
2997 3918 3139 3971 enim
3198 3918 3269 3971 ita
3305 3920 3486 3972 obruit
3521 3923 3636 3972 ani-

2074 4021 2242 4069 mum,
2273 4014 2333 4061 ut
2362 4006 2556 4076 plenus
2593 4018 2783 4062 venter
2824 4018 2880 4062 et
2911 4018 3170 4075 aestuans,
3205 4019 3259 4064 et
3291 4011 3398 4064 huc
3429 4013 3553 4065 illuc
3579 4027 3650 4067 se

2072 4107 2312 4164 vertens,
2357 4107 2412 4152 et
2467 4098 2522 4152 in
2583 4111 2801 4166 ructus,
2858 4112 2918 4154 et
2958 4101 3011 4154 in
3059 4105 3296 4166 crepitus
3355 4116 3647 4157 ventorum

2069 4188 2339 4244 efﬂatione
2378 4189 2674 4260 respirans.
2707 4191 2876 4254 Quale
2934 4201 3114 4245 autem
3164 4192 3293 4248 illud
3337 4192 3646 4262 jejunium,

2070 4282 2370 4349 autqualis
2420 4283 2646 4336 refectio
2695 4293 2820 4352 post
2869 4283 3180 4352 jejunium,
3211 4299 3335 4338 cum
3379 4289 3648 4352 pridianis

2073 4374 2249 4443 epulis
2273 4378 2662 4442 distendimur,
2684 4385 2737 4430 et
2759 4387 2944 4445 guttur
2969 4387 3213 4431 nostrum
3241 4378 3648 4434 meditatoruun

401 4480 606 4520 mensae
637 4465 1026 4518 abundantiam
1051 4468 1376 4537 cogitemus,
1407 4486 1523 4539 qua:
1572 4472 1758 4527 labore
1794 4476 1965 4526 nimio
1999 4478 2044 4534 ι)
2072 4470 2300 4523 cliicitur
2336 4471 2654 4524 latrinarum
2687 4469 2709 4524 ἲ
2750 4471 2996 4539 Dumque
3030 4473 3298 4527 volumus
3330 4473 3646 4542 prolinoris

398 4568 458 4611 et
488 4572 619 4612 cura
647 4559 912 4625 indigent.
942 4558 1063 4612 Cito
1103 4562 1354 4630 expletur
1383 4573 1589 4616 natura:
1625 4567 1922 4619 necessitas
1951 4582 1966 4619 :

399 4650 578 4719 frigus
627 4659 680 4703 et
726 4649 921 4712 fames,
957 4651 1189 4720 simplici
1239 4654 1434 4708 vestitu
1490 4667 1543 4709 et
1594 4657 1720 4711 cibo
1773 4658 1967 4726 expelli

401 4751 601 4811 potest.
635 4742 850 4796 Delicia:
883 4752 936 4796 et
973 4744 1260 4813 epularum
1293 4747 1536 4802 varietas
1563 4747 1808 4803 fomenta
1842 4760 1966 4804 sunt

399 4836 662 4888 avaritiae.
695 4835 849 4900 Quod
887 4837 932 4889 si
964 4839 1087 4903 quis
1123 4837 1402 4890 existimat
1430 4853 1488 4893 se
1520 4841 1853 4895 abundantia
1884 4843 1965 4896 ci-

399 4927 593 4982 borum
640 4929 1029 4997 potiruiumque
1072 4930 1296 4996 perfrui,
1328 4940 1383 4982 et
1431 4946 1630 4985 vacare
1677 4947 1837 5001 posse
1885 4949 1970 4986 sa-

400 5020 639 5091 pientiae,
667 5023 768 5074 hoc
797 5032 880 5074 est
905 5022 1112 5075 Versari
1147 5025 1286 5076 inter
1305 5023 1546 5088 delicias,
1567 5035 1624 5078 et
1647 5027 1967 5081 deliciarum

399 5113 552 5166 vitiis
605 5128 712 5166 non
769 5112 964 5174 teneri,
994 5113 1234 5182 seipsum
1277 5113 1497 5182 decipit.
1533 5115 1738 5170 Sensus
1784 5129 1970 5172 noster

399 5204 529 5258 illud
579 5207 801 5274 cogitat,
847 5205 992 5273 quod
1035 5206 1202 5270 videt,
1250 5208 1421 5270 audit,
1453 5207 1736 5272 odoratur,
1763 5218 1967 5279 gustat,

399 5293 675 5362 attrectat,
711 5308 765 5351 et
803 5299 869 5350 ad
906 5297 1024 5367 ejus
1054 5299 1290 5353 trahitur
1316 5300 1641 5368 appetitum,
1683 5301 1840 5370 cujus
1871 5317 1968 5355 ca-

399 5386 546 5454 pitur
575 5388 868 5457 voluptate.
905 5386 1151 5453 Diflicile,
1179 5391 1290 5443 imo
1330 5391 1666 5458 impossibile
1693 5400 1799 5455 est,
1827 5391 1972 5446 divi-

401 5478 489 5533 tiis
518 5489 572 5541 et
603 5480 970 5551 voluptatibus
999 5481 1285 5537 atlluentes
1327 5497 1432 5536 non
1482 5497 1544 5536 ea
1579 5483 1822 5551 cogitare
1851 5498 1970 5552 quae

468 5614 488 5647 ¹
527 5614 746 5691 Bubeus
777 5617 891 5673 haec
927 5634 1024 5688 per
1067 5619 1334 5674 incuriam
1368 5621 1532 5675 verba
1588 5624 1966 5691 praatermisit,

405 5703 425 5736 ς
462 5687 588 5764 quia
625 5701 816 5740 carnes
845 5699 898 5741 et
925 5687 1210 5758 exquisita:
1252 5691 1419 5761 epula:
1468 5687 1672 5761 ingenti
1722 5708 1852 5747 cura
1904 5709 1966 5748 ac

403 5770 616 5808 Itttscrn
654 5769 1046 5824 przt‘paratttur.
1080 5780 1096 5810 ι

2069 4563 2261 4619 inediae
2303 4563 2502 4618 famem
2538 4579 2803 4631 qumrere,
2838 4575 3044 4618 tantum
3086 4580 3360 4629 voramus,
3383 4578 3648 4633 quantum

2071 4657 2156 4710 vix
2219 4658 2443 4711 alterius
2495 4657 2604 4712 diei
2659 4670 2760 4711 nox
2821 4657 3052 4727 digerat.
3129 4655 3312 4724 itaque
3375 4673 3484 4711 non
3535 4669 3648 4711 tam

2061 4749 2323 4819 jejunium
2343 4749 2726 4818 appellandum
2756 4757 2862 4815 est,
2896 4764 3058 4819 quam
3090 4751 3333 4820 crapula,
3363 4766 3428 4806 ac
3457 4751 3646 4808 feteus

2066 4851 2124 4895 et
2155 4844 2380 4896 ntolesta
2415 4842 2670 4910 digestio.

2685 4933 2912 4991 CAPUT
2941 4934 3057 4990 XII.

2071 5025 2147 5080 De
2171 5028 2486 5082 abstinentia
2517 5028 2964 5096 philosophorum,
3019 5030 3359 5098 antiquarunt
3396 5037 3652 5086 sacerdo-

2421 5109 2554 5168 tum,
2579 5099 2920 5168 aliorumque
2952 5113 3284 5153 sanctorum.

2143 5210 2485 5266 Dicaearchus
2517 5211 2572 5265 in
2604 5211 2758 5266 libris
2791 5211 3181 5278 Antiquitatum
3211 5224 3265 5266 et
3315 5213 3648 5284 Descriptio-

2070 5319 2133 5357 ηε
2165 5303 2410 5370 Gron-ite,
2443 5304 2608 5358 refert
2639 5304 3031 5370 subSaturno,
3063 5322 3187 5360 cum
3217 5309 3409 5362 omnia
3441 5310 3646 5363 humus

2073 5397 2344 5461 fumleret,
2373 5397 2584 5450 nullum
2621 5398 2925 5452 comedisse
2959 5412 3176 5466 carnes,
3206 5404 3300 5454 sed
3359 5402 3646 5455 universos

2083 5490 2285 5544 vixiSsc
2317 5488 2563 5559 frugibus
2589 5500 2642 5545 et
2668 5492 2866 5561 pernis.
2896 5506 3012 5562 quae
3052 5503 3243 5564 sponte
3276 5505 3417 5548 terra
3448 5497 3643 5564 gigne-

2142 5627 2162 5656 ³
2194 5623 2443 5688 Deerant,
2482 5625 2678 5692 quibus
2713 5637 2907 5680 sensus
2950 5625 3183 5680 maxime
3233 5635 3467 5692 constat,
3515 5640 3640 5680 ver-

2073 5695 2161 5759 ha,
2202 5713 2218 5746 ι
2247 5702 2428 5748 tamen
2456 5709 2679 5749 necesse
2704 5707 2807 5748 est.
2842 5712 2860 5744 ι
