4012 6188
294 325 400 390 361

1425 330 1736 388 nauem
1781 318 2358 388 MONAannU-u.

3445 301 3546 395 sie

290 441 408 494 bat.
454 436 773 492 Charrcmon
819 452 1036 507 quoque
1071 437 1308 499 Stoicus.
1343 439 1423 490 vir
1476 438 1864 506 eloquentissi-
1897 442 1940 498 Α
1971 437 2253 492 πιαηᾱιιεει
2276 411 2364 506 (fl
2396 437 2574 493 Thess.
2615 454 2693 506 tu,
2750 409 2862 508 10).
2899 411 2964 494 Et
3000 441 3070 494 ita
3115 415 3182 496 ad
3215 420 3550 516 quinquage-

291 547 438 596 mus,
456 539 641 584 narrat
665 532 729 583 de
754 532 864 584 vita
887 532 1236 599 antiquorum
1260 530 1478 600 [Egypli
1499 531 1870 594 sacerdotuvu,

292 626 441 694 quod
473 624 729 678 omnibus
754 623 960 676 'muudi
996 624 1229 693 negotiis
1247 625 1504 692 curisque
1530 622 1871 693 postpositis.

292 730 515 786 semper
548 717 601 767 in
644 715 843 784 templo
871 714 1089 778 fuerint,
1125 724 1174 768 et
1219 730 1397 768 rerum
1436 726 1681 780 naturas,
1740 729 1873 768 cau-

293 823 498 874 sasque
549 824 613 860 ac
699 809 940 862 rationes
999 808 1238 861 siderum
1328 807 1677 876 contemplati
1743 807 1870 872 sint,

307 914 584 967 nunquam
613 914 672 952 sc
700 897 1018 951 mulieribus
1079 898 1420 960 ntiscncrinl,
1460 913 1734 966 numquam
1787 911 1873 949 co-

307 1001 502 1060 gnatos
537 1000 589 1043 rt
617 991 971 1060 prepiuquos,
1014 1004 1080 1041 ne.
1118 990 1319 1042 liberos
1355 989 1572 1056 quidem
1615 988 1871 1052 viderint,

302 1093 357 1134 et
383 1095 448 1132 ex
485 1094 551 1130 eo
607 1089 849 1148 tempore
876 1095 984 1148 quo
1017 1077 1318 1146 erupissent
1363 1078 1545 1130 tiiriuo
1577 1077 1744 1130 cultui
1787 1079 1873 1130 de-

291 1171 528 1232 servire,
590 1172 842 1224 carnibus
872 1183 926 1224 et
963 1169 1088 1224 vino
1111 1185 1328 1237 semper
1359 1169 1724 1223 abstinuerint
1749 1181 1873 1236 pro-

293 1273 420 1330 pter
452 1261 772 1314 tenuitatem
819 1276 1010 1312 sensus
1049 1260 1158 1323 ‘,et
1195 1260 1436 1313 maxime
1467 1269 1684 1326 propter
1713 1271 1874 1326 appe-

291 1353 430 1406 titus
466 1351 723 1414 libidinis,
753 1365 870 1418 quae
901 1367 963 1403 ex
998 1351 1084 1405 his
1119 1351 1260 1405 cibis
1309 1361 1361 1404 et
1393 1365 1457 1404 ex
1499 1351 1598 1402 hac
1657 1349 1876 1417 potione

294 1455 620 1496 nascuntur.
679 1443 821 1494 Pane
850 1457 978 1496 vero
1015 1458 1119 1495 non
1165 1444 1551 1506 vescebantur,
1585 1455 1652 1494 ne
1683 1453 1877 1492 onera-

295 1544 424 1585 rent
446 1534 819 1599 stomachum,
847 1544 898 1587 et
928 1535 971 1586 si
993 1536 1210 1602 quando
1238 1533 1619 1598 comedebant,
1655 1540 1874 1584 tunsum

295 1625 506 1691 pariter
526 1625 814 1692 hyssopum
860 1623 1149 1677 sumebant
1174 1623 1224 1678 in
1258 1623 1378 1677 cibo
1411 1638 1424 1678 :
1458 1633 1514 1676 ut
1549 1637 1730 1676 escam
1753 1635 1878 1692 gra-

295 1719 512 1769 viorem
579 1716 723 1770 illius
757 1717 938 1771 calore
990 1717 1375 1786 decoquereut.
1413 1714 1604 1770 Oleum
1665 1725 1873 1767 tantum

297 1808 352 1859 in
389 1808 627 1860 oleribus
649 1818 930 1874 noverant,
965 1824 1151 1862 verum
1184 1819 1237 1861 et
1265 1809 1438 1877 ipsum
1497 1822 1684 1876 ptrum
1749 1821 1878 1872 pro~

300 1909 426 1968 plt-I'
495 1915 754 1952 nauseam
797 1911 851 1954 et
894 1901 1242 1968 aSperitatem
1281 1900 1514 1967 gutturis
1542 1897 1876 1952 leniendam.

372 1991 514 2056 Quid
546 1992 758 2060 loquar,
816 1993 1015 2062 inquit,
1083 1995 1146 2047 de
1209 1993 1540 2055 volatilibus,
1593 2007 1714 2044 cum
1777 2005 1876 2043 ova

299 2098 524 2152 quoque
566 2102 664 2152 pro
730 2087 990 2140 carnibus
1027 2084 1318 2138 vitaverint
1369 2095 1423 2138 et
1457 2083 1592 2137 lac?
1641 2097 1876 2152 quorum

300 2177 538 2228 alterum
577 2192 773 2230 carnes
804 2177 1058 2244 liquidas,
1092 2178 1322 2230 alterum
1373 2176 1696 2246 sanguinem
1735 2183 1880 2227 esse

302 2265 564 2319 dicebant
591 2266 773 2320 colore
797 2276 1024 2321 mutato.
1079 2267 1268 2320 Cubile
1293 2265 1371 2320 eis
1405 2264 1472 2320 de
1502 2265 1643 2321 foliis
1677 2265 1881 2333 palma-

305 2378 426 2414 rum
476 2371 790 2414 contextum
848 2370 986 2415 erat.
1047 2361 1352 2416 Scabellutn
1415 2360 1615 2414 acclire
1645 2373 1710 2412 ex
1778 2372 1881 2411 una

303 2464 459 2522 parte
489 2453 769 2520 obliquum
795 2455 846 2505 in
878 2464 1019 2508 terra
1050 2452 1385 2522 propulvillo
1412 2451 1579 2521 capiti
1607 2464 1878 2520 suppone-

306 2546 438 2597 bant
469 2561 484 2601 ;
519 2546 665 2598 bidui
700 2546 972 2613 triduique
1001 2545 1236 2598 inediam
1289 2544 1644 2606 sustinentes,
1680 2551 1734 2594 et
1781 2541 1886 2594 hu-

307 2651 493 2690 mores
547 2639 812 2705 corporis.
869 2638 960 2703 qui
1023 2649 1323 2691 nascuntur
1369 2651 1436 2690 ex
1519 2637 1653 2700 otio,
1710 2647 1763 2691 et
1817 2653 1880 2691 ex

308 2727 597 2779 mansione
649 2727 807 2780 unius
867 2727 996 2793 loci,
1061 2729 1223 2780 nimia
1276 2727 1454 2781 victus
1523 2727 1884 2796 castigatione

306 2820 613 2872 siccabant.
663 2819 790 2872 Item
820 2818 1109 2889 Iosephus,
1152 2821 1203 2873 iu
1240 2817 1757 2874 secundmludaicc
1798 2835 1886 2871 ca-

307 2911 575 2980 plivilalis
616 2911 863 2973 historia,
903 2921 954 2963 et
987 2913 1039 2964 in
1073 2912 1285 2965 decimo
1325 2921 1516 2964 octavo
1578 2910 1888 2980 Antiquita-

308 3015 424 3056 tum
460 3003 620 3063 libro,
651 3006 748 3057 tria
793 3004 1050 3058 describit
1083 3005 1338 3069 dogmata
1372 3002 1710 3066 Judasorum,
1747 3003 1886 3057 Pha.

1980 527 2188 581 nariam
2226 529 2472 596 pervenit
2501 538 2742 596 aetatem,
2780 539 2839 585 ut
2902 547 3006 585 non
3057 531 3268 590 doleret
3339 546 3552 591 stoma-

1977 617 2134 681 chus,
2169 634 2275 673 non
2321 621 2588 674 viscerum
2624 625 2965 676 cruciaretur
2995 623 3212 693 injuria,
3249 642 3354 681 non
3408 620 3552 683 sicca

1978 709 2176 765 humus
2211 710 2448 780 jacentia
2488 713 2730 767 membra
2784 715 3179 786 confringeret,
3226 711 3334 771 nun
3394 735 3554 774 sacci:

1979 808 2230 868 asperata
2261 803 2404 858 cutis
2435 802 2682 858 faetorem
2736 806 2970 876 aliquem
3023 808 3297 878 situmque
3339 820 3558 864 contra-

1979 891 2153 959 heret,
2184 895 2278 949 sed
2311 910 2443 950 sana
2478 900 2924 965 corpore,anima
2957 902 3165 962 sanior.
3200 889 3552 958 Solitudinem

1980 992 2198 1052 putaret
2241 1002 2363 1042 esse
2393 988 2638 1048 delicias.
2687 998 2740 1042 et
2767 990 2817 1042 iu
2854 989 2990 1046 urbe
3015 992 3226 1046 turbida
3283 983 3556 1050 inveniret

1979 1090 2220 1130 ercmum
2255 1079 2671 1133 monachorum.

2053 1168 2220 1223 Paulo
2259 1185 2478 1239 quoque
2526 1173 2708 1226 cibum
2736 1171 2791 1226 et
2825 1175 3146 1229 vestimenta
3204 1177 3380 1244 palma
3417 1172 3555 1248 pras-

1982 1261 2145 1315 bebat
2171 1278 2185 1325 ;
2215 1272 2268 1316 ct
2296 1278 2362 1316 ne
2391 1265 2474 1315 cui
2512 1265 2847 1333 impassibile
2879 1269 3144 1330 videatur,
3170 1261 3353 1324 .lesum
3389 1281 3558 1325 testor

1980 1361 2036 1406 et
2069 1353 2290 1422 angelos
2317 1355 2455 1423 ejus,
2489 1358 2630 1425 quod
2665 1357 2722 1410 in
2762 1359 2954 1424 eremi,
2996 1374 3118 1429 qua:
3151 1361 3306 1430 juxta
3342 1350 3554 1434 Syriam

1983 1443 2274 1507 Saracenis
2331 1449 2700 1516 coniungitur,
2748 1451 3074 1504 monachum
3120 1453 3248 1518 vidi,
3305 1451 3398 1522 qui
3461 1469 3555 1524 per

1984 1536 2202 1603 triginta
2239 1552 2412 1594 annos
2459 1539 2719 1605 inclusus,
2781 1542 3088 1598 hordeaceo
3149 1536 3292 1612 pane
3326 1555 3380 1599 et
3414 1543 3554 1598 lutu-

1984 1627 2127 1680 lenta
2147 1642 2285 1696 aqua
2324 1631 2556 1685 vivebat.
2589 1632 2739 1686 Alter
2769 1635 2820 1685 in
2852 1632 3089 1687 cisterna
3115 1632 3284 1689 veteri
3319 1651 3415 1704 per
3446 1637 3561 1690 dies

1981 1719 2222 1789 singulos
2266 1724 2510 1793 quinque
2562 1725 2774 1794 carycis
2839 1727 3266 1781 sustentabatur.
3317 1725 3470 1781 Unde
3517 1730 3562 1782 si

1987 1812 2117 1865 mihi
2165 1813 2424 1870 Dominus
2457 1816 2732 1884 Optionetn
2768 1816 2942 1880 daret,
2978 1817 3147 1872 multo
3178 1809 3348 1888 tttagis
3393 1821 3562 1889 elige-

1984 1918 2096 1958 rem
2138 1905 2379 1960 tunicam
2403 1904 2556 1962 Pauli
2592 1923 2714 1961 cum
2747 1909 2977 1973 meritis,
3015 1926 3176 1980 quam
3213 1903 3396 1979 regum
3432 1927 3557 1982 pur-

1985 2009 2150 2062 puras
2177 2011 2302 2049 eum
2333 1997 2515 2065 regnis
2544 1995 2656 2070 [ΑΙ.
2682 1996 2883 2073 pretiis]
2915 1999 3048 2054 suis.
3080 2000 3219 2065 Quid
3253 2010 3431 2055 tamen
3466 1996 3565 2056 nos

1984 2086 2190 2141 ventris
2242 2088 2495 2142 animalia
2521 2129 2536 2154 ,
2595 2089 2701 2144 tale
2757 2105 2997 2157 unquam
3037 2089 3316 2146 fecimus?
3349 2107 3484 2162 quos
3511 2093 3556 2148 si

1987 2177 2065 2230 vel
2091 2178 2332 2231 secunda
2391 2184 2520 2232 hora
2575 2181 2818 2249 legentes
2877 2181 3170 2244 invenerit,
3233 2177 3556 2248 oScitamus,

1986 2281 2144 2320 manu
2178 2267 2372 2321 faciem
2403 2269 2756 2335 defricantes,
2793 2271 3140 2326 cotttiuemus
3185 2267 3555 2337 stomachum,

1985 2367 2039 2410 et
2070 2359 2223 2427 quasi
2256 2369 2378 2430 post
2411 2360 2637 2414 tnulttnn
2668 2360 2934 2428 laborem,
2965 2361 3338 2418 mundialibus
3363 2361 3554 2422 rursus

1989 2453 2220 2520 negotiis
2253 2467 2611 2521 occupamur.

2058 2542 2423 2595 Praetermitto
2452 2541 2696 2610 prandia,
2725 2543 2926 2612 quibus
2983 2537 3141 2600 mens
3170 2541 3400 2602 Onerata
3438 2545 3565 2619 pre-

1992 2635 2176 2687 mitur.
2210 2631 2382 2688 Pudet
2404 2633 2590 2690 dicere
2633 2635 2998 2706 frequentiam
3026 2637 3321 2705 salututdi,
3349 2645 3453 2708 qua
3471 2639 3565 2696 aut

1991 2724 2088 2794 ipsi
2121 2726 2361 2793 quotidie
2381 2727 2446 2778 ad
2479 2727 2615 2781 alios
2650 2728 2944 2798 pergimus,
2986 2741 3076 2784 aut
3115 2729 3182 2784 ad
3217 2746 3315 2786 nos
3342 2727 3562 2788 venien-

1994 2825 2072 2868 tes
2093 2824 2319 2870 caeteros
2351 2827 2756 2884 exspectamus.
2818 2818 3088 2887 Deinceps
3141 2822 3248 2876 itur
3282 2823 3337 2876 in
3377 2822 3564 2888 verba,

1991 2921 2170 2960 sermo
2210 2909 2422 2976 teritur,
2450 2909 2766 2963 lacerantur
2797 2912 3072 2977 absentes,
3104 2913 3210 2965 vita
3266 2913 3441 2966 aliena
3473 2912 3568 2968 de-

1992 2998 2281 3065 scribitur,
2307 3009 2362 3054 et
2414 2993 2730 3055 mordentes
2783 3000 3013 3057 invicem
3069 3004 3444 3058 consumimur
3502 3006 3570 3058 ab

310 3100 528 3159 ris:eos,
587 3095 933 3160 Sadducatos,
999 3095 1207 3151 Essaeos
1257 3095 1367 3167 [AL
1425 3094 1682 3166 Essenos]
1716 3110 1888 3165 :quo-
1917 3106 1963 3166 ο
1996 3090 2248 3147 invicem.
2292 3089 2440 3146 Talis
2475 3104 2572 3145 nos
2603 3093 2755 3147 cibus
2791 3103 3016 3161 occupat
3044 3104 3098 3148 et
3135 3094 3382 3150 dimittit.
3423 3095 3564 3150 Cant

312 3207 438 3244 rum
472 3191 801 3246 novissimos
835 3188 985 3242 luit'is
1015 3187 1174 3242 eﬂ‘ert
1203 3186 1476 3251 laudibus,
1508 3187 1651 3255 quod
1682 3196 1734 3241 et
1758 3201 1892 3240 uxo-

315 3285 498 3346 ribus,
525 3283 654 3336 vino
696 3292 749 3336 et
781 3280 1040 3334 carnibus
1071 3293 1286 3347 semper
1313 3279 1696 3344 abstinuerint,
1754 3293 1892 3347 quo-

313 3377 586 3428 tidianum
644 3373 906 3441 jejunium
974 3371 1242 3426 verterint
1299 3373 1349 3424 in
1401 3380 1674 3424 naturam.
1721 3371 1894 3440 Supt't‘

310 3481 549 3537 quorum
607 3467 714 3518 vita
760 3473 814 3518 et
854 3465 974 3517 cibo
1009 3461 1142 3535 [ΑΙ.
1193 3471 1331 3515 tacet
1365 3461 1536 3533 cibo],
1599 3461 1754 3516 Philo
1806 3464 1888 3516 vir

313 3557 666 3612 doctissimus
697 3555 974 3624 proprium
1008 3554 1258 3608 volumen
1293 3552 1484 3607 edidit.

397 3648 660 3703 Eubulius
687 3657 870 3702 narrat
897 3648 1035 3716 apud
1061 3645 1258 3700 Persas
1305 3647 1407 3700 tria
1461 3663 1661 3716 genera
1715 3646 1894 3716 Mago-

317 3757 468 3806 rum,
519 3755 754 3810 quorum
788 3741 1014 3809 primos,
1049 3740 1141 3808 qui
1187 3739 1299 3794 sint
1329 3739 1634 3796 doctissimi
1671 3751 1728 3796 et
1783 3741 1894 3795 ilo-

314 3837 687 3906 quentissimi,
721 3845 945 3903 excepta
975 3832 1154 3888 farina
1184 3842 1240 3887 et
1273 3832 1441 3900 olere,
1480 3833 1556 3886 nil
1581 3836 1814 3904 amplius
1841 3836 1891 3888 in
1925 3859 1932 3870 ·

312 3932 447 3985 cibo
478 3943 714 3984 sumere.
735 3927 986 3998 Orpheus
1011 3941 1230 3997 quoque
1261 3927 1314 3978 itt
1341 3925 1584 3982 carmine
1615 3943 1712 3980 suo
1737 3941 1894 3980 esum

310 4024 567 4077 carnium
594 4021 805 4087 penitus
841 4021 1159 4074 detestatur.
1217 4017 1534 4088 Pythagora:
1580 4019 1768 4081 etiam,
1799 4019 1898 4072 So-

311 4116 516 4175 cratis,
541 4112 900 4175 Antisthenis,
931 4120 985 4167 et
1010 4111 1346 4181 reliquorum
1396 4109 1761 4180 frugalitatem
1817 4126 1901 4165 re-

316 4205 520 4257 ferrem
550 4205 604 4257 in
635 4202 1004 4258 confusionem
1043 4213 1309 4266 nostram,
1343 4201 1448 4256 nisi
1480 4212 1533 4256 et
1563 4201 1781 4272 longum
1815 4217 1896 4256 es-

315 4307 429 4360 set,
459 4305 513 4350 et
539 4296 743 4366 proprii
773 4295 954 4364 operis
986 4295 1251 4364 indigeret
1278 4311 1294 4354 ;
1330 4295 1494 4363 utqui
1519 4303 1896 4364 paupertatem

316 4394 692 4459 apostolorum
725 4399 780 4444 et
815 4388 996 4444 crucis
1023 4388 1304 4453 duritiem,
1353 4395 1446 4440 aut
1496 4387 1770 4450 nesciunt,
1808 4397 1900 4440 aut

315 4492 701 4546 contemnunt,
727 4481 1006 4533 imitentur
1033 4479 1227 4534 saltem
1262 4477 1541 4550 gentilium
1565 4477 1892 4548 parcitatem

319 4572 439 4648 [ΑΙ.
478 4569 896 4644 paupertatem].

397 4667 478 4720 Ad
513 4682 572 4719 ea
596 4667 779 4732 venio,
799 4681 917 4735 qua:
936 4665 1114 4718 Asella
1147 4674 1268 4734 post
1290 4661 1671 4717 duodecimum
1698 4677 1897 4715 annum

317 4761 524 4816 sudore
557 4760 775 4829 pmprio
805 4758 987 4824 elegit,
1017 4757 1268 4824 arripuit,
1324 4753 1522 4818 tenuit,
1559 4757 1747 4823 cut-pit,
1799 4753 1898 4806 im-

319 4853 514 4923 plevit.
576 4849 746 4904 Unius
801 4847 1015 4904 cellula:
1053 4847 1235 4901 clausa
1277 4845 1576 4916 angustiis,
1610 4844 1900 4899 latitudine

315 4942 564 5011 paradisi
596 4941 897 4995 fruebatur.
931 4940 1079 4993 idem
1123 4951 1284 4992 terrae
1317 4933 1517 5002 solum,
1551 4946 1606 4990 et
1633 4936 1900 4990 orationis

313 5038 479 5091 locus
501 5032 710 5087 exstitit
739 5040 792 5086 et
829 5031 1050 5100 quietis.
1085 5027 1359 5100 Jejuniuut
1387 5026 1578 5081 habuit
1611 5040 1711 5094 pro
1747 5024 1898 5089 ludo,

317 5126 568 5181 inediam
597 5139 696 5194 pro
726 5121 1040 5178 refectione.
1095 5119 1301 5174 Etcum
1332 5133 1452 5172 eam
1505 5133 1612 5172 non
1649 5115 1899 5170 vescendi

312 5219 682 5281 desiderium,
711 5215 805 5270 sed
847 5215 1083 5267 humana
1115 5211 1381 5268 confectio
1405 5210 1468 5263 ad
1499 5210 1680 5264 cibum
1725 5208 1905 5259 trahc-

311 5321 436 5374 real,
475 5325 612 5380 pane
639 5320 692 5362 et
722 5308 832 5361 salc
850 5317 903 5359 et
935 5320 1070 5371 aqua
1106 5303 1300 5370 frigida
1354 5300 1671 5355 concitabat
1728 5298 1904 5364 magis

303 5401 592 5461 esuriem,
623 5412 785 5466 quam
819 5394 1186 5464 restinguebat
1225 5409 1238 5448 :
1281 5401 1334 5444 et
1365 5391 1693 5458 operabatur
1726 5387 1904 5440 mani-

303 5497 451 5555 bus,
489 5489 670 5543 sciens
727 5487 988 5555 scriptum
1018 5498 1138 5538 esse
1171 5500 1184 5539 :
1220 5481 1330 5546 Qui
1361 5495 1463 5533 non
1499 5477 1733 5540 laborat,
1798 5489 1900 5526 non

410 5626 426 5656 ¹
467 5622 630 5678 Addit
660 5621 901 5683 Bubens,
939 5637 956 5670 ι
993 5618 1055 5670 Et
1085 5617 1406 5686 vertiginem
1444 5611 1664 5682 capitis.
1709 5628 1726 5660 ι
1759 5607 1904 5663 idem

297 5711 456 5758 mox
489 5693 673 5756 habet,
705 5708 723 5740 ι
769 5690 914 5758 l’aue
946 5704 1064 5740 raro
1103 5687 1511 5758 vescebautttr,_
1536 5701 1553 5734 ι
1579 5693 1697 5758 etc.
1859 5748 1869 5758 υ

403 5768 425 5798 ²
463 5763 590 5816 llaec
621 5752 765 5822 vero,
808 5777 824 5809 ι
869 5757 1182 5810 Maledicatn
1218 5759 1452 5825 linguam
1501 5752 1762 5808 indictum
1827 5752 1905 5802 si-

655 5859 923 5918 PATROL.
969 5855 1144 5918 XXX

1995 3197 2123 3236 vero
2187 3182 2346 3237 amici
2410 3183 2763 3247 recesserint,
2820 3186 3112 3239 ratiocinia
3185 3191 3565 3256 supputamus.

1994 3273 2151 3331 Nunc
2186 3277 2264 3331 ira
2293 3291 2581 3346 personam
2616 3275 2776 3332 nobis
2807 3277 3036 3342 inducit,
3065 3292 3208 3334 nunc
3230 3295 3360 3334 cura
3379 3293 3570 3350 super-

1995 3366 2182 3422 ﬂuaiu
2218 3383 2390 3424 annos
2437 3369 2704 3437 plurimos
2727 3371 3005 3439 {duratura
3063 3373 3399 3440 praecogitat.
3459 3371 3570 3429 Nec

1998 3458 2350 3512 recordamur
2397 3457 2679 3527 Evangelii
2711 3457 2948 3515 dicentis
2987 3478 3001 3514 :
3037 3459 3237 3525 Stulte,
3279 3460 3376 3515 hac
3422 3473 3573 3517 nocte

1997 3530 2236 3617 auferent
2269 3549 2502 3603 animam
2534 3567 2568 3604 a
2605 3559 2674 3617 te,
2709 3530 2827 3621 qua:
2853 3559 3032 3606 autem
3073 3555 3392 3621 praeparasti
3417 3554 3568 3623 cujus

1995 3649 2147 3693 erunt
2178 3637 2332 3709 (Luc.
2361 3655 2458 3702 xn,
2493 3639 2586 3711 20)
2617 3641 2641 3694 ἲ

2065 3734 2178 3788 Nec
2205 3749 2333 3788 vero
2364 3734 2466 3788 hoc
2493 3734 2680 3788 dicens
2711 3737 3017 3790 condemno
3043 3738 3217 3802 cibos,
3253 3753 3392 3807 quos
3427 3737 3567 3791 Dens

1995 3827 2203 3882 creavit
2227 3826 2294 3880 ad
2324 3826 2584 3880 utendum
2613 3841 2734 3881 cum
2767 3829 3066 3898 gratiarum
3091 3830 3326 3888 actione.
3363 3829 3456 3884 sed
3486 3828 3567 3898 ju.

2001 3921 2228 3974 venilms
2276 3920 2548 3975 incentiva
2597 3934 2718 3974 esse
2745 3935 2932 3976 assero
2972 3920 3310 3990 voluptatum
3330 3920 3441 3993 [Αἰ.
3471 3936 3564 3974 aus

2000 4011 2112 4064 fero
2143 4009 2478 4082 voluptatis].
2519 4007 2638 4065 Non
2671 4010 2872 4066 Aitntci
2934 4014 3108 4080 ignes,
3142 4026 3248 4066 non
3303 4011 3560 4067 Vulcania

2001 4104 2180 4168 tellus,
2217 4114 2320 4158 non
2359 4101 2604 4156 Vesevus
2640 4101 3010 4175 Olympusque
3060 4105 3225 4159 tantis
3275 4105 3563 4160 ardoribds

1998 4201 2248 4258 mstuant,
2283 4201 2340 4246 ut
2365 4193 2634 4262 juveniles
2667 4181 2914 4249 medullae
2957 4195 3082 4249 vino
3113 4196 3308 4266 plenae,
3333 4195 3569 4267 dapibus

2001 4283 2370 4339 inﬂammatae.
2409 4283 2654 4337 Avaritia
2687 4284 2930 4338 calcatur
2959 4299 2989 4338 a
3015 4285 3307 4355 plerisque,
3361 4287 3416 4339 et
3446 4299 3568 4339 cum

2005 4375 2281 4447 marsupio
2329 4375 2643 4444 deponitur.
2681 4374 2996 4430 Maledicam
3044 4377 3276 4446 linguam
3306 4375 3570 4431 indictum

2005 4470 2276 4524 silentium
2309 4467 2559 4523 emendat
2588 4470 2608 4499 '
2638 4483 2654 4534 ;
2687 4467 2864 4523 cultus
2904 4469 3171 4538 corporis,
3235 4479 3292 4523 et
3360 4469 3574 4523 habitus

2003 4564 2238 4615 vestium
2292 4559 2451 4614 unius
2492 4559 2642 4612 hora:
2696 4560 2874 4628 spatio
2931 4563 3322 4616 cornmutatur.
3377 4553 3570 4616 Omnia

2005 4653 2106 4706 alia
2153 4662 2375 4722 peccata
2431 4651 2772 4706 extrinsecus
2825 4660 2975 4715 sunt,
3017 4659 3072 4705 et
3107 4651 3254 4720 quod
3305 4649 3442 4707 foris
3491 4661 3577 4708 cst

2004 4745 2162 4800 facile
2221 4743 2493 4814 obiicitur.
2529 4740 2652 4796 Sola
2695 4743 2866 4796 libiio
2912 4744 3072 4798 insita
3097 4751 3198 4809 est,
3235 4753 3291 4798 et
3340 4745 3570 4812 qna‘dam

2003 4838 2121 4906 lege
2177 4844 2383 4889 natura:
2431 4835 2485 4888 in
2537 4834 2739 4888 coitum
2778 4835 2942 4904 gestit
2976 4847 3284 4904 erumpere.
3341 4832 3574 4889 Grandis

2004 4929 2169 4998 igitur
2197 4929 2422 4981 virtutis
2453 4935 2538 4982 est
2582 4937 2639 4979 et
2690 4925 2936 4980 sollicita:
2983 4927 3277 4996 diligentia:
3310 4939 3570 4994 superare

2006 5019 2146 5090 quod
2189 5027 2347 5074 natus
2378 5018 2477 5085 sis,
2503 5027 2558 5071 et
2584 5017 2640 5070 in
2679 5025 2847 5071 cat-ue
2877 5031 2982 5071 non
3011 5018 3314 5074 carnaliter
3367 5017 3571 5072 vivere.

2570 5171 2797 5229 CAPUT
2829 5171 2967 5226 Xlll.

2443 5267 2515 5322 De
2546 5267 2842 5337 (ἀνηρει-(ιώ
2861 5265 3106 5336 jejuuit's.

2082 5370 2315 5436 Tantum
2352 5382 2446 5433 tibi
2483 5381 2807 5448 jejunio’rum
2843 5394 3086 5443 assume,
3133 5388 3395 5447 quantum
3436 5375 3578 5432 ferre

2012 5484 2162 5544 potes
2196 5489 2210 5539 ;
2233 5473 2478 5527 diversos
2503 5484 2589 5527 est
2616 5472 2756 5525 enim
2782 5471 3063 5525 hominum
3098 5471 3432 5526 stomachus.
3457 5471 3563 5526 Alii

2012 5609 2236 5733 It'lllilum
2265 5609 2535 5674 mandatu
2571 5607 2790 5666 Rubeus
2814 5606 3039 5674 omittit,
3063 5612 3224 5678 atque
3258 5605 3364 5662 alio
3399 5614 3576 5663 tran!‘

2017 5690 2071 5733 tu
2098 5692 2161 5733 tt.

2017 5690 2161 5734 tuht.

3146 5839 3222 5902 12
