4012 6188
403 277 505 338 3ΰ3

1352 274 1415 332 S.
1458 266 1906 332 HlERONYMI
1948 268 2268 329 OPEHUM
2315 264 2712 328 MANTISSA.

3547 259 3658 325 364

402 401 629 455 amans,
675 389 765 444 alii
804 387 1068 452 dulcibus,
1103 385 1192 441 alii
1231 388 1648 454 austerioribus,
1695 387 1784 440 alii
1835 386 1967 440 lovi-
1996 386 2045 444 Α
2072 385 2162 453 qui
2195 387 2287 437 sub
2311 394 2571 454 potestate
2601 392 2772 438 uestra
2821 387 2968 448 sunt,
2993 379 3311 435 stimulatis.
3349 379 3414 434 In
3437 380 3663 451 jutliciis

403 485 506 537 bus
561 481 675 553 [ΑΙ.
713 477 950 550 lenibus]
981 477 1320 533 delectantur
1350 479 1508 534 cibis.
1550 479 1675 532 Ideo
1728 493 1836 532 non
1881 477 1977 532 tibi

403 575 762 628 immoderata
787 573 1116 641 imperamus
1139 571 1369 640 jejnuia,
1399 580 1453 626 et
1505 586 1786 625 enormem
1823 570 1975 622 cibo«

403 683 523 720 rum
552 665 958 736 abstinentiam,
992 663 1192 734 quibus
1240 664 1425 719 statim
1471 678 1700 732 corpora
1753 663 1979 716 delicata

404 757 748 823 franguntur.
791 754 1239 823 Philosophorum
1298 769 1516 823 quoque
1540 752 1812 808 sententia
1873 759 1978 816 est,

404 848 713 900 moderatas
749 859 871 899 esse
909 846 1154 909 virtutes,
1187 846 1516 898 excedentes
1548 844 1769 898 modum
1819 853 1982 912 atque

406 953 716 990 mensuram
756 937 897 989 inter
949 937 1079 990 vitia
1110 936 1378 1006 deputari.
1435 933 1590 988 Unde
1621 945 1675 987 et
1725 951 1867 988 unus
1917 935 1984 990 de

405 1040 612 1098 septem
652 1029 990 1098 sapientibus
1027 1044 1042 1083 :
1071 1027 1153 1081 Ne
1181 1028 1328 1095 quid,
1353 1029 1452 1095 ait,
1485 1025 1814 1080 nimis.Navi
1839 1028 1982 1080 enim

406 1136 506 1188 ego
554 1119 608 1172 in
641 1128 870 1186 utroque
912 1134 1040 1172 sexu
1077 1129 1296 1186 propter
1329 1118 1548 1172 nimiam
1585 1118 1981 1171 abstinentiam

407 1211 618 1263 cerebri
647 1212 930 1262 sanitatem
958 1209 1281 1278 quihusdam
1310 1210 1480 1263 fuisse
1507 1219 1787 1274 vexatam,
1842 1224 1985 1278 prae-

369 1372 375 1377 _
407 1302 594 1355 scrtim
627 1303 715 1369 qui
753 1303 802 1354 in
838 1302 1074 1355 humidis
1132 1310 1185 1354 et
1219 1303 1430 1371 frigidis
1455 1303 1774 1356 habitavere
1811 1303 1986 1356 cellu-

411 1394 498 1460 lis,
557 1395 629 1447 ita
661 1402 720 1447 ut
747 1395 1022 1448 nescirent
1048 1393 1176 1461 quid
1218 1404 1463 1463 agerent,
1500 1409 1676 1462 quove
1709 1409 1771 1448 se
1809 1405 1990 1448 verte-

411 1491 558 1548 rent,
590 1483 718 1552 quid
752 1483 922 1553 loqui,
953 1484 1080 1552 quid
1139 1484 1316 1538 facere
1348 1485 1635 1538 deberent.

485 1577 577 1630 Sic
613 1591 743 1645 ergo
775 1577 938 1630 debes
965 1576 1234 1646 jejunare.
1273 1593 1376 1630 non
1412 1588 1469 1630 ut
1530 1578 1783 1646 palpites,
1815 1588 1868 1630 et
1904 1591 1991 1632 re—

411 1669 619 1739 spirare
651 1669 736 1722 vix
772 1669 968 1737 possis,
1017 1669 1110 1723 sed
1164 1680 1216 1722 ut
1259 1668 1435 1724 fracto
1487 1672 1732 1740 corporis
1783 1671 1992 1739 appeti-

417 1772 496 1824 tu,
554 1775 654 1814 nec
691 1760 743 1814 in
772 1761 1023 1825 lectione,
1059 1776 1154 1815 nec
1178 1765 1228 1815 in
1259 1763 1502 1830 paulmis,
1529 1751 1639 1816 'ncc
1681 1763 1734 1816 in
1784 1762 1983 1830 vigiliis

415 1851 576 1907 solito
627 1849 756 1920 quid
790 1851 969 1905 minus
1025 1850 1218 1905 facias.
1261 1850 1535 1919 Jejuuium
1570 1867 1676 1906 non
1744 1853 1983 1925 perfecta

415 1941 610 2004 virtus,
645 1940 740 1994 sed
773 1949 1087 1993 t‘teterarum
1137 1941 1398 1994 virtutum
1437 1941 1848 1996 fund:mrentnm
1877 1951 1985 2007 est,

415 2041 468 2086 et
510 2032 868 2087 sanctilicatio
909 2041 1072 2100 atque
1113 2033 1376 2099 pudicitia
1416 2033 1655 2086 :etsine
1689 2047 1796 2100 qua
1825 2047 1985 2086 nemo

416 2125 618 2178 videbit
656 2125 843 2179 Deum.
893 2123 1024 2177 Nam
1056 2123 1311 2179 Christus
1352 2139 1448 2192 pro
1487 2125 1652 2178 animi
1709 2125 1987 2180 voluntate

414 2213 593 2267 omnia
640 2215 694 2267 in
736 2223 1014 2280 acceptum
1065 2213 1248 2268 refert.
1317 2213 1617 2280 Displicent
1659 2228 1896 2280 namque
1930 2212 1986 2266 in

418 2305 620 2360 teneris
671 2304 905 2358 maxime
936 2305 1189 2358 aetatibus
1235 2303 1393 2374 longa
1420 2315 1474 2357 ct
1501 2304 1860 2359 immoderata
1905 2304 1990 2374 jeo

411 2398 585 2466 junia,
613 2397 810 2465 quibus
847 2397 1156 2466 junguntur
1193 2398 1582 2462 hchdomades,
1628 2409 1683 2451 et
1730 2399 1908 2452 oleum
1934 2397 1990 2450 in

416 2489 540 2543 cibo
565 2506 627 2542 ac
661 2506 815 2558 pouia
872 2497 1142 2543 vetantur.
1199 2486 1586 2558 Experimento
1623 2487 1814 2554 didici,
1853 2489 1994 2544 asel-

418 2579 529 2633 lum
559 2579 610 2632 in
644 2579 880 2632 via-cuiu
913 2579 1087 2633 lassus
1116 2579 1299 2644 fuerit,
1358 2579 1678 2634 diverticula
1715 2596 1988 2650 querere.

421 2669 539 2725 lloc
573 2671 719 2725 enim
777 2672 828 2725 in
888 2682 1154 2741 perpetuo
1203 2671 1410 2741 jejunio
1446 2683 1773 2742 prteceptum
1808 2683 1911 2741 est,
1935 2685 1992 2730 ut

383 2767 388 2772 ‘
420 2761 582 2829 loiigo
611 2761 790 2815 itineri
827 2760 970 2814 vires
1005 2771 1252 2830 perpetes
1289 2771 1606 2832 suppetant,
1643 2778 1711 2816 ne
1735 2763 1790 2818 in
1817 2764 1988 2834 prima

424 2855 709 2906 tttansionc
739 2862 1048 2920 currentes,
1083 2867 1404 2909 corruamus
1431 2854 1486 2908 in
1525 2856 1741 2909 mediis.

495 2943 760 2999 Caeterum
784 2943 838 2997 in
865 2942 1294 3013 Quadragesima
1315 2947 1686 3015 jcontinentiae
1717 2946 1834 3002 vela
1862 2962 1998 3017 pan-

421 3038 593 3091 denda
621 3046 770 3102 sunt,
807 3045 860 3090 et
891 3045 1000 3091 tota
1029 3037 1230 3106 auriga:
1259 3037 1558 3092 retinacula
1582 3039 1736 3108 equis
1764 3039 1994 3095 laxanda

422 3127 840 3195 properantibus
876 3143 890 3180 :
929 3143 1240 3198 quanquam
1262 3128 1368 3182 alia
1393 3128 1466 3184 sit
1499 3130 1746 3185 conditio
1773 3131 1998 3186 sascula-

423 3219 582 3279 rium,
617 3218 720 3269 alia
765 3219 1182 3272 monachorum.
1230 3219 1518 3274 Saecularis
1554 3220 1718 3275 homo
1770 3220 1825 3274 in
1856 3220 2001 3287 Qua-

421 3307 730 3377 dragcs’ma
755 3310 960 3364 Ventris
985 3311 1278 3379 ingluviem
1307 3311 1582 3382 decoquit,
1603 3322 1655 3366 ct
1681 3312 2002 3382 inlcochlea-

429 3416 550 3454 rum
592 3413 822 3464 DtOl'eln,
849 3416 1013 3455 succo
1041 3401 1294 3457 victitans
1321 3418 1443 3468 suo,
1463 3401 1660 3458 futuris
1685 3402 1912 3472 dapibus
1938 3418 2001 3458 ac

425 3491 632 3557 sagina:
663 3491 1030 3559 aqualiculum
1063 3503 1240 3560 parat.
1270 3493 1568 3548 Monachus
1593 3494 1649 3548 in
1685 3493 1998 3565 Quadrage~

425 3583 562 3637 sima
595 3597 718 3636 suos
734 3583 975 3638 dimittat
999 3599 1192 3653 equos,
1217 3593 1273 3638 ut
1303 3585 1410 3640 sibi
1442 3585 1754 3640 meminerit
1784 3601 2002 3654 seraper

427 3688 548 3727 esse
579 3676 932 3728 currendum.
968 3673 1183 3731 Finitus
1214 3675 1366 3730 labor
1389 3675 1585 3745 major,
1611 3676 1859 3732 inﬁnitus
1886 3693 2002 3732 mo-

427 3767 673 3820 defatior
713 3770 820 3822 est.
869 3765 946 3822 lbi
992 3768 1137 3822 enim
1169 3769 1508 3838 respiramus
1545 3786 1565 3824 .°
1598 3769 1688 3824 hic
1736 3779 2001 3840 perpetuo

427 3858 757 3914 incedimus.
798 3859 890 3915 Sic
944 3868 1126 3916 tamen
1169 3862 1427 3918 comedas
1458 3863 1498 3930 ⁸,
1527 3873 1592 3916 ιιι
1649 3863 1832 3918 statim
1880 3871 2002 3932 post

425 3953 606 4007 cLbain
644 3956 824 4022 possis
863 3954 1061 4023 legere,
1091 3968 1272 4020 orare,
1307 3964 1360 4008 et
1409 3954 1668 4024 psallere.
1725 3954 1850 4009 ldeo
1891 3955 2000 4010 siut

428 4043 522 4095 tibi
547 4053 720 4107 casta,
745 4042 1038 4112 simplicia,
1071 4044 1370 4110 moderata,
1405 4054 1460 4099 et
1487 4060 1594 4101 non
1619 4047 1999 4115 superstitiosa

423 4132 651 4202 jejttnia.

499 4223 606 4277 Sed
656 4224 784 4293 quid
837 4225 1059 4292 prodest
1097 4225 1216 4280 oleo
1271 4240 1376 4278 non
1410 4229 1577 4290 vesci,
1609 4236 1664 4282 et
1722 4229 1999 4284 molestias

427 4317 689 4384 quasdam
715 4315 1164 4387 diﬁieultatesque
1183 4318 1426 4372 ciborum
1451 4335 1715 4389 quaerere,
1748 4337 1992 4393 carycas,

430 4408 603 4474 p’per,
642 4421 829 4472 nuces,
870 4407 1174 4473 palmarum
1211 4409 1442 4477 fructus,
1477 4412 1736 4478 similam,
1766 4422 1820 4468 et
1845 4415 1998 4468 mel?
2026 4399 2076 4459 Ῑ)

429 4492 565 4548 Tota
593 4497 872 4550 hortorum
899 4497 1114 4552 cultura
1143 4507 1395 4565 vexatur,
1421 4512 1475 4554 ut
1495 4503 1704 4556 cibario
1729 4517 1868 4571 pane
1888 4519 1993 4558 non

431 4601 713 4640 vescamur
743 4605 758 4643 :
785 4598 839 4642 et
862 4589 991 4643 dum
1023 4591 1247 4646 delicias
1283 4604 1576 4658 sectamur,
1608 4611 1637 4648 a
1673 4611 1839 4666 regno
1887 4613 2000 4652 ca:-

431 4680 606 4732 lornm
663 4681 1017 4740 retrahimur.
1045 4681 1153 4737 Nec
1179 4685 1223 4738 si
1253 4687 1414 4740 biduo
1448 4698 1542 4740 aut
1583 4689 1764 4742 triduo
1786 4687 2003 4758 jejunae

432 4770 596 4836 veris,
632 4782 792 4841 putes
851 4781 905 4826 te
959 4771 1335 4845 jejunantibus
1391 4791 1518 4831 esse
1565 4778 1871 4834 meliorem.
1912 4777 1995 4833 Tu

425 4862 640 4932 jejunus
671 4873 725 4918 et
749 4864 999 4920 irasceris
1021 4882 1039 4934 ;
1063 4867 1152 4922 ille
1181 4868 1439 4936 comedit,
1461 4880 1516 4924 et
1547 4869 1686 4926 forte
1707 4873 1821 4943 [ΑΙ.
1847 4872 1996 4927 fron-

371 4953 377 5006 ἑ
435 4953 510 5027 te]
544 4955 837 5010 blanditur.
867 4957 948 5012 Tu
966 4961 1302 5016 vexationem
1325 4964 1523 5018 mentis
1551 4974 1606 5018 et
1643 4967 1847 5021 ventris
1870 4981 1998 5022 esu-

433 5050 568 5101 riem
589 5047 886 5118 jejunando
917 5048 1026 5123 [ΑΙ.
1053 5052 1308 5125 rixando]
1333 5055 1536 5126 digeris
1572 5071 1589 5115 :
1622 5056 1713 5112 ille
1748 5060 2000 5115 modera-

436 5141 540 5193 tius
609 5142 794 5206 alitur,
849 5151 903 5197 ct
967 5145 1172 5214 gratias
1230 5147 1341 5215 agit
1403 5147 1535 5202 Dco.
1573 5148 1726 5204 Unde
1761 5151 2007 5218 quotidie

433 5232 634 5284 clamat
665 5231 830 5286 Isaias
855 5246 870 5286 :
911 5230 1028 5286 Non
1053 5235 1158 5288 tale
1173 5235 1440 5304 jejunium
1469 5238 1624 5309 elegi,
1665 5241 1794 5296 dicit
1822 5243 2009 5297 Domi-

438 5338 537 5376 nus
558 5322 694 5389 (Isa.
740 5339 898 5389 Lxm,
923 5326 1001 5396 5).
1032 5327 1096 5381 Et
1119 5328 1314 5382 iterum
1345 5348 1360 5384 :
1387 5329 1448 5383 In
1475 5331 1656 5387 diebus
1673 5332 2008 5402 jejuniorum

433 5425 732 5470 vestrorum
763 5418 1111 5472 inueniuntur
1144 5418 1446 5476 voluntates
1500 5437 1686 5479 vestra:
1717 5443 1736 5481 :
1760 5437 1809 5479 et
1830 5442 2008 5482 omnes

508 5619 771 5699 Eéddttut
805 5620 904 5699 alii_
929 5621 1072 5699 libri,
1104 5641 1122 5675 ι
1155 5622 1223 5679 Ut
1253 5641 1473 5699 semper
1498 5630 1728 5685 esurias.
1764 5649 1785 5684 ι

510 5691 530 5723 ³
559 5689 799 5758 Bnheus,
836 5709 853 5742 ι
886 5691 999 5748 lmo
1048 5693 1191 5752 inter
1227 5697 1345 5768 ejus
1376 5689 1390 5699 ’
1413 5714 1542 5757 sues
1595 5703 1908 5770 gruuniunt.
1935 5721 1954 5756 ι

2086 762 2347 821 occupat,

2083 487 2131 530 et
2185 477 2368 530 litibus
2408 475 2688 546 jejunatis,
2717 483 2766 529 et
2799 474 3077 545 percutitis
3116 475 3311 544 pugnis
3347 473 3605 526 humilem
3647 491 3666 530 .'

2085 577 2141 622 ut
2179 569 2307 638 quid
2339 569 2466 622 mihi
2513 567 2779 638 jejuuatt's
2831 567 3000 637 (Ibid.
3061 569 3118 630 5.
3175 565 3474 635 Ljiouale
3540 567 3672 620 illud

2087 671 2264 730 potest
2313 675 2434 716 esse
2492 660 2788 727 jejunium,
2839 660 2997 727 cujus
3037 659 3173 712 iram
3211 674 3322 712 non
3347 659 3522 711 dicam
3564 673 3670 712 nos

2421 751 2513 805 sed
2554 751 2678 804 luna
2713 751 2980 820 integram
3009 748 3338 816 derelinqnit
3371 748 3394 801 ?

2159 844 2414 914 Teipsum
2447 843 2803 897 considerans
2836 841 2946 896 noli
2979 840 3034 895 in
3068 841 3294 894 alterius
3328 839 3509 903 ruina,
3570 839 3668 895 sed

2091 939 2142 992 in
2198 951 2287 990 tuo
2336 951 2498 1004 opere
2557 933 2779 1002 gloriari
2826 947 2969 990 :nec
3021 931 3238 986 illorum
3298 931 3391 986 tibi
3424 931 3673 999 exempla

2091 1044 2386 1098 proponas,
2422 1025 2514 1096 qui
2567 1027 2749 1080 carnis
2781 1039 2970 1080 curam
3022 1023 3312 1088 facientes,
3365 1023 3670 1092 possessio-

2090 1139 2217 1176 num
2253 1123 2496 1174 redditus
2528 1131 2584 1174 et
2616 1119 2963 1188 quotidianas
2991 1117 3188 1172 domus
3216 1116 3488 1184 impensas
3547 1129 3675 1180 sitp-

2093 1225 2306 1283 putant.
2350 1213 2460 1266 Nec
2513 1213 2658 1265 enim
2689 1209 2945 1264 undecim
2995 1208 3201 1262 Christi
3233 1205 3462 1276 apostoli
3520 1203 3677 1258 Judze

2092 1307 2398 1376 proditione
2427 1314 2550 1358 sunt
2583 1302 2743 1356 fracti
2779 1316 2927 1357 :nec
2983 1299 3198 1355 Phileto
3254 1309 3309 1353 et
3364 1298 3678 1352 Alexandro

2093 1395 2433 1465 naufragium
2466 1396 2722 1456 faciente,
2768 1392 2951 1448 caueri
2990 1407 3019 1446 a
3051 1405 3216 1447 cursu
3281 1389 3402 1444 ﬁdei
3463 1389 3673 1444 substi-

2096 1500 2279 1546 terunt
2317 1487 2364 1559 (Ι
2395 1492 2529 1542 Tim.
2569 1504 2630 1553 ιι,
2662 1487 2715 1554 8,
2752 1486 2861 1556 10).
2887 1483 3148 1541 Convivia
3179 1497 3396 1554 quoque
3425 1482 3519 1536 tibi
3551 1491 3682 1537 sunt

2095 1582 2314 1637 vitanda
2341 1580 2682 1635 saecularium
2709 1594 2726 1637 :
2755 1577 2991 1633 maxime
3039 1591 3230 1632 eorum
3253 1576 3344 1646 qui
3376 1575 3680 1630 horroribus

2099 1684 2336 1728 tument.
2399 1673 2534 1728 Nam
2569 1671 2790 1741 pinguis
2852 1677 3047 1726 venter
3081 1683 3189 1725 non
3238 1668 3408 1739 gignit
3453 1681 3683 1721 sensum

2099 1774 2340 1818 tenuem.

2174 1853 2344 1908 Docet
2375 1850 2566 1921 IEsopi
2602 1847 2809 1913 fabula.
2848 1850 3066 1920 plenum
3101 1849 3276 1904 muris
3299 1856 3545 1902 ventrem
3580 1861 3686 1916 per

2101 1952 2390 2014 angustum
2429 1942 2676 1997 foramen
2707 1943 2892 2012 egredi
2926 1957 3032 1996 non
3059 1941 3261 1994 valere.
3300 1937 3680 2006 Quoscunque

2102 2048 2338 2104 namque
2396 2033 2691 2099 formosos,
2747 2033 3174 2096 calamistratos,
3241 2030 3396 2085 crine
3451 2043 3688 2094 compoo

2103 2125 2259 2187 sitos,
2283 2125 2368 2178 vel
2400 2123 2594 2178 buccis
2626 2123 2948 2178 rubentibus
2977 2122 3202 2185 videris,
3221 2120 3288 2174 de
3313 2129 3563 2173 armento
3589 2116 3689 2172 Jo-

2104 2216 2307 2270 viniaui
2344 2227 2474 2270 sunt
2503 2231 2518 2269 :
2554 2215 2695 2268 inter
2727 2229 2876 2283 quos
2907 2214 3205 2284 grunniunt
3242 2225 3368 2264 sues
3403 2213 3446 2264 ’.
3477 2210 3552 2263 De
3585 2225 3688 2262 no-

2103 2316 2221 2362 stro
2256 2321 2438 2376 grege,
2471 2307 2681 2370 tristes,
2712 2305 2921 2374 pallidi,
2952 2304 3159 2360 sordidi
3219 2301 3330 2375 [ΑΙ.
3359 2297 3678 2376 sordidati],

2105 2412 2158 2455 et
2185 2401 2339 2469 quasi
2374 2398 2647 2471 peregrini
2698 2398 2858 2467 hujus
2889 2397 3096 2463 saeculi,
3126 2397 3254 2452 licet
3285 2410 3539 2451 sermone
3584 2409 3688 2449 ca-

2106 2500 2261 2546 reant
2315 2489 2426 2563 [ΑΙ.
2457 2489 2737 2562 taceant],
2795 2489 2985 2545 habitu
3038 2490 3340 2557 loquuntur
3385 2496 3440 2540 et
3477 2496 3628 2556 gestu
3663 2500 3685 2541 :

2108 2583 2228 2640 IIcu
2287 2585 2417 2639 mihi
2443 2583 2464 2638 !
2493 2585 2622 2655 quia
2677 2581 3030 2653 peregrinatio
3092 2596 3207 2635 mea
3246 2577 3566 2649 prolongata
3603 2587 3691 2632 es:

2110 2677 2292 2750 (Psal.
2331 2691 2480 2741 esis,
2512 2674 2590 2743 5).
2621 2667 2773 2730 Unde
2795 2687 2987 2728 saccus
3012 2680 3066 2727 et
3090 2670 3356 2753 jejunium
3377 2685 3526 2725 arma
3555 2677 3691 2724 sunt

2108 2766 2470 2838 paenitentiae,
2505 2772 2560 2819 et
2591 2764 2793 2818 auxilia
2847 2769 3198 2834 peccatorum
3241 2759 3284 2815 ⁸.
3323 2759 3460 2814 Etsi
3494 2775 3525 2814 e
3547 2759 3692 2813 duo-

2111 2857 2213 2913 bus
2255 2855 2584 2912 necessariis
2613 2869 2781 2910 unum
2840 2862 2930 2910 est
2988 2851 3424 2908 subtrahendum
3461 2851 3692 2921 :magis

2109 2950 2306 3020 eligam
2329 2941 2598 3021 jejunium
2629 2947 2837 3018 absque
2863 2959 3045 3012 sacco,
3104 2960 3270 3017 quam
3300 2959 3517 3002 saccum
3548 2949 3688 2999 abs-

2021 3064 2068 3128 ο
2099 3055 2210 3112 quo
2269 3041 2500 3113 jejunio.
2534 3040 2605 3096 At
2635 3055 2765 3096 vero
2801 3039 2855 3094 hi
2885 3040 3083 3109 quibus
3108 3030 3430 3110 [renitentia
3493 3038 3694 3108 praci-

2107 3135 2281 3205 pitur,
2313 3142 2715 3201 consequenter
2745 3133 2810 3186 ad
2837 3131 3108 3202 jejunium
3139 3146 3360 3186 saccum
3401 3133 3691 3212 c0pulant.

2102 3228 2221 3284 Non
2257 3228 2472 3298 quidem
2522 3238 2683 3282 sanat
2710 3229 2951 3295 oculum,
2987 3227 3132 3298 quod
3162 3227 3422 3285 calcaneo
3453 3226 3686 3281 adhibe-

2105 3333 2212 3376 tur.
2249 3317 2468 3390 Jejunio
2526 3321 2816 3389 passiones
2863 3322 3135 3392 corporis,
3199 3322 3447 3376 oratione
3503 3327 3736 3388 pestes.

2103 3412 2363 3468 sanandte
2388 3419 2518 3466 sunt
2547 3413 2766 3468 mentis.
2810 3412 2985 3482 Igitur
3009 3428 3104 3482 per
3126 3410 3396 3482 jejunium
3445 3411 3692 3466 ostendi-

2102 3517 2192 3561 tur
2224 3519 2324 3561 nos
2382 3505 2464 3562 ire
2505 3507 2569 3565 ,in
2621 3507 2961 3576 paradisum,
3001 3509 3145 3564 unde
3181 3521 3278 3579 per
3335 3507 3687 3560 saturitatem

2102 3595 2383 3652 fueramus
2429 3597 2612 3668 ejecti.
2661 3597 2797 3654 Nam
2823 3599 3092 3669 jejunium
3120 3609 3279 3656 curat
3321 3598 3544 3655 vulnera
3586 3596 3693 3676 de-

2103 3689 2426 3760 linquentis,
2457 3699 2790 3762 curatosque
2826 3692 3156 3748 sanctiﬁcat.

2667 3845 2896 3904 CAPUT
2953 3847 3098 3903 XIV.

2278 3938 2359 3994 De
2381 3939 2845 4010 contemplatione,
2885 3943 3151 4006 oratione,
3187 3948 3237 3994 et
3275 3940 3519 3995 lectione.

2177 4051 2233 4108 Si
2268 4052 2571 4109 monachus
2599 4067 2718 4108 esse
2752 4052 2857 4117 vis,
2881 4068 2988 4108 non
3015 4053 3209 4122 videri,
3237 4055 3434 4110 habeto
3459 4071 3681 4122 curam,

2103 4159 2209 4199 non
2249 4144 2331 4200 rei
2370 4144 2673 4213 familiaris,
2712 4163 2801 4202 cui
2835 4147 3192 4200 renuntiando
3223 4147 3329 4202 hoc
3352 4163 3472 4203 esse
3504 4151 3690 4218 carpi-

2105 4235 2196 4302 sti,
2227 4240 2322 4293 sed
2353 4239 2546 4293 animle
2575 4247 2698 4294 tuae.
2747 4241 2884 4294 Ama
2917 4239 3206 4294 scientiam
3238 4240 3679 4310 Scripturaruui,

2105 4337 2164 4382 et
2196 4329 2379 4384 carnis
2414 4331 2543 4384 vitia
2611 4347 2719 4385 non
2775 4331 3008 4386 amabis.
3044 4329 3254 4401 Corpus
3308 4334 3514 4401 pariter
3567 4335 3698 4388 ani-

2107 4436 2335 4491 musque
2396 4423 2688 4478 tendantur
2737 4426 2803 4478 ad
2843 4423 3153 4480 Dominum.
3222 4425 3314 4480 Sic
3345 4426 3572 4494 teipsmn
3631 4429 3692 4482 in

2105 4513 2324 4581 caelum,
2357 4516 2539 4570 animo
2557 4517 2845 4586 gestiente,
2891 4531 3198 4585 prsecurras
3234 4515 3345 4590 ΙΑΙ.
3377 4520 3693 4590 procures],

2107 4618 2166 4659 ut
2191 4606 2318 4660 dum
2349 4621 2579 4676 corpore
2613 4610 2846 4663 moraris
2873 4609 2928 4664 in
2966 4620 3135 4674 terra,
3158 4609 3272 4680 jam
3303 4611 3368 4665 ad
3398 4611 3693 4667 Christum

2109 4709 2293 4754 mente
2330 4699 2642 4769 pervenias.
2693 4700 2998 4757 Assuescas
3025 4715 3258 4771 ,quoque
3292 4707 3358 4757 ad
3412 4706 3699 4759 orationes

2112 4803 2167 4848 et
2199 4795 2439 4862 psalmos
2467 4802 2628 4847 nocte
2646 4807 2996 4864 consurgere,
3025 4809 3185 4850 mane
3203 4795 3431 4866 hymnos
3452 4781 3649 4849 canere
3679 4812 3702 4856 ;

2113 4884 2293 4948 tertia,
2329 4892 2510 4947 sexta,
2542 4898 2686 4938 nona
2714 4887 2848 4939 hora
2868 4893 3015 4941 stare
3041 4884 3095 4940 in
3126 4885 3244 4940 acie
3277 4887 3432 4955 quasi
3462 4885 3696 4940 bellato-

2111 4989 2226 5029 rem
2255 4974 2482 5038 Christi,
2538 4991 2874 5046 accensaque
2930 4978 3148 5034 lucerna
3199 4979 3431 5034 reddere
3477 4979 3702 5034 sacriﬁ-

2111 5066 2254 5118 cium
2279 5065 2672 5134 vespertinum.
2710 5065 2801 5123 Sic
2823 5067 2940 5123 dies
2963 5077 3226 5133 transeat,
3276 5068 3354 5124 sic
3385 5082 3492 5122 nox
3535 5068 3702 5122 inve-

2111 5156 2224 5211 niat
2253 5155 2630 5222 laborantem;
2660 5159 2897 5216 orationi
2953 5145 3132 5227 lectio,
3165 5159 3388 5216 lectioni
3421 5159 3694 5217 succedat

2111 5249 2305 5303 oratio.
2336 5247 2619 5320 Praecipue
2650 5265 2714 5306 ea
2781 5267 2904 5322 quae
2963 5253 3141 5309 sancti
3188 5252 3417 5318 faciunt,
3455 5253 3507 5306 iu
3557 5266 3703 5310 con-

2113 5351 2303 5419 spectu
2347 5340 2441 5396 Dei
2475 5341 2704 5408 faciunt,
2735 5354 2791 5400 et
2817 5345 3116 5415 pleniorem
3141 5346 3428 5403 scientiam
3455 5345 3551 5400 Dei
3593 5357 3706 5401 ac-

2117 5434 2328 5502 cipiunt
2358 5450 2376 5502 ;
2410 5445 2465 5492 et
2497 5437 2710 5506 plenius
2742 5437 2942 5496 divinis
2972 5440 3164 5496 imbuti
3213 5450 3340 5496 sunt
3364 5439 3704 5506 disciplinis.

2073 5636 2400 5712 llostlocum
2457 5641 2675 5712 psalmi,
2717 5642 2829 5699 Heu
2863 5644 3014 5705 mihi.
3047 5655 3176 5704 etc..
3242 5647 3627 5710 praetcrmittit.

2145 5707 2164 5739 ³
2196 5707 2486 5780 l’erperaiu
2514 5707 2884 5784 Martialis-us,
2935 5734 2958 5769 ι
2987 5715 3053 5771 Ει
3087 5717 3192 5772 alia
3214 5707 3560 5788 peccatorum
3604 5736 3627 5774 s
