4004 6192
293 237 406 304 365

1455 241 1606 304 REG
1621 235 1762 303 ΗΒΑ
1824 238 2186 303 MONACIT".
2201 259 2249 304 ιι
2261 235 2392 304 UM:

3441 231 3548 299 366

283 359 345 412 Si
386 358 534 412 enim
559 365 796 430 aegrotus
830 365 885 412 et
913 367 1154 412 aestuans
1185 357 1424 412 febribus
1473 375 1666 426 aquam
1705 358 1858 421 l‘rigi-
1893 367 1934 421 Α
1968 364 2064 414 bor
2091 362 2288 414 mentis
2310 374 2431 412 esse
2461 371 2620 426 quam
2663 355 2868 412 carnis.
2896 353 3182 426 Quomodo
3213 354 3358 410 enim
3395 359 3540 426 quod

281 452 413 505 dam
446 452 704 520 postulet,
743 461 798 504 et
839 452 982 504 dicat
1007 452 1072 504 ad
1140 451 1407 503 medicum
1444 469 1456 504 :
1499 452 1614 503 Vim
1668 451 1867 518 patior,

283 542 507 597 crucior
548 540 658 608 (Al.
710 543 882 610 uror).
922 543 1239 600 exanimor,
1283 553 1581 609 tistpiequ‘n,
1635 543 1866 606 medice;

281 634 556 697 clamabo,
590 642 644 688 et
692 649 798 686 non
832 634 1138 687 exaudies?
1198 645 1249 684 et
1305 636 1630 700 respondent
1656 631 1867 701 sapien-

278 727 529 782 tissimus
562 726 804 779 medicus
836 741 851 780 :
881 713 1008 779 Scio
1037 741 1142 794 quo
1179 737 1422 788 tempore
1455 727 1678 778 debeam
1735 720 1868 777 dare

279 823 429 890 quod
461 820 726 888 postulas,
761 835 863 874 ιιοιι
908 821 1176 873 misereor
1233 820 1416 882 modo,
1471 821 1594 887 quia
1653 820 1864 871 miseri.

282 909 473 965 cordia
504 909 609 962 ista
639 911 937 964 crudelitas
969 919 1072 972 est,
1107 920 1165 964 et
1190 909 1444 964 voluntas
1477 921 1562 963 tua
1599 918 1786 961 contra
1812 917 1864 960 te

279 1002 420 1071 petit
463 1017 480 1058 :
526 1001 599 1056 ila
637 999 896 1055 Dominus
949 1011 1136 1054 noster
1189 1004 1368 1054 sciens
1413 1003 1714 1054 clementia:
1752 985 1864 1055 sua:

281 1096 530 1165 pondera
563 1105 723 1164 atque
787 1108 1097 1154 mensuras,
1158 1095 1424 1146 interdum
1481 1101 1589 1144 non
1643 1091 1862 1144 exaudit

279 1185 630 1250 clamantem,
652 1194 711 1238 ut
735 1199 859 1238 eum
889 1186 1096 1254 probet,
1124 1196 1176 1237 et
1208 1185 1376 1252 magis
1398 1183 1647 1250 provocet
1679 1183 1743 1234 ad
1774 1198 1861 1234 ro-

277 1277 544 1346 gandunr,
571 1287 626 1331 et
654 1277 809 1345 quasi
841 1277 966 1343 igne
998 1287 1305 1340 excoctum,
1357 1264 1640 1341 justiorem
1672 1279 1728 1326 et
1761 1289 1852 1341 pu-

277 1366 482 1422 riorem
509 1367 695 1422 faciat.

352 1461 435 1512 Ad
467 1461 773 1514 orationem
810 1465 970 1511 nocte
1011 1456 1362 1526 consurgenti
1412 1471 1518 1509 non
1569 1455 1857 1520 indigestio

285 1549 396 1605 cibi
424 1558 635 1602 ructum
676 1547 864 1612 faciat,
906 1546 998 1600 sed
1048 1547 1299 1599 inanitas.
1339 1544 1470 1598 Nam
1507 1545 1723 1613 quidam
1774 1545 1856 1598 vir

275 1639 426 1696 inter
484 1643 737 1710 paStores
752 1638 983 1692 eshnius
1016 1654 1030 1690 :
1068 1638 1208 1690 sicut
1237 1635 1440 1698 l‘urmts,
1473 1637 1665 1705 inquit,
1705 1634 1854 1704 fugat

1979 469 2138 506 manu
2171 463 2224 506 et
2249 466 2476 521 corpore
2503 451 2582 512 lit,
2611 466 2806 504 manus
2831 459 2884 505 et
2921 449 3168 518 corporis
3192 448 3377 504 labore
3395 464 3543 502 com-

1975 544 2175 613 pletur,
2245 543 2316 596 ita
2372 541 2514 610 quod
2570 541 2634 595 ad
2693 542 2982 595 lectionem
3048 541 3316 609 pertinet,
3373 540 3543 608 magis

1976 636 2170 688 mentis
2203 637 2285 688 'est
2325 635 2496 688 labdr.
2530 633 2747 688 Litterae
2786 647 3020 702 namque
3050 631 3390 701 marsupium
3430 647 3540 686 non

1971 737 2292 796 seqtmntur,
2347 727 2564 782 Sudoris
2603 735 2782 780 tamen
2818 709 3048 780 ramites
3079 736 3207 794 sunt
3234 725 3536 790 etllaboris,

1969 817 2129 873 socia:
2149 809 2497 890 ieiuniorum,
2526 833 2627 870 nou
2661 801 2961 885 saturitatis
2993 833 3006 870 :
3033 809 3404 882 continentiae,
3429 831 3536 870 non

1971 913 2218 966 luxuriae.
2264 910 2413 964 Uttdc
2447 911 2662 978 quidam
2719 909 2968 978 Origt'itis
2997 909 3305 982 discipulus
3357 908 3493 962 dixit
3522 946 3540 972 ,

1970 1019 2242 1072 nunquam
2277 1016 2335 1055 se
2359 1005 2564 1065 cibum,
2586 997 2819 1068 Origene
2856 1009 3140 1066 pt‘msente,
3162 999 3282 1053 sine
3309 998 3544 1053 lectione

1965 1097 2263 1164 sumpsisse
2340 1101 2609 1159 nunquam
2638 1094 2801 1146 inisse
2828 1093 2935 1163 [ΑΙ.
2964 1089 3231 1162 evenisse]
3260 1105 3538 1155 sontnum,

1966 1187 2069 1240 nisi
2102 1201 2242 1238 unus
2268 1199 2296 1236 e
2329 1185 2591 1238 fratribus
2629 1184 2804 1237 sarris
2832 1173 3052 1236 Litteris
3085 1186 3430 1249 personaret.

2037 1277 2272 1331 Eileutes
2305 1288 2484 1330 autem
2509 1275 2744 1330 cucullis
2773 1275 2951 1342 capita
2985 1289 3080 1326 sua
3115 1273 3314 1336 velent,
3346 1287 3416 1325 ne
3456 1270 3538 1326 al-

1963 1381 2046 1426 ter
2076 1370 2308 1422 alterum
2337 1368 2564 1436 aspiciat
2602 1364 3022 1418 manducantem
3061 1377 3080 1417 :
3113 1378 3178 1418 ue
3208 1362 3352 1432 loqui
3383 1360 3539 1429 quid-

1961 1467 2120 1528 quam
2164 1459 2327 1514 liceat
2350 1460 2475 1512 dum
2516 1445 2870 1512 Inanducant.
2902 1456 3068 1524 Igitur
3099 1456 3319 1527 quando
3349 1469 3536 1508 come-

1960 1552 2127 1615 deris,
2165 1551 2340 1616 cogita
2391 1550 2535 1620 quod
2584 1549 2769 1603 statim
2827 1547 2923 1602 tibi
2969 1546 3240 1602 orandum
3293 1544 3440 1600 llli’co
3487 1556 3541 1601 et

1961 1640 2247 1708 legendum
2290 1643 2384 1694 sit.

278 1743 436 1802 3095.
474 1734 556 1788 sic
582 1731 845 1798 indigesta
877 1729 1109 1783 ructatio
1151 1729 1348 1782 avertit
1380 1729 1620 1799 Spiritus
1671 1730 1848 1782 sancti
1883 1737 1925 1792 Β
2029 1731 2102 1786 De
2139 1731 2442 1800 Scripturis
2473 1729 2675 1785 sanctis
2710 1711 2910 1786 habeto
2939 1729 3102 1783 li'xum
3128 1717 3390 1784 versuum
3417 1741 3534 1780 nu-

287 1823 642 1878 charismata.
676 1820 886 1875 ﬂuctus
946 1831 1126 1873 autent
1185 1819 1384 1873 dicitur
1434 1819 1650 1888 proprie
1702 1818 1855 1887 dige-

279 1916 390 1969 stio
445 1913 592 1976 cibi,
652 1920 707 1965 et
752 1919 1152 1966 concoctarum‘
1204 1921 1453 1963 escarum
1515 1910 1568 1963 iu
1630 1915 1850 1964 ventum

276 2004 501 2062 ellatio.
540 2003 825 2071 Quomodo
863 2016 994 2071 ergo
1035 2003 1192 2071 juxta
1242 2000 1560 2071 qualitatem
1606 2000 1853 2054 ciborum

277 2098 350 2152 de
376 2096 664 2152 stomacho
692 2103 878 2148 ructus
903 2094 1162 2160 erumpit.
1203 2103 1257 2146 et
1291 2092 1375 2145 vel
1408 2091 1554 2153 boni,
1591 2092 1678 2145 vel
1727 2088 1853 2145 mali

277 2191 465 2243 odoris
501 2187 662 2242 ﬂatus
701 2185 968 2240 indicium
999 2195 1105 2247 cst,
1158 2183 1233 2237 ita
1293 2183 1570 2237 interioris
1620 2181 1858 2236 hominis

276 2266 647 2350 cogitationes
708 2277 873 2332 verba
930 2275 1254 2347 proferunt,
1311 2284 1366 2328 et
1418 2289 1484 2328 ea:
1523 2273 1852 2328 abundantia

273 2374 452 2427 cordis
489 2387 546 2425 os
604 2371 838 2441 loquitur
864 2367 1023 2440 (Luc.
1078 2383 1155 2430 vr,
1181 2366 1293 2436 45).
1323 2365 1512 2420 Justus
1561 2367 1858 2420 comedens

279 2463 457 2533 replet
503 2464 738 2516 animam
795 2474 974 2516 suam.
1041 2456 1292 2526 Cumque
1359 2459 1530 2510 sacris
1593 2456 1858 2510 doctrinis

280 2553 451 2608 fuerit
482 2554 735 2616 satiatus,
769 2552 836 2606 de
861 2550 989 2604 boui
1019 2549 1202 2604 cordis
1233 2549 1492 2601 thesauro
1544 2547 1752 2616 profert
1793 2561 1857 2600 ea

281 2657 407 2713 quae
432 2645 575 2695 bona
612 2652 764 2695 sunt.
1449 2689 1452 2692 .

351 2731 620 2786 Crebrius
654 2731 790 2798 lege,
819 2738 874 2785 et
903 2729 1053 2783 disce
1079 2729 1501 2798 quamplurima,
1538 2737 1594 2781 et
1639 2731 1860 2782 tenente

287 2836 338 2880 te
368 2824 898 2888 codicem,somnus
941 2824 1191 2891 obrepat,
1241 2831 1296 2876 et
1348 2823 1632 2876 cadentem
1684 2809 1858 2874 aciem

285 2919 484 2987 pagina
529 2923 721 2970 sancta
768 2916 1052 2985 suscipiat.
1095 2913 1164 2968 Et
1204 2923 1517 2983 quanquam
1566 2916 1861 2980 Apostolus

286 3021 509 3077 semper
550 3013 713 3062 orare
762 3007 1095 3077 nusjubeat,
1136 3014 1194 3059 et
1248 3008 1457 3059 sanctis
1516 3006 1683 3056 etiam
1741 3002 1859 3072 ipse

1963 1838 2198 1877 merum.
2237 1822 2386 1878 Istud
2417 1837 2642 1892 pcnsmn
2668 1820 2901 1877 Domino
2924 1828 3016 1874 tuo
3045 1819 3236 1874 redde.
3271 1816 3384 1874 Nec
3407 1829 3536 1873 ante

1960 1916 2200 1969 membra
2233 1915 2402 1984 Quieti
2433 1915 2728 1976 concedas,
2759 1927 2923 1982 quam
2955 1911 3237 1967 calathum
3275 1907 3388 1982 [ΑΙ.
3417 1905 3535 1980 pal—

1957 2004 2188 2078 ladium]
2241 2009 2476 2074 pectoris
2509 2006 2584 2058 tui
2615 2007 2718 2059 hoc
2753 2003 3101 2072 subtegmine
3154 1997 3524 2072 compleveris

1961 2100 2088 2154 Post
2114 2111 2333 2154 sanctas
2366 2097 2704 2169 Scrip'turas,
2755 2097 3042 2151 doctorum
3087 2096 3373 2150 hominum
3418 2086 3536 2148 tra-

1959 2199 2139 2246 ctatus
2169 2190 2305 2257 lege,
2333 2197 2523 2242 eorum
2551 2179 2811 2242 duntaxat
2832 2201 3062 2257 quorum
3095 2175 3228 2241 tides
3252 2176 3379 2240 nota
3411 2181 3533 2249 est;

1959 2284 2214 2352 quoniam
2246 2279 2478 2338 eruditio
2517 2286 2770 2337 timorem
2799 2291 2974 2347 creat,
3037 2279 3310 2350 imperitia
3359 2260 3536 2355 conii-

1961 2373 2358 2430 dentiam.Sed
2417 2369 2545 2428 tunc
2593 2363 2877 2442 Scriptura
2932 2371 3177 2443 proderit
3223 2361 3456 2443 legeuii,"
3485 2369 3535 2427 ιι

1960 2464 2104 2534 quod
2137 2463 2350 2529 le’geris,
2380 2463 2546 2531 opere
2586 2463 2943 2529 compleatur.
3343 2531 3346 2535 ἴ

2033 2549 2249 2606 Illorum
2281 2553 2445 2618 igitur
2479 2551 2822 2615 tractatibus,
2855 2542 3072 2606 illorum
3106 2535 3413 2608 'deleCteris
3446 2551 3535 2606 lti-

1963 2648 2136 2714 geniis
2157 2655 2214 2699 et
2239 2645 2413 2711 libris,
2457 2659 2688 2714 quorum
2723 2641 2900 2712 pietas
2952 2643 3078 2698 lldei
3138 2660 3244 2699 non
3292 2631 3532 2702 vacillat.

1963 2740 2206 2793 Caeteros
2246 2739 2326 2791 sic
2355 2737 2494 2804 lege,
2525 2745 2582 2788 ut
2618 2735 2788 2804 magis
2809 2735 3022 2804 judices
3061 2723 3224 2807 quem
3257 2723 3532 2806 sequaris.

1962 2827 2170 2882 Caveas
2195 2828 2374 2881 omnia
2413 2827 2722 2897 apocrypha
2761 2843 2778 2880 :
2815 2809 2871 2880 et
2901 2827 2949 2881 si
2983 2819 3201 2896 quando
3229 2842 3294 2880 ea
3333 2833 3438 2882 non
3464 2828 3537 2882 ad

1966 2919 2278 2989 dogmatum
2311 2919 2593 2972 veritatem
2634 2919 2814 2984 legere
2842 2903 3103 2983 volucris,
3128 2909 3270 2974 scias
3299 2935 3407 2974 non
3440 2935 3537 2976 eo-

1968 3024 2087 3062 rum
2114 3024 2234 3064 esse
2255 3014 2484 3078 queram
2507 3008 2671 3062 titulis
2693 2997 3073 3078 pranotantur
3115 3005 3130 3065 ἑ
3165 3010 3442 3080 multaque
3477 3011 3534 3066 in

282 3099 516 3158 Domnus
552 3102 731 3154 oratio
759 3101 853 3163 sit,
887 3109 1069 3153 tamen
1096 3097 1304 3150 divisas
1337 3095 1526 3149 orandi
1564 3097 1727 3147 horas
1766 3105 1858 3145 dc-

1967 3101 2046 3156 his
2079 3103 2310 3156 admista
2332 3101 2544 3157 vitiosa.
2575 3102 2639 3154 Et
2658 3094 2880 3172 grandis
2906 3093 3204 3171 prudentiae
3222 3112 3306 3158 est
3339 3118 3534 3158 aurum

281 3195 474 3249 beatius
512 3192 716 3246 habere
755 3207 770 3245 :
804 3198 861 3243 ut
906 3191 952 3244 si
1005 3190 1190 3257 aliquo
1243 3187 1511 3240 fuerimus
1545 3199 1712 3254 Opere
1769 3186 1862 3238 tle-

284 3285 442 3346 teuti,
472 3286 644 3350 ipsum
679 3295 776 3336 nos
805 3284 872 3334 ad
901 3280 1139 3333 ollicium
1167 3289 1385 3347 tempus
1407 3276 1719 3330 admoneat.
1750 3275 1862 3328 Nec

280 3378 392 3430 cibi
422 3389 550 3429 ante
573 3383 882 3439 sumantur,
939 3373 1045 3426 nisi
1076 3372 1326 3426 oratione
1376 3369 1680 3438 prztnissa.
1745 3367 1860 3421 Nec

279 3469 572 3522 recedatur
609 3481 642 3520 a
696 3479 922 3529 mensa,
966 3465 1068 3518 nisi
1108 3463 1417 3518 referantur
1463 3463 1651 3531 gratiae
1694 3459 1862 3513 Crea-

280 3560 414 3614 tori.
453 3558 806 3627 Egredientes
834 3559 1126 3625 hospitmm
1157 3564 1331 3608 armet
1367 3554 1567 3615 oratio,
1602 3563 1657 3606 et
1681 3553 1860 3620 ingre-

277 3653 559 3707 dierttibus
603 3659 860 3704 occurrat
892 3651 1068 3702 oratio
1123 3658 1248 3701 ante
1289 3662 1452 3715 quam
1493 3648 1666 3700 sessio
1702 3659 1718 3700 :
1760 3658 1859 3698 nec

275 3746 439 3816 prius
460 3744 842 3812 corpusculum
879 3743 1208 3812 requiescat,
1241 3755 1404 3809 quam
1451 3740 1632 3791 anima
1664 3749 1859 3806 pause-

275 3845 379 3889 tur
402 3832 512 3906 [ΑΙ.
537 3831 837 3904 pascatur].

354 3926 442 3980 Ad
471 3941 686 3980 amntem
713 3934 916 3987 actum,
944 3933 1000 3978 et
1047 3922 1114 3976 ad
1142 3933 1358 3976 omnem
1398 3921 1695 3985 incessum,
1741 3934 1856 3972 ma-

273 4032 398 4075 nus
426 4017 610 4088 pingat
658 4030 898 4071 crucem.
935 4015 1231 4068 Dominicis
1257 4013 1445 4068 diebus
1479 4011 1712 4066 orationi
1739 4010 1852 4081 [ΑΙ.

272 4107 418 4163 add.
444 4105 674 4176 tantum}
710 4115 766 4160 et
808 4105 1023 4158 lectioni
1069 4109 1315 4157 Vacetur.
1363 4103 1518 4166 Quod
1549 4103 1769 4171 quidem
1803 4118 1855 4155 ιιι

271 4200 436 4256 omni
469 4208 708 4268 tempore
737 4197 1020 4264 eoutpletis
1040 4195 1323 4262 apusculis
1356 4195 1582 4247 iaciant.
1604 4195 1860 4258 Quotidie

271 4294 353 4347 de
396 4289 692 4360 Scripturis
720 4291 926 4345 Sanctis
953 4288 1152 4357 aliquid
1184 4289 1419 4340 discatur
1459 4285 1571 4356 [ΑΙ.
1595 4285 1854 4358 dicatur].

1962 3195 2017 3249 in
2055 3192 2168 3248 luto
2217 3197 2483 3262 qdaarere.
2537 3189 2675 3258 Quid
2704 3185 2848 3247 enim
2911 3183 3042 3260 mu
3091 3183 3220 3248 cum
3257 3193 3537 3249 'Psalterio

1964 3283 2274 3340 Horatius?
2321 3293 2446 3340 cum
2480 3281 2788 3354 Evahgeliis
2842 3282 3036 3339 Maro?
3091 3299 3215 3339 cuu
3274 3284 3537 3352 Apostolo

1961 3377 2196 3432 Cicero?
2228 3376 2360 3444 Quae
2409 3369 2648 3433 societas
2682 3377 2819 3433 lucis
2849 3379 2916 3431 ad
2961 3369 3264 3452 tenebras?
3298 3378 3376 3435 Ne
3405 3393 3538 3451 ergo

1962 3467 2108 3537 legas
2138 3468 2512 3539 p'bilosOph‘os,
2559 3475 2831 3534 oratores,
2867 3459 3076 3536 poetas,
3129 3485 3197 3523 ne
3247 3470 3300 3524 in
3347 3484 3536 3524 eorum

1965 3559 2202 3612 lectione
2237 3559 2556 3628 requiescas
2582 3561 2598 3626 ;'
2628 3574 2726 3613 nec
2773 3557 2931 3614 nobis
2978 3559 3344 3624 blandiamur,
3375 3559 3420 3614 si
3451 3559 3540 3614 his

1961 3667 2082 3719 quae
2111 3651 2308 3716 scripta
2347 3659 2476 3704 sunt
2500 3666 2604 3704 non
2637 3652 2934 3714 credimus,
2971 3665 3094 3706 cum
3140 3650 3372 3705 aliorum
3405 3665 3538 3706 cou-

1960 3741 2186 3795 scicntia
2219 3743 2571 3807 Vulneretur;
2607 3749 2662 3797 et
2695 3739 2950 3811 putemur
2989 3742 3224 3812 probare
3249 3757 3372 3811 quae
3403 3742 3534 3796 dum

1960 3833 2214 3903 legimus,
2253 3848 2360 3887 non
2416 3835 2788 3903 reprobamus.
2846 3833 3002 3888 Absit
3033 3845 3164 3900 ergo
3213 3842 3272 3886 ut
3323 3829 3391 3885 de
3438 3844 3536 3886 ore

1958 3927 2274 3981 Christiano
2299 3926 2456 3981 senet
2487 3920 2703 3996 Jupiter
2733 3915 3098 3994 oninipotens.
3119 3934 3173 3978 et
3198 3921 3532 3990 Mehercule,

1960 4027 2014 4072 et
2047 4015 2334 4084 Mecastor,
2363 4027 2419 4072 et
2452 4026 2646 4070 caetera
2693 4015 2862 4087 magis
2917 4024 3167 4084 portenta
3213 4027 3376 4082 quam
3435 4025 3535 4067 uua

1962 4113 2131 4164 mina.

2030 4205 2101 4280 At
2130 4203 2273 4258 nunc
2309 4204 2473 4257 etiam
2515 4189 2826 4256 sacerdotes
2861 4197 2979 4261 Dei,
3015 4197 3236 4253 omissis
3283 4196 3537 4268 Evdnge‘a

1959 4298 2048 4352 liis
2079 4304 2136 4350 et
2171 4287 2753 4364 prophétistvidemus
2780 4291 3077 4346 commdias
3127 4289 3330 4360 legere,
3367 4304 3529 4346 ama.

271 4383 687 4439 Providendum
719 4383 883 4437 etiam
913 4391 972 4434 ut
1024 4381 1166 4433 diem
1225 4379 1546 4442 solenmem,
1599 4393 1706 4430 non
1746 4387 1852 4431 tam
1885 4405 1934 4477 Β
1965 4389 2103 4442 toria
2160 4385 2541 4440 Bucolicorum
2610 4396 2864 4437 versuum
2912 4381 3074 4435 verba
3128 4390 3359 4436 camare
3405 4379 3534 4454 ίΑΙ.

273 4478 535 4533 ciborum
571 4473 945 4538 abundantia,
1001 4489 1164 4543 quam
1213 4473 1442 4541 spiritus
1485 4473 1850 4526 exsultatione

275 4569 623 4624 celebremus
653 4584 669 4622 :
703 4567 832 4636 quia
870 4565 1023 4619 valde
1050 4565 1346 4618 absurdum
1370 4574 1456 4616 est
1501 4563 1664 4616 nimia
1702 4573 1860 4617 satu-

277 4662 454 4717 ritate
503 4661 635 4714 velle
673 4671 965 4729 martyrem
1006 4658 1293 4716 honorare,
1350 4667 1513 4723 quem
1566 4656 1711 4710 scias
1744 4653 1858 4710 Deo

275 4750 565 4823 placuisse
589 4751 838 4820 jejuniis.

361 4844 685 4898 Sacerdotes
736 4856 952 4912 quoque
1005 4855 1104 4912 pro
1150 4840 1402 4896 omnibus
1445 4847 1608 4894 orare
1659 4840 1857 4894 debent

276 4937 403 5014 [ΔΙ.
427 4933 876 5008 solent],quorum
897 4934 1264 5004 eleemosynas
1284 4933 1696 5002 oblationesque
1723 4933 1860 4987 reci-

274 5027 624 5100 pinnLSaepe
641 5031 694 5082 in
711 5026 963 5080 manibus
981 5027 1092 5080 tuis
1107 5026 1287 5079 divina
1307 5024 1376 5079 sit
1400 5025 1563 5078 lectio
1579 5035 1632 5079 et
1654 5026 1860 5080 crebra:

273 5118 587 5182 orationes,
611 5127 670 5171 ut
708 5130 896 5171 omnes
941 5117 1330 5186 cogitationum
1373 5117 1625 5185 sagittae,
1666 5115 1862 5182 quibus

275 5216 654 5272 adolescentia
687 5217 896 5286 percuti
943 5214 1100 5276 solet,
1132 5212 1509 5284 hujuscemodi
1536 5211 1732 5280 clypeo
1770 5224 1860 5264 re-

195 5379 210 5385 φ
275 5307 582 5376 pellantur.
627 5307 898 5374 Quoniam
932 5303 1174 5369 didicile,
1231 5303 1341 5358 imo
1392 5302 1728 5370 impossibile
1780 5307 1864 5354 est

215 5449 220 5460 .
273 5399 763 5473 perturbationum
794 5399 944 5454 vitiis
993 5412 1182 5452 carere
1209 5402 1542 5466 quempiam.
1574 5389 1712 5446 Nam
1747 5389 1861 5445 fre-

275 5505 466 5562 quens
498 5491 683 5556 lectio,
711 5490 1026 5562 quotidiana
1055 5488 1356 5553 meditatio,
1405 5485 1544 5540 solet
1590 5485 1761 5552 magis
1785 5484 1864 5538 la-

1963 4476 2220 4549 teutare],
2252 4485 2434 4532 tenere
2477 4469 2787 4547 Virgilium,
2846 4484 2900 4528 et
2934 4473 2986 4528 id
3040 4473 3182 4542 quod
3237 4473 3292 4527 in
3347 4473 3536 4544 pueris

1958 4571 2304 4626 necessitatis
2348 4569 2456 4635 est,
2499 4571 2708 4624 crimen
2747 4568 2802 4623 in
2850 4581 2910 4621 se
2974 4565 3160 4622 facere
3207 4565 3532 4622 voluntatis.

1961 4661 2197 4716 Scientia
2229 4670 2411 4715 autem
2441 4661 2662 4731 pietatis
2691 4671 2798 4726 est,
2854 4671 3016 4714 nosse
3070 4659 3252 4727 legere
3283 4655 3536 4726 Scriptu-

1960 4767 2070 4816 ras,‘
2136 4754 2425 4821 prophetas
2487 4751 2858 4822 intelligere‘,
2925 4749 3224 4821 Evangelia
3279 4748 3530 4811 credere,

1957 4845 2232 4914 apostolos
2257 4860 2362 4898 non
2386 4845 2657 4913 ignorare.
2678 4843 2788 4898 Nec
2811 4851 3066 4913 putemus
3090 4841 3143 4896 in
3169 4839 3356 4895 verbis
3381 4838 3534 4895 Scri-

1967 4950 2246 5005 pturarum
2279 4951 2402 4990 esse
2430 4936 2803 5004 Evangelium,
2845 4934 2937 4989 sed
2987 4941 3041 4988 in
3093 4948 3254 4989 sensu
3291 4945 3442 4988 :noo
3474 4929 3530 4984 in

1965 5030 2275 5099 superﬁcie,
2305 5030 2397 5084 sed
2417 5031 2470 5082 in
2499 5028 2782 5096 medulla;
2808 5037 2920 5082 non
2940 5028 2995 5082 in
3020 5039 3330 5082 sermonum
3357 5020 3530 5086 foliis.

1961 5122 2057 5175 sed
2092 5122 2144 5174 in
2177 5121 2361 5174 radice
2395 5119 2643 5177 rationis.
2707 5131 2712 5134 '

2033 5213 2090 5267 Si
2123 5212 2252 5282 quid
2285 5224 2464 5267 autt-m
2492 5211 2729 5280 ignoras,
2765 5209 2815 5266 si
2843 5210 2974 5280 quid
3007 5209 3076 5264 de
3108 5207 3410 5278 Scripturis
3432 5209 3531 5264 du-

1962 5306 2127 5374 bitas,
2171 5308 2440 5372 interroga
2468 5318 2593 5359 eum
2619 5318 2778 5372 quem
2812 5305 2920 5358 vita
2955 5299 3321 5372 commendat,
3361 5313 3532 5358 excu-

1961 5405 2046 5448 sat
2074 5403 2226 5458 tctus,
2256 5393 2398 5448 [ιιιιιιι
2441 5407 2548 5449 ιιοιι
2586 5393 2863 5464 reprobat.
2906 5391 3014 5446 Aut
3057 5389 3103 5447 si
3143 5403 3253 5444 non
3307 5399 3396 5447 est
3435 5389 3529 5461 qui

1961 5485 2130 5553 possit
2159 5498 2451 5554 exponere,
2493 5483 2686 5539 melius
2716 5481 3023 5552 estaliquid
3064 5481 3300 5550 nescire,
3333 5493 3531 5541 securo

363 5663 540 5742 ‘Apud
562 5669 832 5742 Rubeum,
869 5689 889 5724 ι
921 5668 1094 5729 Nosse
1124 5669 1324 5740 legem,
1358 5667 1652 5741 prophetas
1678 5666 2000 5741 intelligere,
2045 5674 2064 5718 ι
2091 5676 2200 5725 etc.
