4004 6192
391 267 492 338 267

1439 254 1877 317 IllElmXYMl
1921 253 2239 312 Ol‘EllUM
2289 245 2691 309 MAXTISSA.

3522 223 3554 283 3
3590 207 3662 282 8..

393 393 515 465 μι.
547 400 652 442 tac.
688 382 923 454 securo].
958 393 1117 449 quam
1167 391 1289 432 cum
1321 373 1563 446 periculo
1592 374 1824 427 discere.
1854 370 1966 425 Με-
1997 378 2040 433 Α
2073 383 2273 438 corpus
2324 363 2520 420 invasit
2579 359 2946 461 exhaustum,
2987 361 3038 465 et
3093 350 3210 456 sine
3268 345 3371 452 ulla
3394 357 3628 465 .rffl'ttle:

395 462 572 538 tuente
605 479 726 546 quia
783 476 834 528 in
896 472 1070 526 tnedio
1131 469 1444 536 laqueorum
1488 465 1760 519 ambulas.
1819 462 1959 517 Malo

394 575 538 627 enim
572 570 710 636 apud
746 578 797 619 te
829 560 1149 618 verecundia
1183 571 1652 628 parumperquam
1682 569 1844 608 causa
1870 567 1961 622 pe-

399 663 642 718 riclitari.
679 658 778 724 Qui
808 666 986 710 tamen
1007 655 1150 723 quod
1179 657 1327 706 novit
1361 652 1680 718 interrogat,
1710 662 1814 700 non
1841 654 1963 700 voto

398 756 510 829 [ΑΙ.
547 750 726 823 modo]
758 748 1027 811 discendi,
1070 747 1164 801 sed
1215 744 1400 799 studio
1445 740 1831 812 cognoscendi,
1897 754 1963 793 an

397 845 607 902 noverit
644 843 728 896 ille
778 842 872 910 qui
919 851 1283 906 responsurus
1314 844 1420 896 est.
1456 835 1510 887 in
1549 833 1966 888 similitudinem

401 936 821 995 Pharisazorum,
883 946 992 984 non
1051 927 1209 997 quasi
1263 925 1586 993 discipulus,
1647 922 1743 978 sed
1807 922 1966 990 quasi

402 1037 634 1080 tentatur
675 1025 904 1079 accedit.
933 1021 1184 1088 Plerique
1205 1019 1370 1072 etiam
1412 1017 1801 1078 detracturum,
1839 1014 1967 1067 dum

401 1120 561 1170 verba
606 1120 744 1169 sacri
782 1115 984 1184 eloquii
1022 1113 1144 1181 plus
1183 1126 1346 1181 quam
1389 1110 1587 1164 debent
1640 1106 1966 1171 discutiunt,

401 1211 454 1263 in
496 1207 772 1261 carnalem
802 1206 1132 1260 intellectum
1157 1205 1376 1257 cadunt.

475 1302 530 1352 ln
563 1299 759 1352 divinis
799 1308 980 1351 autem
1011 1295 1309 1362 Scriptutis
1342 1303 1395 1347 et
1446 1292 1601 1344 libris
1637 1289 1828 1343 melius
1864 1296 1969 1351 est,

401 1397 631 1448 obscura
673 1393 979 1458 relinquere
1017 1399 1076 1441 ut
1129 1398 1278 1449 sunt,
1326 1402 1486 1452 quam
1526 1383 1729 1451 aliquid
1770 1395 1972 1435 temere

404 1485 486 1539 vel
513 1499 676 1552 prave
701 1483 926 1546 imitari,
962 1479 1112 1548 quod
1140 1480 1370 1531 nescias.
1403 1477 1539 1529 Sunt
1576 1488 1791 1544 quoque
1837 1489 1976 1526 nou-

404 1580 557 1640 nulli,
587 1576 700 1644 qui.
736 1584 928 1641 rugata
975 1570 1175 1628 fronte,
1210 1570 1448 1621 demisso
1486 1567 1802 1634 supercilio,
1851 1579 1972 1616 ver-

405 1672 593 1736 bisque
625 1665 928 1725 trutinatis,
968 1665 1348 1714 auctoritatem
1385 1662 1667 1710 doctorum
1720 1656 1824 1709 Sibi
1867 1655 1976 1707 vin-

402 1763 601 1815 dieant.
640 1756 754 1810 Non
809 1755 951 1824 quod
1009 1754 1107 1818 ipsi
1140 1752 1359 1818 dignum
1412 1748 1613 1816 aliquid
1662 1746 1972 1815 arrogantia

407 1852 678 1914 noverint,
731 1850 822 1902 sel
855 1848 997 1915 quod
1057 1847 1328 1912 simplices
1377 1843 1573 1894 fratres
1621 1841 1864 1906 quaedam
1898 1838 1976 1889 vi-

405 1945 598 1994 dentur
657 1941 740 1991 sui
790 1938 1200 2005 cutnpantiuae
1265 1935 1499 1986 nescire.
1554 1931 1744 1983 Evenit
1806 1929 1974 1982 etiam

406 2033 698 2092 interdum,
726 2037 784 2081 ut
813 2045 934 2082 cum
970 2029 1130 2078 ntulit
1155 2042 1241 2076 um
1281 2023 1522 2077 stientite
1550 2022 1671 2090 quis
1705 2019 1975 2083 habuerit,

403 2129 577 2177 elatus
615 2124 666 2175 in
713 2120 1027 2188 superbiam
1074 2117 1285 2170 discere
1333 2115 1561 2168 dcsistat
1611 2111 1723 2183 [.ll.
1761 2112 1886 2163 add.
1923 2120 1979 2164 et

407 2213 640 2284 legere];
680 2222 728 2264 et
766 2213 1024 2276 paulatim
1055 2225 1118 2260 eo
1159 2208 1297 2270 quod
1329 2206 1464 2258 nihil
1490 2206 1728 2266 additur,
1758 2205 1975 2256 subtra-

408 2311 571 2369 hitur,
613 2314 668 2356 ut
723 2318 927 2355 vacuus
981 2300 1283 2366 disciplinis
1338 2298 1553 2366 penitus
1612 2295 1977 2359 remaneat‘;

406 2399 719 2465 ferrumque
776 2394 916 2462 quod
956 2403 1174 2444 acutum
1207 2397 1362 2450 erat,
1426 2387 1738 2440 hebetetur.
1784 2384 1889 2438 Sed
1926 2390 1981 2436 et

405 2490 510 2556 jam
545 2485 864 2552 prophetam
898 2487 1144 2540 hurrerc,
1180 2475 1490 2542 eloquentis
1523 2485 1640 2537 est;
1671 2488 1778 2526 non
1814 2473 1977 2526 Chri-

409 2591 552 2631 stum
610 2589 824 2642 sapere,
857 2573 1153 2640 Sttpii‘lllis;
1187 2567 1441 2635 injuriatn
1481 2568 1692 2630 fecisse,
1730 2564 1978 2629 virtutis;

410 2671 585 2723 aliena
619 2666 922 2735 possidere,
971 2665 1260 2731 potcttiiaz;
1295 2663 1635 2710 innocentem
1679 2657 1983 2710 circumve-

412 2764 547 2824 nire,
581 2759 822 2818 astutia‘;
865 2754 1119 2807 humilem
1154 2753 1486 2818 dospcxisse,
1535 2749 1857 2803 nobilitatis.
1888 2747 1979 2802 Sic

410 2852 688 2906 erroribus
716 2850 870 2914 plena
905 2855 1030 2896 sunt
1061 2843 1276 2904 omnia;
1307 2852 1358 2894 et
1394 2844 1458 2893 ad
1495 2843 1598 2893 hue
1632 2856 1804 2908 usque
1835 2839 1980 2894 veri-

415 2954 496 2995 tas
530 2943 876 2998 obscuratur,
905 2945 962 2988 ut
991 2935 1042 2987 in
1079 2934 1269 2986 mortis
1300 2934 1518 3000 gremio
1544 2931 1783 3000 jacuisse
1815 2932 1984 2985 beati-

419 3035 548 3088 tudo
579 3032 818 3085 dicatur.

485 3125 654 3179 Nohis
688 3139 813 3175 vero
874 3121 946 3172 nil
989 3119 1184 3188 placet.
1233 3117 1334 3170 nisi
1371 3117 1510 3180 quod
1556 3116 1983 3169 ecclesiasticum

415 3230 520 3280 cs1,
547 3227 598 3269 et
630 3215 770 3284 quod
804 3212 1020 3278 publice
1075 3211 1127 3262 in
1167 3208 1409 3261 Ecclesia
1455 3206 1562 3276 'LAl.
1608 3208 1735 3258 add.
1781 3203 1984 3275 dicere]

418 3323 526 3364 non
583 3307 853 3360 timemus.
921 3302 977 3355 ln
1032 3302 1114 3354 his
1149 3313 1323 3352 tamen
1375 3299 1448 3351 ita
1497 3297 1679 3351 facere
1726 3298 1983 3351 solemus.

418 3401 645 3467 Quando
674 3401 820 3451 enim
858 3393 1211 3465 philosophos
1240 3391 1489 3459 legimus,
1521 3389 1742 3458 quando
1785 3389 1841 3441 in
1875 3405 1987 3441 ma-

420 3510 522 3546 nus
556 3501 767 3544 noStras
811 3488 931 3540 libri
979 3486 1205 3539 veniunt
1261 3483 1544 3550 sapientia:
1602 3481 1902 3546 saecularis,
1937 3481 1981 3534 si

419 3586 548 3656 quid
598 3588 648 3635 in
697 3584 777 3636 eis
811 3580 942 3633 utile
990 3579 1311 3647 reperimus,
1365 3575 1431 3629 ad
1480 3586 1727 3630 nostrum
1781 3576 1983 3643 dogma

419 3676 805 3732 contectimus.
835 3671 889 3725 Si
919 3671 1045 3739 quid
1080 3683 1209 3723 vero
1234 3666 1593 3736 superﬂuum,
1619 3667 1683 3720 de
1715 3665 1896 3731 idolis,
1925 3666 1989 3721 de

421 3761 623 3831 amore,
657 3766 724 3818 de
775 3780 904 3817 cura
943 3759 1285 3815 saecularium
1325 3773 1524 3820 rerum,
1551 3757 1665 3811 haec
1714 3757 1984 3822 radimus,

421 3861 508 3914 his
547 3858 823 3913 calvitium
858 3853 1186 3915 inducimus,
1231 3849 1345 3905 haec
1397 3850 1449 3903 in
1487 3848 1744 3918 unguium
1780 3863 1988 3902 morem

421 3948 570 4004 ferro
598 3946 914 4000 acutissimo
938 3944 1278 3997 desecamus.

493 4039 747 4093 Referam
794 4036 890 4090 tibi
947 4049 1078 4087 mea:
1131 4030 1466 4086 infelicitatis
1517 4031 1821 4086 historiam.
1853 4033 1988 4086 Cum

427 4143 550 4185 ante
583 4143 754 4182 annos
805 4128 1069 4196 plurimos
1118 4127 1306 4188 domo,
1343 4126 1680 4192 parentibus,
1710 4127 1991 4180 sororibus

426 4224 536 4295 [Αἰ.
589 4219 824 4292 sorore],
855 4220 1128 4288 cognatis,
1181 4227 1237 4270 et
1265 4218 1406 4285 quod
1442 4218 1525 4270 his
1582 4217 1852 4274 dillicilius
1886 4230 1990 4283 est,

422 4313 819 4368 consuetudine
869 4310 1118 4364 lautioris
1173 4308 1305 4370 cibi,
1343 4319 1572 4378 propter
1609 4310 1871 4364 caelorum
1907 4327 1990 4366 me

2066 437 2207 530 quod
2267 459 2415 514 dictu
2469 471 2685 525 quoque
2743 449 3061 507 incrcdibile
3118 446 3208 507 sit,
3268 443 3346 495 sic
3394 437 3628 490 ittfeliea

2067 552 2311 606 membra
2369 550 2593 618 depasta
2633 555 2717 601 est
2777 557 2837 598 ut
2907 541 3129 596 ossibus
3187 539 3275 588 vix
3345 533 3624 586 haererem.

2066 642 2288 698 Interim
2321 649 2580 710 parantur
2602 635 2894 704 exsequiae,
2929 644 2984 686 et
3029 630 3212 686 vitalis
3239 627 3428 680 animae
3459 623 3629 684 calor,

2069 734 2316 803 totojam
2349 745 2577 800 corpore
2629 726 2979 794 frigescente,
3017 725 3070 777 in
3129 722 3246 775 solo
3278 730 3480 771 tantum
3540 731 3623 766 rc-

2070 835 2230 895 pente
2264 820 2582 894 pectusculo
2620 819 2955 889 palpitabat;
2982 830 3102 870 cum
3140 813 3320 866 subito
3356 823 3535 874 raptus
3575 807 3627 858 in

2069 917 2260 986 spiritu
2293 917 2356 970 ad
2412 912 2650 968 tribunal
2692 909 2892 966 Christi
2943 905 3264 976 pertrahor;
3301 904 3391 958 ubi
3420 911 3628 956 tantum

2071 1008 2296 1063 luminis
2325 1015 2465 1071 erat,
2499 1015 2554 1060 et
2581 1013 2787 1059 tantum
2805 1018 2868 1057 ex
2888 997 3356 1056 circumstantium
3388 995 3631 1051 claritate

2073 1100 2322 1170 fulgoris,
2377 1107 2436 1152 ut
2467 1096 2738 1166 proiectus
2787 1096 2839 1150 in
2878 1103 3077 1148 terram
3127 1104 3342 1146 sursum
3383 1088 3632 1156 aspicere

2075 1210 2185 1250 non
2215 1194 2494 1249 auderem.
2520 1191 2886 1258 Interrogatus
2909 1188 2975 1242 de
3009 1185 3337 1246 conditione,
3367 1180 3633 1235 Christia-

2077 1301 2204 1338 num
2244 1299 2328 1337 me
2356 1296 2479 1336 esse
2534 1279 2814 1348 respondi.
2870 1278 2933 1330 Et
2994 1275 3082 1330 ille
3114 1274 3207 1342 qui
3257 1270 3572 1341 przesidebat
3616 1285 3630 1322 :

2075 1376 2347 1440 Mentiris,
2403 1375 2501 1428 ait.
2562 1372 2956 1426 Ciceronianus
2989 1385 3068 1435 cs,
3121 1382 3230 1422 non
3279 1363 3635 1419 Christianus.

2081 1469 2183 1524 Ubi
2253 1468 2400 1522 enim
2468 1478 2550 1520 est
2602 1467 2890 1519 thesaurus
2932 1473 3075 1528 tuus,
3132 1460 3206 1515 ibi
3246 1469 3300 1514 et
3353 1472 3447 1512 cor
3481 1466 3631 1508 tuum

2081 1559 2301 1626 (Matth.
2335 1575 2406 1622 vi.
2437 1559 2555 1628 2|).
2607 1557 2758 1611 Illico
2792 1554 3062 1620 obmutui,
3107 1562 3162 1607 et
3202 1554 3344 1605 inter
3392 1552 3637 1608 verbera,

2082 1667 2202 1705 nam
2234 1651 2367 1704 caedi
2400 1666 2484 1704 me
2508 1651 2766 1719 jusserat,
2791 1645 3135 1701 conscientia:
3171 1642 3342 1712 magis
3373 1641 3495 1709 igne
3529 1649 3642 1690 tor-

2083 1744 2334 1812 quebar:
2408 1743 2557 1796 illum
2616 1755 2826 1794 mecum
2883 1736 3205 1792 versiculum
3257 1743 3544 1802 tepeteus:
3581 1729 3650 1782 1η

2081 1837 2286 1906 inferno
2341 1843 2515 1888 autem
2572 1833 2689 1902 quis
2727 1831 3057 1896 conﬁtebitur
3109 1829 3202 1881 tibi
3249 1823 3418 1896 (Psul.
3448 1839 3515 1887 vt,
3550 1822 3654 1888 6;?

2080 1926 2326 1980 Clamare
2367 1935 2546 1980 tamen
2587 1924 2749 1992 ccepi,
2796 1934 2850 1977 et
2895 1922 3105 1986 eiulans
3135 1921 3314 1975 dicere
3350 1919 3654 1974 tiliseiere

2083 2019 2211 2083 mei,
2241 2020 2487 2081 Domine,
2518 2018 2779 2071 miserere
2803 2016 2941 2070 mei!
2978 2013 3101 2069 Hmc
3132 2030 3232 2069 vox
3269 2017 3410 2068 ittlel‘
3442 2009 3652 2080 ﬂagella

2083 2111 2389 2165 resonabat.
2420 2109 2664 2164 Tandem
2695 2109 2763 2162 ad
2799 2107 3141 2177 praesidentis
3177 2123 3351 2176 genua
3381 2108 3654 2174 provoluti

2083 2200 2175 2269 qui
2226 2202 2538 2263 astiterant,
2597 2201 2960 2267 precabantur
3015 2208 3072 2251 ut
3121 2199 3330 2252 veniam
3392 2198 3662 2251 tribueret

2083 2293 2478 2353 adolescentiae,
2507 2300 2560 2342 et
2582 2290 2755 2342 errori
2786 2288 2964 2344 locum
2996 2290 3326 2356 poenitentia:
3361 2287 3510 2341 daret
3537 2287 3658 2357 [ΑΙ.

2083 2378 2536 2452 commodaret],
2600 2391 2894 2435 exacturus
2947 2379 3142 2434 deinde
3198 2378 3536 2443 cruciatum,
3606 2378 3658 2432 si

2083 2473 2363 2544 gentilium
2436 2471 2728 2542 aliquando
2783 2472 3090 2526 litterarum
3149 2470 3318 2525 libros
3375 2470 3656 2540 legissem.

2087 2569 2196 2637 Ego
2225 2569 2318 2637 qui
2345 2567 2397 2621 in
2430 2576 2581 2622 tanto
2609 2568 2937 2621 constrictus
2978 2567 3230 2631 articulo,
3263 2565 3456 2619 vellem
3489 2567 3662 2618 etiam

2085 2661 2289 2728 majora
2323 2660 2678 2727 promittere:
2731 2657 2980 2728 deierare
3009 2658 3170 2726 cmpi,
3215 2667 3267 2712 et
3302 2672 3495 2710 nomen
3540 2657 3665 2721 eius

2084 2753 2366 2804 obtestans
2401 2749 2629 2804 dicere:
2666 2751 2894 2802 Domine
2924 2788 2938 2812 ,
2998 2749 3046 2802 si
3107 2763 3348 2814 unquam
3411 2747 3666 2801 habnt-ro

2086 2843 2303 2895 codices
2350 2844 2659 2904 swculares,
2700 2850 2792 2893 aut
2822 2839 2867 2892 si
2907 2841 3105 2906 legero.
3145 2851 3196 2894 te
3222 2842 3434 2909 negavi.
3460 2839 3515 2892 lu
3547 2842 3667 2893 haec

2087 2933 2410 2984 sacramenti
2452 2931 2615 2985 verba
2641 2930 2921 2996 dimissus,
2950 2940 3197 2986 revertor
3239 2932 3304 2984 ad
3327 2946 3574 3011 superos,
3605 2941 3670 2984 et

2013 3054 2058 3112 ο
2092 3025 2412 3078 mirantibus
2447 3024 2678 3089 cunctis,
2713 3022 2899 3078 oculos
2945 3023 3156 3092 aperui,
3199 3033 3350 3076 tanto
3398 3023 3672 3093 lacryma-

2088 3133 2208 3171 rum
2272 3117 2443 3170 imbre
2480 3115 2749 3185 perfusos,
2808 3125 2868 3168 ut
2919 3115 3087 3169 etiam
3137 3114 3438 3170 incredulis
3498 3115 3666 3170 fidem

2089 3209 2321 3262 facerem
2358 3222 2421 3259 ex
2463 3205 2669 3260 dolore.
2717 3205 2828 3260 Nec
2861 3220 2989 3260 vero
3023 3221 3186 3276 sopor
3223 3205 3313 3260 ille
3343 3206 3543 3270 fuerat,
3567 3219 3668 3261 aut

2092 3313 2227 3351 vana
2265 3297 2500 3363 somnia,
2549 3296 2749 3366 quibus
2804 3311 2944 3364 stupe
2981 3297 3307 3352 deludimur.
3354 3296 3532 3354 Testis
3579 3308 3673 3351 est

2092 3390 2330 3444 tribunal
2389 3389 2540 3456 illud,
2604 3401 2736 3443 ante
2773 3389 2915 3458 quod
2948 3387 3116 3456 jacui,
3182 3390 3340 3445 testis
3392 3391 3666 3460 judicium

2092 3483 2268 3543 triste.
2301 3483 2446 3552 quod
2478 3483 2652 3537 timui.
2689 3482 2763 3537 Ita
2809 3481 2944 3536 mihi
3001 3497 3290 3550 nunquam
3326 3483 3489 3536 talem
3525 3498 3670 3537 cou-

2091 3573 2264 3642 tingat
2293 3574 2532 3628 incidere
2562 3581 2954 3644 quaestionem.
2980 3574 3115 3629 Nam
3140 3574 3314 3630 fateor
3342 3575 3672 3631 vulneribus

2093 3665 2343 3721 habuisse
2395 3665 2584 3735 plenas
2638 3666 2893 3734 scapulas
2915 3667 2958 3732 ³,
3016 3666 3203 3737 plagas
3253 3669 3496 3723 sensisse
3543 3678 3675 3736 post

2092 3771 2382 3823 somnum,
2440 3767 2495 3811 et
2534 3765 2683 3812 tanto
2736 3757 2935 3812 dehinc
2984 3759 3169 3814 studio
3204 3758 3386 3815 divina
3436 3758 3667 3828 legisse,

2091 3859 2296 3920 quanto
2317 3849 2587 3904 :mortalia
2610 3861 2734 3905 ante
2769 3866 2874 3904 non
2903 3850 3162 3921 legerem.

2164 3942 2422 4012 Quodque
2448 3953 2640 4010 praeter
2666 3943 2997 4011 psalmo:qu
3019 3954 3072 3998 et
3097 3944 3363 4000 orationis
3389 3947 3670 4010 ordinem,

2093 4036 2238 4105 quod
2287 4037 2381 4090 tibi
2436 4035 2566 4090 hora
2603 4037 2783 4101 tertia,
2827 4046 3000 4102 sexta,
3033 4051 3198 4104 nona,
3235 4038 3304 4092 ad
3353 4055 3667 4108 vesperum,

2095 4127 2271 4180 media
2299 4135 2457 4180 nocte
2483 4134 2535 4179 et
2568 4139 2725 4178 mane
2757 4139 2969 4194 semper
2999 4127 3372 4182 exercendum
3391 4139 3473 4184 est
3505 4147 3521 4186 :
3551 4141 3670 4186 sta-

2097 4227 2184 4272 tue
2211 4231 2342 4286 quot
2369 4216 2516 4271 horis
2539 4216 2876 4286 Scripturam
2905 4229 3147 4272 sanctam
3172 4221 3418 4277 ediscere
3444 4223 3671 4285 debeas.

2051 4352 2053 4355 .
2095 4319 2298 4377 quanto
2333 4317 2576 4378 tempore
2614 4310 2813 4380 legere,
2871 4325 2978 4364 non
3026 4309 3093 4365 ad
3145 4311 3408 4378 laborem,
3457 4318 3552 4369 sed
3602 4319 3672 4368 ad

425 4420 592 4472 regna
659 4413 1014 4464 castrassem,
1069 4409 1123 4453 et
1178 4396 1602 4468 Hierosolymam
1659 4402 1988 4456 militaturus
2019 4398 2500 4466 Ddelectationem
2525 4399 3020 4454 etinstructionem
3043 4401 3260 4456 animae.
3285 4402 3528 4472 Cumque
3555 4406 3673 4460 hac

423 4490 1127 4566 pergeremghibliothecan
1176 4506 1334 4559 quam
1365 4493 1494 4545 mihi
1537 4491 1722 4548 [iunias
1777 4510 1992 4551 summo

423 4585 601 4640 studio
659 4582 1022 4643 confeceram,
1073 4595 1260 4635 carere
1316 4596 1419 4634 non
1475 4591 1746 4650 poteram.
1807 4583 1992 4652 Itaque

425 4681 590 4734 miser
629 4690 728 4745 ego
796 4673 1035 4728 lecturus
1066 4671 1301 4728 Tullium
1342 4673 1678 4743 jejunabam.
1711 4676 1840 4732 P05t
1877 4692 1990 4730 noo-

423 4773 587 4826 ctiutn
614 4768 836 4824 crebras
864 4766 1095 4836 vigilias.
1128 4775 1247 4835 post
1275 4769 1564 4836 laerymas,
1613 4783 1733 4836 quae
1765 4777 1989 4834 praeter-

421 4867 620 4917 itorum
643 4860 1020 4917 recordatione
1053 4858 1168 4930 [AL
1199 4859 1524 4931 recordatio]
1553 4871 1899 4928 peccatorum
1924 4876 1985 4913 es

425 4955 629 5010 intimis
656 4953 960 5008 visceribus
984 4950 1225 5006 ﬂuebant
1265 4950 1391 5021 [ΑΙ.
1428 4950 1720 5022 eruebat],
1754 4953 1988 5014 ,Plautus

424 5050 738 5101 sumebatur
770 5045 826 5098 in
878 5058 1090 5097 manus.
1124 5043 1180 5096 Si
1224 5045 1442 5111 quando
1484 5042 1537 5097 in
1609 5045 1987 5112 inctnetipsum

426 5152 674 5191 reversus
704 5136 1018 5206 prephetam
1042 5136 1218 5204 legere
1248 5136 1564 5203 coepissem,
1595 5149 1773 5189 sermo
1796 5135 1985 5190 horre-

427 5229 514 5280 bat
543 5228 802 5282 incultus.
845 5225 910 5280 Et
941 5228 1064 5294 quia
1096 5226 1274 5280 lumen
1316 5228 1474 5278 caecis
1504 5224 1674 5279 oculis
1701 5241 1806 5278 non
1841 5226 1990 5281 vide-

423 5319 570 5386 bam,
628 5336 735 5375 non
769 5321 1050 5374 oculorum
1105 5316 1365 5387 pntabam
1419 5317 1632 5384 culpam
1686 5333 1846 5383 esse,
1888 5321 1983 5374 sed

424 5412 573 5466 solis.
617 5413 751 5466 Dum
799 5412 870 5466 ita
926 5427 1012 5466 me
1065 5410 1320 5478 antiquus
1349 5422 1575 5475 serpens
1607 5407 1894 5464 illuderet:
1933 5412 1983 5463 in

426 5503 597 5555 media
639 5501 809 5556 ferme
847 5501 1272 5571 Quadragesitna
1314 5499 1564 5553 medullis
1589 5500 1762 5554 infusa
1797 5501 1986 5567 febris,

495 5610 512 5639 ¹
548 5611 711 5673 Ideni,
755 5630 771 5662 ι
812 5612 876 5666 Et
928 5627 1158 5666 vacuum
1178 5608 1480 5679 disciplinis
1513 5618 1699 5678 pectus
1729 5626 1843 5666 rem
1876 5615 1986 5668 du-

572 5702 587 5732 ι
628 5694 733 5735 ctc.

2103 4491 2308 4544 finieris
2334 4492 2531 4559 spatia,
2562 4499 2618 4545 et
2645 4490 2956 4559 frequenter
2987 4493 3052 4546 ad
3085 4493 3295 4562 ﬁgenda
3322 4511 3496 4564 genua
3523 4498 3676 4552 solli-

2099 4587 2281 4640 citudo
2314 4586 2477 4639 animi
2515 4587 2902 4652 suscitaverit,
2953 4597 3047 4642 aut
3090 4593 3318 4644 texenda
3366 4606 3673 4660 compone,

2099 4689 2194 4731 aut
2223 4693 2340 4745 qua:
2369 4688 2494 4732 sunt
2520 4687 2667 4732 texta
2693 4677 2925 4747 respice,
2949 4694 3072 4749 quae
3094 4689 3276 4736 errata
3307 4685 3672 4751 reprehendo,

2099 4783 2220 4836 qua}
2249 4778 2375 4822 sunt
2404 4767 2651 4823 facienda
2714 4774 3006 4826 constitue.
3040 4773 3096 4826 Si
3126 4773 3293 4826 tantis
3325 4789 3548 4842 operum
3580 4791 3673 4830 va-

2101 4859 2386 4914 rietatibus
2441 4862 2612 4915 fueris
2661 4872 2997 4932 occupatus,
3081 4879 3353 4934 nunquam
3406 4867 3500 4920 tibi
3555 4870 3676 4923 dies

2100 4952 2239 5021 longi
2277 4960 2462 5005 erunt.
2517 4952 2622 5006 Sed
2671 4953 2920 5020 quamvis
2963 4955 3170 5010 instivis
3203 4959 3496 5011 tendantur
3531 4961 3676 5014 soli-

2097 5045 2220 5106 bus.
2251 5045 2442 5100 breves
2470 5045 2816 5110 videbuntur,
2851 5048 3051 5115 quibus
3085 5048 3288 5118 aliqttid
3321 5054 3498 5115 operis
3531 5068 3671 5122 pra:-

2099 5136 2406 5190 termisSnm
2439 5145 2520 5189 est
2563 5136 2674 5206 [ΑΙ.
2705 5152 2814 5191 non
2855 5138 2987 5210 est].
3021 5141 3147 5195 Haec
3212 5143 3531 5204 observans.
3581 5159 3672 5200 te-

2099 5228 2276 5294 ipsum
2330 5229 2562 5284 salvabis
2609 5239 2664 5284 et
2697 5230 2857 5296 alios,
2891 5244 2948 5286 et
3000 5235 3108 5288 eris
3160 5237 3416 5305 magister
3469 5249 3674 5294 sanetze

2097 5318 2564 5381 conversationis,
2628 5321 3033 5394 multorumque
3094 5328 3398 5382 castitatem
3460 5330 3669 5384 lucrum

2099 5419 2250 5464 tuum
2294 5410 2482 5466 facies.

2168 5501 2325 5556 Dicas
2351 5502 2616 5570 psalmum
2645 5504 2698 5558 in
2724 5505 2916 5562 ordine
2944 5519 3056 5577 tuo,
3080 5511 3132 5564 in
3166 5526 3278 5578 quo
3302 5528 3408 5568 non
3438 5514 3669 5572 dulcedo

2168 5616 2190 5646 ’
2226 5615 2412 5690 Verius
2436 5615 2486 5670 in
2516 5617 2634 5672 aliis
2659 5619 2851 5678 libris:
2886 5641 2904 5675 ι
2940 5620 3192 5682 Liventes
3217 5627 3391 5686 fateor
3417 5630 3667 5690 habuisse

2025 5715 2028 5718 ~
2098 5701 2184 5741 me
2211 5686 2478 5756 scapulas,
2513 5705 2532 5738 ι
2570 5698 2678 5744 ctc.
