4012 6188
281 357 395 422 369

1450 356 1763 433 necum
1825 372 2381 441 MONACHORUM

3451 322 3561 457 at

282 480 467 543 VociS.
493 479 588 535 sed
621 480 817 538 Ineptis
858 481 1090 542 aﬂectus
1113 483 1232 559 {AL
1267 494 1403 543 tacet
1445 488 1697 565 affectus]
1730 507 1879 562 quae-
1914 502 1956 559 Α
1987 508 2116 554 sunt
2164 499 2218 555 in
2263 498 2384 572 lege
2421 498 2512 555 Dei
2564 500 2812 558 meditari
2847 460 2934 557 die
2983 514 3048 559 ac
3099 509 3295 566 nocte,
3338 500 3563 571 ianuam

288 580 469 639 ratur,
500 573 779 631 scribente
801 575 1066 647 Apostolo
1094 594 1113 639 :
1138 579 1377 635 Psallam
1404 583 1620 650 spiritu,
1650 585 1879 655 psallam

286 676 337 720 et
370 676 548 719 mente
579 663 632 736 (1
662 665 791 722 Cor.
816 682 930 733 xw,
962 670 1076 742 15).
1101 670 1329 742 Legerat
1354 675 1497 728 enim
1526 687 1878 746 praeceptum,

287 756 507 817 psallite
557 760 825 827 sapienter
873 760 1050 833 (Ρωι.
1104 779 1248 828 nrt,
1292 766 1371 833 8).
1408 765 1542 821 Nam
1580 769 1785 825 clamor
1827 771 1880 823 in

293 852 600 920 Seriptnris
644 868 753 908 non
782 863 867 910 est
894 855 1068 919 vocis,
1098 859 1195 911 sed
1227 858 1431 913 cordis.
1469 859 1577 915 Sed
1634 861 1883 930 nunquid

291 946 591 996 verborum
624 945 973 1000 multitudine
1001 945 1147 1001 ﬂecti
1186 947 1354 1014 Dens,
1387 961 1442 1005 ttt
1479 953 1641 1005 homo
1668 952 1886 1023 potest?

290 1033 413 1088 Non
449 1036 599 1088 enim
629 1034 831 1096 verbis.
862 1036 956 1090 sed
995 1040 1164 1092 corde
1190 1042 1426 1094 orandus
1460 1052 1542 1095 est
1577 1041 1739 1097 Deus.
1770 1041 1885 1096 Mc-

292 1125 398 1180 lior
442 1138 530 1181 est
564 1136 771 1197 septem
810 1128 927 1200 [ΑΙ.
954 1129 1215 1201 quinque]
1244 1132 1586 1200 psalmorum
1627 1133 1887 1190 decanta-

292 1220 368 1272 tio
400 1236 528 1274 eum
566 1222 748 1277 cordis
800 1223 1039 1292 puritate
1086 1233 1141 1279 et
1174 1227 1492 1291 serenitate,
1544 1235 1598 1282 et
1650 1228 1883 1296 spiritali

294 1314 615 1380 hilaritate,
672 1330 835 1383 quam
893 1318 1060 1371 totius
1110 1316 1353 1384 psalterii
1404 1318 1727 1374 modulatio‘
1758 1335 1883 1374 cum

295 1404 583 1460 anxietate
611 1407 795 1461 cordis
819 1414 873 1462 et
910 1408 1154 1465 tristitia.
1179 1408 1387 1464 Cantor
1411 1424 1628 1481 quoque
1655 1411 1888 1479 pellatur

298 1510 357 1551 nt
384 1500 613 1564 noxius,
642 1499 896 1556 tibicinas
940 1511 996 1556 et
1037 1502 1294 1573 psaltrias
1322 1511 1376 1558 et
1412 1503 1725 1559 istiusmodi
1773 1502 1885 1576 [ΑΙ.

294 1591 431 1644 add.
478 1592 710 1646 chorum
759 1592 980 1667 diaboli]
1027 1595 1183 1665 quasi
1235 1592 1518 1650 mortifera
1569 1594 1886 1650 Sirenarum

294 1684 547 1739 carmina
591 1688 855 1753 proturba
889 1701 953 1742 ex
986 1688 1219 1743 aedibus.

372 1776 471 1831 Sic
497 1788 680 1831 autem
707 1780 1003 1834 erudienda
1029 1791 1113 1835 est
1140 1782 1345 1841 anima.
1378 1795 1498 1851 quae
1533 1780 1773 1836 futttrum
1802 1789 1889 1835 est

1992 592 2231 663 pulsare,
2265 603 2318 646 et
2371 591 2623 647 sarculum
2673 602 2976 661 praeeuntes
3019 594 3233 649 calcare
3265 595 3305 648 ⁸.
3346 592 3565 664 Praepa-

1989 698 2172 739 remus
2208 683 2372 753 igitur
2403 682 2560 740 nobis
2596 682 2997 751 fortitudinem,
3029 700 3373 743 assumamus
3408 686 3566 743 nobis

1988 774 2288 844 perfectum
2323 779 2512 841 robur,
2546 787 2602 832 ut
2631 776 2773 831 inter
2796 790 3046 835 errorum
3079 774 3327 831 tenebras
3358 787 3411 831 et
3436 792 3570 830 con-

1990 864 2280 931 fusionem,
2310 867 2363 921 in
2399 865 2572 921 noctis
2597 867 2821 923 scientia
2844 866 3044 923 Christi
3076 868 3254 923 lumen
3287 876 3566 937 appareat.

1989 955 2222 1027 Diesque
2254 967 2438 1014 uoster
2485 960 2682 1014 nubem
2721 959 2918 1015 habeat
2963 968 3356 1031 protegentem,
3394 968 3453 1015 ttt
3482 960 3567 1014 his

1990 1051 2220 1108 ducibus
2266 1052 2333 1107 ad
2391 1062 2589 1110 terram
2639 1062 2884 1109 sanctam
2940 1053 3224 1122 pervenire
3263 1054 3565 1108 valeamus.

1989 1145 2127 1215 Quid
2175 1145 2318 1200 enim
2369 1146 2677 1200 eruditione
2712 1145 2943 1200 melius?
2976 1145 3104 1214 quid
3150 1146 3369 1201 suavius
3402 1143 3570 1197 disci-

1990 1236 2179 1309 plina?
2208 1236 2336 1308 quid
2370 1236 2583 1292 dulcius
2632 1236 2897 1292 Domino?
2931 1234 3014 1291 Sit
3043 1245 3223 1290 autem
3259 1235 3568 1291 cum-ivium

1988 1330 2265 1394 Christus,
2300 1330 2462 1385 lectio
2493 1328 2766 1395 Christus,
2796 1330 2952 1399 quies
2982 1328 3230 1384 Christus
3277 1328 3388 1400 [ΑΙ.
3428 1337 3566 1380 tacet

1989 1424 2145 1493 quics
2178 1422 2476 1494 Christus],
2514 1421 2775 1492 cogitatio
2806 1420 3077 1477 Christus.
3109 1419 3239 1486 Quae
3278 1420 3423 1475 enim
3458 1435 3569 1488 po-

1990 1525 2095 1570 test
2124 1529 2245 1571 esse
2271 1515 2381 1570 vita
2414 1514 2534 1569 sine
2563 1513 2788 1569 scientia
2822 1511 3255 1580 Scripturarnm,
3290 1527 3384 1579 per
3408 1527 3569 1581 quam

1990 1606 2151 1662 etiam
2180 1606 2296 1676 ipse
2322 1605 2569 1661 Christus
2597 1606 2944 1676 agnoscitur?
2972 1605 3073 1671 Qui
3103 1604 3232 1667 cibi,
3259 1618 3381 1673 qttze
3412 1603 3574 1665 mella

1991 1708 2120 1753 sunt
2149 1696 2417 1762 dulciora,
2443 1712 2606 1767 quam
2641 1697 2734 1752 Dei
2762 1699 2907 1753 scire
2932 1695 3317 1765 prudentiam?
3345 1694 3574 1763 Sapit-ns

1992 1803 2210 1859 quoque
2231 1804 2506 1858 nunquam
2533 1789 2680 1844 solus
2706 1797 2817 1856 est;
2849 1789 3014 1843 habet
3048 1802 3236 1843 secum
3269 1801 3459 1841 omnes
3481 1786 3575 1855 qui

295 1869 566 1939 te"‘l’h'm
612 1868 709 1925 θεῖ
742 1872 887 1942 quo“
920 1872 1054 1927 nihil
1101 1872 1245 1927 aliud
1278 1874 1457 1928 ἀίεοθῑ
1502 1873 1714 1934 διιάῖτθο
1747 1871 1883 1926 nihil
1914 1857 1958 1913 Β
1989 1857 2129 1938 boni
2152 1890 2279 1937 sunt
2323 1857 2376 1936 et
2411 1879 2664 1947 fuerunt;
2697 1890 2751 1935 et
2785 1879 3026 1934 animum
3062 1878 3293 1933 liberuut
3323 1891 3575 1946 quocun-

298 1964 476 2033 loqui,
513 1965 619 2020 nisi
652 1966 793 2033 quod
839 1967 907 2020 ad
942 1967 1193 2021 timorem
1248 1966 1340 2023 Dei
1394 1969 1649 2039 pertinet.
1679 1969 1883 2038 Turpia

299 2055 410 2128 [ΑΙ.
463 2057 595 2111 add.
646 2057 834 2130 verba]
885 2072 995 2112 non
1052 2059 1319 2128 intelligat
1361 2077 1377 2118 :
1423 2062 1637 2117 cantica
1698 2062 1885 2116 mundi

302 2148 540 2217 ignoret.
588 2144 706 2201 Non
757 2154 883 2203 sunt
921 2150 1316 2203 contemnenda
1362 2150 1518 2218 quasi
1554 2164 1718 2221 parva
1756 2151 1885 2216 sint,

299 2240 420 2297 sine
456 2242 656 2311 quibus
709 2241 913 2308 majora
963 2254 1219 2296 conetarc
1257 2258 1362 2296 non
1400 2249 1654 2311 possunt.
1697 2241 1887 2297 Graeca

302 2343 495 2387 narrat
540 2333 770 2411 historia
814 2332 1182 2386 Alexandrum
1225 2334 1664 2403 potentissimum
1708 2346 1890 2403 regem

300 2427 564 2492 orbisque
606 2425 954 2492 domitorem,
986 2434 1039 2481 et
1070 2425 1124 2478 itt
1161 2425 1429 2490 moribus,
1452 2432 1519 2480 et
1565 2425 1619 2478 in
1671 2424 1890 2478 incessu

304 2516 575 2571 Leonidis
621 2517 893 2587 paedagogi
943 2516 1025 2572 sui
1062 2532 1168 2571 nou
1207 2516 1449 2581 potuisse
1484 2530 1673 2571 carere
1718 2515 1890 2583 vitiis,

305 2608 506 2678 quibus
536 2608 714 2661 adhuc
748 2608 1008 2678 parvulus
1038 2608 1214 2662 fuerat
1247 2608 1498 2663 infectus.

378 2700 699 2755 Da'monum
749 2704 934 2771 itaque
965 2702 1122 2756 cibus
1166 2712 1249 2756 est
1294 2700 1535 2756 carmina
1589 2708 1893 2770 poetarum,

310 2792 596 2847 saecularis
648 2793 939 2858 sapientia,
993 2792 1390 2848 thetoricorum
1451 2802 1645 2862 pompa
1701 2792 1898 2845 verbo.

311 2901 455 2939 mm.
514 2882 641 2937 Haec
677 2899 771 2937 sua
823 2899 1013 2937 omnes
1047 2883 1315 2937 suavitate
1354 2882 1645 2945 tlclcctaut,
1678 2890 1731 2937 et
1766 2881 1894 2935 dttm

310 2976 567 3031 versibus
618 2991 777 3030 aures
824 2976 966 3029 dulci
1011 2973 1378 3029 modulatione
1428 2972 1774 3027 currentibus
1805 2986 1897 3024 ra-

310 3069 487 3137 piunt,
514 3067 751 3120 animmn
779 3080 993 3136 quoque
1019 3075 1326 3135 penetrant,
1346 3076 1400 3119 et
1426 3066 1658 3133 pectoris
1685 3063 1896 3116 interna

313 3161 635 3215 devinciunt
664 3157 774 3230 [ΑΙ.
806 3156 1152 3230 devinciunt].
1180 3157 1382 3212 Verum
1417 3157 1505 3209 ubi
1540 3170 1663 3212 cum
1687 3170 1899 3208 summo
1927 3188 1972 3250 ϐ

314 3251 500 3306 studio
546 3249 751 3304 fuerint
794 3265 857 3304 ac
901 3249 1088 3302 labore
1131 3247 1391 3317 perfecta,
1420 3247 1556 3302 nihil
1600 3246 1746 3301 aliud
1795 3244 1899 3298 nisi

318 3346 538 3399 inanem
575 3357 768 3396 sonum
802 3350 856 3394 et
886 3354 1198 3395 sermonum
1230 3341 1516 3409 strepitum
1544 3340 1659 3392 suis
1688 3335 1904 3391 lectorio

322 3437 427 3490 bus
474 3436 741 3488 tribuunt.
787 3429 941 3486 Nulla
983 3432 1057 3486 ibi
1104 3431 1444 3496 saturitatis,
1486 3429 1632 3485 nulla
1679 3426 1905 3498 justilizc

327 3527 554 3583 refectio
591 3526 877 3596 reperitur.
912 3524 1153 3579 Stmliosi
1187 3538 1375 3579 earum
1424 3522 1477 3578 in
1527 3521 1670 3576 fame
1705 3520 1816 3574 veri
1851 3530 1907 3572 et

324 3622 592 3674 virtutum
640 3617 869 3688 penuria
918 3624 1291 3685 perseverant.
1328 3614 1457 3670 Mihi
1506 3624 1687 3668 autem
1738 3628 1905 3677 curre,

324 3730 435 3771 non
459 3713 592 3785 quid
618 3712 959 3775 Aristoteles,
999 3713 1093 3764 sed
1122 3711 1251 3779 quid
1280 3709 1479 3764 Paulus
1500 3708 1713 3762 doceat.
1738 3705 1910 3760 Ornat

325 3808 476 3861 enim
526 3805 829 3859 doctrinam
866 3801 993 3866 Dei,
1044 3801 1136 3871 qui
1173 3814 1235 3856 ea
1288 3814 1407 3870 qua:
1456 3797 1752 3854 conditioni
1803 3810 1912 3852 suae

332 3910 456 3969 apta
494 3909 621 3954 sunt
665 3898 796 3953 facit
829 3916 842 3951 :
871 3908 924 3950 et
957 3912 987 3952 e
1019 3908 1284 3951 converso
1308 3892 1591 3948 confundit
1624 3892 1794 3956 illam,
1824 3891 1909 3945 cui

332 3990 579 4047 conditio
610 4004 705 4043 sua
733 3988 1005 4055 displicet.
1033 3987 1334 4041 Monachus
1372 3995 1553 4039 autem
1590 3996 1692 4037 non
1724 3984 1914 4037 docto—

332 4084 434 4146 ris,
473 4082 568 4136 sed
603 4080 908 4149 plangentis
956 4077 1119 4132 habet
1164 4074 1420 4137 oliicinm,
1454 4073 1545 4143 qui
1594 4073 1677 4127 vel
1726 4088 1785 4129 se
1832 4072 1915 4126 vel

334 4173 597 4225 mundum
634 4170 834 4239 lugeat,
863 4177 916 4224 et
948 4166 1159 4221 Domini
1193 4165 1417 4234 pavidus
1448 4164 1792 4233 przestolatur
1819 4164 1916 4217 ad-

334 4272 595 4328 ventum;
647 4263 738 4331 qui
788 4261 970 4316 sciens
1018 4258 1448 4313 imbecillitatem
1493 4271 1668 4315 suam.
1720 4264 1774 4311 et
1826 4269 1918 4309 vas

340 4358 534 4428 fragile
557 4358 700 4424 quod
733 4364 933 4424 portat,
966 4354 1113 4408 timet
1148 4352 1445 4416 offendere,
1473 4362 1537 4405 ne
1566 4350 1830 4420 impingat
1866 4356 1921 4401 et

339 4458 560 4504 corruat
610 4456 666 4501 et
699 4445 988 4515 frangatur
1022 4460 1035 4499 :
1066 4459 1232 4513 seque
1275 4442 1601 4497 monachum
1646 4452 1767 4495 esse
1810 4448 1918 4492 non

1991 1990 2096 2045 que
2126 1973 2242 2029 vult
2283 1971 2608 2039 transferri;
2644 1973 2790 2045 quod
2837 1986 3061 2042 corpore
3100 1986 3207 2025 non
3245 1979 3441 2036 potest,
3480 1985 3574 2024 co.
3612 2002 3623 2011 ι

1991 2068 2251 2139 gitatinne
2276 2065 2678 2135 complectitur.
2702 2064 2768 2116 Et
2792 2064 2837 2118 si
2869 2063 3146 2125 hominum
3184 2061 3363 2130 inopia
3394 2060 3576 2124 fuerit,

1994 2158 2230 2228 loquitur
2258 2173 2382 2211 cum
2418 2156 2527 2210 Deo
2563 2170 2579 2210 :
2637 2168 2739 2208 nec
2783 2167 3020 2222 unquam
3065 2160 3151 2207 est
3180 2151 3356 2203 minus
3398 2148 3572 2214 salus,

1993 2265 2156 2321 quam
2205 2264 2326 2303 cum
2363 2246 2513 2302 solus
2564 2243 2745 2300 fuerit.
2794 2244 2973 2297 Prima
3026 2256 3259 2310 namque
3309 2240 3578 2310 Sapientia

1992 2350 2096 2406 est,
2133 2340 2379 2396 caruisse
2431 2337 2699 2405 stultitia;
2749 2338 2841 2391 scd
2893 2334 3119 2388 stultitia
3174 2335 3419 2389 caruisse
3474 2349 3579 2385 non

1994 2441 2196 2505 potest,
2231 2431 2333 2485 nisi
2368 2429 2458 2500 qui
2504 2427 2834 2483 intellexerit
2860 2425 3029 2481 illaut.
3065 2425 3169 2481 Sed
3205 2440 3329 2481 vera
3361 2424 3579 2493 quidem

1996 2526 2259 2597 sapientia
2292 2532 2376 2580 est
2401 2524 2448 2588 ³,
2494 2536 2667 2591 nuper
2697 2520 2898 2575 factum
2947 2534 3006 2572 se
3051 2533 3213 2573 nosse
3244 2534 3257 2569 :
3290 2526 3365 2580 et,
3398 2525 3459 2569 ut
3503 2517 3582 2569 sic

1998 2620 2212 2690 loquar,
2245 2618 2299 2672 in
2328 2628 2495 2672 carne
2523 2614 2796 2684 justorum
2830 2608 3148 2681 imperfecta
3174 2606 3441 2679 perfectio
3475 2616 3581 2661 est.

1998 2711 2199 2767 Parum
2231 2718 2411 2764 tamen
2439 2716 2523 2762 est
2554 2706 2695 2760 scire
2724 2705 2864 2775 quod
2898 2701 3143 2767 nescitis,
3177 2701 3269 2756 sed
3304 2699 3587 2766 prudentis

2001 2803 2239 2860 hominis
2265 2810 2348 2856 est
2374 2814 2533 2855 nosse
2558 2812 2868 2852 mensuram
2899 2809 3054 2850 suam
3081 2810 3094 2848 :
3120 2808 3282 2863 quam
3310 2792 3401 2861 qui
3434 2791 3589 2861 igtto~

2001 2894 2227 2958 raverit,
2260 2901 2466 2963 quanto
2500 2890 2761 2961 ampliora
2792 2884 3089 2960 quaesierit,
3123 2894 3277 2939 tanto
3315 2884 3489 2953 magis
3517 2882 3584 2937 ad

2002 2987 2261 3042 inferiora
2311 2983 2601 3041 collabitur
2634 2981 2680 3038 ³.
2729 2979 3017 3035 Discamus
3066 2977 3234 3047 igitur
3287 2976 3339 3028 in
3393 2974 3585 3057 terris,

2004 3095 2234 3153 quorum
2266 3077 2424 3134 nobis
2449 3075 2679 3132 scientia
2714 3080 3026 3144 perseveret
3056 3069 3106 3125 in
3140 3068 3314 3126 ctrlis.

2600 3228 2835 3287 CAPUT
2874 3229 2991 3288 XV.

2637 3325 2716 3381 De
2747 3326 2962 3397 vigiliis.

2082 3442 2314 3514 Dignum
2344 3450 2426 3497 est
2451 3440 2497 3509 ⁵,
2531 3439 2752 3504 fratres,
2778 3448 3073 3510 aptumque
3098 3450 3322 3508 prorsus
3352 3436 3590 3505 satisque

2012 3534 2381 3599 conveniens,
2441 3534 2506 3588 de
2571 3532 2780 3589 sanctis
2847 3529 3046 3600 vigiliis
3100 3542 3243 3582 nunc
3314 3526 3493 3579 dicere
3538 3534 3594 3576 et

2011 3621 2261 3693 proferre
2284 3636 2615 3685 sermonem,
2643 3623 2859 3691 quando
2887 3619 2998 3687 ipsa
3031 3616 3331 3671 lucubratio
3358 3612 3594 3683 exigitur

2014 3728 2045 3768 a
2095 3712 2363 3767 sollicitis.
2394 3710 2514 3766 Nox
2561 3725 2688 3762 ecce
2734 3719 2815 3763 est
2866 3706 3039 3777 caligo
3087 3704 3404 3773 corporibus
3437 3720 3451 3758 :
3487 3716 3591 3755 non

2017 3803 2190 3859 solum
2217 3803 2488 3866 homines,
2519 3801 2612 3855 sed
2641 3802 2802 3854 etiam
2838 3807 3064 3853 cunctos
3092 3796 3145 3851 in
3173 3810 3365 3849 somno
3389 3795 3596 3846 det‘nct

2017 3894 2323 3949 animantes
2367 3909 2382 3947 :
2427 3902 2485 3947 ut
2536 3890 2844 3946 reformatis
2899 3888 3106 3942 viribus
3159 3901 3255 3956 per
3304 3899 3592 3953 soporem,

2018 3987 2229 4054 possint
2265 3986 2579 4040 diuturnum
2626 3981 2740 4054 [ΑΙ.
2793 3980 3020 4035 diurnos
3067 3974 3303 4049 labores]
3328 3976 3597 4029 sustinere

2020 4079 2260 4135 laborem
2297 4077 2566 4132 viventes.
2612 4073 2795 4128 Bonus
2848 4071 3014 4132 Deus,
3060 4070 3152 4133 qui
3186 4069 3258 4122 ita
3294 4066 3595 4137 prospexit,

2022 4173 2094 4228 ita
2147 4169 2454 4234 conatituit,
2485 4176 2547 4222 ut
2594 4168 2757 4222 homo
2807 4158 3077 4219 exiturus
3111 4162 3177 4215 ad
3227 4159 3597 4228 operationem

2023 4279 2177 4320 suam
2202 4276 2373 4333 usque
2399 4259 2467 4315 ad
2490 4272 2799 4329 veSperum,
2825 4255 3049 4310 haberet
3068 4252 3335 4308 vicarium
3361 4258 3601 4318 tempus.

2025 4359 2078 4413 in
2108 4371 2217 4427 quo
2251 4371 2279 4409 a
2325 4353 2477 4410 duris
2504 4351 2779 4409 laboribus
2834 4358 2887 4403 et
2936 4347 3101 4401 multa
3153 4343 3471 4413 fatigatione
3515 4356 3605 4396 reo

2026 4450 2338 4521 quiesceret
2365 4446 2408 4501 ⁸.
3320 4428 3335 4441 ’

343 4539 616 4610 loquendo
655 4548 708 4594 et
758 4536 1146 4601 discursando,
1182 4537 1277 4592 sed
1310 4536 1540 4591 tacendo
1584 4540 1638 4587 et
1686 4529 1901 4586 sedendi

2099 4539 2362 4597 Novimus
2388 4544 2569 4593 autem
2609 4531 2814 4591 multos
2831 4530 3134 4595 hominum,
3171 4537 3227 4585 ut
3262 4537 3356 4583 aut
3389 4524 3607 4596 majori-

347 4632 587 4687 noverit.
624 4630 706 4687 Sit
738 4645 956 4700 quoque
999 4628 1096 4683 tibi
1131 4643 1312 4685 sermo
1345 4627 1531 4690 silens,
1565 4634 1621 4680 et
1650 4623 1901 4679 silentiuu

2027 4634 2130 4690 bus
2157 4632 2272 4688 suis
2304 4630 2580 4703 placeant,
2607 4637 2702 4683 aut
2734 4626 2837 4683 sibi
2866 4623 3071 4695 aliquid
3107 4621 3452 4693 peculiariter
3482 4631 3606 4687 pro-

348 4727 602 4794 loquela.
640 4738 739 4779 nec
769 4723 932 4785 CimS.
964 4736 1065 4777 nec
1094 4721 1282 4775 tardus
1313 4721 1580 4774 ἱηοθεκιιεο
2031 4724 2162 4797 sint,
2184 4723 2363 4780 noctis
2390 4719 2709 4792 particulam
2741 4718 2807 4773 ad
2834 4716 3047 4785 aliquod
3075 4712 3393 4783 opusculum
3425 4724 3608 4779 segre-

422 4816 503 4870 Ac
536 4815 912 4885 unusquisque
937 4817 1153 4883 quando
1183 4816 1249 4866 ad
1279 4812 1713 4866 communionem
1745 4809 1931 4879 ingre-
2032 4830 2199 4888 gare;
2227 4812 2279 4871 id
2326 4830 2425 4886 pro
2471 4814 2626 4868 lucro
2675 4813 2892 4875 ducere,
2929 4806 3073 4880 quod
3123 4804 3284 4860 furati
3320 4804 3383 4855 de
3413 4816 3607 4869 sopore

348 4908 499 4964 ditur
527 4924 651 4964 cum
678 4908 887 4963 cnculla
923 4918 1132 4962 tantum
1164 4904 1406 4959 accedat.
1438 4902 1687 4957 Habeant
1712 4899 1805 4971 qui
1834 4914 1932 4954 vo-
2034 4920 2135 4964 suo
2161 4904 2377 4977 operari
2406 4901 2699 4975 potuerint.
2732 4901 2776 4954 Α
2810 4900 3102 4955 Salomone
3130 4911 3259 4951 vero
3285 4894 3532 4947 laudatur
3557 4900 3611 4943 ct

344 5001 467 5056 lunt
514 5016 646 5056 suas
692 5016 845 5069 Opes,
878 5014 1010 5054 vase
1057 5005 1330 5067 gemmato
1377 4994 1585 5057 bibant.
1624 4992 1803 5048 serico
1843 4991 1930 5045 ηί·
2036 4998 2265 5066 femina,
2291 5010 2412 5069 qua!
2440 5009 2609 5064 pensa
2635 5001 2691 5049 et
2724 4990 3017 5051 laniﬁcium
3060 4991 3125 5045 ad
3159 4989 3434 5042 lucernam
3479 4983 3612 5047 vigi-

350 5103 537 5153 ῑθθυιι
589 5093 780 5161 Ριδιιευ
835 5092 1012 5161 imimli
1071 5090 1444 5151 αε¹θοῑεηιυ¹¹ν
1498 5095 1553 5141 ει
1606 5100 1703 5154 ρετ
1748 5082 1932 5139 Varias
2037 5091 2215 5147 lanter
2248 5096 2470 5146 exercet
2508 5086 2692 5159 (Prov.
2719 5100 2870 5151 xxxi,
2920 5080 3126 5151 10-51).
3188 5078 3405 5134 Addidit
3448 5078 3610 5128 t‘lia'n

351 5187 659 5254 voluptates
686 5185 904 5237 divitias
930 5183 1146 5238 vincere
1171 5188 1466 5251 nequeant.
1494 5176 1705 5234 Nosme
1732 5175 1934 5232 divitia:
2039 5182 2182 5255 quod
2213 5195 2278 5237 ex
2313 5182 2415 5236 hoc
2437 5180 2558 5235 laus
2581 5179 2699 5235 viro
2724 5178 2841 5249 ejus
2865 5177 2922 5231 in
2952 5177 3123 5245 portis
3148 5183 3201 5227 ct
3223 5172 3395 5242 gloria
3422 5184 3612 5236 magna

428 5322 446 5354 '
479 5322 643 5378 Addit
678 5322 918 5385 Bubcus,
946 5320 1146 5389 aliique
1178 5340 1193 5374 :
1227 5335 1248 5372 t
1282 5318 1398 5374 Non
1424 5324 1731 5389 patentem,
1765 5330 1935 5387 panes

354 5388 647 5447 Trinitatis
707 5397 987 5461 accipere,
1058 5387 1112 5444 et
1165 5389 1350 5445 sat-culi
1415 5388 1648 5454 ﬂuctus,
1706 5387 1936 5443 Domino

357 5472 656 5513 nmennte.
686 5461 919 5513 calcare.
957 5478 977 5513 ι

508 5477 656 5521 "Ille,
686 5477 831 5515 calca
841 5477 919 5516 fe.

357 5472 656 5535 praeeunte,
686 5472 919 5516 calcare.
957 5478 977 5513 ι

433 5535 455 5564 ²
488 5534 651 5586 Iidem
681 5532 826 5593 libri,
869 5551 888 5584 ι
932 5531 1054 5587 Hzrc
1082 5541 1164 5587 cst
1198 5531 1434 5586 hominis
1473 5545 1598 5583 vera
1643 5526 1935 5598 sapientia,

360 5602 740 5670 imperfectum
775 5617 900 5656 esse
941 5618 999 5656 se
1034 5617 1231 5662 nosse.
1280 5612 1443 5667 atque
1489 5612 1544 5654 ut
1592 5599 1666 5653 ita
1711 5602 1936 5669 loquar,

360 5682 689 5730 cunctorum
741 5674 791 5723 in
827 5687 1030 5735 carne,
1074 5692 1093 5725 ι
1142 5684 1251 5726 etc.
1308 5671 1477 5725 Paulo
1520 5676 1937 5740 quoquepost,

368 5761 390 5796 α
430 5742 545 5794 Non
579 5751 661 5794 est
694 5756 881 5809 parum
919 5745 1059 5793 ειη-ιω
1095 5744 1238 5808 quod
1277 5742 1478 5795 nescis.
1520 5760 1539 5792 ι
1654 5738 1663 5740 ἡ
1760 5738 1770 5749 ’

436 5811 462 5846 ³
492 5809 702 5867 Vitiare
732 5814 1007 5883 legebatur
1036 5822 1195 5866 antea
1225 5812 1591 5866 collocamus

2110 5321 2134 5353 ⁵
2165 5322 2437 5388 Excerpta
2490 5317 2602 5373 l‘ere
2652 5317 2831 5371 omnia
2885 5323 3014 5371 sunt
3057 5326 3178 5381 quae
3230 5309 3334 5388 hoc
3373 5308 3619 5388 [ξιτιὶιιιξη

2040 5377 2411 5451 continentur,
2465 5405 2530 5443 ex
2575 5388 2801 5458 epistola
2842 5388 2959 5441 sive
2999 5377 3231 5458 tractatu
3259 5381 3339 5458 ⁸(Ιε
3366 5377 3620 5432 Obsetvu-

2041 5465 2183 5518 tione
2206 5460 2529 5531 vigiliarum,
2557 5451 2901 5531 qticttt_s_ttper
2921 5453 3234 5509 cxcutlimus
3259 5451 3424 5531 hocce
3450 5460 3617 5531 tumot

2041 5544 2097 5586 et
2149 5518 2290 5585 falsi)
2345 5518 2642 5596 nséritittim
2702 5518 3031 5594 Hieronymo
3087 5521 3462 5574 ostend'mns.
3523 5518 3617 5565 sel

2040 5601 2215 5658 Niceti
2253 5598 2599 5655 Trevirensis
2643 5597 2882 5667 episcopi
2912 5608 3054 5655 esse,
3103 5606 3167 5645 es
3220 5604 3328 5644 mss
3382 5598 3621 5641 auctori-

2046 5682 2152 5727 tate
2183 5671 2461 5725 evicitnus.

2116 5743 2138 5773 '
2174 5741 2346 5796 Minus
2394 5740 2529 5795 bene
2575 5748 2733 5793 antea
2781 5734 3077 5809 legebatur,
3114 5730 3452 5803 Requiescere
3481 5739 3621 5801 prce-

2044 5812 2201 5871 stitit.
