4012 6188
338 420 349 433 ρ

336 1208 360 1287 is

344 1292 361 1363 3

338 1365 362 1464 fi

421 332 523 435 311

1368 338 1432 401 S.
1473 342 1919 407 HIERONYMI
1960 349 2285 413 OPERUM
2328 352 2729 413 MANTISSA.

3572 342 3680 406 372

416 457 714 547 nascatur.
754 450 910 541 quod
957 453 1003 547 si
1142 452 1454 512 carnalibus
1506 455 1915 525 instrumentis,
1946 462 1998 517 id
2026 469 2074 530 Α
2103 483 2226 520 cum
2261 482 2370 521 non
2400 468 2723 523 erubescant
2761 465 2991 535 improbi
3029 464 3080 518 in
3118 460 3479 547 perpetrando
3513 474 3680 529 opere

414 550 519 609 est,
555 528 719 624 victui
767 528 1470 613 et'vestitui’necessariis,
1518 549 1608 619 qui
1649 552 1835 623 vigilat
1881 568 1990 610 non

418 635 855 719 reprehenditur,
906 634 1017 691 imo
1052 635 1301 692 laudatur
1330 656 1344 693 :
1374 632 1650 694 et‘mirari
1701 656 1785 697 me
1820 643 1993 701 fateor

416 728 539 793 esse
562 730 793 800 aliquos,
831 729 921 799 qui
949 744 1138 786 sacras
1161 732 1372 803 vigilias
1400 743 1506 789 tam
1531 734 1797 805 spirituali
1823 753 1992 809 opere

421 819 757 890 fructuosas,
820 822 1192 891 orationibus,
1255 824 1501 896 hymnis.
1546 816 1992 902 lectionibusque

421 910 702 982 fecundas,
735 921 829 970 aut
851 912 1153 999 superuuas
1178 905 1471 999 restituant,
1498 928 1595 975 aut
1615 904 1843 991 otiosas,
1876 933 1993 992 aut,

418 1002 560 1075 q’uod
587 1002 672 1061 his
695 1002 935 1081 deterius
959 994 1060 1074 est,
1097 994 1455 1079 importunus.
1990 1000 1993 1003 Α

449 1090 802 1180 'EtQuidem
841 1096 887 1151 si
935 1107 1063 1173 sunt
1110 1096 1357 1156 homines
1404 1115 1437 1155 a
1487 1110 1675 1158 nostra
1730 1104 1997 1174 religione

420 1180 603 1266 alieni,
658 1185 753 1265 qui
794 1186 900 1242 ista
933 1187 1011 1243 sic
1042 1189 1297 1257 sentiant,
1334 1205 1439 1245 non
1473 1200 1557 1247 est
1592 1180 1813 1257 mirum.
1847 1195 1997 1262 Quo-

423 1272 581 1365 modo
612 1278 755 1359 enim
790 1278 1031 1349 profanis
1067 1282 1316 1351 religiosa
1350 1282 1563 1351 placere
1595 1295 1842 1355 possunt,
1872 1288 1998 1358 qui-

424 1370 523 1439 bus
553 1369 597 1441 si
632 1369 928 1438 placerent,
966 1373 1134 1427 nostri
1177 1383 1359 1429 essent
1389 1391 1403 1429 :
1432 1376 1556 1445 quia
1589 1392 1780 1435 sumus
1810 1379 1998 1449 utique

421 1461 840 1544 christiattii'Si
872 1464 1204 1536 vero'nostri
1226 1463 1370 1520 sunt
1402 1482 1537 1538 quos
1573 1468 1874 1538 vigiliarum
1910 1486 1998 1525 sa-

423 1542 784 1631 lutifer'actns
811 1542 1053 1622 oﬂ'éndit,
1083 1546 1300 1612 ut'nibil
1324 1544 1398 1614 de
1418 1548 1521 1615 "bis
1551 1562 1790 1626 deterius
1819 1563 1999 1633 suspi-

421 1662 514 1713 cer
542 1648 567 1701 ε’
592 1654 685 1701 aut
728 1648 865 1718 pigri
897 1656 1170 1717 suut,"aut
1202 1638 1579 1721 somnicul05i,
1618 1641 1882 1724 autquod
1908 1636 2000 1712 {his

420 1728 506 1802 est
550 1741 894 1808 proximum,
947 1730 1111 1797 senes
1159 1741 1241 1797 vel
1280 1726 1503 1811 infirmi.
1556 1744 1612 1798 Si
1649 1745 1784 1815 pigri
1831 1754 2000 1813 sunt,

2096 560 2376 615 fmditatis.
2396 560 2588 615 Merito
2604 575 2732 630 ergo
2750 558 3027 625 Scriptura
3050 557 3104 611 in
3122 554 3429 610 Proverbiis
3444 552 3639 622 ingerit
3659 567 3679 605 :

2099 651 2195 706 Est
2225 651 2463 721 confusio
2494 669 2611 723 qua
2641 653 2786 705 ducit
2819 653 2889 704 ad
2920 662 3193 720 peccatum
3229 646 3420 716 (Eccli.
3455 662 3530 707 tv,
3557 644 3673 710 9.5).

2097 743 2153 800 lu
2186 743 2328 799 bono
2369 744 2516 799 enim
2547 757 2713 814 opere
2755 741 3013 798 confundi
3061 753 3340 808 peccatum
3374 749 3459 792 est
3489 753 3504 790 :
3537 739 3680 790 sicut

2102 835 2156 889 in
2210 835 2353 891 malo
2389 833 2640 890 faciendo
2689 848 2795 889 non
2849 832 3133 896 confundi,
3168 830 3436 899 pernicies
3479 836 3581 883 est.
3619 827 3678 882 Si

2100 933 2324 983 sanctus
2359 940 2439 990 es,
2477 938 2599 978 ama
2634 923 2866 991 vigilias,
2903 931 2963 995 ut
2994 923 3309 977 thesaurum
3358 930 3507 973 tuum
3547 919 3681 984 vigi-

2099 1015 2265 1092 lando
2296 1017 2591 1082 custodias,
2622 1024 2676 1073 et
2719 1016 2834 1085 ipse
2880 1016 2931 1069 in
2981 1013 3272 1068 Sanctitate
3312 1010 3569 1065 serveris.
3621 1008 3683 1063 Si

2105 1117 2363 1179 peccator
2388 1122 2470 1172 es,
2500 1107 2672 1176 magis
2702 1121 2833 1162 cura
2869 1115 2927 1161 ut
2954 1104 3224 1174 vigilando
3249 1112 3303 1158 et
3327 1100 3532 1155 orando
3559 1116 3685 1169 pur-

2102 1198 2289 1271 geris;
2322 1200 2447 1269 dum
2480 1208 2637 1253 tunso
2676 1207 2895 1268 pectore
2934 1197 3273 1265 frequentius
3321 1194 3524 1248 clames
3556 1212 3570 1247 :
3604 1193 3683 1245 Ab

2105 1290 2323 1345 occultis
2366 1290 2495 1347 meis
2532 1292 2731 1363 munda
2761 1306 2844 1344 me
2872 1306 2893 1343 :
2926 1301 2975 1343 et
3004 1292 3076 1350 ab,
3118 1288 3307 1352 alienis
3349 1302 3505 1354 parce
3537 1299 3686 1348 servo

2104 1390 2194 1455 tuo
2229 1381 2400 1453 (Psal.
2444 1398 2601 1447 xvttt,
2633 1384 2721 1445 15.
2755 1382 2866 1452 14).
2898 1379 3236 1447 Gustandum
3269 1380 3414 1433 enim
3446 1376 3687 1451 videtur,

2103 1473 2229 1542 quia
2264 1473 2453 1529 suavis
2485 1482 2571 1529 est
2617 1471 2901 1538 Dominus,
2936 1471 3077 1536 sicut
3117 1471 3385 1539 scriptum
3433 1478 3537 1523 est.
3581 1466 3687 1532 Qui

2102 1578 2233 1641 ergo
2267 1564 2528 1634 gustavit,
2555 1562 2809 1633 intelligit
2841 1571 2895 1617 et
2937 1561 3125 1635 sentit,
3159 1568 3423 1630 quantum
3473 1559 3691 1627 pondus

2107 1657 2347 1726 pectoris
2376 1656 2651 1726 vigilando
2681 1655 2985 1724 depunitur,
3013 1661 3248 1723 quantus
3280 1651 3473 1706 mentis
3496 1660 3689 1719 stupor

2105 1748 2402 1811 excutitur,
2438 1755 2636 1815 quanta
2682 1746 2773 1799 lux
2804 1745 3040 1798 animam
3076 1743 3347 1812 vigilantis
3391 1752 3445 1796 et
3476 1740 3688 1797 orantis

421 1829 767 1897 erubescant,
816 1832 943 1902 quia
980 1825 1109 1915 illis"
1136 1834 1391 1903 i‘nsonaut
1428 1836 1708 1904 proverbia
1756 1837 2004 1893 Salomo—
2034 1833 2079 1890 Β
2110 1840 2369 1906 illustrat,
2391 1855 2510 1909 quae
2534 1843 2731 1910 gratia,
2755 1853 2875 1908 qua:
2898 1838 3140 1893 visitatio
3166 1836 3404 1891 membra
3433 1838 3692 1897 universa

423 1921 554 1984 nis:
597 1924 742 1979 Vade
784 1926 853 1980 ad
891 1923 1189 2001 formicam,
1222 1944 1251 1981 ο
1278 1920 1460 1998 piger,
1508 1939 1556 1983 et
1603 1929 1857 1984 wmufarc
1890 1930 2003 1986 vias

423 2007 539 2085 c‘jus
587 2015 771 2089 (Prov.
816 2008 1007 2091 tua).
1053 2019 1111 2075 Si
1146 2020 1500 2076 somniculosi
1531 2032 1679 2087 sunt,
1724 2024 2004 2093 exspergi-

424 2107 649 2162 scantur
680 2102 965 2179 Scriptura
1014 2110 1386 2179 proclamante
1417 2128 1430 2165 :
1465 2110 1508 2166 0
1540 2115 1704 2181 piger,
1737 2129 2004 2185 quousque

423 2196 673 2257 dormis?
705 2202 930 2270 Quando
955 2217 1130 2260 autem
1162 2206 1225 2260 de
1262 2221 1445 2260 somno
1476 2223 1656 2274 surges
1676 2207 1701 2259 Ρ
1728 2206 2004 2276 paululum

421 2281 632 2363 quidem
658 2295 878 2361 dormis,
907 2298 1172 2351 modicum
1195 2298 1364 2361 sedes,
1387 2298 1637 2363 pusillum
1671 2309 1849 2351 autem
1878 2300 2004 2371 dor-

424 2386 618 2453 muas,
654 2389 910 2457 pusillum
964 2407 1082 2445 vero
1133 2390 1490 2459 complecteris
1540 2392 1784 2445 manibus
1827 2405 2004 2460 pectus

424 2470 583 2548 (Ibid.
616 2478 681 2544 9,
735 2479 847 2549 l0).
906 2478 963 2534 Si
1017 2495 1181 2534 senex
1217 2462 1309 2547 es,
1363 2480 1486 2549 quis
1525 2489 1576 2533 te
1624 2482 1899 2555 compellit
1949 2493 2007 2535 ut

424 2557 993 2647 vigiles?Quanqulaiu
1039 2584 1093 2626 et
1125 2555 1231 2633 non
1263 2571 1576 2640 compulsus
1608 2589 1702 2643 pro
1733 2585 1889 2631 relate
1923 2585 2006 2628 ta-
2040 2559 2056 2568 ’

422 2677 545 2718 men
577 2662 789 2733 vigilas.
826 2653 975 2741 Et'si
1006 2653 1154 2718 stare
1188 2680 1294 2744 non
1328 2676 1499 2739 potes,
1534 2664 1631 2720 sed
1679 2677 1822 2721 tuam
1861 2669 2007 2736 cogi-

424 2745 511 2836 fas
540 2754 1059 2826 lmpossibilitatem,
1090 2770 1201 2836 non
1231 2756 1395 2834 debes
1420 2756 1649 2827 juvenes
1678 2768 1733 2813 et
1765 2761 2005 2814 Valentes

422 2834 491 2904 ad
537 2858 686 2904 tuum
743 2862 997 2929 revocare
1049 2834 1339 2929 torporem,
1388 2866 1524 2920 quos
1560 2866 1778 2917 propter
1826 2852 2005 2907 varias

426 2941 759 2999 teuta‘tiones
799 2924 1124 3013 inveniatis,
1150 2924 1372 3010 'seipsos
1406 2944 1848 3009 propensior-ibus
1888 2958 2004 2995 ma-

424 3030 614 3105 eerare
638 3030 795 3091 debet
828 3017 1046 3105 vigiliis.
1076 3033 1207 3088 Natu
1237 3034 1451 3089 athleta:
1477 3037 1591 3090 suis
1630 3036 2006 3089 iueitatouibus

425 3114 684 3182 fortiores
724 3114 903 3194 sunt;
950 3135 1007 3182 et
1045 3136 1221 3181 lalllt‘ll
1277 3138 1461 3181 monet
1507 3126 1769 3185 debilior,
1810 3134 2008 3193 pugnat

424 3200 515 3274 ille
538 3219 629 3289 qui
661 3218 857 3274 fortior
882 3226 989 3275 est.
1020 3217 1253 3274 Maxime
1278 3219 1405 3289 quia
1436 3227 1492 3273 et
1518 3219 1692 3272 sancti
1723 3229 2004 3282 t'orrttuul,

425 3312 474 3366 si
504 3311 704 3365 fuerint
729 3310 1063 3379 negligentes
1089 3326 1107 3378 ;
1133 3319 1187 3364 et
1215 3319 1528 3379 peccatores
1558 3309 1843 3378 pristinum
1875 3313 2006 3363 reei—

426 3401 605 3472 p‘iunt,
643 3402 689 3455 si
721 3401 911 3456 sordes
944 3400 1162 3477 ﬂetibus
1191 3401 1441 3477 laverint.

494 3490 611 3547 Hoc
639 3490 937 3569 itteo‘dico,
967 3483 1031 3546 ut
1066 3472 1270 3569 te'iton
1304 3472 1545 3569 terreant
1592 3491 2003 3567 descendentes,

424 3590 522 3643 sed
548 3566 1263 3661 proveneritascendentes;
1297 3583 1442 3639 Nihil
1493 3566 1601 3638 tam
1634 3584 1815 3649 facile,
1845 3569 2006 3649 quam

423 3674 662 3751 d’tiosbtn
691 3661 746 3730 et
772 3660 1129 3730 dormientem
1155 3674 1222 3729 de
1255 3673 1485 3730 aliorum
1513 3674 1699 3753 labore
1727 3682 1782 3729 et
1811 3675 2010 3753 vigiliis

427 3762 727 3846 disputare.
782 3765 839 3822 Si
875 3781 1004 3823 vero
1038 3765 1285 3844 infirmus
1329 3780 1389 3822 es
1421 3756 1705 3845 membris,
1751 3756 1893 3836 quod
1927 3758 2011 3819 faé

426 3845 554 3916 cere
584 3860 765 3944 potes,
799 3850 913 3916 noli
949 3850 1351 3944 reprehendere
1383 3876 1399 3915 :
1435 3859 1545 3915 imo
1581 3860 1693 3929 riga
1733 3869 1787 3940 et
1822 3870 1876 3914 tu
1919 3874 2007 3914 se-

429 3940 665 4027 cundum
700 3940 1317 4031 prophetam'lacrymis
1336 3960 1565 4031 stratum
1594 3946 1775 4017 tuum,
1795 3962 1848 4005 et
1876 3951 1963 4015 dic
1986 3940 2006 4006 λς

430 4038 711 4121 Sin-temor-
731 4027 810 4112 [ui
833 4043 909 4120 tui
934 4040 1094 4111 super
1115 4027 1546 4121 stratum-meum
1573 4041 1745 4112 (Psal.
1775 4056 1905 4121 nxu,
1932 4042 2007 4114 7).

428 4118 750 4217 ΙίιῙυίιεᾳω
796 4118 963 4190 etiam
1014 4118 1388 4217 vigilantibus,
1434 4143 1493 4188 ut
1518 4122 1577 4188 te
1610 4134 1728 4190 suis
1763 4118 2014 4203 precibus

424 4210 657 4309 juvant,
682 4222 792 4309 quo
823 4228 1039 4300 adjutus
1067 4244 1098 4283 a
1123 4210 1552 4307 Domino’super
1575 4228 1776 4305 lectum
1804 4227 2014 4284 doloris

435 4320 510 4377 tui
536 4306 737 4395 habere
768 4318 970 4395 possis,
1001 4332 1060 4376 ut
1091 4310 1151 4390 et,
1185 4310 1240 4376 tu
1290 4323 1615 4392 quandoque
1644 4322 1904 4376 merearis
1935 4323 2015 4377 di-

434 4394 612 4470 cere":
645 4413 714 4469 In
746 4394 1022 4468 matutinis
1051 4410 1344 4467 meditabor
1372 4413 1425 4465 iu
1460 4419 1543 4477 te,
1575 4411 1702 4483 quia
1736 4411 1890 4482 fuisti
1918 4414 2017 4466 ad-

2108 1931 2370 1989 lzctificat.
2408 1931 2688 2002 Vigilando
2714 1933 2893 1986 omnis
2924 1931 3084 1984 timor
3116 1929 3444 1993 excluditur,
3492 1929 3523 1981 li
3547 1927 3693 1988 lucia

2109 2022 2378 2086 nascitttr,
2410 2037 2539 2077 caro
2567 2035 2899 2087 maceratur,
2928 2021 3061 2087 vitia
3107 2020 3410 2081 tabescunt,
3447 2018 3692 2077 ebaritas

2110 2114 2421 2180 roboratur,
2454 2114 2658 2170 recedit
2686 2114 2937 2181 stultitia,
2961 2114 3169 2181 accedit
3201 2111 3509 2181 prudentia,
3535 2123 3697 2175 nit-ns

2112 2208 2344 2272 acuitur,
2390 2222 2543 2269 error
2586 2186 2942 2271 obtundit-1r;
2974 2205 3261 2261 criminum
3308 2211 3471 2281 caput
3504 2201 3694 2273 diabo-

2111 2300 2214 2367 lus,
2246 2300 2428 2369 gladio
2457 2299 2683 2369 spiritus
2715 2300 3053 2371 vulneratur.

2179 2390 2315 2465 Quid
2351 2390 2454 2463 hac
2489 2391 2722 2444 utilitate
2755 2390 2928 2458 magis
2959 2378 3330 2457 necessarium
3346 2387 3371 2438 ι
3395 2384 3527 2455 quid
3567 2383 3699 2449 istis,

2108 2464 2278 2547 lucris
2326 2483 2671 2538 counnodius
2724 2478 2834 2553 [ΑΙ.
2893 2476 3354 2556 couunodatiusll
3406 2476 3535 2546 quid
3587 2481 3693 2530 bac

2109 2574 2405 2628 dilectione
2458 2573 2715 2627 suavius?
2765 2573 2895 2643 quid
2964 2573 3063 2626 bac
3125 2572 3386 2627 felicitate
3444 2566 3696 2623 beatius?

2112 2674 2249 2736 teste
2281 2666 2441 2720 etiam
2488 2663 2758 2734 Propheta
2797 2665 2888 2734 qui
2938 2662 2993 2717 in
3034 2663 3307 2733 principio
3355 2660 3692 2728 psalmorum

2109 2774 2329 2814 suorum
2375 2758 2592 2814 beatum
2624 2757 2801 2811 virum
2843 2755 3178 2820 describens,
3210 2769 3480 2810 suuunam
3514 2754 3693 2807 beati-

2111 2850 2355 2904 tudinem
2384 2847 2500 2917 ejus
2537 2849 2593 2903 in
2627 2850 2732 2905 hoc
2762 2848 3030 2904 versiculo
3062 2845 3370 2909 collocavit,
3403 2846 3448 2900 si
3484 2843 3538 2898 iu
3574 2847 3697 2914 lege

2116 2942 2209 2997 Dei
2257 2943 2552 2997 meditatur
2586 2941 2675 2997 die
2721 2955 2787 2996 ac
2837 2949 2997 2995 nocte
3027 2938 3196 3008 (Psal.
3246 2953 3283 3004 ι,
3320 2938 3393 3006 1).
3431 2936 3578 2989 lloua
3609 2946 3697 2991 est

2111 3036 2327 3104 quidem
2354 3035 2547 3090 diurna
2573 3033 2872 3099 meditatio,
2896 3033 2991 3088 sed
3011 3031 3282 3087 eliicacior
3297 3042 3379 3084 est
3400 3041 3693 3097 nocturna.

2114 3128 2252 3193 Quia
2302 3140 2396 3195 per
2428 3127 2571 3179 diem
2606 3124 2961 3179 necessitates
2995 3127 3341 3200 obstrepunt,
3374 3124 3698 3192 Occupaliog

2112 3234 2213 3274 nes
2263 3219 2576 3273 distrahunt
2625 3224 2884 3287 mentem,
2932 3229 3155 3272 sensum
3201 3213 3397 3283 duplex
3430 3226 3560 3267 cura
3606 3213 3695 3267 di-

2108 3311 2336 3378 spergit.
2374 3308 2490 3378 Nox
2540 3317 2719 3361 autem
2770 3316 3007 3381 secreta,
3057 3318 3167 3381 nos
3196 3305 3399 3373 quieta,
3437 3313 3698 3372 opportu-

2109 3417 2236 3467 nam
2269 3414 2327 3454 se
2355 3383 2559 3477 praebet
2591 3397 2898 3477 orantibus,
2926 3384 3266 3471 aptissimam
3292 3395 3645 3465 vigilantibus
3675 3410 3694 3451 :

2111 3495 2236 3546 dum
2269 3469 2591 3571 carnalibus
2628 3472 3079 3566 occupationibus
3124 3487 3461 3557 expeditum,
3522 3488 3695 3541 culle-

2110 3596 2255 3637 ctunt
2286 3597 2526 3650 sensum,
2578 3583 2843 3638 intentum
2898 3581 3008 3654 [ΑΙ.
3065 3581 3119 3634 in
3173 3576 3367 3651 totum]
3416 3580 3694 3635 hominem

2114 3676 2311 3733 divinis
2342 3675 2725 3744 conspectibus
2757 3675 2922 3730 sistit.
2955 3672 3268 3749 Curandum
3297 3682 3381 3728 est
3417 3672 3581 3727 etiam
3628 3684 3701 3739 ne

2115 3770 2397 3845 nimietate
2428 3767 2533 3823 etbi
2566 3767 2651 3822 vel
2684 3776 2846 3837 potus
2883 3753 3152 3834 vigilaturi
3189 3774 3376 3835 pectus
3409 3772 3696 3826 oneretur,

2113 3877 2183 3915 ne
2215 3860 2515 3915 cruditates
2565 3866 2879 3913 eructantes
2927 3868 2981 3913 ct
3028 3858 3331 3928 crapulam,
3366 3872 3472 3909 non
3517 3856 3695 3912 solum

2115 3942 2217 4025 ipsi
2265 3954 2426 4008 nobis
2479 3950 2590 4025 [AL
2628 3952 2758 4006 add.
2793 3952 3049 4006 insuaves
3099 3948 3332 4022 simus],
3382 3948 3476 4003 sed
3528 3932 3694 4002 etiam

2115 4046 2302 4121 gratia:
2345 4044 2573 4113 spiritus
2622 4038 2833 4113 indigni
2882 4043 3206 4112 iudicemur.
3254 4042 3393 4113 Ergo
3437 4052 3695 4109 tauquam

2117 4136 2306 4191 divino
2342 4134 2556 4189 lruituri
2594 4131 2897 4203 ministerio
2937 4141 3067 4187 ante
3124 4147 3223 4187 nos
3271 4148 3365 4201 per
3411 4131 3697 4185 abstinen-

2119 4228 2252 4282 tiam
2286 4239 2481 4297 parare
2505 4223 2767 4281 debemus
2793 4241 2807 4280 :
2839 4233 2897 4303 ut
2927 4225 3196 4297 ingravati
3227 4224 3531 4303 expeditius
3559 4224 3697 4295 vigi-

2116 4317 2231 4397 lare
2257 4317 2555 4383 possimus.

2190 4409 2469 4481 Cagitatio
2503 4423 2721 4488 quoque
2754 4408 2895 4475 mala
2920 4408 3173 4480 pellatur,
3207 4424 3275 4463 ne
3307 4409 3446 4463 male
3474 4408 3704 4477 vigilan-

428 4505 585 4592 jutor
613 4520 761 4587 meus
789 4502 1006 4592 (tum).
1035 4502 1290 4586 Alioquin
1320 4502 1547 4557 stultum
1579 4511 1635 4557 et
1665 4502 1802 4558 satis
1830 4512 2014 4581 estra-
2043 4507 2090 4565 ι)
2120 4504 2189 4560 tis
2248 4502 2426 4558 oratio
2458 4502 2575 4581 fiat,
2610 4486 2753 4558 sicut
2796 4488 3015 4579 legitur,
3073 4503 3127 4556 iu
3190 4512 3461 4575 peccatum
3526 4500 3700 4571 (Psal.

433 4591 597 4652 neum
644 4582 747 4659 est,
785 4582 845 4651 ut
886 4591 1011 4665 quia
1050 4582 1153 4664 ipsi
1184 4609 1407 4651 currere
1439 4609 1547 4649 non
1581 4595 1848 4661 valemus,
1877 4594 2013 4650 bene

433 4688 786 4765 currentibus
829 4688 1179 4765 derogemus.
1209 4684 1343 4743 Nam
1381 4688 1482 4743 etsi
1535 4702 1644 4742 non
1696 4701 2015 4757 possumus,

434 4762 697 4835 debemus
744 4762 1115 4847 cortgratulari
1167 4779 1498 4848 patentibus.
1554 4778 1708 4836 Sicut
1753 4781 1899 4848 enim
1950 4780 2017 4835 de

430 4870 699 4928 consensu
720 4868 937 4946 malitiae
959 4865 1313 4943 participatur
1334 4887 1457 4927 cum
1480 4870 1811 4929 facientibus
1832 4887 2013 4943 paena,

432 4969 518 5022 sic
565 4956 915 5037 parti'eipat'io
960 4954 1165 5036 gloria!
1195 4948 1461 5045 speranda
1497 4954 1582 5045 est
1618 4967 1699 5020 de
1732 4958 2015 5041 consensu

430 5050 713 5116 bonitatis.
743 5056 893 5115 Alios
927 5047 1073 5131 enim
1108 5041 1337 5127 eﬂ‘ec‘tu‘s
1368 5041 1614 5125 coronat,
1653 5056 1787 5127 alios
1826 5048 2019 5131 volun-

435 5162 521 5206 tas
564 5150 655 5221 pia
703 5145 962 5207 ludiﬁcat.
995 5146 1107 5204 Nec
1153 5142 1301 5204 sane
1330 5134 1618 5229 onerosum
1665 5137 1751 5201 vel
1798 5136 2018 5229 dillieile

432 5220 607 5298 videri
642 5240 823 5310 debet",
853 5234 1319 5305 etiatu‘delicatis
1368 5220 1689 5307 corporibus
1739 5239 1794 5293 in
1842 5220 2014 5309 septi-

433 5350 596 5389 tnana
622 5335 854 5390 duarum
890 5334 1154 5399 noctium,
1183 5333 1368 5396 id'est,
1396 5332 1623 5393 sabbati
1645 5342 1811 5401 atque
1837 5331 2019 5386 Domi-

434 5427 573 5483 nica:
623 5427 1196 5496 portionem'aliquam
1247 5424 1344 5479 Dei
1390 5420 1695 5495 ministerio
1730 5425 2014 5499 deputare.

436 5523 545 5578 lsta
576 5523 722 5579 enim
756 5522 913 5595 quasi
946 5518 1258 5594 purilicatio
1278 5532 1281 5533 '
1302 5522 1385 5575 eSt
1417 5501 1904 5589 diertim‘quinque
1933 5510 2017 5581 vel

438 5618 708 5684 noctium,
737 5617 938 5687 quibus
981 5626 1208 5687 stupore
1234 5613 1440 5671 carnali
1473 5612 1920 5683 ingravesc‘imus,
1957 5608 2019 5668 ac

438 5710 731 5768 mundanis
760 5711 971 5766 actibus
999 5711 1317 5767 05eitamus.
1983 5714 1989 5722 '

516 5801 634 5859 Non
665 5803 954 5865 erubescat
986 5805 1180 5877 aliquis
1211 5804 1265 5863 in
1296 5804 1443 5864 bono
1468 5800 1650 5864 studio
1678 5798 2020 5880 sanctitatis,

2117 4614 2271 4665 cvnt,
2304 4599 2378 4671 7).
2416 4598 2720 4655 Suntenitn
2746 4607 2804 4654 et
2831 4613 2899 4674 es
2933 4597 3174 4668 maligno
3222 4598 3439 4666 vigiliae,
3470 4598 3613 4650 sicut
3643 4596 3701 4649 in

2120 4692 2434 4749 Proverbiis
2461 4694 2693 4764 legitur:
2741 4691 2968 4765 Ablatus
3022 4701 3101 4746 est
3153 4708 3369 4746 somnus
3420 4691 3485 4744 ab
3535 4690 3703 4764 oculis

2118 4798 2331 4840 eorum:
2357 4783 2484 4840 Non
2509 4786 2648 4840 enim
2681 4787 2975 4851 dormiunt,
3012 4785 3208 4852 inquit,
3249 4785 3352 4837 nisi
3400 4783 3538 4837 utalc
3565 4784 3707 4853 [ece-

2120 4877 2227 4952 rint
2255 4876 2437 4949 (Prov.
2468 4892 2543 4942 tv,
2580 4877 2687 4951 l6).
2723 4877 2940 4947 Absint,
2973 4877 3172 4939 absint,
3201 4879 3271 4930 ab
3301 4876 3405 4929 boc
3429 4883 3705 4947 conventu

2128 4970 2266 5024 tales
2298 4969 2532 5040 vigilire;
2564 4970 2636 5025 sit
2658 4970 2836 5039 potius
2866 4968 3211 5038 vigilantibus
3237 4978 3424 5036 pectus
3448 4967 3702 5020 clausum

2124 5038 2375 5126 diabolo,
2402 5044 2647 5127 apertum
2672 5057 2931 5123 Christo;
2973 5038 3207 5127 utquetn
3235 5058 3393 5109 labiis
3415 5071 3702 5125 sonamus,

2122 5132 2288 5206 corde
2326 5134 2628 5207 teneamus.
2664 5151 2821 5206 Tunc
2865 5162 3026 5205 erunt
3082 5150 3441 5217 acceptabiles
3499 5159 3705 5203 nostra

2122 5245 2345 5314 vigilia,
2383 5254 2514 5299 tunc
2554 5244 2895 5314 peruoctatio
2952 5243 3253 5296 salutaris:
3290 5243 3333 5295 si
3368 5239 3703 5308 competenti

2120 5336 2421 5406 diligentia,
2459 5345 2514 5390 et
2541 5334 2831 5390 devotione
2883 5334 3121 5401 sincera,
3174 5334 3538 5387 ministerium
3599 5347 3706 5407 uo-

2121 5438 2295 5487 strutn
2326 5431 2523 5487 divinis
2549 5429 2831 5486 obtutibus
2862 5429 3146 5507 offeratur.

2713 5586 2943 5646 CAPUT
2977 5586 3119 5645 XVI.

2742 5682 2819 5737 De
2847 5684 3090 5739 restibus.

2194 5796 2375 5859 Fusca
2409 5804 2592 5881 tunica
2623 5799 2890 5869 vestiaris,
2929 5799 3049 5857 vilis
3087 5796 3268 5856 tunica
3323 5804 3697 5887 contemptum

3068 5924 3101 5940 κ
