4012 6188
268 357 382 421 373

1447 353 1764 418 REGULA
1817 355 2240 420 MONACHOR
2251 359 2386 424 ΗΜ.

3438 371 3550 436 374

266 470 468 528 mnndi
495 469 685 540 probet
710 485 724 524 :
753 466 826 524 ita
848 467 1113 523 duntaxat
1157 469 1223 523 ne
1245 464 1462 524 animus
1485 478 1607 526 tuus
1635 478 1858 536 tumeat,
1886 481 1938 538 Α
1963 477 2323 546 gitationibus
2356 490 2528 545 mens,
2554 484 2609 534 et
2673 478 2740 535 ad
2769 479 2941 538 instar
2973 481 3290 541 fornicantis
3321 484 3542 542 Jerusa-

268 580 342 618 ne
393 562 617 617 habitus
639 574 930 629 sermoque
973 558 1320 617 dissentiant.
1363 559 1497 615 Nam
1531 563 1695 618 vestis
1744 563 1860 632 ipsa

266 657 404 712 vrlis
449 665 506 710 et
556 654 726 724 pulla,
785 653 952 707 animi
1007 653 1240 708 tacentis
1290 653 1548 709 indicium
1574 666 1700 712 est:
1756 653 1860 720 Qui

268 750 418 802 enim
455 747 698 802 mollibus
752 747 1064 804 vestiuntur.
1118 745 1175 797 in
1241 744 1482 800 domibus
1508 762 1682 816 regum
1711 756 1856 800 sunt.

272 841 442 894 Tales
472 854 712 908 namque
767 849 948 893 vestes
1001 837 1207 890 habeas
1235 838 1434 906 quibus
1489 837 1720 904 pellatur
1755 837 1857 891 fri-

273 947 383 997 gus
418 931 434 961 ί
463 946 480 996 ;
514 946 620 983 non
647 929 849 995 quibus
904 928 1103 983 vestita
1137 941 1364 997 corpora
1398 927 1688 995 nudentur,
1741 941 1862 996 quae

275 1039 382 1078 nec
412 1025 525 1078 sint
554 1027 784 1087 mumlze,
827 1035 931 1077 nec
965 1021 1221 1086 sordidae,
1251 1031 1306 1076 et
1362 1021 1507 1075 nulla
1539 1021 1863 1076 diversitate

275 1116 552 1171 notabiles
578 1131 592 1170 :
623 1115 745 1184 quia
779 1130 879 1169 nec
915 1113 1180 1167 atl‘eetatre
1207 1113 1418 1179 sordes,
1451 1127 1549 1166 nec
1573 1113 1862 1182 exquisitae

278 1207 568 1259 munditia:
598 1206 931 1260 conveniunt
959 1204 1292 1261 Christiano.
1324 1203 1428 1257 Sed
1463 1217 1529 1256 ne
1557 1203 1658 1257 hoc
1685 1205 1859 1272 ipsum

269 1297 598 1364 jactantiam
657 1295 753 1349 tibi
814 1304 1060 1362 generet,
1117 1295 1260 1364 quod
1311 1292 1495 1347 sarculi
1534 1293 1858 1362 jactantiam

273 1388 662 1456 contempsisti
690 1401 706 1439 :
745 1401 813 1440 ne
844 1385 1106 1456 cogitatio
1137 1387 1297 1440 tacita
1330 1386 1608 1454 subrepat,
1650 1392 1708 1437 ut
1737 1383 1863 1452 quia

279 1485 515 1533 t’orsitan
547 1479 814 1533 inauratis
861 1480 1105 1533 vestibus
1137 1477 1353 1546 placere
1399 1477 1609 1541 desisti,
1646 1476 1864 1544 placere

279 1573 502 1626 coneris
529 1572 584 1624 in
615 1569 890 1625 sordibus.
927 1567 1074 1622 Nihil
1129 1570 1274 1622 enim
1331 1566 1611 1620 intulimus
1639 1566 1692 1618 in
1719 1565 1863 1618 hunc

282 1665 573 1728 inundum,
605 1675 707 1716 nec
737 1661 951 1715 auferre
984 1660 1113 1729 quid
1140 1672 1452 1728 possumus.

355 1757 426 1809 At
452 1770 599 1809 nunc
627 1754 916 1824 plerosque
957 1753 1148 1808 videas
1181 1751 1416 1805 armaria
1446 1750 1646 1819 stipare
1700 1748 1864 1804 vesti-

1965 567 2090 633 lem,
2123 569 2272 624 omni
2325 572 2629 626 transeunti
2661 572 2943 639 1divaricet
3001 578 3167 644 pedes
3231 592 3380 633 suos.
3435 579 3544 634 Nec

1964 658 2168 715 idcirco
2229 661 2328 716 tibi
2380 664 2449 717 ab
2505 678 2669 733 opere
2706 667 3029 723 cessandum
3091 677 3197 733 est,
3253 671 3382 741 quia
3431 672 3544 727 Deo

1964 755 2202 825 propitio
2233 755 2377 810 nulla
2414 772 2471 812 re
2533 759 2740 829 indiges
2769 759 2810 816 ⁸.
2847 759 2952 816 Sed
2987 763 3106 818 ideo
3135 779 3257 819 cum
3286 766 3542 820 omnibus

1965 844 2326 898 laborandum
2358 856 2464 909 eSI,
2521 855 2579 900 ut
2629 863 2728 916 per
2785 851 3126 906 occasionem
3181 851 3362 921 operis
3410 852 3541 907 nihil

1964 934 2110 990 aliud
2140 937 2376 1006 cogites,
2408 937 2515 992 nisi
2538 938 2684 1008 quod
2708 939 2773 993 ad
2808 941 3018 996 Domini
3055 944 3289 1012 pertinet
3312 946 3543 1001 servitu-

1963 1037 2095 1082 tem.
2129 1027 2462 1098 Simpliciter
2509 1031 2718 1099 loquar,
2761 1035 3009 1102 quamvis
3044 1050 3258 1090 omnem
3317 1053 3540 1092 censum

1965 1125 2118 1171 tuum
2151 1118 2204 1172 in
2237 1133 2505 1189 pauperes
2535 1122 2899 1189 distribueris,
2931 1125 3063 1179 nihil
3090 1127 3230 1194 apud
3261 1126 3540 1183 Christum

1964 1209 2068 1264 erit
2092 1211 2407 1279 pretiosius,
2447 1228 2608 1282 quam
2642 1215 2786 1283 quod
2816 1217 3065 1272 manibus
3088 1219 3194 1272 tuis
3218 1219 3332 1289 ipse
3357 1220 3541 1275 confe-

1965 1300 2126 1354 ceris.
2184 1301 2396 1356 Sudore
2429 1303 2569 1356 enim
2599 1313 2654 1357 et
2701 1305 2885 1360 labore
2937 1306 3104 1362 nimio
3139 1307 3206 1363 ad
3245 1309 3541 1365 ubertatem

1965 1388 2240 1446 fructuum
2266 1393 2664 1462 perveniemus.
3541 1377 3544 1380 l

2530 1551 2757 1606 CAPUT
2789 1551 2976 1607 XVIII.

2063 1639 2137 1695 De
2163 1641 2326 1696 laude
2356 1642 2652 1712 religionis,
2687 1653 2736 1697 et
2781 1644 2846 1698 de
2879 1644 3181 1700 inductione
3212 1644 3282 1698 ad
3309 1661 3447 1700 eam.

2040 1756 2280 1810 Exstruis
2305 1756 2521 1824 quidem
2545 1735 2897 1822 monasteria,
2923 1768 2978 1812 et
2997 1758 3198 1813 multus
3232 1773 3259 1812 a
3281 1770 3327 1812 te
3347 1773 3444 1828 per
3466 1760 3549 1813 in-

285 1854 410 1909 bns.
446 1849 662 1901 tunicas
694 1857 910 1901 mutare
942 1845 1222 1915 quotidie;
1264 1851 1320 1896 et
1349 1853 1526 1896 tamen
1559 1843 1731 1896 tineas
1753 1855 1862 1893 non
1895 1822 1936 1878 Β
1967 1846 2112 1900 sulas
2140 1822 2418 1900 Dalmatia
2440 1855 2752 1901 sanctorum
2780 1862 3036 1902 numerus
3056 1822 3395 1904 sustentatur
3415 1866 3429 1913 ;
3453 1851 3542 1901 sed

289 1954 452 2007 posse
485 1953 766 2006 superare.
835 1937 904 1992 Et
963 1936 1056 2006 qui
1091 1947 1141 1990 te
1193 1933 1497 2004 religiosior
1535 1943 1638 1997 est,
1699 1945 1864 1985 unum

287 2035 464 2085 exerit
499 2032 907 2096 vestimentum,
938 2039 992 2084 et
1033 2028 1206 2096 plenis
1254 2028 1400 2081 arcis
1438 2040 1647 2093 pannos
1677 2025 1864 2078 trahit.

292 2125 619 2179 lnlicinntur
651 2123 984 2176 membranae
1014 2119 1195 2174 colore
1229 2130 1543 2187 purpureo;
1578 2132 1768 2169 aurum
1802 2116 1867 2170 li-

289 2216 504 2284 quescit
539 2214 593 2266 itt
624 2211 856 2276 litteras,
906 2209 1136 2278 gemmis
1179 2210 1394 2263 codices
1439 2208 1741 2261 vestiuntur
1769 2221 1785 2271 ;
1813 2216 1870 2260 et

291 2309 473 2362 nudus
519 2314 649 2360 ante
691 2303 841 2359 fores
891 2317 1079 2357 eorum
1112 2300 1367 2356 Christus
1415 2300 1665 2352 moritur.
1717 2298 1868 2352 Pulla

290 2401 439 2455 enim
471 2399 655 2452 tunica
688 2398 870 2450 minus
898 2409 1022 2448 cum
1061 2395 1208 2448 humi
1251 2390 1489 2460 jacuerit
1531 2390 1868 2444 sordidatur.

291 2493 378 2546 Sit
402 2488 677 2559 cingulum
711 2487 930 2540 laneum
965 2500 1088 2538 cum
1123 2492 1234 2537 tota
1269 2480 1616 2547 simplicitate
1647 2479 1872 2548 purissi-

295 2595 468 2643 mum,
503 2589 558 2633 et
581 2577 726 2648 quod
765 2577 936 2644 possit
981 2574 1286 2641 astringere
1319 2573 1640 2626 vestimenta
1699 2568 1872 2638 magis

293 2687 462 2740 quam
517 2671 788 2724 scindere.
843 2666 986 2721 Idem
1047 2679 1266 2732 semper
1330 2663 1570 2727 habitus,
1624 2660 1869 2730 neglecta

296 2760 616 2823 mundities,
643 2758 842 2813 inculta
873 2759 1062 2820 vestis,
1089 2763 1145 2809 et
1193 2755 1370 2808 cultus
1403 2755 1517 2822 ipse
1551 2754 1668 2808 sine
1698 2749 1868 2806 cultu.

293 2854 611 2906 Plumarutn
642 2863 862 2921 quoque
893 2849 1151 2903 mollities
1177 2845 1442 2920 juvenilia
1483 2849 1723 2902 membra
1763 2858 1868 2899 non

295 2945 500 2998 foveat.

851 3007 1084 3066 CAPUT
1150 3005 1316 3068 XVII.

749 3101 824 3160 De
845 3101 1112 3164 laboribus
1148 3114 1422 3156 manuum.

366 3217 448 3282 Ne
484 3225 644 3277 vacet
667 3231 818 3270 mens
865 3224 954 3268 tua
986 3215 1152 3268 variis
1205 3210 1724 3282 perturbationibus,
1749 3221 1870 3278 qua:

292 3312 343 3364 si
375 3310 578 3379 pectori
612 3308 937 3368 insederint,
993 3305 1420 3359 dominabuntur
1454 3303 1553 3368 tui,
1587 3313 1644 3358 et
1695 3301 1869 3354 dedu-

293 3413 422 3454 cent
445 3409 498 3453 te
517 3403 585 3453 ad
608 3400 862 3454 delictum
888 3398 1209 3451 maximum.
1234 3393 1418 3450 Facito
1443 3395 1640 3462 aliquid
1665 3391 1866 3461 operis,

295 3503 357 3547 ut
384 3507 594 3558 semper
631 3503 682 3545 te
711 3491 960 3546 diabolus
990 3492 1235 3544 inveniat
1264 3497 1610 3557 occupatum.
1655 3485 1712 3538 Si
1741 3500 1868 3552 apo-

293 3587 420 3640 stoli
456 3588 715 3640 habentes
765 3593 1089 3654 potestatem
1118 3582 1186 3636 de
1229 3581 1523 3650 Evangelio
1554 3582 1754 3641 vivere,
1785 3578 1865 3629 la-

293 3679 563 3731 borabant
585 3676 838 3730 inanibus
859 3676 998 3738 suis,
1031 3688 1097 3727 ne
1125 3687 1284 3741 quem
1313 3679 1640 3741 gravarent:
1669 3680 1723 3722 et
1748 3668 1870 3721 aliis

294 3769 613 3822 tribuebant
641 3765 945 3838 refrigeria,
978 3779 1208 3834 quorum
1243 3778 1341 3832 pro
1376 3761 1870 3832 spiritualium-deo

295 3861 498 3914 hebant
529 3869 730 3913 metere
749 3857 992 3912 carnalia
1015 3874 1028 3910 :
1053 3871 1153 3910 cur
1179 3865 1232 3909 tu
1263 3856 1316 3908 in
1347 3869 1476 3908 usus
1499 3865 1619 3907 tuos
1645 3866 1868 3907 cessura

295 3967 408 4005 non
451 3952 768 4020 praeparas?
809 3950 903 4006 Vel
935 3950 1196 4005 liscellam
1234 3958 1356 4000 texe
1381 3947 1566 4016 junco,
1604 3946 1686 3999 vel
1720 3946 1872 4000 cani-

291 4058 474 4099 strum
524 4046 682 4099 lentis
709 4044 886 4114 plecte
948 4043 1265 4105 viminibus,
1328 4041 1596 4094 sarriatnr
1648 4043 1867 4101 humus,

293 4139 498 4193 areolae
527 4152 684 4206 atquo
711 4136 882 4190 limite
907 4134 1213 4189 dividantur
1237 4148 1253 4186 :
1301 4134 1352 4185 in
1385 4131 1588 4200 quibus
1611 4144 1733 4182 cura
1757 4128 1870 4181 ole-

296 4234 589 4296 rmnjacta
627 4228 827 4282 fuerint
881 4227 1112 4292 semina,
1172 4224 1255 4278 vel
1304 4223 1500 4293 planta:
1529 4219 1720 4290 positae
1775 4233 1870 4288 per

291 4323 568 4385 ordinem,
595 4334 750 4389 aquae
776 4320 1049 4373 ducantur
1083 4316 1322 4384 irrigua.
1350 4311 1664 4368 Inserantur
1695 4309 1868 4364 ἱιιῐτιια

294 4427 506 4466 ctuosa:
532 4412 783 4472 arbores,
817 4411 898 4464 vel
925 4409 1178 4479 gemmis,
1217 4407 1298 4460 vel
1333 4403 1589 4466 surculis,
1622 4408 1680 4454 ut
1704 4412 1872 4469 parvo

1969 1937 2161 1990 melius
2191 1938 2424 2004 faceres,
2447 1938 2490 1992 si
2517 1949 2572 1993 et
2600 1938 2718 2008 ipse
2746 1948 2966 1993 sanctus
2994 1940 3137 1993 inter
3155 1948 3374 1994 sanctos
3401 1942 3545 1992 vive-

1971 2043 2075 2083 res.
2111 2028 2353 2093 Dillicile,
2385 2030 2494 2084 imo
2523 2029 2862 2099 impossibile
2923 2040 3026 2095 est,
3060 2041 3122 2084 ut
3169 2041 3222 2084 et
3257 2033 3544 2100 prtesenti-

1970 2121 2069 2178 bus
2101 2121 2225 2188 quis
2253 2130 2308 2174 et
2337 2121 2558 2175 internis
2589 2119 2700 2192 [ΑΙ.
2737 2119 2961 2192 futuris]
2993 2121 3205 2175 fruatur
3259 2122 3450 2176 bonis:
3487 2132 3544 2174 ut

1969 2218 2024 2264 et
2057 2210 2145 2264 hic
2171 2221 2411 2264 ventrem
2450 2211 2522 2265 ibi
2576 2218 2813 2264 mentem
2847 2213 3092 2280 impleat,
3128 2224 3180 2266 ct
3237 2212 3303 2266 de
3334 2211 3542 2265 deliciis

1973 2311 2213 2356 transeat
2242 2306 2307 2356 ad
2337 2303 2562 2358 delicias
2591 2320 2604 2357 :
2644 2312 2702 2357 ut
2733 2304 2786 2357 in
2819 2314 3052 2371 utroque
3106 2304 3304 2357 sa'culo
3338 2305 3543 2372 primus

1969 2389 2064 2454 sit,
2092 2399 2146 2445 et
2174 2393 2226 2442 in
2265 2392 2407 2446 caelo
2431 2399 2484 2446 et
2511 2391 2564 2445 in
2596 2400 2739 2446 terra
2773 2393 3050 2459 gloriosus
3087 2405 3363 2462 appareat.

2040 2479 2394 2553 Quodautem
2418 2483 2621 2536 asseris
2643 2497 2738 2538 eos
2765 2485 2958 2539 melius
2989 2484 3170 2538 facere.
3199 2486 3290 2552 qui
3318 2495 3544 2538 utuntur

1971 2573 2134 2628 rebus
2159 2573 2297 2641 suis,
2323 2574 2649 2645 etpaulstim
2690 2575 2898 2631 fructus
2920 2579 3320 2646 possessionum
3348 2593 3547 2648 paupe-

1974 2665 2121 2720 ribus
2141 2667 2421 2722 dividant:
2449 2682 2610 2736 quam
2635 2667 2756 2723 illos
2773 2669 2886 2738 qui,
2910 2671 3342 2740 possessmnibus
3364 2673 3546 2724 vendi-

1975 2754 2062 2816 tis,
2090 2756 2257 2810 semel
2287 2757 2466 2810 omnia
2501 2757 2845 2827 largiantur:
2913 2774 3018 2814 non
3058 2775 3087 2811 a
3123 2775 3231 2824 me,
3264 2763 3356 2814 sed
3384 2777 3411 2812 a
3439 2759 3548 2812 Do-

1971 2846 2120 2903 mino
2151 2848 2544 2916 respondeatur
2569 2864 2584 2904 :
2616 2846 2677 2903 Si
2707 2850 2782 2903 vis
2811 2851 3072 2918 perfectus
3104 2867 3236 2914 esse,
3265 2855 3411 2915 vade,
3435 2861 3543 2906 etc.

1971 2935 2193 3006 (Matth.
2224 2952 2338 3003 xix,
2371 2938 2486 3005 21).
2512 2937 2621 2994 Nec
2681 2955 2712 2994 a
2747 2953 2849 2994 suo
2881 2942 3063 2996 studio
3098 2943 3348 2996 monachi
3377 2951 3546 2996 retru-

1973 3028 2132 3082 hendi
2162 3039 2290 3084 sunt
2337 3029 2521 3098 lingua
2555 3031 2791 3099 viperea,
2825 3045 3007 3086 morsu
3063 3035 3396 3100 saevissimo;
3426 3036 3544 3103 qui.
3605 3101 3611 3108 _

1975 3121 2076 3175 bus
2098 3123 2497 3192 argumentaris
2520 3131 2576 3177 et
2601 3123 2740 3178 dicis
2769 3138 2786 3177 :
2826 3123 2885 3179 Si
2921 3139 3112 3180 omnes
3141 3139 3200 3180 se
3251 3126 3556 3181 clauserint

1973 3223 2029 3268 et
2057 3213 2290 3284 fugerint
2314 3215 2370 3267 in
2421 3215 2795 3278 solitudinem,
2856 3217 2980 3284 quis
3016 3216 3313 3271 celebrabit
3362 3219 3549 3272 Eccle-

1972 3308 2104 3371 sias,
2136 3309 2259 3376 quis
2290 3309 2582 3363 saeculares
2614 3307 2865 3363 homines
2920 3307 3244 3375 lncrifaciet,
3278 3311 3401 3379 quis
3424 3327 3550 3379 pec-

1973 3408 2161 3454 cantes
2213 3401 2277 3452 ad
2309 3402 2539 3454 virtutes
2590 3399 2791 3468 poterit
2849 3401 3174 3455 cohortari?
3232 3399 3345 3456 lloc
3401 3403 3544 3455 enim

1975 3493 2157 3555 modo,
2189 3492 2234 3544 si
2256 3506 2445 3546 omnes
2503 3502 2682 3546 tecum
2714 3491 2848 3546 fatui
2903 3491 3128 3558 fuerint,
3164 3495 3381 3562 sapiens
3429 3511 3547 3550 esse

1971 3584 2096 3651 quis
2125 3581 2369 3650 poterit?
2436 3582 2490 3637 Si
2530 3584 2767 3654 virgines
2824 3598 3017 3638 omnes
3069 3583 3294 3651 fuerint,
3353 3590 3542 3654 ttttptid.

1973 3690 2079 3728 non
2103 3685 2285 3740 erunt,
2317 3677 2559 3730 interibit
2589 3692 2761 3743 genus
2800 3679 3120 3733 humanum.

2041 3766 2144 3822 Sed
2174 3783 2293 3821 rara
2318 3780 2403 3822 est
2426 3769 2618 3834 virtus,
2653 3785 2753 3824 nec
2799 3785 2827 3822 ει
2866 3770 3112 3837 pluribus
3142 3773 3440 3840 appetitur.
3485 3771 3542 3822 lit

1973 3858 2177 3911 utinam
2211 3859 2312 3912 hoc
2338 3873 2530 3914 omnes
2559 3869 2746 3914 essent
2770 3860 2914 3930 quod
2949 3861 3101 3928 pauci
3137 3871 3286 3914 sunt.
3322 3863 3392 3915 De
3425 3879 3545 3930 qm-

1972 3949 2072 4003 bus
2104 3951 2344 4006 dicitur:
2411 3949 2570 4004 Multi
2625 3961 2747 4005 sunt
2808 3953 2999 4014 vocati,
3053 3953 3211 4022 pauci
3249 3968 3368 4004 vero
3400 3953 3546 4005 circi

1974 4038 2190 4109 (Matth.
2223 4056 2312 4106 xx,
2349 4041 2456 4112 l6).
2489 4043 2614 4097 Ideo
2666 4042 2792 4097 licet
2823 4041 3082 4110 parvulus
3133 4057 3200 4096 ex
3232 4042 3370 4096 Collo
3419 4058 3547 4110 pet:-

1974 4133 2097 4186 deat
2127 4148 2295 4202 nepos
2319 4149 2335 4200 ;
2370 4135 2496 4188 licet
2525 4147 2714 4203 sparso
2745 4133 2895 4188 crine
2951 4144 3006 4188 et
3036 4134 3225 4192 scissis
3280 4135 3541 4190 vestitu».

1975 4225 2144 4278 ubera
2179 4226 2374 4294 quibus
2403 4236 2454 4278 te
2487 4227 2780 4290 nutrierat,
2836 4237 3010 4280 mater
3065 4227 3355 4290 ostendat;
3417 4226 3545 4279 ltt‘t‘t

1975 4316 2029 4370 in
2063 4316 2250 4370 limine
2273 4325 2425 4386 pater
2453 4318 2670 4388 jaceat;
2699 4332 2796 4386 per
2817 4318 3084 4372 calcatum
3121 4333 3282 4387 perge
3314 4329 3543 4386 patrenv,

1977 4408 2138 4462 siccis
2171 4407 2344 4462 oculis
2368 4408 2434 4462 ad
2462 4408 2716 4463 vexillum
2769 4410 2947 4463 crucis
2977 4408 3154 4463 evolu.
3184 4407 3370 4462 Solum
3431 4412 3543 4476 pie.-

296 4514 424 4574 post
448 4515 686 4572 tempore
716 4501 896 4556 dulcia
957 4514 1116 4569 poma
1149 4497 1433 4566 decerpas.
1485 4496 1660 4562 Apum
1697 4491 1869 4544 fabri-
1899 4519 1948 4580 ο
1979 4499 2104 4553 tatis
2146 4512 2318 4568 genus
2361 4509 2443 4553 est
2474 4500 2524 4552 in
2560 4500 2661 4553 hac
2687 4512 2746 4553 re
2798 4513 2919 4553 esse
2947 4499 3246 4553 crudelem.
3297 4499 3543 4552 Gladium

294 4611 430 4651 care
453 4595 710 4659 alvearia,
737 4594 815 4662 ',ad
851 4607 989 4662 quas
1041 4601 1092 4648 te
1124 4591 1344 4644 mittunt
1405 4585 1711 4642 Salomonis
1739 4583 1872 4640 Pro!

299 4691 482 4744 verbia
516 4691 572 4754 ’ς
599 4697 655 4742 et
681 4685 1137 4742 monasteriorum
1164 4683 1434 4745 ordinem,
1464 4693 1529 4732 ac
1554 4677 1758 4746 regiam
1788 4672 1872 4736 div

296 4783 612 4850 seiplinam,
641 4781 695 4834 in
730 4780 915 4846 parvis
948 4778 1105 4830 disce
1143 4773 1484 4842 corporibus.

370 4875 646 4928 Texantur
673 4881 728 4926 et
757 4873 865 4925 lina
891 4884 987 4939 pro
1013 4866 1295 4936 capiendis
1321 4863 1580 4932 piscibus.
1611 4860 1872 4914 Scriban—

299 4979 389 5017 tur
415 4973 468 5016 et
494 4962 640 5026 libri,
670 4970 728 5013 ut
756 4971 811 5013 et
842 4974 1037 5012 manus
1074 4964 1328 5025 operetur
1363 4954 1566 5016 cibum,
1603 4964 1658 5012 et
1689 4952 1871 5004 anima

298 5055 539 5106 lectione
592 5061 890 5105 saturetur.
955 5046 1087 5102 Nam
1150 5047 1203 5100 in
1263 5045 1536 5100 desideriis
1593 5054 1670 5097 est
1700 5043 1870 5095 omnis

296 5149 496 5199 otiosus
527 5144 568 5196 ³.
591 5143 971 5213 Egyptiorum
1009 5139 1336 5194 monasteria
1371 5141 1514 5192 hunc
1550 5151 1753 5188 morem
1795 5145 1873 5187 te-

303 5249 458 5301 nent,
501 5249 558 5291 nt
590 5239 791 5291 trullam
824 5237 1030 5304 absque
1081 5235 1263 5287 labore
1294 5241 1455 5299 atque
1506 5243 1669 5297 opere
1697 5225 1871 5281 susci-

302 5337 477 5399 piant,
512 5347 616 5384 non
655 5339 762 5382 tam
796 5338 1018 5397 pr0pter
1070 5328 1242 5379 victus
1277 5323 1679 5385 necessitatem,
1711 5333 1871 5387 quam

302 5434 522 5490 propter
555 5422 750 5472 anima:
779 5420 1030 5474 salutem.
1073 5415 1152 5470 Ne
1178 5424 1402 5484 vagetur
1428 5412 1748 5481 perniciosis
1780 5426 1872 5462 cu-

372 5582 385 5608 '
424 5580 655 5631 Deerant
689 5578 896 5638 isthmc,
935 5595 952 5626 ι
989 5573 1192 5640 Quibus
1224 5572 1452 5641 pellatur
1482 5569 1671 5635 frigus.
1704 5585 1736 5617 r
1803 5639 1810 5646 .

373 5652 393 5678 ¹
421 5648 585 5701 Juxta
621 5649 792 5702 ωτι-υ,
847 5647 1104 5704 [’rnverb.
1135 5661 1248 5702 can.
1290 5659 1360 5704 τι,
1396 5656 1568 5708 neque
1616 5649 1700 5692 est
1729 5652 1872 5690 enim

303 5723 355 5773 in
385 5720 576 5773 Latina
615 5720 988 5771 'I'ranslattone
1013 5721 1096 5767 hic
1135 5720 1305 5765 locus.

375 5793 394 5820 ⁸
433 5796 607 5858 Atque
639 5796 723 5842 hic
765 5791 912 5841 locus
959 5795 1107 5852 ]ιιλι.ι
1143 5784 1282 5836 l..\X
1317 5789 1582 5840 duntaxat
1612 5784 1868 5840 l‘ruvcrli.

1978 4598 2124 4645 tenet
2159 4591 2359 4656 hostis,
2408 4599 2467 4643 ut
2502 4604 2584 4643 me
2617 4589 2844 4656 perimat
2872 4607 2886 4654 ;
2923 4596 2976 4642 et
3012 4603 3116 4656 ego
3149 4587 3216 4641 de
3249 4589 3436 4641 matris
3469 4589 3544 4639 ιι-

1977 4684 2176 4752 crymis
2199 4682 2486 4750 cogitabo?
2547 4681 2816 4733 Delicatus
2847 4693 2927 4744 es,
2972 4679 3143 4732 frater
3200 4679 3539 4735 charissinn',

1974 4773 2018 4825 si
2055 4773 2142 4826 hic
2171 4773 2251 4826 vis
2279 4771 2512 4838 gaudere
2543 4785 2666 4824 cum
2721 4769 2940 4834 saeculo,
2991 4781 3043 4823 et
3079 4779 3266 4838 postea
3322 4784 3544 4836 regnare

1977 4878 2098 4916 cum
2161 4863 2400 4917 Christo.
2462 4861 2628 4914 Multa
2684 4875 2782 4914 nos
2840 4862 3019 4915 facere
3092 4860 3238 4929 cogit
3300 4858 3542 4912 allectus.

1977 4955 2046 5008 Et
2077 4953 2202 5006 dum
2251 4953 2708 5022 propinquitatem
2766 4953 3092 5022 respicimus
3145 4965 3456 5020 corporum,
3493 4959 3542 4998 «ιι

1975 5047 2222 5115 corporis
2253 5055 2305 5100 et
2337 5046 2532 5098 animae
2563 5044 2892 5098 oli‘endimus
2925 5055 3250 5097 creatorem.
3275 5042 3376 5106 Qui
3405 5051 3558 5109 amat

1977 5150 2210 5207 patrem,
2247 5149 2338 5191 aut
2367 5149 2594 5191 matrem
2648 5152 2810 5204 super
2863 5137 3162 5200 Christum,
3199 5149 3305 5187 nou
3340 5143 3424 5184 est
3482 5151 3558 5190 cur

1978 5231 2090 5305 [ΑΙ.
2133 5229 2264 5302 Deo]
2315 5231 2530 5299 dignus.
2585 5230 2736 5284 Unde
2764 5230 3060 5298 discipulus
3097 5229 3160 5279 ad
3215 5227 3545 5296 sepulturam

1980 5326 2150 5393 patris
2173 5325 2250 5378 ire
2277 5323 2614 5387 desiderans,
2643 5321 2942 5376 Salvatoris
2963 5318 3274 5386 prohibetur
3299 5319 3544 5385 itttpt'l"0.

1981 5416 2182 5482 Quanti
2216 5416 2604 5470 monachorum
2640 5412 2769 5467 dum
2807 5412 2979 5483 patris
3028 5408 3323 5476 matrisque
3383 5424 3550 5459 inm-

1981 5592 2077 5674 Ml:
2104 5575 2553 5713 kgdlduiiubeum,
2579 5639 2660 5692 his
2693 5633 3075 5713 pratatet'tttissis
3107 5647 3277 5701 usque
3306 5635 3384 5712 :nl
3405 5635 3549 5706 latr.»-

1981 5702 2203 5768 rundunt
2236 5723 2334 5778 est,
2357 5702 2615 5764 continuo
2647 5702 2912 5774 sequitur,
2951 5702 3051 5757 (Ut
3085 5719 3178 5773 per
3211 5702 3564 5768 occasionem

1981 5795 2080 5853 0pc
2119 5787 2162 5835 is
2190 5785 2325 5836 nihil
2361 5779 2540 5858 aliud,
2576 5797 2594 5828 ι
2631 5790 2737 5831 etc.
