4012 6188
445 285 550 352 375

1390 279 1447 341 S.
1491 278 1932 340 HIERONYMI
1975 276 2287 336 Ol‘EliUil
2332 274 2735 335 bl.\.\'TiSS.\.

3579 263 3688 324 3'76

443 399 662 466 rentur,
698 405 825 465 suas
853 391 1066 446 animas
1110 386 1508 459 perdiderunt?
1575 390 1747 456 Super
1777 400 1932 460 patre
1967 400 2018 442 et
2052 396 2088 447 Α
2124 403 2175 448 et
2209 407 2304 444 sua
2359 391 2524 443 latera
2583 384 2914 454 percutiunt,
2941 391 2993 437 et
3033 377 3294 450 sanguine
3347 391 3581 432 excttsso
3623 377 3689 430 ad

444 492 623 558 matre
657 483 826 554 pollui
855 497 958 538 non
996 482 1158 538 licet:
1195 492 1400 551 quanto
1433 483 1604 550 magis
1632 480 1796 552 super
1824 482 2012 545 fratre,

445 561 751 635 sororibus,
806 572 1168 635 consobrinis,
1229 571 1449 636 familia,
1506 572 1776 627 servulis!
1837 571 2019 626 Genus

447 649 630 736 regale
659 671 714 717 et
744 662 1080 718 sacerdotale
1115 678 1301 718 smnus
1330 663 1379 720 ll
1417 663 1561 717 l’etr.
1595 664 1696 732 ti):
1754 663 1905 716 illum
1934 675 2019 717 at-

448 745 735 832 tendamus
783 763 1014 821 patrem,
1049 753 1139 822 qui
1193 769 1467 821 nunquam
1519 753 1789 818 moritur;
1824 762 1875 807 et
1925 755 2016 822 qui

453 828 575 923 ideo
607 828 794 920 vivens
821 852 1064 908 mortuus
1121 855 1225 907 est,
1251 856 1310 898 ut
1354 861 1453 900 uos
1503 852 1744 900 mortuos
1777 843 2022 897 viviﬁca-

451 945 554 1010 rei.

466 1019 469 1023 ’
523 1027 651 1098 Sola
675 1041 836 1106 causa
856 1027 1072 1097 pietatis
1095 1036 1200 1091 est,
1225 1028 1311 1080 ubi
1334 1027 1480 1083 nulla
1504 1029 1683 1082 carnis
1706 1027 1896 1083 notitia
1917 1037 2022 1081 est.

457 1117 675 1172 lloncra
703 1125 913 1187 patrem
945 1125 1121 1179 tuum,
1153 1119 1198 1173 si
1225 1127 1275 1171 te
1298 1118 1406 1190 [ΑΙ.
1441 1119 1533 1173 sed
1560 1117 1636 1190 si}
1663 1135 1691 1172 a
1717 1133 1846 1174 vero
1875 1127 2027 1186 patre

457 1195 832 1286 tton'sepat'at.
866 1208 1075 1264 Tanditt
1106 1209 1243 1266 scito
1271 1211 1454 1266 carnis
1483 1210 1753 1280 Copulam,
1788 1209 2025 1279 quandiu

459 1287 546 1379 illic
575 1316 733 1370 suum
770 1303 981 1362 noverit
1023 1313 1353 1356 creatorem.
1385 1303 1634 1372 Alioquin
1694 1301 1860 1356 David
1907 1315 2030 1371 pro-

461 1392 606 1446 tinus
635 1403 839 1449 canet;
875 1393 1185 1448 Obliviscere
1212 1395 1460 1464 populum
1514 1404 1663 1448 tuum
1723 1404 1768 1448 et
1819 1393 2032 1448 domum

459 1483 627 1554 patris
661 1484 761 1545 tui,
799 1493 844 1536 et
902 1487 1227 1553 concupiscet
1255 1502 1346 1539 rea:
1399 1486 1636 1540 decorent
1689 1496 1856 1549 tuum,
1903 1503 2032 1556 quo-

463 1561 733 1644 niam'ipse
750 1583 824 1627 est
845 1573 1098 1628 Dominus
1119 1575 1254 1629 Deus
1272 1585 1391 1630 tuus
1431 1575 1604 1647 (Psal.
1647 1593 1789 1641 χιιι,
1815 1578 1900 1640 Η,
1921 1577 2031 1646 12).

466 1664 681 1732 Grande
717 1667 994 1734 primulum
1026 1677 1110 1722 est
1152 1670 1394 1737 parentis
1421 1670 1574 1723 obliti
1603 1686 1617 1725 :
1673 1672 1802 1738 quia
1835 1687 2034 1724 concu-

2119 499 2348 554 corpora
2379 491 2720 536 mortuorum
2753 477 2830 532 sic
2865 475 3216 530 reviviscunt.
3247 471 3441 540 Aquila
3475 483 3692 538 quoque

2121 593 2243 631 cum
2277 573 2544 632 senuerit,
2579 577 2874 640 gravantur
2925 568 3040 633 ejus
3068 578 3260 633 penna!
3309 569 3364 614 et
3419 560 3602 625 oculi;
3639 568 3694 612 et

2122 669 2316 740 quaerit
2342 666 2567 726 fontem,
2601 671 2654 716 et
2688 661 2846 730 erigit
2900 673 3132 724 pennas.
3180 664 3234 710 et
3269 653 3474 722 colligit
3524 653 3578 705 in
3635 665 3693 705 se

2125 763 2402 818 calorem:
2466 765 2520 811 et
2551 755 2632 810 sic
2683 753 2824 808 oculi
2849 753 2968 820 ejus
3011 759 3287 808 sanantur,
3323 756 3377 801 et
3407 746 3458 798 in
3487 744 3693 798 fontem

2127 866 2207 909 ter
2230 868 2290 906 se
2319 848 2534 917 mergit,
2576 854 2632 901 et
2663 845 2735 898 ita
2772 843 2836 896 ad
2869 843 3211 909 iuventutem
3244 838 3405 891 redit.

2199 944 2362 997 Multa
2435 941 2689 994 dicuntur
2748 935 2801 989 in
2872 932 3192 1000 Scripturis,
3266 944 3385 997 qua:
3443 926 3698 979 ridentur

2127 1033 2510 1106 impossibilia,
2544 1042 2599 1085 et
2630 1040 2808 1082 tamen
2845 1041 2970 1080 vera
3014 1032 3162 1076 sunt.
3196 1020 3337 1074 Nihil
3369 1019 3512 1071 enim
3543 1017 3699 1071 dicas

2129 1124 2487 1196 impossibile,
2525 1121 2614 1176 tibi
2659 1133 2741 1174 est
2789 1120 2957 1171 virtus
3002 1111 3287 1167 Altissimi.
3317 1108 3462 1162 Nihil
3488 1109 3553 1161 de
3597 1108 3700 1160 htt-

2132 1233 2289 1273 m‘ana
2321 1214 2614 1284 fragilitate
2647 1210 2873 1277 cogites,
2909 1206 2997 1275 ubi
3031 1202 3312 1270 plcnitudo
3352 1199 3505 1253 adest
3529 1196 3704 1250 deitav

2134 1313 2225 1366 tis.
2264 1308 2370 1362 Sed
2397 1305 2526 1376 quid
2561 1315 2613 1358 te
2671 1301 2732 1354 ad
2761 1300 2947 1370 juguzn
2999 1292 3212 1347 Domini
3267 1289 3548 1358 prresentis
3575 1289 3703 1340 vitm

2134 1414 2432 1472 provocare
2459 1393 2723 1463 exemplis
2762 1406 2950 1450 conor,
2986 1401 3108 1442 cum
3143 1383 3352 1439 nullum
3401 1397 3534 1448 pene
3559 1382 3704 1434 scia-

2137 1513 2256 1552 mus
2325 1495 2492 1548 fuisse
2562 1496 2900 1546 sanctorum,
2961 1481 3050 1550 qui
3108 1477 3469 1547 procellosum
3539 1475 3705 1532 huius

2137 1587 2394 1655 temporis
2418 1597 2642 1650 agonem
2694 1575 2900 1645 absque
2925 1570 3278 1626 tribulatione
3306 1577 3357 1620 et
3385 1573 3708 1631 tempestate

2141 1652 2636 1750 [AL’tribulationis
2661 1660 3006 1734 tempestate]
3036 1655 3354 1714 transierit?
3385 1655 3476 1708 Sic
3503 1652 3707 1708 etenim

470 1756 638 1824 ιιίεοει
691 1770 785 1814 re!
830 1755 1082 1820 decorem
1140 1766 1311 1813 ῑιιυητο
1365 1759 1552 1815 SOlenl
1586 1764 1786 1816 etenim
1846 1761 2032 1816 misﬂ'i
2068 1759 2106 1812 Β
2139 1742 2362 1822 bellator
2394 1759 2900 1819 vulnerisdoloretn
2931 1764 3023 1808 aut
3055 1749 3360 1805 contemnit
3390 1755 3480 1798 aut
3510 1742 3709 1804 nescit,

469 1839 745 1912 parentes,
777 1853 963 1900 etnon
1005 1848 1176 1916 plent:
1226 1847 1348 1902 fidei
1389 1849 1708 1913 Christiani,
1759 1850 2032 1905 deformes

464 1929 724 2006 iét'aliquo
756 1937 1004 1994 membro
1034 1939 1243 1995 debiles
1281 1940 1444 2006 filios,
1477 1942 1599 2010 quia
1630 1943 1817 2009 dignos
1850 1942 2034 1995 matri-

469 2029 653 2107 monio
679 2044 788 2088 non
821 2029 1122 2097 inveniunt,
1172 2033 1420 2103 religioni
1455 2035 1685 2088 tradere.
1723 2035 1828 2090 Sed
1878 2035 1923 2090 si
1981 2047 2033 2089 tu

469 2109 738 2187 perfectus
768 2135 890 2176 esse
935 2121 1233 2188 desideras,
1267 2124 1352 2179 exi
1382 2140 1504 2179 cum
1535 2126 1806 2180 Abraham
1851 2127 1918 2182 de
1943 2143 2039 2196 pa-

470 2203 573 2268 i‘ria
602 2223 691 2267 tua
720 2221 772 2266 et
800 2213 868 2266 de
895 2214 1214 2282 cognatione
1249 2224 1336 2268 tua
1363 2233 1378 2281 ;
1409 2226 1463 2271 et
1499 2231 1661 2286 perge
1684 2233 1794 2288 quo
1839 2221 2035 2274 nescis.

471 2301 536 2376 Et
566 2303 608 2358 si
642 2304 808 2358 habes
841 2304 1230 2370 substantiam,
1267 2307 1459 2370 vende,
1489 2318 1544 2362 et
1589 2308 1654 2361 da
1688 2311 2039 2378 pauperibus.

473 2396 530 2448 Si
565 2411 668 2455 non
715 2395 906 2458 habes,
971 2395 1160 2466 grandi
1212 2411 1380 2452 onere
1430 2397 1693 2454 liberatus
1721 2415 1780 2454 es
1805 2402 2042 2467 ;;nudus

471 2486 748 2569 Christum
783 2487 985 2540 nudum
1009 2502 1259 2556 sequere.
1294 2487 1525 2553 Durum,
1554 2491 1782 2558 grande,
1806 2490 2038 2555 ditiicile,

472 2580 566 2636 sed
605 2594 797 2649 magna
835 2590 963 2634 sunt
997 2580 1241 2648 praemia.
1265 2579 1431 2650 Magis
1460 2581 1604 2636 enim
1635 2581 1863 2651 quilibet
1891 2582 2045 2638 labor

474 2668 786 2752 suscipitur,
823 2669 868 2722 si
898 2679 1024 2723 ante
1051 2669 1242 2724 oculos
1271 2681 1618 2739 praeponatur
1645 2672 1812 2740 ipsius
1843 2671 2045 2727 laboris

474 2759 700 2842 utilitas.
733 2759 837 2818 Sed
883 2769 937 2816 et
969 2761 1344 2829 navigantibus
1372 2763 1544 2832 longae
1575 2763 1885 2819 serenitatis
1931 2763 2041 2836 [AL

475 2851 630 2928 longa
661 2851 963 2924 serenitas}
985 2869 1137 2923 spem
1171 2853 1476 2920 pollicetur,
1534 2855 1698 2912 nimis
1730 2853 1841 2928 [ΑΙ.
1870 2857 2045 2930 navis]

476 2941 650 3026 valida
683 2951 736 3002 et
767 2945 1022 2999 diuturna
1054 2953 1363 3013 tempestas.

549 3031 834 3098 sectemur
860 3048 989 3104 ergo
1021 3049 1118 3088 nos
1147 3036 1515 3101 mulierculas,
1542 3051 1702 3093 sexus
1735 3053 1834 3094 nos
1858 3035 2049 3094 doceat

475 3111 762 3199 infirmior.
793 3122 1019 3190 Quanta
1045 3124 1251 3186 divitiis
1279 3125 1486 3193 pariter
1512 3140 1576 3179 ac
1598 3127 1882 3181 nobilitate
1934 3128 2049 3196 pol-

480 3213 654 3270 l'entes
687 3214 837 3285 (nolo
865 3229 1052 3270 earum
1080 3217 1340 3270 vocabula
1365 3215 1568 3278 dicere,
1599 3230 1667 3269 ne
1703 3217 1893 3272 videar
1919 3218 2053 3272 adu-

481 3298 626 3374 lari),
675 3305 882 3360 relictis
915 3304 1271 3360 facultatibus
1326 3306 1752 3376 pignoribusque
1809 3318 2054 3363 contem-

482 3391 611 3462 ptis,
636 3388 916 3452 'boc‘factu
966 3393 1128 3465 facile
1181 3394 1520 3465 iudicarunt,
1577 3399 1721 3466 quod
1779 3406 1832 3452 tu
1896 3409 2054 3466 putas

485 3483 707 3556 proprio
735 3487 929 3543 timore
949 3486 1204 3547 difficile!
1247 3486 1398 3542 Unde
1431 3489 1626 3544 habeto
1649 3489 2050 3558 simplicitatem

482 3573 767 3644 columbae,
797 3593 864 3633 ne
898 3580 1150 3648 cuiquam
1198 3580 1528 3635 machineris
1555 3581 1726 3646 dolos,
1751 3591 1808 3637 et
1836 3597 2057 3652 serpen-

487 3669 868 3739 tis'astutiam,
904 3686 972 3728 ne
1006 3672 1240 3727 aliorum
1275 3671 1642 3744 supplanteris
1670 3675 1908 3730 insidiis.
1937 3673 2054 3728 Non

487 3751 714 3842 multum
760 3763 1002 3832 distatin
1049 3763 1204 3827 vitio,
1262 3763 1344 3819 vel
1405 3765 1676 3834 decipere,
1741 3764 1823 3818 vel
1879 3766 2055 3834 decipi

488 3853 646 3924 pOSSe
697 3855 1092 3911 Christianum.
1149 3857 1216 3910 At
1249 3856 1341 3911 illa
1407 3857 1500 3911 tibi
1551 3858 1618 3910 ad
1655 3858 1755 3911 hoc
1788 3858 1853 3911 de
1895 3857 2059 3911 variis

487 3935 716 4004 ﬂoribus
771 3949 950 4004 lumen
1023 3958 1309 4004 exornent.
1373 3949 1608 4005 Coluber
1666 3949 1731 4002 ad
1767 3949 2058 4004 bibendum

492 4033 738 4103 venietis,
763 4041 817 4094 in
866 4055 1009 4110 aqua
1041 4056 1309 4096 venenum
1345 4042 1584 4106 deponit,
1620 4055 1687 4093 ne
1720 4055 1844 4094 eum
1895 4051 2060 4094 vene~

493 4127 629 4183 nunt
680 4143 819 4199 aqua
875 4142 1192 4186 concretum
1243 4129 1478 4185 occidat.
1512 4129 1727 4194 Nudum
1785 4130 2060 4194 hominem

495 4223 668 4283 timet,
703 4215 956 4276 vestitum
1011 4223 1421 4291 perscquitur',
1481 4231 1642 4291 caput
1697 4231 1872 4276 tamen
1904 4235 2061 4275 suum

495 4313 653 4378 celat,
691 4312 910 4379 quando
961 4313 1286 4384 percutitur,
1345 4313 1436 4367 ubi
1501 4312 1606 4366 scit
1653 4326 1775 4367 esse
1832 4320 2061 4366 mortem

2138 1867 2261 1918 dum
2295 1860 2404 1933 [AL
2436 1858 2563 1912 add.
2603 1847 2880 1922 omnibus]
2914 1843 3226 1904 vivacitatis
3257 1840 3506 1896 sensibus
3535 1837 3708 1890 solam

2137 1959 2348 2012 videtur
2377 1953 2616 2021 cogitare
2664 1943 2975 2000 victoriam.
3002 1941 3072 1996 Et
3100 1938 3189 2007 qui
3241 1933 3436 1990 hiemis
3467 1940 3716 1997 tempore

2140 2050 2286 2105 vadit
2318 2047 2384 2102 ad
2415 2045 2657 2107 balneas,
2701 2040 2855 2110 prius
2886 2033 3236 2105 asperitatem
3282 2023 3497 2096 frigoris
3535 2023 3718 2075 nudus

2139 2141 2407 2208 patienter
2435 2134 2657 2202 excipit,
2707 2130 2832 2200 quia
2865 2143 2986 2181 cum
3015 2123 3220 2193 :futura
3269 2113 3555 2172 calefactio
3589 2127 3718 2165 con-

2139 2201 2381 2286 solatur:
2435 2201 2788 2291 omniumque
2842 2227 3218 2272 creaturarum
3248 2206 3459 2263 difficile
3504 2218 3656 2272 spem
3691 2201 3715 2232 ³

2142 2330 2363 2392 propter
2444 2317 2610 2371 Deum
2701 2309 2990 2366 exsultatio
3059 2305 3235 2371 aliqua
3298 2298 3400 2352 nisi
3477 2308 3718 2348 maerore

2145 2387 2416 2483 prae—eunte
2434 2405 2694 2463 succedit.
2711 2404 2791 2456 Sit
2816 2417 2943 2469 ergo
2963 2399 3014 2450 in
3045 2395 3200 2449 nobis
3229 2400 3372 2446 tanta
3408 2387 3717 2440 futurorum

2147 2478 2279 2559 lidcs
2300 2542 2317 2569 ,
2351 2511 2408 2555 ut
2434 2498 2720 2554 admodum
2755 2509 2861 2549 non
2891 2493 3191 2547 sentiamus
3211 2499 3309 2537 nos
3329 2482 3414 2534 illa
3449 2478 3722 2533 sustinere

2144 2609 2264 2665 quia
2285 2564 2560 2659 patimur:
2614 2587 2707 2640 sed
2760 2599 2824 2639 ea
2853 2583 3032 2652 potius
3079 2577 3412 2630 arbitremur
3451 2585 3550 2624 nos
3605 2564 3720 2636 [AL

2140 2684 2277 2756 jam]
2308 2685 2552 2739 obtinere
2585 2692 2703 2748 quae
2737 2674 3037 2730 credimus.
3703 2748 3717 2759 .

2219 2755 2427 2842 Quanta
2464 2779 2643 2826 autem
2677 2769 2817 2836 apud
2846 2764 3012 2817 Deum
3037 2772 3270 2822 merces,
3305 2755 3428 2809 siin
3463 2755 3719 2822 prmsenti

2147 2869 2394 2924 homines
2421 2865 2650 2931 pretium
2680 2874 2784 2912 non
2810 2863 3091 2931 sperarent
3119 2852 3132 2904 ι
3168 2847 3397 2913 Quantis
3429 2843 3721 2898 sudoribus

2152 2960 2439 3017 brereilitas
2470 2967 2623 3008 cassa
2659 2945 2965 3018 cxpetiturl
3004 2917 3202 2994 initiori
3254 2938 3431 3004 pretio
3457 2933 3726 3000 mat-gari-

2152 3061 2266 3108 tum
2303 3045 2506 3102 Christi
2547 3043 2653 3096 emi
2687 3048 2915 3108 poterat.
2950 3033 3099 3088 Finis
3130 3031 3337 3084 militiae
3375 3037 3477 3079 tua:
3504 3025 3609 3078 erit
3639 3037 3729 3075 re-

2152 3158 2313 3213 gnum
2343 3153 2449 3193 non
2478 3145 2632 3189 terra!
2658 3140 2711 3185 et
2733 3127 3015 3196 temporis,
3041 3123 3134 3178 sed
3155 3119 3475 3175 mternitatis
3499 3123 3552 3168 et
3573 3112 3726 3168 cceli.

2149 3205 2292 3286 {Vibii
2329 3237 2430 3290 est,
2469 3225 2563 3286 illi,
2600 3223 2743 3292 quod
2771 3218 2942 3288 possit
3006 3224 3100 3271 aut
3155 3215 3347 3267 debeat
3378 3205 3621 3278 prmfert‘i
3651 3205 3727 3268 ei,

2153 3325 2246 3394 qtii
2277 3333 2357 3378 est
2381 3333 2540 3374 verus
2571 3315 2855 3373 Dominus,
2882 3322 2938 3364 et
2965 3323 3125 3364 verus
3149 3317 3322 3372 pater,
3358 3315 3412 3356 et
3433 3304 3730 3368 imperator

2157 3425 2412 3470 aeternus.
2445 3410 2545 3466 Coi
2583 3410 2726 3462 enim
2769 3404 2970 3458 rectius
3024 3399 3193 3454 vitam
3241 3406 3484 3450 nostrain
3518 3394 3732 3460 impen-

2157 3510 2356 3571 (iitlllls,
2387 3518 2550 3573 qttam
2589 3499 2662 3554 illi
2697 3513 2726 3550 a
2757 3510 2867 3565 quo
2906 3494 3078 3562 ipsam
3133 3486 3445 3555 accepimus
3479 3495 3498 3537 :
3557 3492 3611 3535 et
3639 3479 3726 3534 cui

2156 3615 2276 3656 eam
2310 3596 2569 3651 debemus
2594 3604 2760 3659 usque
2793 3588 2855 3640 ad
2896 3588 3082 3647 linem,
3107 3581 3230 3648 quia
3268 3579 3437 3646 ipsius
3466 3573 3730 3626 beneficio

2158 3684 2436 3744 vivimus?
2485 3684 2639 3738 Unde
2690 3680 2736 3733 si
2795 3673 3148 3729 inalueritnus
3203 3666 3403 3722 Czcsari
3469 3663 3729 3718 militare.

2160 3794 2322 3850 quam
2359 3776 2616 3831 Christo:
2651 3779 2832 3840 postea
2892 3781 2998 3819 nou
3051 3764 3117 3816 ad
3170 3761 3473 3819 Christum,
3531 3754 3625 3808 sed
3659 3752 3731 3804 ad

2161 3871 2462 3941 gehennam
2506 3863 2918 3918 transferemur.

2232 3961 2402 4031 igitur
2437 3971 2534 4010 nec
2567 3955 2838 4016 allectum,
2874 3963 2970 4003 nec
3007 3947 3276 4017 patriam,
3320 3957 3418 3996 nec
3475 3941 3735 3999 honores,

2164 4065 2266 4104 nec
2289 4047 2506 4102 divitias
2531 4043 2787 4113 praeferre
2818 4039 3119 4093 debemus:
3147 4036 3270 4103 quia
3307 4034 3566 4100 scriptum
3598 4036 3684 4082 est
3717 4042 3734 4082 :

2166 4142 2412 4198 Prwterit
2436 4136 2593 4205 hujus
2617 4131 2797 4188 mundi
2816 4133 2988 4201 figura
3019 4128 3070 4201 (Ι
3097 4127 3218 4184 Cor.
3245 4141 3344 4190 vu,
3375 4126 3486 4188 5i).
3516 4122 3602 4182 Et,
3635 4121 3740 4185 Qui

2166 4236 2304 4288 hunc
2379 4229 2632 4285 mundum
2703 4224 3008 4286 dilexerit”,
3080 4236 3198 4274 cum
3261 4220 3455 4270 mundo
3495 4215 3740 4284 peribunt

2172 4324 2220 4397 (ι
2244 4323 2406 4378 Joan.
2441 4338 2504 4387 ti,
2534 4316 2742 4390 15)..llli
2763 4331 2892 4387 ergo
2912 4312 3334 4379 militemus,qni
3373 4309 3740 4363 militantibus

495 4417 672 4488 suam.
702 4401 936 4483 Serpens
957 4404 1176 4473 quidem
1203 4409 1262 4468 si~
1282 4403 1451 4458 semel
1481 4403 1693 4458 calamo
1740 4402 2062 4472 percutitur,
2098 4435 2146 4491 ο
2175 4408 2279 4476 sibi
2307 4413 2534 4487 gloriam
2565 4413 2690 4467 νίιω
2722 4411 2902 4464 amaris
2933 4422 3062 4472 suae,
3097 4415 3151 4460 ei
3180 4404 3376 4458 divinae
3414 4399 3742 4470 cognitionis

499 4485 770 4563 meritur;
809 4497 857 4550 si
908 4511 1037 4552 vero
1065 4496 1259 4554 iterum
1293 4496 1646 4565 percutiatur,
1683 4493 2064 4549 confirmatur.

497 4584 730 4640 Hiemali
762 4595 1004 4654 tempore
1033 4585 1300 4642 infirmior
1325 4585 1558 4641 edicitur
1583 4600 1600 4640 :
1630 4595 1684 4639 et
1731 4599 1764 4638 a
1797 4583 2068 4645 soricibus

499 4676 826 4734 devincitur.
853 4677 1022 4749 Igitur
1039 4687 1167 4734 ante
1192 4678 1424 4734 hiemem
1447 4677 1592 4734 circa
1613 4684 1823 4746 segetes
1842 4675 2067 4746 colligit,

500 4778 562 4824 ut
585 4771 692 4826 illis
723 4785 902 4826 escam
935 4771 1194 4841 praebeat.

574 4865 784 4934 Anguis
833 4860 1055 4933 quando
1086 4864 1352 4927 senuerit,
1385 4863 1561 4932 perdit
1609 4872 1910 4932 aspectum,
1947 4861 2072 4916 etsi

503 4955 741 5012 voluerit
772 4955 951 5012 redire
977 4949 1051 5012 ad
1093 4957 1454 5028 iuventutem,
1476 4955 1685 5027 jejunet
1710 4953 2071 5024 quadraginta

506 5049 720 5118 diebus,
755 5059 815 5105 ut
841 5050 1054 5106 laxetur
1078 5050 1232 5120 pellis
1258 5050 1399 5119 ejus,
1427 5059 1482 5104 et
1506 5050 1583 5104 sic
1614 5060 1896 5118 angustum
1928 5045 2076 5101 tora-

507 5159 630 5199 men
670 5143 958 5216 perquirit,
1003 5139 1066 5199 ut
1119 5145 1243 5198 dum
1278 5143 1476 5197 nititur
1523 5140 1647 5197 inde
1673 5140 1848 5204 exire,
1883 5137 2075 5207 pellem

507 5246 762 5292 senectus
809 5236 1064 5293 dimittat.
1127 5235 1362 5292 Pelicani
1419 5249 1540 5289 cum
1572 5247 1702 5290 suos
1733 5247 1762 5286 a
1829 5241 2079 5299 serpente

511 5329 654 5384 ﬁlios
681 5339 923 5385 mortuos
948 5325 1062 5404 [ΑΙ.
1093 5328 1330 5399 θεοίεοεῖ
1359 5328 1665 5396 inveniunt,
1700 5327 1911 5396 lugent,
1939 5336 1992 5378 et
2019 5338 2079 5380 se

580 5491 599 5522 ⁸
626 5491 862 5546 Deerant
891 5492 1082 5548 isthmc
1097 5492 1333 5547 vestitum
1352 5492 1704 5560 persequitur,
1724 5502 1850 5560 quae
1863 5487 2080 5560 tametsi

508 5575 576 5615 ex
613 5565 956 5630 supposititia
987 5565 1055 5616 ad
1082 5557 1427 5617 'Priesidium
1449 5557 1688 5630 epistola
1741 5557 2076 5624 anﬂecimus,

510 5639 572 5683 ut
597 5641 656 5686 et
691 5631 851 5699 paulo
881 5642 1005 5700 post
1034 5647 1221 5689 vocem
1261 5631 1443 5686 semel.

581 5703 601 5730 '
634 5698 808 5770 Atque
850 5698 939 5758 hic
987 5717 1130 5772 spem
1181 5704 1431 5759 voculam
1485 5700 1793 5758 suffecimus
1821 5707 1943 5770 post
1973 5698 2081 5754 Ru-

2175 4511 2508 4572 cousortium
2542 4521 2782 4578 perenne
2819 4505 3066 4573 largitur.
3097 4499 3231 4555 Nam
3272 4499 3450 4553 nullus
3488 4513 3580 4550 rex
3635 4507 3745 4548 ter-

2172 4620 2364 4670 renus,
2409 4602 2581 4658 totius
2625 4598 2774 4654 orbis
2819 4596 3080 4650 Dominus
3120 4603 3223 4656 est,
3269 4591 3520 4644 Christus
3559 4600 3743 4641 autem

2177 4702 2342 4756 totius
2370 4697 2553 4752 mundi
2577 4709 2672 4750 rex
2696 4701 2779 4748 est
2801 4707 2816 4744 :
2842 4691 2967 4760 quia
2996 4688 3172 4743 omnia
3193 4702 3284 4756 per
3308 4685 3576 4740 Christum
3602 4684 3748 4751 facta

2175 4800 2296 4847 sunt
2331 4789 2516 4860 (Joan.
2569 4803 2624 4847 .I,
2684 4784 2763 4855 5).
2802 4781 2864 4836 Et
2932 4779 3058 4850 quia
3102 4794 3316 4848 regnum
3356 4778 3601 4831 caelorum
3647 4777 3750 4828 vim

2175 4885 2400 4950 patitur,
2436 4892 2481 4936 et
2515 4878 2732 4934 uiolenti
2758 4875 2970 4946 rapiunt
3001 4871 3134 4926 illud
3159 4869 3377 4940 (Matth.
3412 4885 3488 4930 at,
3513 4868 3600 4937 ti)
3635 4877 3753 4921 :ta-

2177 4975 2245 5029 lis
2279 4972 2534 5028 violentia
2562 4972 2670 5026 Deo
2699 4977 2852 5036 grata
2881 4976 2984 5030 est,
3018 4981 3136 5035 quae
3169 4964 3436 5016 neminem
3479 4959 3750 5019 concutit,

2183 5064 2385 5120 nullius
2415 5064 2614 5116 damno
2646 5059 2858 5112 nititur.
2890 5054 2946 5108 In
2968 5056 3109 5109 hanc
3139 5053 3384 5118 rapinam
3414 5066 3604 5103 manus
3631 5059 3756 5102 tuas

2183 5157 2337 5211 mitte
2368 5153 2479 5228 [ΑΙ.
2503 5150 2700 5222 verte],
2728 5164 2847 5220 qua:
2877 5147 3083 5201 crimen
3115 5160 3221 5197 non
3253 5144 3436 5205 habet,
3462 5152 3514 5194 et
3538 5139 3754 5194 confert

2186 5249 2441 5303 salutem.
2497 5241 2898 5296 Sollicitudines
2939 5236 3051 5308 ιΑι.
3102 5229 3564 5300 Necessitudines]
3607 5229 3755 5284 enim

2186 5349 2388 5398 nostra:
2422 5335 2690 5400 carnales,
2736 5340 2945 5403 quanto
2977 5329 3258 5386 chariores
3287 5335 3434 5389 sunt,
3474 5321 3759 5390 tantoplus

2190 5501 2371 5564 beum,
2409 5494 2620 5549 tametsi
2659 5507 2726 5547 ex
2756 5487 3194 5564 supposititiaad
3232 5485 3504 5564 Virginem
3535 5484 3584 5536 in
3611 5480 3757 5563 exsi-

2187 5569 2258 5624 lio
2292 5559 2537 5636 epistola.
2567 5564 2688 5636 Mor
2722 5561 2813 5615 ubi
2842 5562 3068 5636 dicitur,
3089 5559 3385 5612 Admodum
3420 5571 3523 5609 non
3552 5559 3758 5607 sentia-

2187 5630 2572 5705 muaﬂiubeus
2603 5632 2789 5700 habet,
2823 5630 3049 5684 Omnino
3083 5643 3208 5696 non,
3237 5639 3345 5682 etc.
