4012 6188
358 275 463 339 371

1520 285 1561 340 fi
1577 285 1667 342 EG
1686 285 1826 345 HLA
1895 287 2458 350 MONACIIORUM.

3511 291 3619 355 378

359 388 820 442 tiosdi‘cruciant
851 398 903 443 et
939 389 1185 458 fatigant.
1223 392 1292 445 Ac
1326 393 1552 462 proinde
1579 413 1853 464 nunquam
1883 397 1934 448 in
1970 410 2008 462 Α
2044 398 2238 469 (Ereti.
2268 418 2438 466 xxvn,
2469 401 2558 472 28)
2587 419 2601 466 ;
2631 401 2702 455 ita
2739 401 3036 466 detractor,
3071 399 3193 457 cum
3228 399 3434 457 ttistcm
3466 403 3618 458 vide-

361 479 675 536 carualibus
725 480 1102 537 all'ectionibns
1141 482 1211 535 ita
1268 485 1565 552 requiescit
1603 488 1838 550 animus,
1881 496 1938 539 ut

362 569 612 624 cruciatu
644 580 868 636 careat;
902 572 1027 624 dum
1061 574 1493 628 necessitudines
1523 593 1674 639 suas,
1705 587 1796 632 aut
1841 579 1939 631 bo-

365 676 465 712 nas
496 670 644 713 amat
670 677 790 715 cum
825 663 1111 716 amittendi
1147 673 1312 726 metu.
1347 677 1440 719 aut
1477 669 1648 722 malas
1675 669 1787 722 odit
1816 684 1938 722 cum

362 751 651 804 amittendi
712 762 876 818 voto;
939 755 990 805 in
1042 766 1270 822 utroque
1322 759 1653 812 sustinendis
1705 759 1942 813 miseriis

363 857 582 910 semper
616 843 884 898 obnoxius
923 854 1026 899 est.
1060 845 1347 901 Commota
1378 865 1510 918 ergo
1539 851 1592 903 in
1632 851 1822 904 melius
1861 852 1938 903 vi-

366 943 474 984 tam
491 943 660 996 tuam,
683 947 737 986 ιιι
760 945 969 988 interno
985 935 1095 989 Deo
1119 936 1230 1007 [ΑΙ.
1261 939 1418 1010 llegi]
1439 942 1667 1006 incipias
1686 943 1753 993 uti
1767 943 1938 1002 litare.

362 1034 414 1078 et
435 1024 818 1079 Deutuhabeas
843 1039 1224 1093 protectorem.
1250 1030 1386 1084 Sunt
1423 1042 1604 1086 tamen
1647 1034 1801 1086 utttlti
1850 1035 1940 1100 qui

366 1132 480 1171 non
501 1129 647 1171 metu
667 1133 976 1186 pinnarum,
1003 1122 1095 1172 sed
1119 1124 1552 1176 hcnedictiouum
1573 1135 1626 1176 ct
1645 1127 1942 1194 repromis-

369 1209 588 1262 sionutlt
617 1211 888 1265 desiderio
921 1214 1141 1265 veniunt
1173 1214 1240 1266 tttl
1260 1215 1508 1270 salutem.
1537 1216 1676 1268 Nihil
1700 1220 1842 1270 enim
1862 1228 1944 1271 cst

368 1302 584 1371 dignius
610 1318 770 1371 quam
808 1313 864 1356 ut
903 1305 1060 1357 homo
1086 1304 1155 1357 sit
1182 1320 1267 1358 aut
1289 1310 1422 1360 toris
1451 1310 1713 1372 imitator,
1757 1323 1810 1363 et
1853 1327 1940 1363 se-

370 1394 609 1448 cundum
676 1396 888 1448 tnodmn
953 1402 1184 1464 propria:
1263 1403 1576 1458 voluntatis.
1645 1402 1813 1454 ᾱινίιιὶ
1876 1402 1946 1455 sit

370 1488 551 1552 operis
604 1497 911 1540 exscecutor.
973 1487 1108 1541 Nam
1163 1490 1252 1552 qui
1310 1492 1470 1544 cdere
1509 1493 1620 1544 vult
1672 1497 1942 1554 nucleum,

373 1577 582 1644 frangat
600 1581 1116 1647 nucem.Apnstolus
1129 1582 1202 1634 ait
1221 1599 1234 1637 :
1257 1581 1474 1638 Rat-tius
1495 1586 1636 1638 enim
1657 1587 1831 1638 fuerat
1851 1591 1946 1639 ho-

374 1669 574 1722 minem
603 1670 816 1725 subisse
850 1674 1183 1742 coniugium,
1213 1687 1266 1727 et
1298 1677 1602 1730 ambulasse
1644 1693 1738 1744 per
1765 1679 1943 1744 plana,

2045 493 2113 545 rit
2146 492 2338 548 faciem
2376 494 2667 556 audientis,
2707 494 2814 546 imo
2843 509 2946 547 non
2968 494 3239 549 audientis
3260 494 3497 563 quidem,
3523 494 3619 548 sed

2040 585 2354 640 obturantis
2376 601 2536 640 aures
2555 601 2704 646 suas.
2728 601 2794 640 ne
2817 587 2996 639 audiat
3019 586 3282 656 judicium
3310 586 3614 656 sanguinis,

2039 675 2185 728 illico
2210 677 2552 737 conticescit,
2586 677 2748 746 pallet
2779 677 2979 740 vultus,
3013 677 3217 732 luerent
3249 659 3415 743 labia,
3448 679 3616 731 saliva

2042 765 2297 819 siccatur.
2323 765 2474 820 lludc
2504 768 2641 821 idem
2683 767 2762 820 vir
2785 769 3002 836 sapiens
3038 787 3052 822 :
3102 768 3234 823 Cum
3303 769 3621 822 detractori-

2044 855 2159 916 bus,
2193 858 2385 925 inquit,
2415 875 2477 910 ne
2511 861 2779 912 miscearis
2831 875 2850 912 :
2904 862 3150 928 quoniam
3208 868 3412 928 repente
3453 861 3619 914 veniet

2043 951 2268 1018 perditio
2332 967 2509 1003 eorum
2576 967 2596 1007 :
2647 961 2695 1004 et
2737 953 2944 1005 ruinam
3003 953 3275 1019 utriusque
3321 953 3435 1014 quis
3480 951 3617 1006 novit

2045 1044 2224 1109 (Prov.
2257 1059 2405 1102 xxiv.
2428 1043 2518 1108 9|,
2547 1045 2684 1113 2‘2)?
2715 1055 2822 1097 tam
2856 1045 3065 1097 scilicet
3097 1044 3212 1112 ejus
3244 1043 3330 1109 qui
3359 1043 3618 1112 loquitur,

2045 1153 2203 1205 quam
2241 1139 2386 1190 illius
2423 1139 2512 1206 qui
2551 1141 2694 1189 attdit
2741 1138 3075 1204 loquentem.
3117 1135 3177 1190 Ει
3214 1135 3502 1190 Timotheo
3535 1137 3618 1189 tli-

2045 1230 2204 1284 citur.
2237 1229 2493 1280 Adversus
2526 1231 2882 1297 presbyterum
2923 1230 3307 1284 accusationem
3341 1227 3449 1298 [ΑΙ.
3483 1228 3613 1281 add.

2045 1318 2166 1388 cito}
2215 1337 2277 1371 ne
2305 1322 2584 1388 acceperis.
2626 1319 2829 1372 Peccan
2855 1337 2932 1373 em
2967 1333 3140 1372 autem
3167 1337 3342 1371 coram
3379 1319 3618 1372 omnibus

2045 1427 2226 1479 argue,
2264 1422 2318 1463 ut
2360 1413 2534 1465 uereri
2572 1421 2762 1464 metunt
2796 1411 3018 1463 habeant
3044 1409 3097 1476 (Ι
3133 1411 3270 1464 Tim.
3309 1426 3359 1472 v,
3390 1410 3473 1475 l9,
3498 1410 3617 1478 20).

2049 1504 2163 1556 Non
2191 1515 2270 1556 cst
2301 1505 2456 1556 facile
2488 1504 2553 1557 de
2589 1505 2824 1570 perfecta
2866 1512 3024 1556 aetate
3052 1504 3404 1566 credendum,
3455 1518 3616 1571 quam

2048 1606 2098 1647 et
2135 1595 2239 1647 vita
2275 1596 2543 1662 prmicrita
2571 1594 2834 1657 defendit,
2858 1604 2912 1648 et
2937 1597 3166 1650 honorat
3202 1595 3522 1649 vocabulum
3541 1596 3619 1649 tli-

2039 1687 2296 1754 'guitatis.
2337 1687 2392 1739 Si
2437 1702 2525 1741 me
2577 1688 2738 1752 igitur
2796 1689 2877 1741 vis
2937 1688 3132 1756 corrigi
3193 1687 3620 1756 tlcliuqucntem,

374 1775 532 1826 quam
575 1761 642 1814 ad
667 1763 863 1815 altiora
889 1766 1221 1828 tendentem,
1259 1765 1309 1818 in
1366 1767 1695 1833 profundum
1747 1767 1942 1819 inferni
1983 1745 2019 1796 Β
2052 1745 2238 1842 ἕψειν-ιο
2265 1781 2479 1846 increpa
2518 1790 2770 1834 :tantutn
2805 1780 3016 1834 occulte
3053 1745 3120 1833 ne
3172 1745 3439 1832 mordeas,
3493 1778 3622 1834 συν.

372 1853 587 1906 cadere.

968 1947 1193 2002 carm
1215 1947 1353 2002 xrx.

377 2033 449 2088 De
479 2034 637 2088 laude
663 2045 710 2088 et
734 2038 1054 2092 detractione
1098 2041 1334 2101 vitanda,
1379 2050 1425 2094 et
1483 2041 1730 2110 periculis
1790 2043 1946 2111 hujus

1087 2123 1228 2164 vlla}.

442 2217 564 2272 Non
629 2223 818 2276 credas
867 2222 1243 2282 laudatoribus
1307 2229 1439 2290 tuis,
1480 2229 1589 2281 imo
1634 2228 1949 2281 irrisoribus

375 2327 558 2366 aurem
589 2329 655 2366 ne
685 2315 918 2369 libenter
952 2321 1351 2374 accommodes.
1381 2323 1570 2376 Omnis
1589 2321 1719 2373 falsa
1751 2320 1948 2388 pracdi-

379 2410 522 2459 catio
549 2418 791 2464 sectatur
811 2409 984 2477 lucra,
1010 2422 1058 2466 et
1088 2414 1312 2480 gloriam
1340 2415 1530 2484 qttzcrit
1551 2415 1861 2475 humanam,
1895 2423 1952 2465 ut

377 2511 478 2565 per
503 2498 729 2567 gloriam
761 2513 1054 2554 nascoutur
1075 2504 1421 2570 compendia.
1458 2503 1700 2558 Laudent
1739 2512 1787 2557 te
1824 2518 1952 2555 esu-

382 2588 635 2642 rientium
657 2592 888 2655 viscera,
912 2609 1017 2645 non
1041 2595 1370 2647 ructantium
1400 2595 1652 2663 apulenta
1671 2595 1914 2648 convivia
1937 2612 1950 2649 :

379 2679 629 2733 adulator
651 2683 846 2751 quippe
883 2684 1114 2737 blandus
1141 2686 1394 2741 inimicus
1423 2698 1524 2740 est.
1557 2686 1799 2740 Naturali
1847 2687 1950 2739 du-

379 2770 556 2824 cimur
588 2773 748 2826 malo.
777 2776 1168 2830 Adulatoribus
1195 2779 1396 2831 nostris
1427 2779 1655 2833 libenter
1681 2778 1952 2844 favemus,

376 2876 684 2930 quanquam
721 2880 820 2917 nos
859 2870 1288 2934 reSpondeamus
1332 2871 1603 2939 indignos,
1649 2883 1705 2925 et
1745 2873 1954 2925 calidus

387 2957 549 3008 rubor
591 2973 680 3010 ora
708 2957 1013 3025 perfundat,
1063 2971 1238 3014 tamen
1274 2966 1356 3029 .ad
1411 2965 1623 3018 laudent
1671 2981 1826 3020 suam
1867 2969 1952 3018 iu-

1975 1887 1996 1902 ε
2053 1873 2200 1936 ripiet
2241 1873 2513 1938 mejnstus
2540 1873 2591 1923 in
2626 1871 2988 1924 misericordia
3021 1881 3068 1925 et
3098 1873 3406 1936 increpabit.
3437 1871 3624 1926 Oleum

2050 1963 2339 2028 pertuleris
2361 1979 2460 2013 non
2483 1963 2765 2029 impingite!
2790 1972 2946 2028 caput
2980 1980 3146 2014 meum
3175 1963 3340 2028 (Psal.
3383 1977 3492 2025 CXI,
3545 1962 3620 2027 5).

2053 2051 2186 2104 Nam
2223 2054 2273 2104 in
2303 2053 2708 2119 comparatione
2741 2054 2967 2106 duorum
3004 2054 3288 2116 malorum,
3317 2053 3484 2105 levius
3515 2067 3625 2104 ma-

2056 2147 2160 2197 lum
2193 2154 2273 2198 est
2304 2155 2484 2211 aperte
2513 2158 2764 2211 peccare,
2814 2159 2974 2213 quam
3026 2143 3281 2196 simulare
3327 2153 3379 2196 et
3425 2143 3626 2212 lingere

2053 2239 2417 2289 sanctitatem.

2123 2331 2258 2395 Quid
2297 2329 2606 2381 vulneribus
2637 2328 2737 2382 tuis
2774 2328 3010 2393 prodest,
3045 2325 3087 2378 si
3117 2342 3216 2394 ego
3247 2326 3398 2380 luero
3441 2321 3628 2378 vulne-

2057 2422 2332 2477 ratus?au
2365 2422 2614 2473 solatium
2645 2421 2884 2488 percussi
2918 2427 3001 2472 est
3033 2420 3265 2470 amicum
3319 2433 3501 2471 secum
3550 2417 3628 2471 vi-

2054 2519 2182 2572 dcre
2209 2517 2738 2581 morientem?Qnid
2768 2516 2909 2568 enim
2949 2515 3081 2568 mihi
3120 2516 3359 2584 prodest,
3408 2516 3449 2566 si
3505 2513 3625 2565 aliis

2054 2610 2193 2666 mala
2236 2628 2347 2662 mea
2380 2613 2602 2671 referas,
2633 2609 2702 2668 si,
2730 2625 2812 2661 me
2856 2608 3150 2668 uestieme,
3183 2607 3422 2676 peccatis
3469 2608 3632 2669 lucis,

2057 2707 2164 2758 imo
2216 2703 2633 2758 detractionibus
2680 2702 2785 2754 tuis
2827 2700 2990 2752 alium
3029 2700 3279 2752 vulneres
3323 2716 3337 2752 :
3398 2708 3451 2749 et
3504 2713 3629 2750 cum

2055 2797 2302 2849 certatim
2327 2794 2578 2844 omnibus
2613 2792 2915 2856 narres,sic
2936 2792 3164 2859 singulis
3188 2791 3451 2860 loquaris,
3471 2793 3624 2859 quasi

2057 2889 2144 2939 nul
2171 2888 2184 2938 i
2223 2885 2374 2937 alteri
2411 2884 2611 2935 dixeris
2632 2883 2655 2934 ?
2680 2883 2789 2936 lloc
2819 2900 2920 2935 non
2959 2893 3041 2936 est
3073 2901 3156 2936 me
3186 2884 3495 2949 emendare,
3532 2883 3625 2936 sed

2057 2982 2187 3031 vitio
2218 2989 2306 3029 tuo
2332 2975 2668 3029 satisfacere.
2701 2975 2964 3041 Prarcepit
2997 2975 3139 3027 enim
3193 2973 3452 3027 Dominus
3501 2993 3625 3043 pec-

387 3050 655 3102 trinsecus
694 3052 874 3104 anima
909 3053 1142 3106 laetatur.
1174 3054 1278 3107 Sed
1327 3057 1526 3110 veritas
1569 3064 1794 3127 angulos
1846 3075 1951 3111 nou
1985 3088 2028 3145 ρ
2060 3081 2244 3125 camps
2272 3071 2322 3122 in
2353 3086 2450 3121 nos
2481 3073 2628 3135 πίζηί
2657 3067 2852 3120 debere
2885 3066 2900 3097 ι
2959 3079 3191 3131 secreto,
3243 3065 3326 3118 vel
3388 3065 3632 3118 adhibito

383 3149 549 3202 amat,
581 3157 681 3194 nec
711 3143 907 3209 quwrit
954 3157 1304 3198 susurrones.
1359 3144 1502 3198 Laus
1539 3150 1734 3215 quippe
1775 3149 1953 3216 justus

378 3235 606 3296 cruciat,
627 3234 837 3302 iniquos
853 3236 1079 3297 exaltat;
1113 3239 1203 3290 sed
1232 3238 1403 3304 iustos
1426 3239 1552 3292 dum
1573 3244 1801 3306 cruciat,
1826 3258 1954 3311 pur-

379 3336 470 3396 gat
502 3344 514 3379 :
541 3329 758 3396 iniquos
791 3330 915 3381 dttttt
944 3330 1198 3390 ltcliticat,
1235 3332 1495 3399 reprobos
1524 3344 1814 3386 lllOllall‘ill.

452 3419 592 3474 Nulli
627 3421 884 3476 detrahas
913 3438 928 3476 :
959 3437 1059 3476 nec
1093 3424 1144 3475 in
1171 3438 1236 3476 co
1285 3433 1335 3476 te
1389 3435 1636 3479 sanctum
1687 3438 1860 3493 putes.
1908 3427 1952 3480 si

381 3524 613 3568 crta-tos
640 3514 866 3568 laceras.
904 3516 1242 3568 Accusamus
1273 3531 1414 3583 saepe
1446 3519 1592 3585 quod
1626 3517 1876 3582 facimus,
1902 3529 1955 3572 et

381 3621 570 3658 contra
603 3607 1181 3672 nosmetipsouliserti,
1206 3608 1256 3658 in
1277 3617 1460 3660 nostra
1477 3611 1600 3661 vitia
1624 3610 1954 3672 invehimur,

386 3700 520 3754 tuuti
543 3700 608 3750 de
629 3697 1350 3765 eloquentibusiudicantes.
1374 3700 1658 3769 Nunquam
1709 3701 1956 3768 hujusce-

386 3793 526 3842 modi
554 3791 862 3843 hominibus
886 3789 1172 3857 appliccris
1203 3810 1217 3846 :
1248 3789 1330 3845 Ne
1358 3793 1583 3845 declines
1601 3809 1692 3845 cor
1715 3802 1861 3845 tuum
1902 3792 1953 3844 in

377 3885 535 3938 rerba
577 3885 796 3936 malitia!
841 3883 1016 3952 (Ps-ul.
1055 3899 1177 3948 ch,
1228 3886 1305 3953 4).
1365 3896 1416 3938 et
1460 3886 1646 3938 audias
1692 3900 1706 3937 :
1759 3885 1955 3938 Sedens

381 3983 633 4029 adrersus
653 3977 874 4044 fratrem
903 3987 1051 4030 tuum
1073 3979 1390 4048 loquebaris.
1409 3987 1452 4028 et
1476 3975 1752 4029 adversum
1783 3976 1955 4042 ﬁlium

381 4071 566 4122 matris
593 4083 695 4123 tute
723 4071 950 4139 ponebas
972 4071 1278 4122 scandalum
1311 4069 1490 4139 (Psal.
1541 4085 1689 4133 sua,
1731 4070 1846 4139 ‘20).
1893 4070 1956 4124 Et

380 4168 621 4234 apertius
666 4169 719 4219 in
766 4165 1086 4219 Ecclesiaste
1147 4183 1161 4217 ε
1205 4165 1355 4218 Sicut
1406 4169 1604 4218 mordet
1653 4180 1859 4231 serpens
1903 4165 1956 4217 iu

380 4259 622 4311 silentio:
648 4260 723 4310 sic
742 4260 890 4326 etqui
914 4260 1174 4325 {ratrisuo
1199 4259 1253 4309 in
1279 4257 1480 4310 occulto
1499 4256 1728 4310 detrahit
1754 4254 1954 4321 (Eccle.

381 4366 436 4413 x,
470 4351 578 4417 ll).
607 4350 712 4403 Sed
737 4350 872 4404 dicis
908 4367 922 4403 :
958 4351 1071 4417 ipse
1097 4367 1199 4402 non
1233 4349 1462 4402 detraho
1500 4364 1514 4401 :
1552 4347 1674 4401 allis
1722 4349 1950 4417 loquen-

381 4441 546 4504 tibus,
565 4443 691 4508 quid
713 4440 890 4493 facere
917 4458 1128 4507 possum
1149 4441 1171 4493 ?
1195 4442 1274 4492 Ad
1291 4442 1624 4492 excusandas
1641 4439 1947 4494 excusatio-
1983 4426 2025 4479 θ

382 4547 480 4584 nes
509 4532 562 4583 iu
620 4534 858 4599 pret-alis
909 4534 1006 4582 ista
1055 4530 1441 4597 pratendimus
1486 4529 1663 4599 (Psal.
1717 4546 1827 4596 (ιιι,
1875 4530 1951 4598 ι).

379 4621 634 4675 Christus
661 4633 776 4676 arte
809 4639 910 4674 nun
948 4623 1220 4676 deluditur
1259 4639 1273 4674 :
1311 4636 1647 4689 nequaquam
1685 4634 1825 4683 mea,
1861 4621 1953 4672 sed

381 4716 624 4782 Aposwli
676 4717 947 4770 sententia
1003 4726 1086 4768 est
1135 4731 1150 4769 ς
1207 4713 1385 4767 Nolite
1423 4730 1623 4778 errare,
1679 4711 1816 4764 Deus
1853 4729 1952 4764 non

379 4809 664 4859 irridetur:
692 4807 778 4861 ille
795 4811 848 4860 in
872 4812 1046 4873 corde,
1095 4824 1186 4862 nos
1223 4809 1456 4862 videmus
1504 4808 1558 4860 in
1595 4807 1726 4876 fttcie
1752 4808 1955 4878 (Galat.

381 4917 458 4964 vi,
487 4901 558 4968 7).

459 4993 711 5046 Salomon
743 4993 985 5062 loquitur
1015 4993 1068 5047 in
1106 4995 1412 5050 Proverbiis
1446 5011 1460 5050 :
1519 4994 1716 5048 Ventus
1765 4995 1954 5063 Aquilo

380 5086 612 5154 dissipat
645 5087 826 5148 nubes,
851 5096 898 5139 et
932 5091 1102 5141 rullus
1129 5090 1295 5139 tristis
1328 5088 1538 5158 linguas
1567 5074 1952 5142 dura/nimium

384 5175 568 5244 (Prov.
599 5195 724 5242 xxv,
753 5180 867 5248 23).
889 5179 1199 5233 Sicuteuim
1213 5185 1410 5248 sagitta
1431 5181 1475 5234 si
1503 5183 1746 5234 mit'atur
1763 5191 1950 5234 contra

381 5272 572 5325 duram
608 5275 910 5338 materiam,
945 5289 1324 5340 nonnunquam
1347 5277 1713 5328 inmittentem
1775 5289 1956 5326 rever-

386 5365 537 5426 titur,
571 5374 627 5418 et
657 5364 904 5418 vulnerat
931 5365 1302 5419 vulnerantem
1332 5384 1344 5421 :
1389 5367 1543 5435 juxta
1593 5367 1741 5427 illud,
1797 5367 1953 5420 Facti

381 5467 502 5505 sunt
531 5455 659 5506 mihi
688 5459 738 5507 in
765 5473 946 5509 arcam
972 5475 1188 5524 pravum
1209 5457 1361 5527 (Osee
1415 5474 1511 5524 ιιι,
1550 5460 1668 5529 lli);
1696 5470 1748 5512 et
1783 5462 1906 5514 alibi
1937 5477 1950 5513 :

383 5547 485 5610 Qui
524 5549 685 5600 mittit
722 5552 773 5601 iu
806 5551 974 5602 altum
1002 5552 1250 5616 lapidem,
1301 5551 1484 5604 recidit
1533 5552 1587 5604 in
1633 5560 1790 5616 caput
1837 5552 1950 5620 ejus

2060 3173 2211 3216 teste.
2245 3165 2304 3214 Et
2342 3163 2384 3216 si
2418 3162 2604 3214 audire
2630 3159 2927 3221 noluerint,
2964 3157 3154 3212 referri
3188 3161 3252 3210 ad
3308 3156 3626 3222 Ecclesium,

2059 3252 2445 3319 habendOsque
2480 3256 2529 3304 in
2563 3252 2706 3304 mulo
2735 3251 3063 3318 pcrtinaccs,
3099 3248 3253 3318 quasi
3295 3248 3546 3302 ethnicos
3575 3258 3632 3300 et

2055 3344 2395 3412 publicanos.
2424 3343 2558 3396 Nam
2585 3342 2798 3409 ingenia
2823 3341 3116 3394 liberaliter
3135 3340 3385 3401 educata.
3413 3339 3636 3392 facibus.

2055 3434 2384 3487 verecundia
2419 3448 2576 3500 quam
2614 3442 2787 3486 metUs
2816 3441 3053 3501 superat,
3083 3442 3137 3484 et
3176 3447 3312 3500 quos
3367 3441 3628 3485 tormenta

2057 3538 2163 3576 non
2204 3526 2445 3584 vincunt,
2493 3523 2764 3576 interdum
2815 3524 2984 3576 vincit
3028 3524 3220 3591 pudor.
3263 3520 3412 3574 Licet
3465 3521 3645 3586 multo

2058 3617 2254 3670 melius
2268 3623 2347 3668 cst
2367 3616 2560 3668 timore
2579 3629 2859 3683 pinnarum
2881 3615 3176 3668 emendare
3201 3622 3442 3681 peccata,
3468 3628 3627 3678 quam

2057 3723 2152 3776 spe
2199 3721 2580 3774 prosperorum
2614 3706 2813 3759 divinae
2858 3707 3142 3774 subjaccre
3187 3705 3486 3757 scntentim.
3528 3702 3646 3778 Qui.

2058 3801 2200 3853 cnim
2237 3814 2341 3852 non
2367 3798 2598 3852 senserit
2633 3796 2798 3850 Deum
2839 3811 2935 3865 per
2968 3797 3250 3862 beuelicia,
3290 3795 3488 3848 sentiet
3535 3809 3628 3862 per

2058 3891 2344 3962 supplicia.

2129 3983 2424 4045 Cancrum,
2460 3983 2661 4052 grande
2689 3989 2970 4050 peccatum
3003 3989 3086 4035 est
3115 3979 3296 4032 odisse
3334 3977 3654 4046 (δοιιὶρίοιι-⁸

2062 4085 2170 4129 tcm
2199 4094 2211 4130 :
2247 4077 2479 4134 maxime
2509 4076 2552 4129 si
2580 4083 2631 4127 te
2663 4090 2767 4126 non
2810 4074 2956 4137 odio,
2999 4073 3091 4125 sed
3125 4085 3316 4124 amore
3347 4069 3626 4136 corripiat.

2057 4167 2259 4223 Contra
2284 4183 2384 4220 nos
2407 4177 2590 4219 autem
2613 4165 2792 4219 omnis
2817 4173 3082 4218 consonat
3113 4161 3336 4223 chorus,
3361 4161 3633 4216 etlatraat

2062 4261 2312 4313 universa
2341 4258 2615 4322 subsellia,
2634 4258 2937 4326 junguntur
2955 4266 3011 4309 et
3034 4257 3200 4309 nostri
3227 4254 3560 4322 ordinis,qui
3581 4263 3634 4306 et

2063 4355 2328 4405 roduntur
2356 4362 2410 4406 et
2436 4353 2672 4415 rodunt;
2707 4352 2994 4404 adversum
3021 4366 3118 4403 nos
3148 4349 3424 4418 loquaces,
3455 4362 3554 4416 pro
3575 4361 3646 4416 se.
3683 4379 3688 4384 -

2058 4446 2212 4506 muli,
2247 4444 2404 4516 quasi
2445 4443 2545 4514 ipsi
2579 4443 2670 4496 alii
2709 4443 2815 4496 sint
2845 4457 3005 4510 quam
3062 4440 3312 4494 monachi
3371 4456 3386 4494 :
3430 4448 3484 4493 et
3528 4454 3645 4516 ιιθιιξ

2058 4537 2321 4605 quidquid
2358 4538 2407 4588 in
2437 4535 2727 4588 monachos
2754 4535 2977 4597 dicitur,
3014 4532 3274 4588 redundet
3297 4535 3348 4587 in
3376 4534 3643 4611 clericos,‘

2060 4627 2149 4697 qui
2190 4639 2369 4694 patres
2387 4637 2515 4679 sunt
2539 4626 2950 4680 meuachornm.
2988 4625 3378 4680 Detrimentum
3409 4625 3642 4702 pecoris‘

2063 4719 2298 4790 pastoris
2330 4717 2624 4786 ignominia
2643 4725 2725 4770 est
2751 4734 2764 4780 ;
2799 4717 2938 4771 sicut
2967 4732 2997 4771 e
3024 4717 3243 4785 regione
3270 4717 3413 4770 illius
3445 4732 3635 4788 mana;

2063 4811 2150 4863 chi
2190 4812 2297 4862 vita
2334 4809 2599 4862 laudanda
2626 4820 2729 4870 est,
2760 4810 2848 4875 qui
2880 4809 3214 4862 venerationi
3250 4809 3411 4862 habet
3452 4823 3652 4875 sacer-i‘

2066 4903 2222 4956 dotes
2262 4901 2506 4965 Christi;
2545 4910 2598 4954 et
2646 4917 2753 4954 non
2801 4901 3041 4954 detrahit
3083 4901 3290 4970 gradui,
3335 4915 3429 4969 per
3474 4913 3650 4974 quemE

2064 4995 2240 5048 factus
2265 5005 2347 5047 est
2378 4994 2741 5058 Christianus.
2776 4995 2906 5047 Nam
2934 4995 3149 5058 quando
3176 5005 3226 5048 ct
3247 4992 3480 5045 inimicis
3502 5006 3654 5060 prae.1

2064 5089 2253 5142 bemus
2295 5087 2580 5151 benclieia,
2613 5088 2852 5155 ipsorum
2891 5088 3148 5140 n-alitiam
3183 5096 3361 5138 nostra
3393 5083 3650 5160 bonitate

2065 5194 2418 5249 superamus;
2448 5190 2499 5232 rt
2526 5181 2794 5232 mollimus
2834 5179 3108 5240 duritiam,
3158 5189 3210 5230 et
3267 5177 3463 5228 iratum
3511 5175 3632 5228 auio

2063 5289 2206 5325 tnutn
2244 5273 2309 5325 ad
2347 5274 2774 5326 benevolentiam
2834 5270 2939 5346 [-il.
2979 5273 3043 5325 ad
3102 5266 3404 5338 mollitiem]
3457 5265 3636 5330 ﬂecti—_

2063 5382 2201 5418 ιιιιις.

2133 5459 2237 5512 Sed
2273 5475 2368 5512 nec
2403 5460 2489 5512 ille
2531 5460 2736 5526 absque
2773 5457 2986 5510 invidia:
3019 5456 3311 5510 infectioue
3345 5452 3456 5527 [AL
3495 5451 3648 5519 infe-3

2059 5552 2317 5622 statione]
2344 5569 2463 5606 esse
2491 5554 2708 5621 p01ctit,
2749 5552 2840 5619 qui
2873 5550 2968 5602 soli
3016 5548 3123 5604 Deo
3175 5549 3386 5618 placere
3433 5546 3660 5620 gesties‘

461 5733 475 5762 ‘
510 5732 678 5786 Antea
705 5733 881 5790 minus
908 5744 1052 5791 recte
1082 5745 1221 5802 erat,
1251 5754 1270 5788 ι
1314 5737 1607 5794 Peccautcs
1629 5738 1896 5794 interdum
1924 5752 2150 5800 arguere
2182 5738 2396 5796 debere.
2433 5755 2448 5782 ι
2485 5747 2584 5791 ctc.
