4012 6188
342 323 447 387 379

1269 318 1330 382 S.
1374 314 1825 379 IIiERONYMI
1863 316 2187 381 OPERUM
2229 317 2634 381 MANTISSA.

3485 320 3589 384 380

341 439 434 493 rit.
466 434 670 490 Invidia
695 433 836 488 enim
864 444 970 486 non
997 436 1105 485 tam
1136 429 1406 495 humanas
1426 427 1721 493 amicitias,
1746 442 1908 497 quam
1936 430 1988 491 Α
2087 431 2178 485 Sic
2209 439 2263 486 ει
2292 445 2395 487 nos
2414 431 2466 484 in
2499 431 2599 484 ista
2634 426 2912 498 provincia
2938 428 3206 485 aedificato
3232 432 3587 493 monasterio,

344 529 511 584 solam
550 528 641 582 Dei
676 525 794 598 [ΑΙ.
825 534 926 577 (ac.
960 520 1080 593 Dei]
1111 522 1379 588 justitiam
1412 521 1784 591 persequitur.
1814 518 1916 585 Qui

346 620 564 675 invidus
592 627 695 683 est,
743 616 917 670 aliena
977 613 1237 667 felicitate
1286 620 1607 681 torquetur;
1659 609 1916 678 quoniam

346 712 519 765 virtus
542 722 755 774 semper
786 704 1003 759 invidia:
1040 713 1208 773 patet.
1240 702 1463 758 Difﬁcile
1490 715 1705 770 quoque
1741 700 1920 753 evadit

346 800 664 871 opprobria,
696 798 781 851 cui
815 805 898 851 est
919 795 1089 849 amica
1120 794 1328 861 justitia
1357 808 1372 857 ;
1430 792 1540 845 imo
1584 792 1629 845 si
1658 790 1779 859 quis
1835 789 1921 856 pie

347 895 530 947 vivere
566 892 813 953 voluerit,
852 889 1023 955 iniqui
1073 888 1320 956 protinus
1371 884 1625 938 irrisione
1671 882 1922 949 blasphe-

352 990 520 1035 mant.
548 980 665 1032 "me
698 994 910 1048 quoque
938 987 1022 1031 est
1049 975 1387 1029 consuetudo
1420 973 1755 1026 detrahentis
1808 969 1919 1042 [ΑΙ.

350 1070 675 1142 peccantis],
708 1071 986 1124 utmalum
1037 1085 1193 1121 suum
1237 1082 1452 1135 semper
1502 1065 1627 1118 velit
1677 1066 1925 1134 negando

351 1166 679 1234 germinare,
706 1173 758 1216 et
787 1163 983 1227 dicere,
1014 1170 1105 1212 aut
1130 1174 1235 1211 non
1263 1159 1455 1210 iecisse
1484 1156 1625 1223 quod
1659 1154 1811 1217 fecit,
1836 1163 1927 1207 aut

352 1257 497 1309 bono
527 1265 807 1323 operatum
842 1253 982 1306 zelo.
1019 1252 1109 1304 Nil
1148 1252 1341 1303 tnirum
1374 1265 1502 1318 ergo
1534 1250 1577 1303 si
1603 1259 1791 1303 contra
1845 1262 1929 1301 me

355 1364 577 1419 parvum
603 1348 990 1400 ιιοιιιιιιιειιιιιιιι
1020 1344 1313 1396 immunda:
1344 1358 1466 1395 sues
1508 1343 1825 1409 grnuniunt,
1875 1348 1931 1394 ct

357 1439 584 1508 pedibus
628 1439 949 1503 margaritas
1009 1434 1363 1497 conculcant,
1405 1448 1578 1500 neque
1639 1430 1826 1501 procul
1864 1430 1931 1485 ab

359 1533 605 1591 nrhihns,
635 1528 773 1589 foro,
806 1528 1013 1590 litibus,
1069 1526 1350 1593 [urbisque
1408 1516 1695 1589 remotum,
1746 1524 1934 1591 sicque

362 1624 618 1678 latentem
649 1622 850 1689 reperit
884 1623 1106 1675 invidia.
1138 1619 1375 1674 Tantum
1410 1619 1552 1672 enim
1590 1634 1675 1672 tne
1703 1618 1935 1687 diligunt

363 1715 625 1780 haeretici,
654 1716 796 1783 quod
824 1715 940 1768 sine
974 1728 1056 1766 me
1089 1727 1207 1766 esse
1231 1728 1331 1764 non
1382 1720 1628 1780 possunt.
1674 1708 1934 1765 Omittam

366 1821 665 1875 personas:
699 1808 862 1860 rebus
893 1814 1099 1858 tantum
1128 1814 1181 1857 et
1209 1804 1531 1857 criminibus
1587 1809 1671 1857 est
1713 1813 1937 1870 respon-

367 1899 622 1955 dendum.

439 1988 581 2043 Nihil
610 2004 789 2044 causa:
808 1990 1028 2060 prodest
1055 1989 1505 2045 maledicentibus
1527 1987 1936 2051 remalediccre,

369 2088 423 2131 et
453 2079 795 2135 adversarios
822 2081 1021 2135 talione
1053 2081 1321 2147 mordere,
1368 2096 1490 2135 cum
1515 2088 1846 2149 praeceptum
1871 2078 1940 2132 sit

374 2171 568 2223 malum
603 2186 699 2239 pro
727 2172 869 2226 malo
899 2188 1003 2225 non
1026 2173 1202 2226 reddi.
1233 2172 1383 2226 Unde
1408 2187 1515 2225 non
1540 2172 1606 2226 de
1622 2170 1941 2225 adversario

374 2264 677 2328 victoriam,
711 2265 806 2319 sed
837 2275 1024 2318 contra
1053 2264 1391 2319 mendacium
1426 2265 1718 2333 quaerimus
1746 2264 1942 2318 verita-

374 2365 504 2410 tem.
540 2357 644 2411 Sed
674 2374 773 2412 nec
825 2359 1112 2414 timeamus
1156 2360 1281 2413 odia
1315 2359 1499 2412 subire
1555 2359 1940 2427 quorumdam.

374 2450 490 2503 Non
529 2450 670 2501 cnim
695 2449 1007 2503 hominibus
1036 2449 1293 2502 debemus
1324 2449 1555 2517 placere.
1589 2452 1682 2501 sed
1720 2446 1845 2501 Deo.
1879 2449 1947 2500 At

377 2542 574 2595 scitule
607 2555 692 2594 me
727 2554 1002 2608 nunquam
1036 2540 1307 2594 haereticis
1335 2539 1664 2608 pepercisse,
1697 2539 1789 2591 sed
1819 2554 1951 2592 con-

378 2640 460 2685 tra
488 2630 635 2685 omni
660 2632 839 2685 studio
866 2632 1157 2701 peregisse,
1202 2639 1259 2683 ιιι
1309 2631 1493 2685 hostes
1540 2629 1791 2685 Ecclesia:
1845 2630 1946 2683 tnei

381 2723 573 2777 tierent
602 2722 809 2777 hostes.
844 2721 994 2777 Unde
1024 2740 1197 2777 meam
1232 2723 1487 2792 injuriam
1522 2726 1789 2793 patienter
1809 2722 1903 2776 tuli
1931 2739 1947 2775 :

380 2814 716 2883 impietatem
748 2823 934 2868 contra
960 2814 1124 2869 Deum
1170 2814 1311 2869 ferre
1358 2829 1462 2868 non
1520 2814 1690 2883 potui.
1726 2813 1951 2867 Latrant

380 2923 548 2960 canes
581 2923 678 2976 pro
704 2908 937 2963 dominis
978 2910 1091 2962 suis
1119 2924 1135 2960 :
1170 2917 1225 2960 tu
1254 2922 1358 2959 non
1397 2908 1477 2961 vis
1515 2921 1599 2960 me
1627 2906 1827 2959 latrare
1854 2920 1953 2975 pro

386 3001 636 3054 Christo?
669 2999 859 3053 Falsus
898 3016 1085 3053 rumor
1117 3000 1229 3053 cito
1256 2998 1603 3067 apprimitur,
1638 3009 1693 3053 et
1723 2997 1827 3050 vita
1859 3013 1955 3065 pn-

2020 536 2077 583 et
2118 527 2418 581 diversorio
2459 534 2680 594 propter
2719 530 3018 587 exstructo,
3064 538 3131 577 ne
3170 523 3309 577 forte
3338 532 3392 577 et
3434 523 3595 576 modo

2022 616 2222 688 Joseph
2258 633 2376 671 cum
2408 616 2579 670 Maria
2614 615 2926 670 Bethlehem
2965 615 3185 669 veniens
3213 630 3317 668 non
3356 616 3597 669 inveniat

2023 708 2341 775 hospitium,
2372 707 2536 760 tantis
2569 708 2639 761 de
2670 716 2783 761 toto
2814 708 2946 760 orbe
2989 706 3391 760 continentibus
3423 705 3599 760 turbis

2022 803 2301 857 obruimur
2330 803 2742 864 monachorum,
2766 809 2821 855 ut
2846 816 2947 855 nec
2977 812 3212 870 emptum
3244 815 3383 865 opus
3440 801 3600 855 dese-

2026 906 2165 954 rere,
2204 904 2303 943 nec
2336 906 2497 958 supra
2533 891 2676 945 vires
2717 891 2856 943 ferre
2914 892 3211 946 valeamus.
3266 889 3419 945 Unde
3471 892 3599 960 quia

2027 983 2184 1036 nobis
2220 983 2351 1036 illud
2381 985 2446 1037 de
2472 983 2761 1051 Evangelia
2791 985 3039 1054 contigit,
3097 992 3154 1037 ut
3198 984 3391 1037 futura:
3439 985 3602 1037 tttrris

2029 1092 2134 1128 nou
2160 1084 2284 1129 ante
2318 1088 2761 1145 computaremns
2796 1080 3091 1145 impensas,
3126 1075 3386 1143 compulsi
3412 1090 3603 1129 sumus

2031 1166 2251 1221 fratrem
2285 1168 2660 1221 Paulinianum
2692 1173 2755 1222 ad
2788 1171 3017 1235 patriam
3059 1168 3295 1230 mittere,
3341 1176 3399 1219 ut
3437 1167 3600 1220 semi-

2031 1270 2183 1315 rutas
2214 1261 2443 1320 villulas.
2474 1278 2593 1330 quae
2643 1263 2998 1316 barbarorum
3045 1276 3239 1313 manus
3275 1259 3604 1326 effugerunt,

2029 1363 2085 1408 et
2117 1363 2398 1421 parentmn
2432 1354 2798 1406 communium
2832 1353 3046 1407 cineres
3081 1350 3359 1411 venderet,
3392 1364 3457 1402 ue
3495 1364 3610 1401 coeo

2035 1453 2184 1513 ptum
2211 1454 2524 1498 sanctorum
2552 1444 2914 1498 ministerium
2938 1444 3270 1506 deserentes,
3299 1442 3464 1495 risum
3495 1456 3611 1492 ma-

2037 1538 2226 1593 ledicis
2277 1547 2331 1592 et
2376 1537 2586 1591 temulis
2630 1537 2984 1606 pra-beamus.
3026 1534 3184 1590 Unde
3229 1533 3407 1586 omnia
3451 1532 3612 1601 plena

2039 1630 2319 1698 periculis,
2352 1629 2533 1682 omnia
2563 1627 2716 1695 plena
2754 1635 2883 1681 sunt
2922 1626 3150 1694 laqueis.
3184 1622 3413 1676 incitant
3459 1623 3616 1685 cupi-

2042 1721 2259 1787 ditates,
2318 1721 2641 1774 insidiantur
2684 1718 2971 1781 illecebrae,
3033 1716 3384 1770 blandiuntur
3434 1713 3613 1773 lucra,

2047 1815 2235 1867 damna
2260 1810 2559 1865 deterrent.
2585 1810 2793 1863 Amarae
2816 1817 2940 1863 sunt
2960 1807 3366 1875 obloqneutium
3392 1805 3615 1871 litigtla',

2047 1918 2143 1958 nec
2165 1918 2375 1971 semper
2402 1902 2613 1955 veracia
2636 1910 2761 1954 sunt
2783 1915 2875 1953 ora
2900 1897 3233 1951 laudantium
3264 1912 3280 1951 :
3307 1897 3407 1949 iste
3458 1895 3621 1947 saevit

2046 1995 2252 2055 etodit,
2283 1993 2370 2047 hic
2420 1992 2617 2060 decipit
2662 1990 2921 2054 ofﬁcium,
2966 1999 3018 2045 et
3072 1988 3284 2042 facilius
3321 1995 3402 2040 est
3444 1987 3621 2039 vitare

2047 2085 2373 2147 discordem,
2411 2100 2572 2152 quam
2595 2083 2867 2137 declinare
2895 2082 3163 2136 fallacem.
3198 2079 3344 2134 Silva
3403 2094 3627 2132 succre-

2049 2176 2174 2235 scit,
2202 2181 2454 2238 i.tpostea
2477 2174 2849 2240 rescindatnr;
2887 2173 3009 2227 ideo
3033 2187 3159 2241 ager
3183 2171 3402 2235 seritur,
3430 2179 3487 2224 ut
3516 2186 3631 2222 me-

2052 2278 2216 2322 tatur.
2249 2266 2367 2320 Jam
2402 2266 2591 2333 plenus
2626 2276 2710 2320 est
2759 2266 2928 2327 orbis,
2960 2274 3103 2319 terra
3150 2280 3250 2319 nos
3298 2279 3404 2317 non
3455 2263 3625 2331 capit,

2051 2360 2291 2426 quotidie
2325 2358 2459 2411 bella
2487 2372 2586 2412 nos
2623 2366 2834 2419 secant,
2881 2355 3054 2410 morbi
3094 2354 3437 2418 subtrahunt,
3488 2368 3627 2405 nau-

2053 2452 2220 2519 fragia
2249 2450 2569 2514 absorbent,
2596 2459 2650 2503 et
2675 2449 3029 2504 nihilominus
3055 2446 3392 2502 detrahimus
3426 2453 3481 2500 et
3512 2445 3630 2498 liti-

2054 2560 2267 2615 gamus.

2130 2636 2291 2690 Vides
2317 2649 2532 2703 quoque
2557 2634 2611 2688 in
2634 2634 2878 2688 Ecclesia
2906 2631 3352 2703 imperitissimos
3380 2645 3633 2701 quosque

2057 2728 2272 2782 ﬂorere.
2295 2727 2362 2781 Et
2391 2728 2514 2795 quia
2546 2727 2855 2780 nutrierunt
2874 2724 3069 2779 frontis
3097 2724 3401 2785 audaciam,
3434 2732 3489 2773 et
3517 2737 3637 2774 mo-

2060 2821 2319 2875 bilitatem
2347 2819 2542 2887 lingua:
2572 2819 2851 2874 consecuti
2871 2824 3022 2880 sunt,
3048 2818 3172 2870 dum
3197 2830 3304 2869 non
3335 2815 3639 2884 recogitant

2060 2913 2189 2982 quid
2220 2912 2535 2978 loquantur,
2567 2910 2859 2981 prudentes
2890 2923 2950 2963 se
2988 2916 3043 2962 et
3073 2888 3323 2962 eruditos
3353 2907 3638 2959 arbitran-

2065 3014 2170 3067 tur,
2199 3009 2434 3058 maxime
2463 3002 2507 3056 si
2541 3000 2685 3069 vulgi
2720 3000 2959 3055 favorem
2991 3000 3304 3061 habuerint,
3339 2998 3431 3066 qui
3463 2999 3640 3066 magis

384 3089 582 3141 SlCl'iOl‘
604 3088 813 3157 judicat
844 3089 909 3142 d6
940 3091 1136 3158 priore.
1177 3086 1319 3141 Fieri
1361 3086 1580 3153 quidem
1615 3099 1718 3139 11011
1752 3092 1951 3153 potest,
1982 3122 2027 3184 Ο
2062 3097 2223 3152 dictis
2280 3096 2576 3150 levioribus
2638 3103 3073 3148 commoveulur.
3124 3090 3187 3145 Ει
3217 3089 3525 3145 econtraﬁo
3558 3096 3641 3143 vi-

388 3193 446 3235 ut
477 3182 680 3250 absque
721 3197 902 3235 morsu
952 3182 1249 3247 hominum,
1311 3181 1435 3235 vitae
1485 3177 1644 3245 hujus
1689 3176 1956 3231 curricula

387 3275 507 3344 quis
538 3284 896 3343 pertranseat.

462 3367 834 3435 Malorumque
861 3365 1109 3419 solatium
1144 3373 1251 3427 est,
1299 3363 1470 3418 bonos
1527 3375 1774 3431 carpere,
1831 3358 1958 3412 dum

391 3460 730 3528 peccantium
762 3458 1107 3512 multitudine
1137 3450 1327 3525 putant
1367 3453 1577 3523 culpam
1609 3453 1774 3507 minui
1829 3466 1959 3519 pec-

390 3564 658 3607 eatornm.
691 3550 795 3605 Sed
829 3560 1009 3603 tamen
1038 3552 1147 3604 cito
1179 3551 1317 3620 ignis
1347 3548 1558 3616 stipulae
1598 3546 1958 3615 conquiescit,

391 3657 449 3715 ει
473 3644 752 3707 exundans
770 3642 982 3696 ﬂatuma
1006 3641 1383 3695 deficientibus
1413 3638 1756 3692 nutrimentis
1782 3636 1967 3711 paula-

397 3739 489 3803 tim
517 3732 951 3791 emoritunNam
980 3733 1023 3787 si
1047 3733 1159 3805 [Αἰ.
1191 3734 1321 3788 add.
1347 3730 1497 3803 ante]
1524 3746 1666 3784 anno
1690 3729 1964 3798 praeterito

396 3830 539 3884 fatua
560 3830 780 3883 mentita
800 3836 906 3895 est,
932 3841 1023 3880 aut
1051 3830 1095 3881 si
1120 3838 1264 3881 certe
1290 3840 1477 3881 verum
1511 3824 1666 3887 dixit,
1688 3833 1865 3877 cesset
1887 3822 1969 3874 vi-

400 3925 556 3989 tium,
590 3922 826 3978 cessabit
854 3932 907 3974 et
935 3936 1137 3975 rumor.
1171 3920 1349 3973 Prima
1380 3931 1615 3984 namque
1646 3916 1818 3969 virtus
1851 3928 1969 3967 mo-

402 4020 560 4072 nachi
596 4028 682 4071 cst
727 4025 1076 4071 contemnere
1105 4014 1382 4067 hominum
1407 4011 1628 4079 judicia.
1673 4008 1840 4077 Igitur
1865 4020 1968 4060 ιιοιι

404 4111 604 4163 timebo
623 4105 1195 4174 hominumjudicium,
1219 4102 1749 4171 habiturusjudicem
1771 4114 1968 4155 meum.

404 4199 638 4266 Cupiunt
667 4196 811 4249 enim
847 4193 1009 4247 vicini
1045 4210 1148 4245 non
1181 4206 1360 4256 suam,
1394 4192 1488 4244 sed
1522 4190 1754 4243 alienam
1790 4189 1973 4241 discu-

409 4300 519 4341 tere
548 4289 731 4341 vitam.
766 4284 868 4339 Sed
900 4286 990 4354 qui
1028 4298 1237 4335 amicus
1271 4291 1379 4343 est,
1410 4285 1573 4335 etiam
1616 4296 1777 4349 prava
1828 4288 1976 4333 recta

401 4378 625 4447 jndicat.
658 4377 863 4432 inventi
895 4384 1021 4431 sunt
1050 4376 1192 4429 enim
1245 4373 1397 4429 scioli
1443 4382 1652 4425 tantum
1701 4371 1767 4425 ad
1806 4372 1980 4425 detra-

2064 3191 2161 3245 des
2210 3188 2477 3243 eruditum
2521 3190 2697 3241 virum
2722 3185 2775 3239 in
2809 3186 3042 3239 obscuro
3075 3184 3264 3248 latere,
3301 3195 3356 3239 et
3382 3198 3643 3253 persecu-

2068 3281 2245 3333 tiones
2279 3278 2410 3347 pali,
2446 3287 2499 3331 et
2521 3292 2626 3331 non
2655 3276 2827 3331 solum
2862 3277 2913 3328 in
2942 3274 3135 3343 popqu
3160 3275 3385 3342 gratiam
3408 3267 3513 3326 t‘ton
3546 3273 3645 3326 ha-

2070 3372 2219 3437 bere,
2241 3371 2333 3425 sed
2366 3368 2543 3439 inopia
2576 3378 2629 3421 et
2657 3376 2898 3439 egestate
2927 3369 3228 3419 tabescere.
3280 3362 3407 3418 Haec
3457 3371 3643 3419 autem

2072 3464 2227 3527 fiunt,
2253 3463 2375 3533 quia
2406 3477 2512 3516 nott
2542 3468 2625 3515 est
2654 3460 2744 3514 hic
2767 3459 3084 3513 tneritorunt
3118 3455 3427 3523 retributio,
3462 3453 3559 3510 sed
3587 3455 3642 3514 in

2075 3555 2275 3609 futuro.

2673 3640 2902 3698 CAPUT
2932 3641 3048 3697 XX.

2075 3740 2151 3792 De
2174 3739 2500 3807 juramento,
2543 3736 2821 3859 viridia/mh
2836 3736 3130 3859 mgndacio,
3162 3736 3495 3806 stultiloquio
3525 3751 3653 3803 pro-

2753 3823 2788 3859 ιι
2826 3823 2883 3859 en
2931 3823 2982 3859 ο.

2753 3823 2982 3860 ttoenao.

2149 3918 2339 3972 Dixisti
2385 3920 2553 3984 enim,
2612 3917 2667 3971 ni
2703 3916 2878 3982 fallor,
2905 3915 3027 3985 jure
3062 3929 3114 3972 te
3164 3917 3303 3972 mala
3338 3916 3493 3971 malis
3527 3918 3647 3971 red-

2078 4011 2208 4067 dere
2246 4020 2301 4064 et
2350 4026 2469 4065 cum
2499 4009 2813 4079 jurantibus
2867 4010 3054 4079 jurare
3109 4008 3329 4073 debere,
3379 4010 3503 4078 quia
3551 4008 3653 4080 aii-

2080 4105 2296 4173 quando
2328 4104 2533 4174 juravit
2569 4102 2849 4167 Dominus,
2878 4112 2973 4157 aut
3011 4103 3150 4157 mala
3188 4103 3346 4155 malis
3390 4101 3647 4157 restituit.

2081 4197 2208 4254 Scio
2237 4196 2491 4264 primum,
2523 4209 2630 4249 non
2682 4194 2861 4249 omnia
2905 4195 3065 4250 nobis
3108 4196 3400 4250 convenire
3451 4194 3650 4257 servis,

2083 4304 2206 4360 quae
2256 4287 2482 4341 Domino
2530 4288 2882 4349 conveniunt,
2918 4301 2988 4340 ne
3031 4287 3083 4340 in
3118 4287 3526 4355 comparatione
3574 4286 3654 4340 fa-

2086 4382 2377 4443 mulorum,
2425 4378 2636 4432 Domini
2694 4377 2944 4432 videatur
2993 4377 3211 4446 injuria.
3244 4377 3496 4447 Alioquin
3550 4378 3658 4432 ΐοι-⁹

412 4473 670 4535 hendum,
707 4470 795 4539 qui
822 4484 886 4523 co
917 4484 976 4525 se
1003 4470 1191 4523 doctos
1218 4473 1495 4522 ostentare
1540 4464 1743 4537 volunt,
1783 4463 1826 4518 si
1846 4479 1956 4518 cun

2084 4477 2225 4530 sitan
2278 4474 2574 4527 reclamare
2624 4470 2936 4540 incipimus,
2977 4486 3077 4526 cur
3122 4487 3228 4525 non
3263 4488 3292 4526 e
3337 4473 3657 4541 virginibus,

411 4580 618 4619 etornm
656 4564 819 4616 vitam
862 4560 975 4634 [ΑΙ.
1027 4559 1195 4631 dicta]
1236 4560 1493 4613 lacerent.
1548 4556 1652 4612 Sed
1704 4556 1835 4610 nihil
1875 4556 1984 4611 Deo

412 4659 654 4711 clausum
696 4665 800 4718 est,
832 4665 887 4709 et
921 4654 1159 4709 tenebrae
1184 4653 1365 4707 lucent
1399 4653 1537 4720 apud
1579 4664 1726 4704 eum.

482 4746 624 4818 Fuge
657 4758 835 4801 tamen
867 4763 982 4810 eos,
1007 4747 1060 4801 in
1094 4747 1291 4815 quibus
1316 4753 1492 4815 potest
1516 4742 1668 4798 malae
1690 4731 2005 4798 conversa-'

412 4843 577 4894 tinnis
622 4856 744 4895 esse
792 4839 1052 4908 suspicio,
1109 4855 1206 4893 nec
1250 4848 1496 4907 paratum
1534 4837 1736 4901 habeas
1788 4833 1919 4887 illud
1967 4832 1982 4869 τ

414 4934 621 4988 διιίῐὶιιιι
650 4932 779 4986 mihi
809 4931 1142 4985 conscientia
1177 4944 1315 4993 mea,
1346 4944 1449 4983 non
1483 4943 1614 4983 curo
1642 4927 1773 4996 quid
1801 4928 1865 4979 de
1902 4938 1989 4979 me

413 5024 980 5095 loquanturhomines.
1008 5022 1165 5076 Certe
1182 5020 1473 5091 Apostolus
1493 5017 1811 5088 providebat
1828 5017 1988 5081 bona,

418 5137 524 5174 non
548 5121 723 5174 solum
749 5132 930 5171 coram
962 5116 1096 5177 Deo,
1126 5114 1217 5168 sed
1245 5115 1405 5168 etiam
1432 5126 1617 5166 coram
1653 5108 1989 5174 hominibus,

416 5228 484 5267 ne
517 5226 611 5279 per
637 5211 997 5263 illumnomen
1031 5206 1122 5281 Dei
1148 5206 1619 5275 blasphemaretur
1645 5204 1695 5257 in
1716 5202 1990 5281 gentibus,

418 5319 518 5356 nec
554 5301 767 5355 Volebat
798 5316 856 5355 se
882 5278 1116 5371 judicari
1154 5298 1221 5354 ab
1270 5295 1472 5350 infideli
1523 5278 1882 5350 conscientia.
1931 5292 1992 5348 Si

419 5397 774 5462 scandalizat,
802 5394 996 5465 inquit,
1015 5410 1133 5448 esca
1154 5392 1396 5461 fratrem,
1427 5390 1481 5443 in
1506 5399 1762 5444 wternum
1783 5403 1994 5441 carnem

422 5505 523 5540 non
576 5487 907 5539 munducabo
964 5484 1033 5553 (Ι
1078 5483 1201 5539 Cor.
1264 5497 1376 5545 vitt,
1435 5481 1565 5551 i3).
1633 5479 1785 5535 Tolle
1834 5479 1997 5549 igitur

421 5581 764 5634 occasionem
794 5578 1103 5634 volentibus
1139 5576 1505 5631 occasionem.
1543 5572 1678 5628 Nam
1729 5574 1999 5643 castigare

422 5671 1121 5741 videturaliutu,quisquis
1152 5668 1218 5725 ab
1263 5668 1379 5740 ejus
1429 5667 1841 5724 conversatione
1890 5666 1999 5723 dis-

429 5764 625 5843 ξριιιμο.

2087 4568 2181 4623 sed
2214 4567 2280 4621 de
2313 4565 2434 4619 aliis
2467 4562 2785 4619 mulieribus
2840 4564 3214 4632 generantur?
3244 4566 3348 4619 Aut
3381 4579 3482 4618 cur
3514 4581 3661 4618 mur-

2091 4658 2165 4712 tui
2202 4655 2373 4711 nostri
2404 4658 2558 4711 tertia
2591 4656 2678 4710 die
2712 4669 2819 4710 non
2867 4666 3165 4726 resurgunt
3197 4656 3221 4710 il
3266 4656 3494 4719 Juravit,
3522 4659 3660 4719 scio,

2089 4764 2230 4819 sape
2265 4747 2544 4813 Dominus,
2576 4747 2667 4818 qui
2702 4762 2803 4803 nos
2828 4747 3020 4816 jurare
3050 4749 3346 4816 prohibuit.
3378 4747 3487 4803 Nec
3545 4759 3660 4803 sta-

2092 4843 2186 4896 tim
2208 4855 2275 4895 εχ
2298 4841 2402 4895 hoc
2428 4849 2630 4895 temere
2653 4839 3034 4910 blasphemare
3055 4840 3315 4895 debemus
3342 4855 3489 4901 eum,
3517 4842 3661 4909 quod

2093 4938 2230 4992 alios
2294 4933 2531 4987 vetuerit
2590 4931 2853 4986 Dominus
2883 4931 3027 5000 quod
3089 4932 3206 5003 ipse
3257 4933 3512 4991 faciebat.
3538 4934 3660 5001 quia

2093 5031 2199 5084 dici
2229 5027 2385 5083 n'obis
2418 5033 2596 5097 potest
2622 5040 2637 5079 :
2666 5024 2877 5080 Juravit
2904 5023 3181 5086 Dominus,
3202 5025 3353 5092 quasi
3386 5024 3662 5086 llotttittus,

2093 5135 2253 5190 quem
2293 5118 2483 5188 iurare
2515 5128 2677 5171 nemo
2719 5113 3061 5183 prohibebat.
3103 5112 3270 5167 Nobis
3304 5113 3458 5182 quasi
3490 5115 3663 5167 servis

2096 5228 2203 5268 non
2240 5213 2383 5273 licet,
2415 5210 2508 5277 qui
2539 5206 2752 5262 Domini
2807 5206 2979 5261 nostri
3024 5206 3138 5276 lege
3170 5206 3356 5275 jurare
3388 5215 3660 5260 vetamur.

2172 5301 2368 5357 Verum
2403 5314 2470 5354 ne
2505 5300 2558 5353 in
2590 5299 2710 5370 ejus
2741 5296 2988 5367 exemplo
3015 5297 3327 5352 scandalum
3369 5297 3665 5365 patiamur,

2098 5414 2163 5451 es
2198 5412 2303 5465 quo
2334 5406 2576 5463 tempore
2608 5407 2707 5447 nos
2739 5392 2927 5462 jurare
2958 5390 3154 5451 noluit.
3184 5405 3281 5445 nec
3309 5390 3667 5461 ipsejuravit.

2102 5491 2164 5542 Et
2196 5487 2427 5558 qualiter
2462 5486 2529 5540 de
2577 5483 2874 5552 jnramenti
2910 5498 3071 5537 causa
3119 5483 3267 5536 brevi
3300 5496 3554 5535 sermone
3583 5496 3675 5537 8a-

2104 5573 2379 5628 tisfactum
2411 5579 2495 5627 est
2526 5587 2541 5627 ς
2576 5571 2649 5625 ita
2673 5569 2834 5624 etiam
2868 5570 2933 5623 ad
2955 5571 3202 5625 vindicta:
3225 5573 3497 5639 negotium
3528 5571 3672 5625 hunc

2103 5667 2347 5719 eumdem
2378 5679 2619 5727 sensum,
2650 5663 2808 5718 facile
2853 5665 3034 5732 pruspi
3061 5664 3120 5716 is
3177 5679 3335 5730 posse
3383 5664 3669 5727 sntl‘tcere;

2105 5760 2229 5827 quia
2264 5758 2406 5811 aliud
2459 5768 2541 5812 est
2594 5770 2732 5812 nunc
2768 5764 2977 5823 tempus
3020 5757 3225 5822 gratim,
3259 5756 3310 5808 in
3358 5772 3466 5822 quo
3502 5757 3669 5825 pleni-
