4012 6188
333 293 441 360 381

337 405 471 459 tudo
531 399 876 472 perfectionis
930 399 1166 468 advenit,
1191 399 1348 454 aliud
1400 399 1500 455 fuit
1551 401 1706 470 legis,
1762 400 1908 454 aliud
1944 418 1982 464 Α

333 493 750 562 pt'Opbetarum,
786 490 1003 543 dicente
1040 490 1266 544 Domino
1298 505 1311 545 :
1347 491 1605 555 Audistis,
1650 491 1773 558 quia
1822 491 1908 540 di-

333 595 474 638 ctum
523 593 596 635 est
628 582 876 649 antiquis,
933 597 993 634 ne
1047 582 1248 634 occides
1305 581 1523 652 (Matth.
1571 597 1621 647 ν,
1655 582 1768 648 2|).
1802 580 1909 650 Εεο

335 686 516 729 autem
568 673 889 742 perlaetiora
946 673 1226 742 praccipio,
1263 689 1381 742 qua:
1418 675 1469 727 in
1507 675 1695 729 ordine
1729 674 1906 727 Evan-

335 764 461 829 gelii
491 765 724 826 digesta.
751 779 848 815 suo
881 761 997 815 loco
1020 763 1195 816 lector
1229 763 1484 818 inveniet.
1517 764 1590 818 Ex
1625 779 1733 832 quo
1761 766 1904 818 enim

339 851 512 904 Filius
550 849 815 914 Dei,ﬁlius
863 850 1096 904 hominis
1145 849 1324 905 lat-tus
1352 861 1433 905 est
1466 867 1481 908 :
1516 867 1578 906 ex
1612 867 1718 921 quo
1753 861 1906 906 vetus

314 942 667 1041 jl’crmcntum
716 937 950 991 .ludaica:
1004 939 1316 992 traditionis
1368 951 1450 994 cst
1511 941 1712 994 factum
1768 955 1905 994 nova

337 1031 683 1101 censpersio,
713 1047 773 1082 ex
802 1047 907 1097 quo
937 1047 1109 1099 agnus
1148 1048 1253 1084 non
1290 1035 1340 1084 in
1378 1035 1568 1101 ﬁgura,
1599 1033 1691 1086 sed
1727 1032 1778 1084 in
1819 1047 1908 1084 ve-

311 1099 500 1176 Iritate
549 1120 871 1182 comedilur,
932 1136 996 1174 ιιι
1055 1137 1163 1187 quo
1235 1129 1534 1177 secundum
1588 1123 1903 1188 Apostolum

339 1223 524 1266 vetera
582 1211 932 1274 transierunt,
965 1222 1018 1264 et
1067 1211 1211 1265 facta
1247 1223 1370 1266 sunt
1414 1215 1594 1268 Otllltia
1650 1229 1807 1273 nova.
1839 1229 1906 1267 ex

338 1319 449 1372 quo
472 1301 682 1370 iussum
710 1313 794 1356 est
819 1303 1106 1369 imaginem
1136 1304 1336 1358 terreni
1359 1305 1588 1358 hominis
1615 1307 1903 1374 deponere,

343 1406 398 1449 et
434 1409 718 1448 assumere
772 1393 1000 1446 fortnam
1035 1394 1294 1459 cmlestis,
1325 1411 1392 1451 ex
1422 1411 1530 1463 quo
1581 1397 1904 1451 remmortui

343 1500 642 1548 sumus,”
677 1500 782 1554 quo
835 1485 1130 1540 virtutibus
1186 1489 1626 1542 consurreximus
1658 1487 1710 1541 lit
1743 1488 1906 1542 Chri-

345 1592 448 1646 sto,
480 1580 666 1650 jurare
724 1595 828 1634 non
885 1579 1085 1642 discas,
1125 1581 1342 1634 mentiri
1393 1582 1740 1652 sacrilegium
1803 1597 1904 1652 pu-

347 1684 447 1733 tes.

414 1805 753 1860 Admouendi
814 1804 994 1874 itaque
1050 1815 1180 1861 sunt
1234 1821 1446 1871 omnes,
1503 1817 1562 1861 ut
1619 1806 1907 1877 diligenter

347 1899 643 1967 pcrjurium
679 1910 926 1960 caveant,
975 1914 1080 1953 non
1111 1901 1286 1952 solum
1342 1899 1400 1954 in
1447 1899 1626 1962 altari,
1657 1913 1751 1952 seu
1779 1914 1905 1952 san-

347 2001 556 2044 ctorum
613 1990 996 2058 reliquiis,sed
1033 1995 1194 2044 etiam
1232 1991 1284 2044 in
1331 1991 1608 2044 counnuni
1669 1989 1904 2059 loquela.

347 2080 516 2134 Omne
546 2080 690 2132 enim
721 2082 860 2146 quod
893 2097 996 2134 non
1029 2079 1257 2133 antiiicat
1280 2080 1580 2144 audientes,
1605 2079 1657 2133 in
1693 2080 1907 2147 perieu-

349 2172 456 2225 lum
485 2171 822 2240 loquentium
859 2172 1109 2226 vertitur.
1139 2170 1353 2224 Veritas
1389 2171 1605 2240 quidem
1641 2168 1818 2224 claudi
1850 2177 1907 2222 et

347 2263 502 2332 ligari
560 2272 738 2333 potest
769 2280 784 2329 ;
815 2263 954 2318 vinci
1016 2279 1120 2318 non
1183 2274 1378 2327 potest.
1408 2277 1528 2331 qua:
1571 2273 1625 2315 et
1681 2277 1904 2315 suorum

347 2355 615 2421 paucitate
645 2364 893 2408 contenta
925 2363 1028 2416 est.
1057 2364 1110 2408 et
1147 2355 1494 2407 multitudine
1527 2341 1770 2407 hostium
1801 2367 1904 2404 non

346 2453 606 2498 terretur.
642 2445 875 2500 Possunt
909 2447 1180 2510 homines,
1216 2447 1463 2514 quamvis
1512 2444 1669 2513 justi,
1723 2443 1907 2512 aliqua

347 2538 604 2593 simulare
651 2555 748 2606 pro
782 2549 1046 2607 tempore,
1069 2541 1138 2593 ob
1168 2555 1320 2593 suam
1377 2538 1716 2605 aliorumque
1752 2536 1901 2588 salu-

350 2638 478 2684 tem.
507 2627 927 2684 Consideremus
965 2645 1094 2698 ergo
1140 2629 1269 2697 quid
1311 2629 1616 2696 loquamur,
1651 2626 1779 2696 quia
1811 2639 1908 2694 pro

348 2719 496 2774 eunti
525 2719 688 2776 verbo
711 2720 888 2775 otioso
925 2721 1188 2775 reddituri
1216 2734 1405 2773 smnus
1437 2720 1698 2773 rationem
1737 2717 1790 2770 in
1818 2717 1910 2770 die

342 2811 552 2881 iudicii.
593 2810 824 2867 Verbum
874 2813 1090 2882 quidem
1138 2811 1370 2866 otiosum
1423 2818 1526 2873 est,
1585 2809 1729 2878 quod
1791 2809 1909 2861 sine

351 2897 583 2960 utilitate
635 2904 868 2958 dicentis
900 2913 956 2958 et
1003 2903 1272 2958 audientis
1329 2901 1619 2970 profertur.
1654 2899 1906 2954 Stultilo-

351 2994 536 3064 quium
579 3006 759 3049 autem
789 2995 998 3049 aestimo
1039 3009 1142 3047 non
1172 2995 1390 3047 illorum
1423 3002 1654 3055 tantum,
1680 2991 1771 3060 qui
1805 2991 1908 3042 ali-

1490 295 1800 358 REGULA
1864 294 2433 366 MONACZIORUM.

3469 295 3577 364 382

2091 403 2245 462 Unde
2278 416 2332 460 tu
2369 419 2558 476 passus
2599 405 2851 478 injuriarn
2900 413 3106 471 taceas,
3137 404 3270 460 iram
3301 405 3457 462 vince
3484 422 3578 476 pa-

2017 493 2226 548 tientia.
2257 475 2490 549 Sanctus
2532 475 2675 550 enim
2721 509 2873 548 amor
2907 495 3298 564 impatientiam
3333 511 3440 550 non
3471 475 3572 551 lia.
3625 475 3636 486 ’

2013 585 2121 638 bet.
2151 577 2505 670 Maqsuetudo
2541 601 2770 656 namque
2806 586 2946 639 nulla
2999 587 3248 656 passione
3303 587 3572 650 turbatur,

2010 675 2394 742 etspecialiter
2418 677 2494 729 ira
2523 686 2576 730 et
2603 675 2786 731 furore
2821 692 2924 730 non
2964 676 3249 744 rumpitur.
3281 676 3452 743 Quam
3481 677 3571 748 qui

2012 765 2283 828 habuerit,
2331 765 2723 821 beatitudinem
2761 778 3125 835 consequetur
3173 782 3305 821 voce
3357 766 3570 822 Domini

2012 859 2358 926 promissam,
2387 867 2444 912 ut
2472 868 2668 913 terram
2704 857 3000 926 possideat,
3045 858 3098 912 id
3129 869 3232 922 est,
3264 859 3490 929 imperet
3520 867 3572 914 et

2011 950 2318 1002 dominetur
2339 951 2550 1018 corpori
2577 965 2699 1005 suo.
2735 951 2890 1007 Nulla
2921 954 3062 1007 enim
3097 967 3181 1012 res
3213 953 3283 1004 ita
3315 952 3570 1016 inebriat,

2010 1051 2070 1095 ut
2123 1041 2287 1094 animi
2348 1041 2706 1111 perturbatio.
2753 1043 2848 1097 Est
2892 1044 3109 1097 tristitia
3145 1059 3261 1113 qua:
3322 1045 3467 1098 ducit
3505 1046 3570 1097 ad

2011 1142 2281 1186 mortem:
2329 1141 2410 1188 est
2444 1134 2688 1202 quaedam
2739 1136 2817 1188 ira
2864 1150 2982 1203 qua:
3030 1135 3296 1204 justitiam
3330 1135 3422 1189 Dei
3465 1152 3569 1189 non

2009 1233 2286 1292 Operatur,
2314 1234 2368 1279 et
2423 1225 2594 1280 furori
2641 1227 2882 1293 proxima
2921 1227 3113 1281 mentis
3156 1242 3268 1284 sure
3315 1229 3568 1296 impotem

2009 1311 2160 1380 facit,
2189 1315 2241 1367 in
2278 1323 2487 1368 tantum
2513 1323 2575 1368 ut
2626 1315 2766 1368 labia
2804 1326 3054 1381 tremant,
3100 1317 3289 1376 dentes
3342 1333 3570 1373 eunuc-

2009 1413 2158 1472 pent,
2184 1405 2360 1459 vultus
2393 1420 2610 1474 quoque
2667 1407 2875 1476 pallore
2916 1418 3171 1466 mutetur.
3224 1409 3401 1462 Animi
3444 1425 3569 1466 vera

2011 1494 2196 1547 lautitia
2230 1494 2500 1548 interdum
2551 1495 2767 1551 dolores
2801 1499 3046 1566 corporis
3079 1499 3313 1567 mitigat.
3342 1499 3494 1564 Quod
3529 1501 3572 1550 si

2009 1586 2076 1640 ad
2119 1587 2522 1657 aegrotationem
2586 1589 2828 1656 corporis
2857 1592 3072 1644 accedat
3101 1589 3358 1659 tl'gl‘llti'io
3385 1591 3572 1652 animi.

2012 1678 2312 1746 duplicatur
2342 1675 2650 1731 inﬁrmitas.
2682 1677 2823 1731 Dicit
2854 1695 3069 1748 quoque
3120 1681 3408 1749 Apostolus
3437 1698 3451 1735 :
3482 1678 3575 1734 Sol

2013 1785 2115 1824 non
2169 1767 2374 1823 occidat
2425 1783 2580 1836 super
2624 1769 2954 1825 iracundiam
3001 1780 3222 1826 vestram
3256 1769 3468 1843 (bpltes.
3503 1788 3574 1836 tv,

2009 1858 2121 1928 26).

2079 1987 2220 2055 Quid
2251 2005 2473 2060 agemus
2503 1991 2556 2044 in
2601 1991 2690 2045 die
2731 1991 2944 2058 iudicii,
2978 2007 3141 2060 super
3171 2009 3400 2062 quorum
3440 1993 3570 2046 iram

2011 2095 2115 2134 non
2155 2081 2314 2135 unius
2375 2082 2507 2147 diei,
2539 2082 2632 2136 sed
2673 2091 2947 2136 tantorum
2984 2099 3248 2138 annorum
3281 2085 3357 2138 sol
3415 2086 3571 2139 testis

2009 2171 2263 2225 occubuit
2291 2171 2314 2225 ?
2342 2171 2508 2242 igitur
2547 2173 2800 2228 mitescat
2833 2175 3065 2240 saevitia,
3099 2185 3438 2230 mansuescat
3466 2177 3573 2228 ira-

2010 2264 2230 2325 cundia,
2260 2263 2534 2318 remittant
2569 2264 2670 2319 sibi
2702 2264 2934 2319 invicem
2983 2267 3171 2336 culpas
3200 2283 3346 2330 suas,
3377 2283 3474 2322 nec
3503 2269 3573 2320 sit

2009 2363 2235 2408 exactor
2264 2354 2536 2418 vindictte,
2562 2355 2653 2423 qui
2714 2355 2912 2424 petitor
2956 2366 3041 2411 est
3099 2359 3294 2412 venite.
3343 2358 3575 2412 Grandis

2009 2445 2213 2499 oll‘ensa
2237 2453 2343 2506 est.
2377 2445 2517 2500 nolle
2545 2447 2759 2516 placare
2786 2447 3078 2514 oll'ensum,
3103 2464 3410 2519 quanquam
3441 2449 3575 2502 alie-

2009 2547 2131 2591 ctus
2161 2546 2216 2592 et
2241 2540 2693 2608 perturbationes,
2719 2541 2957 2609 quandiu
3007 2541 3060 2595 in
3096 2542 3442 2596 tabernaculo
3477 2543 3582 2595 hua

2005 2629 2095 2698 jus
2121 2621 2366 2700 corporis
2407 2631 2734 2695 habitamus,
2773 2641 2829 2686 et
2861 2633 3038 2702 fragili
3072 2649 3236 2688 carne
3267 2634 3578 2689 circumda-

2009 2733 2150 2784 mur,
2186 2719 2456 2774 moderari
2489 2729 2543 2774 et
2579 2736 2766 2791 regere
2813 2738 3128 2790 possumus,
3158 2733 3439 2792 amputare
3469 2737 3579 2786 non

2009 2823 2320 2878 possumus.
2373 2810 2497 2864 Ideo
2554 2811 2846 2868 Psalmista
2904 2813 3086 2868 dicit:
3147 2811 3454 2866 Irascimiui
3531 2825 3580 2873 et

2011 2901 2171 2954 nolite
2213 2917 2427 2970 peccare
2475 2902 2649 2970 (Psal.
2705 2918 2778 2969 tv,
2827 2904 2905 2974 5).
2961 2906 3094 2971 Quia
3137 2905 3292 2959 irasci
3344 2905 3588 2960 hominis.

2011 3002 2116 3055 est,
2150 2999 2204 3046 et
2237 2992 2397 3046 ﬁnem
2437 2995 2526 3046 ire
2560 3009 2781 3064 ponere,
2809 2995 3130 3050 Christiani.
3165 2995 3319 3050 Unde
3353 2997 3585 3064 quidam,

351 3063 457 3155 qua
500 3087 678 3155 turpia
705 3095 949 3150 narrant,
980 3088 1120 3138 unde
1151 3083 1263 3155 [ΑΙ.
1306 3082 1388 3154 ut]
1428 3084 1593 3138 risum
1636 3091 1908 3147 moveant,
1938 3063 1980 3118 (ἶ
2015 3083 2290 3153 (Architas
2320 3086 2388 3138 ad
2417 3063 2672 3154 villicum)
2714 3087 2790 3140 ait
2823 3102 2839 3140 :
2873 3086 2992 3142 Jam
3031 3098 3082 3140 te
3107 3063 3425 3142 verberibus
3448 3101 3584 3150 enea

347 3189 404 3233 et
453 3179 702 3232 iatuitatc
732 3167 1006 3242 simulata,
1045 3178 1216 3243 inagis
1269 3175 1501 3229 illudant
1551 3173 1682 3236 illis.
1714 3172 1912 3240 quibus

352 3275 564 3339 placere
609 3270 938 3332 desiderant,
971 3271 1065 3323 sed
1105 3269 1266 3323 etiam
1303 3268 1519 3322 illorum
1551 3265 1642 3333 qui
1679 3267 1914 3333 pruden—

353 3373 432 3414 tes
459 3359 642 3414 saculi
675 3368 954 3429 putantur,
981 3370 1036 3414 et
1068 3361 1134 3414 de
1163 3359 1322 3415 rebus
1354 3358 1596 3429 physicis
1637 3356 1916 3424 disputatio

355 3452 670 3516 tes,diettnt
724 3467 786 3507 se
842 3467 1033 3507 arenas
1089 3450 1352 3517 littorum,
1379 3461 1560 3522 guttas
1613 3446 1917 3513 Oceani,et

349 3542 614 3616 oratorum
650 3551 906 3612 spatium,
941 3554 1206 3614 terraeque
1238 3554 1498 3614 punctum
1529 3541 1734 3612 liquido
1762 3553 1914 3594 com-

353 3634 732 3704 prehendisse.

938 3790 1166 3859 CAPUT
1195 3774 1338 3848 XXI.

351 3927 430 3996 De
470 3927 745 3999 patientia,
787 3929 1220 4053 reconciliagoite
1247 3941 1296 3984 et
1334 3931 1556 3985 mortuis
1596 3947 1698 3985 non
1729 3930 1914 4002 lugen-

1120 4017 1188 4053 ut.

421 4132 574 4189 Nunc
622 4133 736 4204 jam
789 4133 946 4188 nobis
978 4134 1044 4188 de
1078 4132 1338 4202 patientia
1393 4143 1446 4187 et
1494 4134 1612 4204 ejus
1646 4133 1802 4188 bonis
1839 4133 1920 4187 lo-

354 4227 624 4296 quendum
659 4235 763 4280 est.
799 4226 894 4280 Est
921 4226 1084 4295 igitur
1112 4226 1371 4294 patientia
1413 4227 1652 4278 omnium
1691 4226 1928 4294 injuria:

354 4335 470 4374 rum
517 4327 571 4372 et
621 4317 934 4386 passionum
994 4318 1302 4384 tolerantia,
1349 4328 1403 4372 et
1449 4318 1913 4386 exspectationum

2015 3192 2250 3245 cassem,
2278 3179 2381 3233 nisi
2412 3179 2580 3234 iratus
2603 3192 2801 3233 essem.
2827 3177 2954 3233 lude
2980 3180 3124 3231 enim
3145 3178 3275 3247 justi
3305 3178 3578 3244 dicuntur,

2015 3267 2140 3323 dum
2175 3270 2356 3323 omnia
2390 3283 2551 3338 opera
2581 3269 2849 3338 patienter
2873 3279 3192 3338 cperantur.

2086 3383 2252 3437 Multo
2303 3395 2520 3453 quoque
2551 3382 2740 3438 melius
2781 3392 2868 3438 est
2921 3383 3262 3436 Stomachum
3293 3389 3342 3437 te
3371 3381 3574 3443 delere.

2014 3489 2173 3543 quam
2227 3484 2504 3539 mentem;
2539 3489 2724 3542 gressu
2775 3475 3048 3538 vacillare,
3080 3489 3241 3543 quant
3293 3473 3577 3542 pudicitia.

2013 3565 2122 3620 Nec
2145 3566 2324 3620 Slatllll
2361 3567 2519 3620 nobis
2556 3568 2892 3642 poenitentia:
2923 3567 3158 3620 remedia
3191 3567 3535 3620 blandiantur
3559 3582 3587 3640 ς,

2015 3673 2136 3727 qua:
2166 3665 2291 3716 sunt
2331 3659 2628 3712 infelicium
2691 3659 2958 3713 remedia.
2995 3661 3312 3714 Cavendum
3347 3667 3429 3713 est
3465 3659 3580 3712 vul-

2017 3764 2114 3802 nus
2137 3750 2276 3815 quod
2305 3749 2492 3803 dolore
2519 3760 2740 3804 curatur
2765 3769 2778 3814 ;
2811 3766 2910 3804 nec
2934 3751 3072 3804 scire
3094 3766 3380 3818 possumus
3405 3765 3575 3820 aegro-

2016 3840 2233 3894 tationis
2271 3841 2430 3902 mala,
2467 3841 2566 3894 nisi
2595 3857 2716 3894 cum
2756 3840 2920 3894 fuerit
2946 3843 3154 3896 Sanitas
3187 3841 3496 3904 subsecuta,
3524 3849 3581 3894 et

2015 3940 2275 3998 quantum
2310 3931 2432 3984 boni
2497 3931 2670 3986 virtus
2726 3933 2940 3996 haheat,
2975 3933 3098 3986 vitia
3153 3935 3574 3986 demonstrant:

2015 4022 2322 4092 clariusque
2382 4025 2442 4076 iit
2498 4022 2682 4077 lumen
2743 4025 3147 4090 comparatione
3211 4025 3576 4076 tenebrarum.

2018 4113 2123 4166 Sed
2155 4113 2562 4167 consideremus
2588 4114 2717 4182 quid
2746 4114 2960 4167 ethicos
2993 4113 3079 4166 ille
3112 4113 3356 4182 psalmus
3383 4122 3535 4165 sonet

2017 4204 2201 4260 Justus
2225 4221 2299 4271 es,
2327 4203 2569 4269 Domine,
2613 4216 2658 4258 et
2708 4217 2903 4258 rectum
2931 4206 3194 4274 judicium
3233 4215 3381 4258 tuum
3409 4204 3580 4274 (Psal.

2018 4313 2208 4364 cxvnt,
2241 4298 2386 4367 157).
2439 4296 2551 4353 Hoc
2598 4297 2708 4369 [AL
2747 4296 2940 4370 llodie]
2995 4315 3098 4351 non
3149 4309 3322 4365 poteSt
3377 4298 3582 4358 dicere.

355 4411 596 4465 omnium
643 4411 760 4464 sine
808 4410 1234 4480 ρτκείμίιεηίοηε
1275 4409 1586 4464 sumciemia
1621 4427 1634 4476 ;
1677 4423 1836 4479 quam
1869 4409 1913 4464 si
1951 4399 1993 4455 D
2027 4392 2128 4446 nisi
2158 4392 2265 4455 ille,
2293 4393 2381 4460 qui
2424 4393 2488 4444 ad
2545 4393 2793 4446 universa
2846 4406 2966 4461 quae
3019 4393 3242 4458 patitur,
3276 4391 3599 4466 magnillcat

355 4505 475 4574 quis
501 4503 824 4557 intellexerit
868 4514 922 4556 et
969 4503 1240 4568 habuerit,
1269 4505 1541 4558 contraria
1580 4504 1701 4557 \itae
1731 4502 1914 4573 gravia

356 4595 580 4661 baiulat,
606 4595 742 4648 bona
774 4595 954 4648 omnia
978 4596 1240 4649 continet.
1271 4595 1522 4650 Sororem
1549 4596 1712 4650 habet
1743 4610 1915 4665 spem,

358 4693 410 4739 et
437 4683 626 4739 aﬂines
657 4683 774 4752 ejus
820 4693 946 4742 sunt
984 4698 1072 4739 res
1112 4683 1265 4739 bona:
1301 4700 1510 4749 omnes,
1542 4685 1741 4754 patitur
1771 4686 1915 4740 enim

357 4777 606 4841 libenter,
637 4777 760 4845 quia
795 4785 998 4845 sperat,
1038 4777 1302 4844 sperando
1335 4777 1545 4832 tolerat.
1572 4777 1920 4847 impatienter

358 4867 499 4920 enim
540 4865 713 4921 fertur
746 4868 887 4938 quod
941 4883 1047 4922 non
1102 4881 1372 4936 speratur.
1403 4869 1561 4926 Omni
1599 4878 1778 4925 autem
1809 4870 1920 4925 vir-

360 4969 472 5014 tute
506 4959 766 5035 patientia
800 4961 1028 5028 perfert,
1052 4961 1192 5031 quod
1225 4976 1321 5032 spe
1355 4973 1628 5031 praeeunte
1649 4961 1921 5032 dignosci-

361 5061 467 5114 tur,
498 5060 592 5102 aut
621 5051 666 5106 si
696 5065 820 5118 spes
853 5051 1064 5107 fructus
1096 5053 1370 5122 patientiae
1403 5054 1772 5120 subsequitur.
1801 5051 1922 5108 Haec

361 5151 532 5216 matre
575 5141 775 5212 gaudet
821 5140 947 5207 lide,
975 5151 1028 5196 et
1077 5145 1496 5211 gubernaculum
1535 5144 1696 5198 habet
1726 5143 1918 5208 Deum,

358 5233 766 5293 conscientiam,
787 5247 976 5302 genus,
992 5242 1048 5288 et
1065 5234 1682 5304 propinquitatemdndc
1703 5235 1922 5304 gloriosi

364 5331 530 5378 testes
559 5321 884 5390 ell'iciuntur,
909 5325 1032 5378 dum
1066 5327 1167 5379 lide
1221 5327 1386 5393 pleni,
1419 5327 1544 5380 dum
1585 5327 1676 5381 Dei
1728 5327 1924 5382 timore

362 5415 599 5481 solliciti,
633 5414 758 5469 dum
790 5417 1142 5472 continentia:
1191 5417 1460 5487 discipuli,
1496 5421 1619 5472 dum
1654 5419 1748 5472 ﬁlii
1785 5421 1922 5488 spei,

363 5506 497 5561 duce
570 5506 853 5577 patientia,
912 5509 1275 5577 reperiuntur.
1342 5511 1544 5564 Deinde
1613 5511 1924 5565 cohmredes

363 5597 587 5685 Christi,
613 5599 738 5653 dum
765 5599 918 5654 illum
950 5615 1116 5671 usque
1143 5603 1208 5658 ad
1245 5611 1474 5659 mortem
1507 5603 1782 5674 patientiae
1813 5604 1924 5658 vir-

369 5691 571 5756 tutibus
601 5689 892 5746 imitantur.

2022 4481 2330 4544 Dominum,
2361 4490 2413 4533 et
2443 4495 2543 4533 suo
2589 4481 2781 4534 merito
2830 4481 3121 4549 imputans,
3148 4482 3200 4532 in
3235 4480 3480 4533 adversis
3519 4481 3584 4530 de

2023 4571 2142 4642 ejus
2169 4572 2452 4627 clementia
2486 4571 2766 4641 gloriatur.
2819 4571 3048 4626 Necesse
3092 4583 3174 4626 est
3217 4573 3382 4634 enim,
3407 4582 3461 4622 ut
3493 4571 3582 4637 qui

2023 4678 2082 4720 se
2121 4665 2345 4720 credere
2375 4665 2507 4718 dicit
2547 4664 2600 4716 in
2637 4663 2878 4727 Christo,
2905 4665 2956 4715 in
2986 4664 3238 4716 omnibus
3269 4663 3469 4716 Christi
3493 4662 3582 4729 ju-

2024 4755 2181 4808 dic’iis
2224 4749 2484 4822 'gaudeat,
2537 4752 2969 4818 dicensz‘Sanus
2997 4769 3136 4816 sum,
3180 4755 3378 4820 gratias
3407 4752 3601 4814 reicio

2024 4844 2292 4901 Creatori.
2328 4844 2607 4914 Langueo,
2637 4857 2691 4896 et
2724 4845 2776 4897 in
2820 4845 2924 4898 hoc
2957 4845 3114 4900 laudo
3157 4844 3363 4897 Domini
3399 4845 3586 4896 volun-

2028 4947 2212 4992 tatem.
2242 4935 2464 5001 Quando
2491 4938 2625 4990 enim
2661 4936 2922 5005 inﬁrmor,
2957 4946 3082 4990 tunc
3132 4937 3322 5004 fortior
3357 4951 3471 4988 sum
3500 4934 3582 5003 (II

2027 5029 2151 5082 Coc.
2177 5043 2276 5094 xli,
2309 5028 2398 5098 12)
2426 5044 2442 5094 ;
2474 5037 2529 5081 et
2561 5030 2732 5081 virtus
2782 5031 3006 5098 spiritus
3038 5029 3086 5104 in
3136 5030 3315 5082 carnis
3354 5027 3586 5080 inﬁrmi-

2031 5132 2138 5175 tate
2171 5122 2475 5191 perlicitur.
2494 5119 2628 5175 Nam
2660 5119 2917 5188 fortitudo
2949 5124 3212 5189 COI'pOtis,
3243 5121 3588 5174 imbecillitas

2027 5217 2220 5273 anima:
2259 5225 2358 5270 est.
2386 5214 2598 5270 Patitur
2639 5224 2696 5269 et
2744 5216 3031 5284 Apostolus
3059 5213 3261 5281 aliquid
3299 5215 3440 5280 quod
3477 5229 3584 5266 non

2030 5308 2163 5367 vult,
2189 5321 2284 5375 pro
2318 5321 2424 5373 quo
2455 5318 2538 5359 ter
2571 5305 2855 5357 Dominum
2884 5281 3225 5372 deprécatur,
3253 5306 3345 5356 sed
3387 5302 3586 5356 dicitur

2030 5402 2076 5454 ei
2107 5415 2122 5455 :
2147 5399 2342 5469 Sufﬁcit
2370 5399 2463 5452 tibi
2491 5398 2663 5468 gratia
2693 5414 2842 5452 mea:
2866 5415 2984 5451 nam
3021 5399 3178 5450 virtus
3207 5400 3256 5449 in
3281 5397 3604 5466 inﬁrmitate.

2031 5493 2300 5561 perﬁcitur
2341 5489 2502 5560 (Ibid.
2537 5490 2615 5559 9).
2649 5491 2758 5544 Cur
2790 5492 2956 5559 igitur
2987 5492 3180 5542 durum
3212 5492 3280 5543 sit
3327 5491 3466 5558 quod
3497 5471 3606 5558 alio;

2031 5589 2246 5654 quando
2275 5583 2581 5651 patiendum
2623 5582 2749 5637 est?

2109 5695 2357 5774 Dolemus
2412 5707 2589 5776 autem
2640 5711 2964 5770 quem-tuan
3014 5707 3285 5779 mortuum
3313 5699 3334 5754 2
3363 5701 3457 5778 Alt
3495 5702 3610 5784 huc
