3956 6196
370 335 482 398 383

1308 336 1367 393 S.
1413 332 1854 395 IllERONYMl
1907 334 2226 397 OPERUM
2269 337 2668 400 MANTISSA.

3497 321 3611 394 38i.

368 448 516 502 enim
553 445 663 499 nati
701 460 804 498 non
837 459 1024 500 sumus
1061 446 1099 510 ί,
1137 452 1197 498 ut
1229 461 1548 500 maneamus
1595 451 1805 504 aeterni.
1836 449 1944 503 Lu-
1972 453 2021 510 Α
2049 451 2230 505 audiat
2261 467 2288 504 a
2321 451 2540 506 Christo
2573 469 2587 510 :
2626 451 2730 516 Qui
2769 465 2848 504 me
2901 449 3167 520 confessus
3222 449 3376 520 fuerit
3409 458 3455 500 et
3500 464 3612 500 mea

375 552 568 602 ccatur
603 547 874 599 mortuus,
914 539 1006 590 sed
1059 537 1146 590 ille
1201 552 1358 604 quem
1404 549 1642 592 tartarus
1693 539 1937 600 devorat,

376 630 430 680 in
462 630 617 697 cujus
672 643 826 696 paena
871 639 1103 682 aeternus
1139 629 1280 698 ignis
1314 639 1577 684 extestnat
1602 647 1617 697 ;
1645 648 1766 685 nam
1799 646 1944 686 mors

379 730 564 773 IlOsll'a
597 729 872 788 peccatum
914 729 1014 773 est.
1061 717 1170 774 Nos
1203 735 1330 774 vero
1363 736 1590 789 quorum
1624 724 1825 776 exitum
1853 739 1947 776 an-

377 812 621 878 gelorunt
661 811 812 862 turba
843 812 1157 875 comitatur,
1195 813 1393 879 quibus
1425 811 1675 866 Christus
1705 817 1948 868 occurrit

379 905 620 962 obviam,
653 918 939 970 graventur
966 904 1133 972 magis
1151 904 1194 955 si
1221 906 1269 956 in
1297 905 1647 959 tabernaculo
1679 906 1782 958 isto
1811 921 1949 960 mor-

379 1007 450 1049 tis
482 999 804 1048 habitemns.
832 995 1098 1047 Caeterum
1137 1009 1320 1048 nonne
1349 997 1574 1060 vereris,
1604 1010 1670 1050 ne
1699 996 1793 1049 tibi
1831 997 1951 1050 Sal-

390 1101 538 1137 vatttt‘
571 1089 714 1139 du-at
749 1105 762 1139 :
793 1086 1050 1138 irasceris
1100 1085 1224 1150 quia
1283 1087 1450 1139 frater
1497 1096 1639 1148 tuus,
1685 1103 1837 1140 meus
1869 1086 1951 1139 fa-

383 1191 507 1232 rtus
534 1188 618 1230 est
651 1179 791 1230 lilius
821 1176 844 1228 ‘l
873 1176 1176 1242 Indignaris
1203 1178 1266 1228 de
1287 1176 1490 1243 judicio
1530 1189 1671 1239 meo,
1697 1185 1750 1228 et
1783 1175 1954 1229 rebel-

389 1273 527 1320 illius
582 1271 860 1336 lat-rymis,
896 1266 1030 1318 facis
1081 1265 1333 1330 injuriam
1389 1263 1950 1332 possidentHCibntn

393 1361 484 1413 lini
519 1375 699 1426 nugas,
730 1373 830 1408 non
859 1355 1185 1425 jejuniorum
1218 1355 1418 1418 studio,
1453 1355 1546 1408 sed
1583 1353 1805 1407 doloris.
1837 1351 1954 1407 Non

387 1470 514 1504 amo
574 1451 937 1514 frugalitatem
999 1449 1182 1502 istam.
1231 1446 1445 1514 Jejunia
1505 1447 1606 1499 ista
1665 1446 1956 1498 adversarii

389 1543 496 1594 mei
524 1550 667 1591 sunt.
695 1537 909 1591 Nullam
934 1539 1168 1590 animam
1193 1538 1420 1604 recipio,
1446 1551 1586 1604 quae,
1615 1550 1698 1588 me
1724 1536 1958 1596 nolente,

387 1643 679 1696 separatur
702 1650 726 1682 υ
757 1645 1005 1696 corpore.
1034 1628 1192 1682 Tales
1215 1628 1376 1681 stulta
1403 1627 1737 1696 philosophia
1764 1627 1961 1679 habeat

391 1733 687 1792 martyres,
730 1722 930 1774 habeat
985 1720 1284 1781 Zenonem,
1315 1719 1741 1780 Cleombrotum,
1773 1728 1827 1770 et
1859 1718 1964 1771 Ca-

391 1825 603 1868 tonem.
652 1813 706 1867 Si
758 1813 1026 1866 viventem
1079 1811 1330 1864 crederes
1383 1809 1631 1873 fratrem,
1685 1824 1962 1878 nunquam

393 1908 685 1972 plangeres
725 1905 789 1958 ad
845 1904 1064 1957 meliora
1118 1904 1402 1969 migrasse.
1437 1899 1570 1954 Nam
1602 1902 1742 1954 sicut
1772 1909 1967 1970 pratter

395 1999 546 2052 llatae
573 1999 761 2059 vitam.
793 2004 877 2051 est
910 1996 1014 2048 vita
1044 1994 1148 2048 alia
1181 1994 1488 2057 beatorum,
1512 1994 1582 2047 ita
1612 2003 1806 2062 praeter
1832 1994 1970 2048 hanc

408 2095 657 2149 mortem,
683 2094 768 2138 est.
798 2099 945 2139 mors
972 2084 1076 2136 alia
1107 2083 1417 2150 impiorum.

477 2178 776 2229 Adversum
808 2175 999 2229 mortis
1027 2191 1153 2240 ergo
1177 2173 1432 2227 duritiam
1456 2184 1512 2228 et
1541 2174 1968 2229 crudelissimam

407 2265 808 2328 necessitatem,
836 2263 940 2317 hoc
988 2263 1183 2317 solatio
1235 2262 1516 2332 erigimur.
1541 2266 1683 2332 quod
1733 2265 1784 2317 in
1821 2265 1970 2318 brevi

405 2357 579 2408 visuri
633 2371 822 2408 sumus
872 2370 966 2408 eos
1000 2369 1140 2423 quos
1173 2354 1413 2408 dolemus
1465 2355 1718 2409 absentes
1751 2372 1768 2412 :
1799 2371 1976 2422 neque

411 2447 556 2499 enim
595 2459 757 2510 mors,
797 2444 889 2498 sed
913 2445 1168 2498 dormitio
1191 2453 1244 2497 et
1265 2459 1496 2500 somnus
1525 2446 1846 2513 appellatur.
1863 2445 1976 2501 Nos

416 2537 632 2589 dolendi
692 2538 882 2606 magis,
913 2539 1002 2605 qui
1052 2535 1295 2604 quotidie
1345 2545 1552 2590 stamus
1583 2539 1634 2590 in
1684 2536 1887 2605 praelio,
1923 2547 1977 2590 et

418 2638 762 2691 peccatorum
787 2628 929 2680 vitiis
949 2629 1314 2691 sordidamur,
1339 2635 1394 2680 et
1415 2629 1712 2696 accipimus
1734 2627 1976 2682 vulnera.

417 2721 575 2774 Absit
627 2731 803 2774 tamen
833 2736 862 2772 a
899 2722 1001 2774 fide
1029 2731 1215 2776 nostra
1264 2730 1320 2774 ut
1353 2722 1586 2788 aliquam
1635 2721 1842 2790 plagam
1901 2717 1981 2772 di-

417 2829 538 2865 cam
592 2827 732 2878 esse,
783 2825 903 2880 qua:
965 2828 1072 2866 non
1133 2812 1329 2874 habeat
1376 2811 1822 2876 consolationem,
1860 2825 1978 2864 cum

417 2908 676 2972 propheta
727 2905 1062 2972 proclamet:
1103 2901 1361 2972 Nunquid
1415 2902 1643 2956 medicus
1685 2919 1786 2956 non
1816 2914 1892 2955 est
1927 2903 1983 2954 in

418 2997 626 3050 Calaad
677 2996 895 3064 (Jerent.
944 3011 1052 3054 vin.
1088 2995 1224 3064 22)?
1258 2995 1397 3050 Dens
1446 2996 1586 3049 enim
1648 2995 1889 3062 permisit
1931 3003 1984 3049 te

2043 541 2195 594 verba
2226 541 2279 591 in
2309 541 2642 608 generatione
2695 538 2792 590 hac
2839 539 3080 591 adultera
3113 548 3160 592 et
3200 537 3487 600 prccatrice
3518 551 3538 589 :
3564 544 3612 588 et

2045 631 2187 698 [ilius
2235 632 2462 684 hominis
2508 629 2839 698 conﬁtebitur
2876 627 2986 700 [AL
3043 625 3363 698 confundet]
3411 641 3526 679 eum
3562 626 3616 676 in

2047 721 2221 792 gloria
2250 719 2430 774 Patris
2452 721 2556 786 sui,
2581 737 2698 773 cum
2729 719 2929 789 angelis
2964 720 3161 772 sanctis
3187 717 3397 782 (Matth.
3424 732 3476 778 κ,
3496 716 3614 782 ⁸52).

2049 812 2231 880 Turpe
2259 821 2342 866 est
2383 813 2524 864 inter
2552 821 2804 878 parentes
2835 821 3111 865 senatores
3136 825 3232 878 pro
3263 808 3484 863 Christo
3521 823 3618 859 vo-

2050 903 2282 958 luntaria
2317 903 2618 957 humilitate
2644 918 2764 958 esse
2785 905 3074 969 dejectnm.
3118 901 3372 968 Displicet
3401 899 3615 961 amicis.

2052 997 2096 1050 si
2128 1005 2243 1063 post
2297 995 2568 1048 ambitiosi
2603 995 2820 1049 habittts
2853 994 3086 1051 cultum.
3129 994 3337 1063 plebeia
3368 1002 3420 1044 et
3462 992 3616 1060 igno-

2055 1086 2179 1140 bilia
2216 1086 2538 1140 vestimenta
2599 1094 2892 1140 mutentur.
2925 1085 3030 1140 Sed
3073 1086 3118 1136 si
3167 1084 3461 1136 hominibus
3506 1081 3622 1144 pla-

2055 1194 2246 1236 cerem.
2273 1175 2471 1230 Christi
2494 1194 2670 1231 servus
2703 1193 2803 1229 non
2827 1192 2984 1228 essem
3017 1173 3219 1243 (Galat.
3245 1189 3286 1236 ι,
3313 1172 3421 1237 10³,
3450 1173 3623 1240 inquit

2057 1270 2384 1338 Apostolus:
2418 1280 2473 1322 et
2511 1268 2774 1337 Propheta
2808 1268 2860 1322 itt
2895 1269 3143 1335 psalmo:
3189 1266 3452 1330 Quoniam
3490 1263 3625 1315 Deus

2058 1359 2278 1426 dissipat
2313 1373 2431 1410 ossa
2483 1358 2794 1424 eorum,qui
2848 1355 3145 1408 hominibus
3197 1356 3450 1424 placent:
3498 1369 3625 1406 con-

2061 1453 2166 1522 fusi
2200 1461 2342 1515 sunt,
2376 1452 2624 1521 quoniam
2683 1450 2820 1503 Deus
2850 1449 3044 1517 spreuit
3097 1465 3185 1502 eos
3221 1447 3392 1519 (Psal.
3417 1463 3511 1511 ιιι,
3547 1446 3625 1517 ϐ).

2063 1545 2336 1609 Quantum
2373 1544 2510 1596 bona
2545 1551 2652 1600 est.
2683 1541 2792 1614 [ΑΙ.
2843 1543 2921 1612 ει]
2976 1543 3209 1595 humana
3257 1539 3502 1603 oli'ensio,
3533 1552 3630 1606 per

2063 1652 2223 1704 quam
2252 1635 2528 1689 invenitur
2558 1635 2791 1688 servitus
2812 1633 3036 1694 Christi.
3097 1643 3304 1686 tantum
3331 1631 3630 1700 perniciosa

2066 1735 2151 1781 est
2177 1726 2442 1785 amicitia,
2466 1739 2586 1794 quae
2617 1725 2708 1776 Dei
2751 1733 2967 1793 prarstat
3000 1722 3257 1776 offensam
3285 1736 3302 1790 ;
3330 1721 3469 1775 sicut
3493 1722 3633 1774 scri-

2072 1827 2220 1886 ptum
2249 1825 2330 1871 est
2356 1832 2371 1870 :
2397 1816 2500 1880 Qui
2556 1816 2774 1870 uoluerit
2812 1817 3013 1868 amicus
3069 1815 3186 1882 ﬁeri
3233 1815 3391 1881 hujus
3424 1813 3632 1876 mundi,

2070 1908 2317 1962 inimicus
2348 1905 2440 1959 Dei
2475 1907 2828 1960 constituetur
2858 1904 3001 1971 (lae.
3033 1921 3108 1968 tv,
3131 1905 3210 1972 ι).

2143 1997 2296 2051 Dicat
2349 1995 2727 2066 unusquisque
2760 1997 2901 2064 quod
2951 1994 3131 2061 velit;
3166 2007 3264 2062 ego
3313 1991 3526 2046 interim
3569 1993 3636 2046 de

2073 2103 2159 2142 me
2189 2103 2286 2156 pro
2320 2102 2514 2142 sensus
2546 2088 2650 2140 mei
2687 2086 2954 2154 parvitate
2984 2084 3249 2150 judicavi,
3295 2083 3491 2137 melius
3516 2097 3638 2138 esse

2071 2178 2333 2234 confundi
2387 2192 2569 2230 coram
2619 2177 2997 2244 peccatoribus
3033 2188 3194 2242 super
3225 2185 3448 2236 terram,
3473 2187 3636 2241 quam

2076 2281 2262 2320 coram
2294 2267 2501 2333 angelis
2545 2267 2754 2320 sanctis
2784 2267 2837 2319 in
2873 2265 3031 2329 coalo,
3076 2265 3160 2318 vel
3198 2264 3505 2332 ubicunque
3552 2262 3644 2331 ju-

2075 2358 2274 2413 dicium
2323 2373 2477 2411 suum
2511 2359 2738 2411 voluerit
2793 2359 3188 2410 demonstrare.
3248 2354 3403 2410 Unde
3439 2354 3632 2419 Isaias,

2081 2449 2164 2502 vir
2191 2464 2288 2502 sua
2321 2459 2480 2518 gente
2505 2449 2901 2511 nobilissimus,
2922 2447 3013 2517 qui
3041 2461 3197 2501 socer
3227 2447 3372 2512 regis
3397 2445 3645 2499 Ezechias

2079 2538 2250 2593 fuisse
2306 2539 2560 2603 refertur,
2594 2540 2745 2606 jussu
2802 2536 2920 2603 Dei,
2951 2537 3198 2606 deposito
3227 2538 3429 2600 cilicio,
3464 2537 3641 2591 nudus

2082 2629 2285 2684 incedit
2317 2645 2334 2696 ;
2360 2645 2460 2683 nec
2491 2640 2600 2683 tam
2634 2631 2786 2683 ardui
2836 2629 3325 2697 prascepti-pudore
3352 2628 3647 2684 deterritus

2081 2730 2185 2782 est,
2247 2724 2537 2787 quominus
2589 2719 2683 2774 Dei
2739 2721 3024 2788 imperium
3089 2732 3457 2788 sequeretur;
3518 2719 3646 2788 quia

2085 2812 2216 2865 nihil
2271 2813 2548 2865 honestius
2603 2825 2725 2864 esse
2783 2810 3008 2874 homini,
3037 2825 3201 2879 quam
3258 2824 3359 2864 suo
3412 2809 3646 2864 creatori

2085 2919 2274 2972 parere
2316 2904 2610 2972 judicabat.
2637 2901 2872 2956 Joannes
2914 2916 3128 2972 quoque
3181 2901 3416 2969 Baptista
3450 2900 3646 2956 nobilis

2085 3008 2139 3052 et
2165 2997 2218 3050 in
2245 3011 2411 3050 carne
2436 3005 2490 3049 et
2523 2996 2574 3046 in
2629 2995 2822 3064 spiritu
2877 3003 3056 3058 natus,
3080 2993 3321 3048 cilicium
3355 3007 3384 3045 a
3420 2993 3649 3062 pueritia

420 3089 584 3144 istius
619 3090 798 3143 steculi
829 3089 1080 3142 fluctibus
1107 3089 1384 3155 ventisque
1405 3089 1622 3156 jactari,
1649 3097 1703 3141 ut
1734 3097 1985 3156 expertus
2013 3095 2061 3157 ο
2093 3089 2145 3144 in
2204 3089 2440 3144 habitum
2491 3087 2674 3157 elegit,
2703 3099 2755 3142 et
2787 3088 3028 3142 locustas
3071 3087 3122 3140 in
3171 3087 3348 3142 cibum
3377 3102 3395 3144 :
3423 3087 3512 3154 qui
3551 3098 3653 3142 nec

421 3181 786 3260 naufragium,
819 3181 882 3234 de
915 3188 1109 3234 ca’lcro
1143 3177 1252 3249 (Al.
1293 3177 1520 3249 aeterno]
1558 3177 1812 3231 similiter
1844 3179 1985 3246 peri-

420 3272 596 3342 clitari
631 3285 846 3339 caveas.
873 3270 949 3322 lta
986 3281 1178 3322 cuncta
1209 3282 1328 3337 qua:
1373 3283 1566 3336 passus
1602 3283 1683 3330 es,
1717 3268 1859 3320 sicut
1903 3267 1984 3320 in-

424 3363 625 3435 telligis
679 3364 897 3424 vulnera
951 3359 1199 3427 corporis
1228 3360 1303 3412 ttti
1337 3377 1349 3410 :
1381 3361 1482 3411 .sic
1519 3359 1711 3410 animm
1748 3358 1987 3410 remedia

424 3468 573 3530 sunt.
607 3453 790 3508 Brevis
843 3456 988 3507 enim
1039 3455 1162 3505 vita:
1202 3452 1438 3519 spatium
1495 3461 1696 3504 acterna
1728 3447 1988 3503 memoria

424 3556 762 3622 petitpensal.

997 3633 1222 3690 CAPUT
1257 3632 1426 3689 XXll.

572 3728 645 3782 De
674 3728 1101 3783 tribulationibus
1131 3737 1175 3779 et
1199 3725 1487 3793 opprobriis
1508 3722 1849 3794 perferendis.

503 3823 729 3890 Oportet
764 3838 860 3875 nos
907 3837 1000 3889 per
1035 3821 1236 3873 multas
1273 3818 1648 3872 tribulationes
1681 3819 1905 3870 introire
1943 3817 1994 3868 in

426 3934 652 3992 regnum
681 3915 962 3969 catiorutu.
995 3912 1147 3967 Beati
1193 3913 1318 3965 estis
1360 3927 1475 3962 cum
1512 3926 1600 3964 uos
1633 3909 1997 3963 maledixerint

429 4016 682 4082 homines,
707 4019 752 4060 et
785 4007 1041 4076 persecuti
1066 4005 1284 4073 fuerint,
1309 4015 1354 4054 et
1385 4003 1614 4054 dixerint
1639 4017 1785 4053 omne
1801 4001 1999 4053 malum

431 4099 706 4164 adversum
729 4113 811 4149 uos
842 4113 860 4148 :
881 4097 1101 4165 gaudete
1131 4110 1252 4162 ergo
1282 4103 1328 4146 et
1358 4094 1640 4158 exsultate,
1662 4095 1784 4163 quia
1808 4109 1999 4145 merces

433 4200 606 4264 uestra
653 4189 860 4255 copiosa
914 4195 988 4238 est
1041 4187 1093 4237 in
1128 4185 1268 4238 caelis
1304 4183 1516 4254 (illatua.
1554 4201 1605 4246 ν,
1647 4186 1749 4249 ll).
1787 4184 2003 4236 Futura:
2030 4237 2052 4258 ’

437 4282 554 4332 vitm
584 4282 753 4348 gloria
783 4279 1062 4346 praeacutis
1094 4279 1216 4329 vitae
1251 4278 1608 4329 incommodis
1635 4287 2000 4344 comparatur.

439 4371 711 4438 l‘ra-cipne
741 4374 866 4438 quia
898 4387 1004 4422 non
1054 4371 1142 4437 qui
1187 4371 1407 4438 patitur,
1439 4371 1532 4422 sed
1565 4371 1654 4436 qui
1697 4367 1825 4421 facit
1866 4370 2004 4432 inju-

2090 3185 2293 3252 pccrati
2336 3183 2690 3247 conscientia,
2715 3196 2814 3236 nec
2866 3174 3198 3252 paupertatis
3224 3181 3428 3250 inopia,
3453 3180 3519 3234 ad
3555 3181 3654 3234 hu~

2083 3276 2171 3342 jus
2201 3275 2427 3344 gloriam
2459 3275 2665 3337 oneris,
2694 3273 2786 3328 sed
2821 3272 2932 3326 sola
2995 3270 3162 3325 futuri
3204 3269 3383 3324 saeculi
3417 3269 3658 3325 beatitu-

2093 3367 2220 3422 dine
2260 3367 2599 3420 trahebatur.
2630 3363 2786 3420 Unde
2809 3372 2862 3417 et
2894 3361 3124 3430 aposwli
3155 3359 3328 3425 stulti,
3353 3369 3412 3415 et
3434 3359 3657 3416 inutiles

2095 3469 2152 3513 et
2191 3458 2368 3512 tenuis
2408 3458 2528 3510 fidei
2570 3464 2893 3526 arguuntur.

2164 3547 2293 3602 lude
2324 3546 2544 3600 Paulum
2581 3546 2884 3614 apostolum
2915 3541 3208 3612 proferam,
3242 3555 3404 3610 quem
3438 3539 3654 3606 quoties

2096 3637 2237 3706 h-go,
2267 3637 2454 3689 videor
2502 3635 2634 3687 mihi
2683 3649 2789 3686 non
2839 3635 3000 3686 verba
3038 3631 3246 3696 audire,
3279 3630 3373 3686 sed
3403 3637 3661 3688 tonitrua.

2097 3728 2198 3794 Qui
2223 3727 2382 3782 oculo
2405 3728 2600 3780 mentis
2624 3724 2803 3777 futura
2833 3723 3229 3792 contemplans,
3248 3722 3496 3775 dicebat:
3527 3719 3664 3786 Quis

2099 3835 2195 3872 nos
2239 3818 2501 3884 separabit
2551 3833 2582 3867 a
2651 3816 2907 3867 charitate
2959 3813 3210 3866 Christi?
3265 3811 3552 3876 tribulatio,
3595 3827 3669 3864 an

2100 3912 2372 3981 angustia,
2423 3926 2493 3962 an
2546 3910 2858 3977 persecutio,
2885 3924 2952 3960 an
2988 3907 3177 3976 fames,
3221 3922 3290 3960 an
3333 3906 3565 3970 auditas,
3597 3919 3668 3958 an

2100 4002 2413 4071 periculum,
2442 4018 2509 4054 an
2560 4000 2777 4069 gladius
2809 3999 2986 4069 (Rom.
3029 4012 3150 4063 vttt,
3184 3997 3272 4066 55)
3304 3997 3326 4049 ?
3364 3997 3485 4050 Illos
3527 3996 3672 4063 peri-

2105 4096 2223 4148 t-ula
2264 4110 2366 4147 non
2399 4102 2666 4161 separant,
2694 4107 2795 4145 nos
2826 4105 2952 4146 vero
2984 4089 3307 4156 voluptates.
3336 4085 3413 4140 Illi
3445 4096 3672 4141 catenas

2106 4187 2339 4255 baiulant
2373 4185 2688 4238 innocentes
2718 4201 2732 4248 ;
2764 4198 2860 4236 nos
2895 4198 3084 4235 aurum
3110 4179 3544 4234 circnmferimus
3566 4179 3674 4232 cri-

2109 4277 2324 4328 minosi.
2371 4276 2444 4327 Illi
2485 4275 2537 4326 in
2591 4274 2908 4326 carceribus
2957 4271 3147 4335 vincti,
3180 4286 3274 4324 nos
3317 4271 3366 4322 in
3420 4269 3672 4322 tricliniis

2111 4370 2349 4421 d.-licati.
2388 4366 2464 4419 llli
2515 4366 2564 4419 in
2614 4380 2777 4417 nervo
2811 4363 2991 4431 positi,
3027 4361 3188 4415 Deum
3244 4375 3380 4428 puro
3411 4362 3571 4413 corde
3618 4369 3675 4412 et

439 4465 596 4532 riam,
627 4465 791 4514 miser
821 4474 920 4514 est.
957 4459 1110 4514 Unde
1140 4472 1194 4514 et
1227 4461 1549 4514 Christianis
1594 4459 1782 4512 vexilla
1829 4475 2006 4512 crucrs
2040 4441 2080 4494 Ῐ)
2111 4462 2320 4512 sincera
2371 4458 2701 4527 cogitatione
2757 4456 3037 4509 laudantes
3069 4469 3084 4519 ;
3117 4468 3214 4508 nos
3264 4453 3403 4507 forte
3451 4453 3504 4503 in
3561 4451 3673 4520 ipsa

439 4563 566 4628 sunt
592 4556 794 4607 delicia:
825 4572 836 4606 :
873 4563 1069 4620 tr0p:ea
1105 4564 1300 4607 nostrae
1345 4564 1461 4605 Vtta’:
1500 4571 1600 4604 non
1647 4555 1877 4621 potnpis,
1911 4553 2002 4606 sed

443 4647 682 4716 nziseriis
725 4654 1090 4714 reportantnr.
1125 4644 1181 4697 ln
1231 4655 1412 4697 no~tra
1445 4646 1620 4697 class:
1683 4645 1780 4697 viri
1843 4645 2004 4697 fortes

441 4737 730 4806 ppprohria
772 4736 952 4790 sciunt
983 4748 1218 4803 portare,
1241 4752 1346 4788 non
1383 4750 1628 4788 munera.
1668 4733 1800 4788 Nam
1852 4736 2007 4788 Chri-

442 4829 509 4900 sti
545 4829 754 4880 vincula
790 4829 1096 4881 voluntaria
1139 4836 1286 4891 sunt,
1315 4837 1364 4881 et
1412 4838 1693 4880 vertuntur
1722 4830 1773 4882 in
1803 4830 2004 4899 amplc-

441 4935 563 4994 ξιιε.

513 5014 567 5064 Si
604 5011 723 5080 quis
754 5022 936 5066 autem
973 5027 1198 5080 corpore
1231 5011 1516 5066 imbecillis
1550 5015 1705 5079 est,si
1739 5014 1879 5067 ah~it
1922 5031 2008 5068 sa-

445 5105 667 5188 pientiu,
701 5119 804 5157 non
855 5103 1152 5158 adversarii
1205 5106 1499 5158 certamina
1555 5106 1743 5170 vincit,
1776 5110 2009 5160 inanitne

444 5201 696 5266 quoniam
740 5197 894 5250 liheri
937 5197 1145 5250 arbitrii
1206 5211 1414 5260 sumus,
1449 5197 1540 5250 scd
1576 5197 1752 5265 ipsnnt
1789 5196 1879 5249 Dei
1913 5216 2008 5250 nn-

447 5288 608 5340 tritur
639 5289 860 5344 auxilio.
893 5286 1220 5356 Paupertati,
1255 5303 1359 5340 non
1401 5288 1666 5340 nobilitati
1702 5288 2004 5344 futurorum

447 5379 724 5454 beatitudo
765 5380 1119 5448 promittitur.
1149 5378 1397 5433 Retrahit
1431 5378 1646 5446 qttidetn
1682 5384 2008 5434 verecundia

448 5480 778 5542 senatorem,
821 5488 886 5524 ne
937 5481 1197 5539 sequatur
1246 5485 1537 5540 pauperem
1572 5468 1883 5537 Christum;
1919 5475 2011 5524 sed

2110 4553 2346 4606 Es-clesia
2408 4553 2473 4604 de
2536 4549 2845 4604 forensibus
2892 4545 3176 4600 calumniis
3224 4544 3547 4613 cogitamus.
3609 4543 3678 4596 Et

2109 4660 2231 4698 cum
2273 4645 2522 4695 OlltlliltIIS
2558 4641 2836 4709 mqualiter
2890 4638 3023 4705 legis
3080 4638 3203 4688 data
3257 4636 3327 4687 sit
3363 4635 3556 4702 gratia,
3587 4649 3680 4701 ge-

2109 4739 2306 4798 ltenua,
2334 4751 2424 4786 seu
2478 4749 2638 4801 regna
2687 4731 2948 4797 promissa
2991 4729 3103 4783 sint
3130 4731 3174 4790 ⁸,
3221 4726 3311 4780 alii
3347 4728 3413 4778 de
3447 4726 3676 4787 divitiis,

2109 4829 2197 4881 alii
2227 4827 2292 4878 de
2319 4824 2607 4878 virtutibus
2630 4821 2978 4875 meditantur.
3002 4809 3243 4886 Cumque
3261 4817 3462 4870 dictum
3493 4817 3562 4869 sit
3589 4830 3682 4884 ge-

2107 4918 2368 4972 neraliter
2399 4917 2653 4969 omnihns
2685 4913 3018 4978 :,Dominunt
3047 4911 3212 4966 Deum
3233 4919 3379 4961 tuum
3407 4906 3710 4968 adorabis,’

2109 5024 2155 5066 et
2180 5011 2262 5062 illi
2289 5009 2389 5062 soli
2437 5003 2622 5060 servies
2661 5005 2841 5076 (Deut.
2888 5021 2962 5064 vr.
2999 5005 3127 5072 l5);
3161 5002 3286 5055 aliis
3341 5001 3682 5062 innocentia,

2115 5103 2506 5161 anser-irortlia,
2537 5103 2808 5154 eas-litate.
2839 5098 3058 5167 ieiuniis
3081 5097 3188 5149 Deo
3211 5093 3441 5148 ﬁdeliter
3475 5102 3532 5146 et
3561 5091 3683 5144 sine

2115 5195 2217 5249 line
2234 5194 2614 5253 servientibus,
2633 5206 2726 5242 nos
2748 5191 2900 5242 nobis
2914 5189 3185 5242 adulteros
3200 5186 3465 5254 eligimus.
3485 5183 3686 5251 quibus

2115 5303 2314 5339 scrvare
2357 5286 2619 5337 volumus.
2657 5283 2931 5352 Siquidem
2972 5276 3434 5350 juxtalEvangelii
3469 5273 3682 5344 (Matth.

2121 5396 2195 5441 tv,
2245 5378 2332 5447 10)
2395 5381 2765 5430 senti-titiam:
2831 5373 3011 5426 Omnis
3059 5373 3148 5442 qui
3209 5369 3337 5438 facit
3386 5378 3683 5437 peccatum,

2122 5487 2295 5524 seruus
2335 5482 2406 5522 cst
2442 5469 2638 5536 peccati
2669 5467 2846 5535 (loan.
2877 5481 2990 5532 Vill,
3024 5465 3137 5530 5i).
3167 5459 3374 5515 Revera
3402 5461 3444 5514 si
3477 5467 3690 5510 amator

523 5650 540 5680 ¹
573 5652 745 5706 Antea
772 5651 1091 5705 allirmantis
1148 5667 1335 5718 sensu,
1380 5652 1491 5705 nati
1538 5669 1737 5706 sumus.
1793 5652 1957 5706 Paulo
2011 5653 2232 5707 inferius
2274 5654 2598 5722 periropam,
2646 5649 2786 5719 Nam
2835 5665 2971 5703 utors
3013 5659 3193 5700 nostra
3257 5651 3525 5715 peccatum
3586 5652 3692 5708 est,

455 5718 672 5796 {iubrus
712 5725 1094 5789 prwtermittit.
