3956 6196
1533 209 1628 225 .-.ι’
1729 201 1754 224 κ

312 334 430 399 385

1477 329 1789 390 IIEGULA
1853 329 2389 390 \lONACllOIlUM

3465 332 3568 396 386

308 452 564 523 pecunia
589 466 729 516 sum,
758 449 805 506 si
832 448 1044 520 gloriae,
1081 447 1128 504 si
1159 446 1451 519 superbiae,
1479 449 1524 503 si
1563 447 1894 508 ambitionis,
1927 449 1970 504 Α
2001 447 2068 499 do
2118 456 2242 500 ante
2272 449 2506 502 trilmnal
2537 447 2739 502 Christi
2801 449 3092 518 unicuique
3127 452 3425 506 secundum
3469 467 3565 507 sua

308 554 412 598 aut
438 558 648 613 pompa:
679 541 846 598 :dum
873 539 948 595 illi
977 554 1139 596 omne
1166 540 1402 595 studium
1435 554 1566 594 meae
1599 537 1893 592 voluntatis

309 637 596 704 impendo,
641 633 870 688 Domino
904 634 1110 688 servire
1148 648 1261 688 non
1298 647 1517 702 possunt
1553 632 1713 700 :quia
1761 631 1890 685 duo-

309 730 421 782 bus
449 717 684 782 dominis
739 728 1015 782 neminem
1047 726 1257 781 servire
1297 740 1452 794 posse
1490 725 1758 792 scriptum
1781 731 1889 777 est.

313 819 443 873 Non
471 823 596 874 estis
624 821 804 884 vestri,
835 820 967 874 dicit
993 819 1284 888 Apostolus
1311 834 1326 872 :
1367 815 1548 884 Empti
1577 818 1699 871 estis
1724 817 1891 884 pretio

309 927 555 982 magno;
594 912 882 982 gloriﬁcate
910 921 960 966 et
992 917 1196 980 portate
1250 908 1416 964 Deum
1465 909 1521 961 in
1570 923 1786 974 corpore
1813 923 1894 960 rc-

307 1015 425 1056 stro
459 1001 514 1072 (1
543 1001 667 1056 Cor.
695 1017 769 1066 vr,
804 1002 924 1070 20).

387 1093 696 1148 Clementer
735 1092 967 1162 Spiritus
993 1101 1210 1148 sanctus
1236 1089 1357 1157 jure
1387 1100 1572 1143 nostro
1603 1105 1700 1143 nos
1754 1105 1892 1142 cnn-

311 1187 466 1238 venit
504 1202 518 1238 :
552 1185 732 1238 sciens
759 1184 861 1238 hoc
892 1184 944 1237 in
972 1199 1071 1237 usu
1092 1182 1305 1250 publico
1329 1179 1471 1250 apud
1499 1195 1690 1233 omnes
1722 1181 1894 1232 homi-

309 1291 416 1330 nes
456 1275 740 1341 custodiri,
773 1284 830 1329 ut
862 1284 1015 1328 tanto
1031 1289 1218 1329 servus
1249 1274 1302 1326 in
1327 1287 1487 1340 opere
1518 1273 1724 1325 Domini
1748 1283 1895 1326 esset

309 1367 549 1430 cautior,
579 1376 780 1435 quanto
804 1365 994 1435 majori
1031 1365 1202 1434 pretio
1231 1374 1375 1418 esset
1401 1374 1753 1432 comparatus
1789 1379 1805 1420 :
1838 1374 1894 1417 ut

307 1460 687 1528 intelligamus
714 1474 873 1528 quam
899 1459 1102 1513 strenui
1133 1472 1250 1510 esse
1277 1456 1505 1510 debeant
1530 1460 1578 1510 in
1603 1472 1764 1524 opere
1793 1460 1890 1511 Do-

308 1552 474 1616 mini,
507 1551 596 1620 qui
635 1550 892 1619 redempti
919 1561 1044 1604 sunt
1066 1550 1331 1614 sanguine
1357 1549 1560 1603 Christi
1589 1566 1602 1600 :
1629 1548 1704 1600 vel
1732 1565 1890 1613 quam

307 1642 598 1697 criminosi
620 1642 850 1696 debeant
870 1641 1070 1711 judicat
1088 1642 1123 1704 i,
1145 1642 1235 1711 qui
1261 1659 1380 1696 cttm
1405 1642 1576 1694 sciant
1601 1657 1694 1708 pro
1717 1641 1890 1708 pre'io

307 1750 424 1788 sua:
458 1735 645 1788 salutis
673 1734 870 1788 Christi
897 1734 1212 1802 sanguinein
1239 1750 1359 1788 esse
1382 1735 1588 1794 datum,
1619 1733 1768 1785 alteri
1796 1732 1888 1802 qui

309 1827 449 1880 nihil
483 1827 754 1896 prtestitit,
792 1829 962 1894 magis
1012 1827 1286 1895 pnebeaut
1333 1827 1673 1878 servitutem.
1739 1825 1889 1894 Ilogo

307 1932 419 1985 quo
450 1921 654 1985 pudore
686 1917 927 1986 obsequii
966 1926 1057 1968 aut
1095 1917 1290 1970 laboris
1323 1918 1404 1969 sui
1438 1920 1737 1969 mercedem
1769 1934 1890 1986 spe-

312 2008 457 2059 rabit
489 2021 516 2057 a
544 2007 706 2068 cmlo,
730 2007 884 2074 cujus
909 2007 1069 2060 fuerit
1093 2007 1396 2060 sollicitudo
1424 2009 1599 2059 omnis
1618 2009 1670 2059 in
1705 2008 1890 2060 terra?

316 2099 685 2153 alo-nenarius
704 2098 886 2154 surculi
915 2113 1020 2152 non
1049 2106 1223 2163 potest
1253 2098 1496 2164 accipere
1515 2098 1714 2152 Christi
1741 2115 1887 2151 mer-

312 2191 522 2243 cedem.
556 2190 744 2244 Omnis
767 2189 922 2244 miles
946 2191 998 2242 in
1020 2189 1346 2259 castrisjure
1373 2200 1551 2256 sperat
1583 2187 1713 2259 [ΑΙ.
1765 2206 1889 2256 spe-

319 2279 458 2351 ciat]
489 2295 785 2346 annonam,
817 2281 906 2349 qui
941 2280 1154 2333 fortiter
1193 2279 1244 2333 in
1294 2278 1481 2347 pra-lio
1525 2293 1622 2346 pro
1680 2279 1888 2333 civibus

309 2368 668 2424 laboraverit.
692 2370 758 2424 Et
784 2370 978 2438 dignus
1007 2370 1321 2438 estquidem
1348 2370 1713 2423 mercenarius
1743 2384 1888 2423 mer-

309 2461 446 2515 cede
471 2475 612 2514 sua:
646 2459 814 2513 Nemo
840 2471 1014 2514 tamen
1065 2461 1301 2514 militans
1362 2460 1492 2524 Deo,
1542 2461 1779 2528 implicat
1831 2479 1887 2518 se

311 2553 534 2620 negotiis
562 2552 927 2619 secularibus,
971 2563 1029 2605 ut
1089 2553 1291 2621 placeat
1342 2554 1390 2605 ei
1430 2553 1516 2605 cui
1548 2569 1604 2606 se
1647 2555 1885 2620 probavit

310 2641 400 2712 (Il
431 2642 658 2698 Timoth.
679 2660 737 2708 tt,
772 2644 848 2712 4),
883 2655 967 2698 est
999 2643 1239 2711 Apost‘oli
1273 2659 1394 2698 Vox.

378 2736 768 2802 Atnplectenda
788 2746 870 2789 est
901 2737 1069 2804 igitur
1092 2737 1330 2800 triStitia,
1355 2751 1473 2805 quze
1506 2739 1757 2803 gaudium
1787 2753 1885 2806 pa-

313 2827 384 2880 rit
415 2845 432 2880 :
470 2842 569 2881 nec
601 2828 717 2896 ejus
750 2827 1146 2882 consideranda
1169 2828 1389 2881 materia
1427 2845 1443 2884 :
1475 2830 1600 2896 quia
1629 2845 1770 2897 szepe
1791 2847 1884 2897 per

309 2918 648 2972 dulcedinem
688 2917 898 2974 fructus
933 2919 1166 2988 placent,
1203 2934 1431 2988 quorum
1484 2935 1724 2973 amarum
1755 2924 1882 2973 bor-

307 3010 416 3063 ruit
448 3012 500 3064 in
532 3011 745 3076 radice;
773 3021 827 3065 et
853 3012 945 3081 qui
979 3012 1283 3066 litterarunt
1323 3012 1605 3065 scientiam
1680 3013 1880 3067 habere

1999 535 2137 589 farta
2181 539 2507 591 reddendum
2560 550 2635 592 e5t
2667 556 2681 603 ;
2717 539 2802 592 his
2853 541 2941 607 qui
3009 541 3060 593 itt
3113 542 3346 595 terrenis
3399 544 3570 610 magis

1999 627 2249 695 ltt‘gotiis,
2281 644 2439 696 quam
2483 629 2534 682 itt
2565 630 2875 683 ccelestibus
2905 631 3241 693 laborarunt,
3268 633 3398 701 justi
3425 634 3571 702 judi-

1955 717 1958 720 ’
1997 717 2063 767 cii
2099 720 2448 784 responsione
2480 719 2694 773 dicatur
2730 739 2743 774 :
2771 719 2848 774 Ite
2883 721 2928 773 si
2971 723 3196 790 potestis
3220 740 3234 786 ;
3262 732 3316 776 et
3350 724 3454 775 illic
3480 725 3567 778 ubi

1997 815 2109 860 tota
2141 810 2424 864 devotione
2483 813 2748 870 servistis.
2811 817 3110 868 mercedem
3162 815 3380 880 exigite.
3422 814 3568 870 Talis

1997 915 2158 954 causa
2187 902 2452 970 virginum
2479 916 2565 956 est
2588 905 2636 956 in
2672 903 2961 969 Evangelia
2983 910 3219 973 quinque
3254 909 3564 970 stultarntu,

1996 1008 2115 1060 qua:
2144 993 2270 1046 dum
2298 995 2656 1050 sollicitudine
2675 999 3011 1051 san-Marium
3041 1000 3332 1050 vanitatqu
3355 1012 3414 1051 se
3438 1013 3568 1052 cono

1999 1093 2079 1136 tra
2139 1084 2493 1152 professionis
2535 1102 2647 1140 sum
2697 1090 2939 1142 ordinent
3005 1101 3352 1158 occuparent,
3385 1091 3562 1144 oleum

1998 1179 2138 1229 unde
2187 1192 2370 1229 verum
2411 1178 2590 1230 luu.cn
2627 1182 2987 1234 accenderent
3036 1198 3138 1232 non
3199 1181 3478 1244 habentes,
3513 1183 3563 1235 itt

1997 1270 2233 1322 tenebris
2260 1281 2652 1325 remanserunt.
2683 1271 2819 1325 Ecce
2835 1272 2979 1326 enim
3006 1273 3048 1324 si
3074 1273 3318 1326 umbrato
3345 1284 3568 1342 repente

1995 1363 2155 1422 cwlo,
2181 1362 2312 1415 solis
2345 1362 2566 1415 claritas
2605 1366 2806 1416 nostris
2842 1366 3148 1432 aspectibus
3177 1369 3488 1434 denegetur.
3511 1375 3564 1417 et

1995 1453 2271 1520 producta:
2311 1455 2362 1507 iu
2395 1469 2632 1508 nostram
2664 1457 3018 1510 lnnuilitateni
3053 1458 3246 1524 pluvia:
3277 1459 3434 1510 terris
3464 1457 3563 1510 im-

1995 1546 2277 1612 mineant;
2312 1547 2354 1600 si
2384 1551 2688 1609 commotis,
2717 1558 2776 1600 ut
2809 1550 3066 1611 assolent,
3092 1549 3398 1611 t-letnentis,
3420 1557 3477 1602 ut
3507 1549 3560 1602 iu

1997 1649 2170 1689 retain
2207 1639 2288 1690 sui
2328 1655 2526 1693 currus
2580 1643 2815 1693 tonitrua
2875 1643 3234 1702 concitentur,
3269 1652 3321 1694 et
3368 1641 3564 1696 dehinc

1995 1727 2263 1796 fulgurum
2292 1731 2466 1798 jar-tria
2497 1732 2764 1800 palpebris
2798 1735 3114 1786 terribiliter
3135 1734 3346 1802 objecta
3405 1749 3566 1787 coru-

1992 1835 2143 1873 scent
2170 1838 2184 1884 ;
2213 1839 2527 1891 quanquam
2549 1835 2600 1876 et
2631 1827 3022 1878 consuetudine
3084 1826 3182 1878 ista
3228 1825 3564 1892 contingant,

1993 1926 2270 1977 paremus,
2298 1916 2792 1978 contremiscimtts.
2820 1925 2871 1968 et
2906 1917 3060 1980 proni
3092 1916 3158 1970 ad
3200 1926 3422 1978 terram,
3473 1918 3568 1970 de-

1991 2003 2167 2069 posita
2195 2006 2468 2070 superbia,
2503 2006 2742 2058 cervices
2779 2006 3168 2058 submittimus.

2060 2093 2200 2158 Quid
2231 2094 2497 2149 faciemus
2527 2097 2576 2148 ιιι
2612 2097 2696 2149 illa
2723 2098 2808 2149 die
2827 2097 3029 2161 miseri,
3053 2097 3290 2166 quando,
3317 2095 3564 2151 revoluto

1989 2189 2149 2254 coelo,
2172 2205 2290 2245 cum
2318 2193 2575 2261 angelicis
2597 2192 2896 2245 virtutibus
2917 2194 3108 2259 igneus
3131 2191 3389 2245 Dominus
3416 2201 3562 2243 totus

1989 2279 2278 2332 adveniet?
2307 2279 2552 2346 Quando,
2579 2280 2897 2336 cadentibus
2929 2286 3162 2349 desuper
3189 2281 3379 2344 stellis,
3399 2281 3478 2334 sol
3503 2281 3556 2334 in

1991 2373 2260 2436 tenebras,
2288 2383 2342 2425 et
2375 2374 2427 2425 in
2457 2375 2771 2442 sanguinem
2806 2373 2926 2426 luna
2961 2375 3300 2427 mutabitur?
3328 2372 3558 2438 Quando

1988 2473 2196 2517 montes
2221 2465 2498 2540 sicutcera
2525 2465 2867 2533 liquescent?
2896 2468 3121 2530 Quando
3142 2477 3280 2518 terra
3325 2466 3558 2530 ardebit,

1987 2565 2038 2608 et
2066 2566 2311 2610 arescent
2345 2556 2604 2621 ﬂumina;
2638 2568 2694 2611 et
2747 2559 2912 2610 maria
2977 2558 3326 2611 siccabuntur
3369 2567 3556 2611 contra

1989 2664 2165 2701 rerum
2203 2660 2451 2702 naturam
2486 2651 2796 2719 ;insu:npto
2823 2651 3078 2704 divinitus
3113 2651 3363 2714 hutnore,
3394 2650 3562 2704 aridi-

1988 2750 2150 2792 tatem
2186 2743 2239 2794 in
2273 2744 2426 2808 aquis
2454 2743 2592 2809 ignis
2633 2744 3001 2810 (tpt‘l’abilur?
3029 2743 3253 2809 Quando
3309 2753 3560 2811 pet-cato-

1989 2846 2072 2884 t'es
2102 2833 2280 2886 dicent
2306 2836 2578 2888 montibus
2613 2852 2624 2887 :
2657 2833 2843 2888 Cadire
2869 2851 3026 2900 super
3049 2851 3141 2887 nos
3168 2852 3185 2895 ;
3209 2845 3257 2887 et
3289 2835 3508 2888 collibus
3536 2849 3559 2890 :

1989 2921 2166 2992 Tegite
2200 2941 2292 2976 nos
2327 2925 2476 2993 (Osee
2534 2941 2587 2987 Χ.
2627 2927 2720 2991 8)?
2751 2926 2980 2991 Quando
3013 2930 3281 2980 vocabunt
3311 2928 3559 2982 homines

1988 3025 2240 3075 mortem,
2275 3026 2325 3068 et
2365 3029 2551 3068 vorata
2585 3034 2688 3069 non
2724 3019 2942 3072 veniet?
2970 3017 3199 3082 Quando
3245 3020 3555 3073 discrimina

305 3097 612 3166 desiderat,
648 3101 694 3152 si
722 3100 964 3153 discendi
993 3115 1100 3154 non
1133 3105 1433 3168 susceperit
1463 3101 1636 3165 netia,
1679 3104 1881 3170 peritia:
1909 3099 1951 3155 C
1989 3116 2273 3160 vertentur
2300 3108 2351 3161 in
2388 3121 2532 3173 vota,
2566 3119 2617 3162 ct
2653 3114 2792 3178 quod
2827 3127 3043 3178 semper
3089 3113 3321 3166 oderunt
3383 3113 3558 3168 bomi-
3623 3114 3640 3130 '

305 3187 502 3253 gaudia
533 3188 754 3256 adipisci
789 3205 890 3242 tton
917 3189 1114 3257 poterit
1153 3203 1166 3240 :
1199 3203 1299 3242 nec
1338 3188 1660 3258 cujusquam
1703 3191 1887 3244 erudi-

304 3277 476 3331 tionis
503 3280 792 3346 quisquam
831 3280 1030 3334 habere
1067 3278 1300 3355 subiciet
1340 3278 1586 3346 gloriam,
1622 3282 1724 3334 nisi
1748 3279 1769 3352 ι
1794 3281 1882 3334 At.

304 3369 434 3421 add.
470 3369 677 3441 animi]
707 3381 870 3425 aestus
901 3371 1064 3425 fuerit
1102 3381 1231 3426 ante
1295 3385 1606 3440 perpessus.
1636 3371 1883 3442 Cumque

303 3478 408 3517 nos
441 3462 532 3516 Dei
567 3464 769 3532 annilio
790 3464 1098 3530 destitutos,
1137 3463 1308 3518 bomis
1326 3465 1613 3527 invaserit,
1640 3466 1882 3519 duxerit-

301 3570 410 3622 que
445 3556 707 3622 captivos,
737 3569 843 3608 non
874 3556 1228 3624 desperemus
1266 3555 1518 3616 salutem,
1551 3557 1643 3610 sed
1689 3558 1880 3610 iterum

302 3661 584 3699 armentur
630 3647 694 3700 ad
733 3645 999 3715 pra-lium.
1053 3643 1240 3700 Potest
1272 3645 1390 3700 tieri
1457 3654 1518 3700 ut
1577 3647 1877 3712 vincamus,

303 3736 396 3788 ubi
434 3737 560 3789 victi
601 3736 842 3792 fuimus:
877 3745 930 3789 et
961 3735 1016 3788 in
1047 3733 1239 3789 eodem
1293 3735 1414 3790 loco
1455 3735 1873 3803 trittmpbemus,

302 3825 393 3880 ubi
432 3825 628 3880 fuimus
653 3827 945 3895 aliquando
969 3826 1188 3894 captivi.
1216 3825 1350 3880 Nam
1379 3827 1424 3880 si
1444 3826 1876 3896 juvatDomiuus

303 3921 554 3984 miseros,
590 3921 848 3976 habemus
877 3922 1122 3975 salutem.
1159 3920 1216 3975 Si
1277 3922 1509 3991 despicit
1540 3933 1874 3992 peccatores,

302 4009 567 4064 habemus
587 4012 916 4081 sepulcrum.

369 4099 543 4155 Multo
572 4105 788 4172 gravior
825 4113 1143 4172 esspeetata
1180 4120 1350 4171 mors,
1383 4121 1546 4175 quant
1589 4107 1759 4162 illata.
1790 4111 1870 4163 Ad

300 4196 408 4251 hoc
433 4196 577 4250 enim
613 4198 935 4259 laboremus,
965 4207 1018 4250 et
1046 4199 1098 4249 in
1135 4199 1317 4251 saeculi
1350 4199 1720 4266 periclitemur
1768 4202 1871 4256 tui-

298 4289 441 4351 lttia,
474 4290 607 4341 utin
641 4286 826 4343 futuro
877 4289 1074 4343 stt-culo
1113 4304 1463 4343 coronemur.
1495 4288 1608 4344 Nec
1671 4294 1868 4347 mirum

301 4376 406 4429 hoc
441 4375 510 4428 de
536 4374 845 4430 hominibus
873 4377 1117 4440 credere,
1149 4393 1273 4431 ctttn
1302 4377 1563 4432 Demittus
1606 4379 1722 4449 ipse
1752 4391 1870 4436 ten-

301 4479 447 4521 tatus
472 4471 542 4521 sit
573 4466 790 4536 (Matth.
833 4481 909 4530 tv,
941 4469 958 4520 l
996 4471 1195 4537 seqq).
1234 4470 1300 4522 Et
1330 4472 1395 4523 de
1427 4471 1699 4525 Abraham
1723 4474 1870 4528 Scri-

298 4570 456 4626 ptura
501 4566 753 4618 tesletur,
807 4558 950 4625 quod
1024 4561 1161 4613 Deus
1213 4561 1503 4615 tetttavet‘it
1543 4579 1664 4615 eum
1710 4562 1866 4630 (Gen.

295 4664 432 4712 nu,
462 4650 662 4717 semp).
694 4648 866 4713 Quam
895 4649 963 4703 ob
1003 4666 1217 4704 causam
1248 4653 1537 4720 Apostolus
1578 4654 1817 4722 loquitur
1850 4672 1866 4710 :

296 4739 597 4792 Candente:
637 4741 688 4792 in
723 4740 1080 4806 tribulatione,
1103 4752 1151 4796 et
1179 4745 1399 4797 scientes
1421 4747 1559 4813 quod
1593 4747 1866 4801 tribulatio

292 4829 604 4896 patientiam
636 4841 888 4898 operatur
917 4847 935 4886 :
963 4834 1218 4899 patientia
1244 4822 1602 4902 probationem
1628 4852 1646 4889 :
1668 4840 1863 4906 proba-

292 4922 365 4972 tio
408 4937 550 4988 spem
571 4940 589 4975 :
618 4938 728 4990 spes
761 4933 938 4976 autem
969 4940 1074 4977 non
1128 4925 1400 4994 confundit
1433 4927 1608 4995 (Rom.
1642 4945 1699 4995 γ,
1722 4932 1863 5000 5-7).

292 5010 568 5080 Scriptum
599 5025 680 5067 est
713 5016 876 5068 etiam
903 5031 918 5068 :
959 5015 1097 5079 Quia
1127 5028 1340 5084 propter
1371 5029 1419 5071 te
1479 5020 1868 5089 mortiﬁcamur

289 5114 404 5156 tota
442 5107 526 5158 die
552 5120 570 5157 :
594 5115 641 5157 et
675 5107 925 5160 a'stimalt'
949 5124 1130 5162 sumus
1161 5121 1214 5163 ut
1246 5127 1361 5165 ores
1403 5113 1676 5168 occisionis
1694 5114 1870 5184 (Rom.

289 5213 411 5260 \‘Iu,
440 5198 556 5268 55).
595 5198 698 5254 Sed
727 5216 919 5270 magna
952 5203 1184 5257 miseria:
1220 5203 1520 5259 consolatio
1551 5217 1654 5270 est,
1680 5223 1856 5278 quan-

288 5293 358 5342 do
392 5292 443 5343 in
475 5291 760 5345 tormentis
781 5293 904 5362 quis
933 5295 1162 5362 positus,
1188 5296 1288 5350 scit
1307 5311 1564 5368 prospera
1585 5308 1858 5354 secutura.

841 5405 1067 5461 CAPUT
1098 5407 1294 5464 XXIII.

361 5493 437 5548 De
471 5497 655 5551 timore
686 5473 857 5552 ultimi
881 5501 1091 5568 iudicii,
1125 5509 1174 5554 et
1214 5502 1416 5569 defectu
1451 5503 1608 5570 Itujus
1644 5506 1781 5561 vitae.

359 5588 488 5645 Inde
508 5591 640 5646 satis
666 5591 846 5659 timeo,
880 5610 948 5648 ne
978 5595 1030 5648 in
1055 5594 1142 5648 illa
1169 5595 1529 5651 tribulationis
1554 5598 1662 5662 die,
1687 5614 1857 5668 quan-

1991 3213 2109 3262 nes,
2132 3201 2511 3268 concupiscent
2533 3203 2555 3253 ?
2575 3202 2800 3266 Quando
2833 3204 2958 3256 illud
2989 3203 3296 3270 itnplebitur
3317 3217 3551 3273 tempus,

1988 3294 2130 3359 quod
2159 3293 2369 3362 lugubri
2401 3292 2662 3347 Jermuias
2697 3297 2823 3349 dicit
2855 3293 3068 3354 eﬁ'ectu.
3098 3297 3284 3350 dicens
3320 3313 3334 3351 :
3369 3296 3557 3366 Respe-

1985 3385 2041 3436 xi
2070 3384 2124 3436 in
2161 3395 2374 3444 terram,
2401 3395 2449 3436 et
2481 3402 2592 3438 ecce
2618 3387 2948 3451 luminaria;
2982 3389 3087 3442 vidi
3114 3401 3331 3453 montes,
3364 3401 3414 3444 et
3445 3409 3556 3446 ecce

1985 3485 2133 3524 erant
2167 3483 2470 3538 trementes,
2503 3487 2552 3528 et
2581 3481 2847 3531 universos
2878 3477 3033 3531 colles
3078 3481 3323 3545 turbari;
3351 3483 3554 3537 intendi

1982 3577 2176 3628 acrem,
2201 3572 2248 3616 et
2272 3581 2386 3617 ecce
2421 3584 2520 3618 non
2548 3578 2663 3620 erat
2694 3568 2885 3630 homo;
2914 3577 2961 3620 et
2985 3586 3157 3622 omnes
3182 3572 3412 3626 rolucres
3437 3575 3554 3628 caali

1982 3655 2259 3722 pavebant.
2299 3654 2436 3720 Vidi,
2475 3670 2520 3710 et
2549 3673 2662 3710 erce
2691 3659 3225 3714 Carmelusdcsertus
3250 3677 3269 3724 ,°
3294 3672 3343 3716 et
3378 3680 3554 3718 omnes

1981 3747 2213 3799 ciritam
2242 3763 2502 3801 succensa:
2526 3751 2635 3816 igni
2664 3766 2696 3802 a
2719 3752 2852 3819 facie
2884 3751 3117 3815 Domini,
3145 3762 3194 3804 et
3236 3772 3266 3805 a
3292 3755 3428 3819 facie
3458 3757 3552 3810 ira:

1980 3838 2354 3907 indignationis
2387 3843 2524 3908 ejus,
2579 3852 2628 3896 et
2683 3843 2992 3896 interierunt
3051 3846 3292 3898 universa
3325 3845 3548 3916 (Jerem.

1977 3945 2052 3994 tv,
2079 3930 2150 3984 ‘23
2185 3933 2388 4000 seqq.).

1990 4034 1993 4038 ’
2052 4044 2244 4099 Verum
2277 4065 2341 4101 ne
2368 4063 2431 4100 ex
2465 4049 2805 4118 suggestione
2825 4049 3020 4102 diaboli
3051 4050 3161 4105 haec
3191 4053 3256 4105 ad
3283 4063 3544 4108 terrorem

1976 4139 2138 4205 dicta,
2175 4153 2279 4192 non
2301 4142 2366 4192 ad
2391 4142 2669 4196 veritatem
2696 4142 3009 4208 credantur,
3043 4145 3106 4196 de
3138 4148 3427 4211 przeteritis
3451 4145 3541 4200 fu-

1977 4241 2090 4284 tura
2117 4232 2414 4298 probantur
2438 4233 2687 4300 :quando
2715 4234 2838 4287 talia
2863 4236 2914 4288 in
2944 4237 3164 4302 diluvio,
3191 4239 3241 4291 in
3269 4238 3542 4302 Sodomis,

1975 4321 2025 4372 in
2055 4319 2306 4390 Egypto,
2338 4325 2389 4375 in
2427 4322 2834 4394 Hierosolymis.
2861 4342 2999 4393 szrpe
3029 4327 3099 4380 ob
3136 4329 3327 4383 delicta
3363 4332 3545 4385 homi-

1905 4426 1944 4478 ι)
1979 4428 2103 4464 num
2133 4412 2270 4466 facta
2303 4413 2628 4468 referuntur.
2663 4418 2765 4468 Sed
2797 4419 2974 4471 veniet
3006 4417 3096 4472 illa
3127 4420 3262 4482 dies,
3293 4438 3393 4488 qua
3428 4440 3548 4478 cor-

1972 4508 2246 4574 ruptivum
2281 4506 2382 4559 hoc
2413 4520 2466 4560 et
2503 4508 2750 4572 mortale,
2803 4511 3229 4580 incorruptivum
3272 4514 3460 4570 induet
3491 4529 3545 4572 et

1973 4597 2456 4652 immortalitatem.
2489 4599 2639 4652 Tunc
2677 4602 2742 4653 ad
2763 4616 2947 4656 vocem
2983 4605 3124 4657 tubae
3153 4607 3370 4674 pavebit
3403 4617 3544 4661 terra

1972 4701 2094 4739 cum
2129 4687 2370 4755 populis;
2403 4699 2456 4742 et
2495 4700 2546 4741 ιιι
2575 4692 2850 4758 gaudebis.
2923 4691 3237 4750 Iudicaturo
3289 4695 3542 4766 Domino,

1970 4779 2196 4845 lugubre
2231 4782 2462 4834 mundus
2489 4781 2799 4852 immugiet;
2833 4789 3006 4840 tribus
3039 4787 3106 4841 ad
3138 4789 3306 4844 tribus
3342 4790 3541 4846 ferient

1969 4879 2208 4935 pectora.
2233 4868 2602 4927 Potentissimi
2640 4877 2913 4942 quondam
2953 4893 3104 4946 reges
3136 4881 3277 4933 nudo
3327 4893 3545 4948 pectore

1975 4960 2327 5030 palpitabunt.
2363 4963 2716 5018 Exltibebitur
2744 4977 2872 5022 tunc
2889 4984 3008 5022 cum
3039 4970 3186 5038 prole
3209 4988 3307 5027 sua
3339 4972 3542 5028 Venus.

1976 5051 2127 5106 Tunc
2152 5054 2344 5122 ignitus
2370 5054 2584 5123 Jupiter
2622 5059 2938 5126 adducetur,
2972 5074 3024 5114 et
3052 5077 3172 5116 cum
3205 5063 3317 5116 suis
3348 5065 3546 5118 stultus

1978 5145 2133 5199 Plato
2171 5146 2492 5213 discipulis;
2542 5147 2818 5203 Aristoteli
2860 5159 3173 5221 argumenta
3215 5167 3318 5204 non
3353 5155 3547 5222 prode-

1966 5247 2112 5294 ruot.
2145 5237 2320 5300 Tunc,
2345 5239 2651 5292 rusticanus
2675 5249 2729 5294 et
2749 5256 2972 5310 pauper.
2998 5241 3294 5295 exsultabis
3320 5251 3373 5296 et
3399 5245 3545 5297 ride-

1961 5329 2068 5394 bis,
2089 5337 2142 5382 et
2159 5328 2307 5383 dices
2329 5346 2341 5382 :
2366 5329 2503 5384 Ecce
2520 5332 2807 5388 crucitixus
2827 5335 2962 5387 Deus
2982 5347 3158 5397 meus;
3193 5349 3319 5389 ecce
3352 5334 3548 5404 judex,

1959 5421 2049 5488 qui
2082 5421 2354 5474 involutus
2387 5425 2580 5490 pannis
2605 5426 2656 5476 in
2681 5425 2940 5494 praesepio
2971 5426 3152 5496 Vagiit.
3182 5425 3279 5481 llic
3349 5440 3428 5482 est
3460 5429 3552 5483 ille

1961 5511 2196 5579 operarii
2236 5522 2289 5566 et
2314 5515 2656 5581 quaestuariae
2685 5516 2860 5580 lilius;
2893 5515 2978 5568 hic
3003 5517 3092 5583 qui
3129 5519 3318 5571 matris
3373 5530 3552 5585 gesta—

1960 5612 2052 5656 tus
2074 5602 2217 5670 sinu,
2245 5605 2519 5662 hominem
2550 5608 2687 5664 Deus
2711 5608 2844 5678 fugit
2876 5609 2927 5662 in
2963 5604 3257 5679 Αῖέςίιιιιω
3285 5625 3302 5673 ;’
3334 5610 3419 5663 hic
3459 5622 3544 5691 est

359 5749 377 5779 ⁸
410 5745 633 5802 Lectum
678 5759 833 5806 antea
884 5751 1041 5820 male,
1103 5769 1120 5802 ι
1154 5750 1260 5806 Seu
1307 5751 1485 5823 regula
1543 5755 1882 5822 promissa,»
1934 5764 2042 5813 etc.
