3956 6196
339 393 443 458 337

1285 387 1346 445 s.
1392 369 1837 444 maneam-tt
1881 368 2199 443 orERUM
2237 365 2644 444 MANTISSA:

3469 365 3571 447 388

337 503 562 556 vestitus
587 499 834 562 coccino;
869 495 954 549 hic
988 493 1076 562 qui
1110 491 1355 547 sentibus
1383 499 1699 546 coronatus.
1729 488 1904 543 Cerne
1942 491 1979 547 Δ
2006 488 2396 541 contercndum
2424 499 2508 543 est
2541 487 2735 542 transit
2770 503 2785 541 :
2818 487 2889 542 ita
2919 489 3129 558 species
3153 491 3432 547 hominum
3454 506 3577 547 ver-

339 607 551 656 manus,
571 589 774 650 Judrce,
807 602 942 654 quas
979 587 1214 649 ﬁxeras;
1246 597 1410 637 cerne
1445 583 1604 648 latus,
1637 581 1900 646 Romane,

339 686 481 752 quod
507 683 740 737 foderas.
776 678 966 732 Videte
993 692 1188 746 corpus
1225 689 1292 727 an
1319 673 1459 727 idem
1485 674 1558 728 sit
1591 671 1733 742 quod
1763 671 1906 725 dice-

338 776 477 828 batis
503 772 641 825 clam
685 777 842 822 nocte
869 768 1058 821 tulisse
1094 763 1410 830 discipulos.

413 866 456 919 0
480 873 608 934 quot
652 861 885 930 virgines
914 868 966 912 et
1003 857 1326 924 quantorum
1364 850 1618 905 iufamata
1650 847 1902 919 pudicitia

337 973 364 1008 a
393 954 696 1024 Deojndice
723 949 1070 1005 coronabitur
1105 946 1154 1000 ἰ
1191 947 1234 998 0
1255 943 1474 1013 quantis
1508 942 1560 994 in
1589 941 1675 994 illa
1702 941 1787 992 die
1808 954 1904 991 ex-

340 1048 635 1116 pendisset,
670 1044 713 1098 si
748 1047 1110 1096 membrorum
1144 1051 1304 1091 sensu
1334 1044 1387 1089 et
1420 1035 1682 1088 viscermn
1722 1032 1904 1098 vigore

341 1142 392 1190 iu
439 1139 536 1191 hac
570 1137 676 1188 vita
712 1131 1046 1187 caruissent!
1077 1139 1128 1184 et
1155 1126 1346 1196 quanti
1408 1126 1513 1178 illic
1561 1125 1803 1191 elingues
1849 1128 1903 1172 et

341 1227 470 1280 nuti
495 1226 762 1280 feliciores
791 1222 1106 1292 loquacibus
1136 1227 1290 1271 erunt
1316 1217 1328 1269 Ξ
1354 1225 1405 1269 et
1433 1216 1619 1284 quanti
1658 1217 1902 1281 pastores

338 1317 708 1388 philosophis;
738 1316 923 1385 quanti
959 1312 1142 1366 rustici
1173 1309 1500 1370 oratoribus,
1529 1317 1581 1359 et
1603 1305 1789 1375 quanti
1817 1304 1907 1356 he-

337 1413 488 1466 betes
512 1413 843 1480 argumentis
868 1405 972 1478 [ΑΙ.
998 1401 1246 1474 argutiis]
1266 1399 1584 1471 praeferendi
1602 1408 1725 1450 sunt
1749 1397 1902 1449 Cice-

339 1503 519 1556 ronis!
549 1502 624 1554 lbi
647 1501 787 1553 enim
813 1513 932 1551 cunt
951 1507 1076 1548 ante
1102 1492 1331 1547 tribunal
1354 1491 1555 1544 Christi
1574 1488 1903 1549 venerimus,

338 1599 564 1657 scimus,
605 1607 703 1645 nec
754 1588 877 1655 Job,
903 1601 1003 1640 nec
1065 1583 1360 1644 Danielem,
1391 1596 1490 1636 nec
1545 1578 1657 1633 Noe
1713 1593 1904 1646 rogare

340 1703 499 1756 posse
542 1699 640 1753 pro
692 1695 1002 1752 quoquam;
1045 1681 1140 1734 sed
1199 1687 1635 1743 unumquen‘tque
1682 1677 1902 1740 portare

338 1793 475 1831 OIIUS
505 1791 686 1830 suum.

413 1890 600 1961 Igitur,
622 1892 734 1945 sive
765 1888 1062 1958 leges,sive
1086 1887 1346 1948 dormies,
1382 1888 1495 1940 sive
1532 1885 1760 1945 scribes,
1790 1881 1906 1936 sive

338 1982 604 2050 vigilabis,
628 1980 792 2033 Amos
816 1979 909 2032 tibi
933 1992 1139 2046 semper
1160 1977 1389 2030 buccina
1414 1977 1466 2029 in
1495 1977 1712 2028 auribus
1727 1981 1902 2028 sonet.

339 2074 408 2128 Et
433 2073 657 2141 apostoli
692 2072 784 2140 qui
808 2073 952 2124 hunc
974 2071 1303 2125 horrendum
1328 2069 1466 2124 diem
1493 2068 1670 2135 impiis
1693 2077 1746 2120 et
1777 2080 1906 2134 pec-

343 2166 622 2221 caloribus
686 2163 981 2234 praevidere
1038 2169 1374 2226 meruerunt,
1429 2159 1660 2214 humiles
1727 2165 1904 2221 erant,

339 2265 580 2310 mortuos
610 2255 971 2322 suscitantes;
1005 2263 1056 2307 et
1084 2268 1186 2306 nos
1209 2267 1376 2320 super
1397 2265 1584 2303 omnes
1607 2247 1904 2317 erigimur:

338 2351 430 2418 qui
474 2349 749 2418 peccando
782 2346 1026 2415 quotidie
1061 2345 1416 2410 nosmetipsos
1449 2341 1763 2403 occidimus,
1797 2355 1902 2393 non

337 2437 688 2506 respicientes
726 2433 958 2488 flebilem
997 2431 1375 2499 infirmamque
1409 2439 1678 2494 naturam,
1703 2439 1823 2496 quae
1851 2426 1902 2480 in

340 2528 584 2582 adversis
607 2525 790 2590 fortis,
823 2531 878 2577 et
911 2537 1012 2577 nec
1045 2523 1098 2576 in
1137 2519 1408 2590 prosperis
1435 2518 1724 2588 aliquando
1749 2528 1906 2570 secu-

341 2637 419 2675 ra.
450 2619 508 2672 Si
535 2619 679 2672 enim
703 2617 1060 2685 intemperate
1088 2614 1240 2666 cibus
1275 2619 1542 2678 sumptus,
1568 2617 1664 2662 aut
1709 2607 1904 2660 immo-

339 2711 528 2764 derate
549 2716 706 2778 potos
734 2714 1010 2774 acceptus,
1031 2702 1197 2757 levem
1218 2701 1431 2782 corpori
1458 2697 1902 2754 febriciunculam

340 2799 713 2862 concitaverit,
747 2795 1030 2864 dejlbimus
1061 2794 1317 2861 animam,
1343 2789 1902 2862 aflligimur,suspira-

344 2908 484 2946 mus.
520 2889 675 2944 Nulla
727 2904 854 2943 cura
889 2900 1015 2942 tunc
1045 2885 1226 2942 saeculi
1265 2893 1371 2948 est,
1425 2883 1573 2937 nulla
1631 2880 1901 2945 villarum,

340 2999 498 3040 nemo
527 2988 593 3039 de
623 2981 950 3052 patrimonio
978 2980 1200 3050 cogitat,
1225 2993 1383 3033 nemo
1409 2979 1474 3032 de
1519 2975 1658 3030 foro.
1703 2963 1903 3030 Omnes

339 3076 643 3140 calumniae,
674 3074 855 3129 omnia
905 3073 1051 3127 lucra
1097 3072 1150 3126 in
1183 3069 1421 3140 periculo
1473 3069 1716 3138 corporis
1768 3081 1902 3122 cono

342 3169 650 3238 quiescunt,
701 3166 938 3220 curritur
987 3164 1054 3218 ad
1098 3163 1377 3229 medicos;
1427 3169 1481 3215 ct
1531 3174 1627 3228 pro
1672 3159 1978 3230 rgmcdioc

341 3258 551 3313 carnali
596 3258 990 3326 promittuntur
1039 3270 1286 3320 munera,
1311 3269 1500 3307 aurum
1545 3265 1599 3307 et
1629 3262 1908 3322 argentum

342 3351 611 3404 interdum
646 3359 700 3402 et
728 3346 994 3415 mancipia
1049 3348 1391 3400 traduntur:
1439 3353 1493 3398 et
1542 3358 1680 3412 pene
1742 3354 1910 3397 letum

345 3440 754 3508 patrimonium,
781 3445 875 3490 aut
919 3436 1230 3504 negligitur,
1273 3441 1367 3488 aut
1399 3433 1652 3497 donatur,
1687 3441 1744 3484 ut
1776 3445 1912 3486 con-

345 3530 555 3586 sulatur
585 3529 702 3582 vitae
731 3525 1056 3595 quandoque
1087 3526 1362 3595 peritura.
1390 3524 1454 3577 Et
1477 3539 1574 3593 pro
1603 3532 1799 3577 aeterna
1823 3537 1912 3574 sa.

347 3623 456 3672 lute
483 3616 659 3673 omnis
689 3614 981 3670 admodum
1030 3614 1194 3669 homo
1231 3613 1511 3683 negligens
1564 3619 1669 3676 est,
1737 3608 1910 3665 omnis

345 3707 571 3763 avarus!

415 3823 528 3879 lllic
579 3823 758 3879 omnis
796 3819 1076 3894 frugalitas
1109 3818 1386 3890 largitoris
1422 3817 1590 3872 animi
1622 3815 1912 3872 tenacitate

345 3917 758 3986 constringitur,
791 3913 882 3969 ubi
912 3913 1211 3983 promptior
1252 3911 1526 3976 voluntas,
1560 3917 1615 3964 et
1643 3909 1910 3978 copiosior

331 4009 566 4078 'largitas
596 4009 817 4062 deberet
849 4006 1085 4075 operari.
1115 4005 1180 4059 Et
1235 4018 1361 4058 cmn
1417 4001 1699 4073 Scriptura
1726 4005 1909 4058 dicat:

347 4098 531 4153 Nolite
574 4097 794 4166 diligere
823 4099 1097 4159 mundum,
1134 4111 1296 4162 neque
1321 4110 1381 4146 ea
1432 4109 1550 4164 qua:
1595 4095 1648 4147 in
1717 4094 1912 4147 mundo

345 4203 465 4242 sum
495 4187 542 4259 (1
563 4187 726 4241 Joan.
761 4202 822 4248 ιι,
854 4187 966 4254 l5),
993 4187 1072 4241 sic
1096 4189 1329 4239 humana
1358 4185 1815 4254 concupiscimus,
1834 4186 1914 4240 sic

347 4295 615 4346 amamus,
672 4280 828 4348 quasi
873 4278 1076 4346 aliquid
1128 4287 1412 4332 nascentes
1459 4277 1805 4332 intulerimus
1856 4276 1910 4330 in

345 4373 626 4433 saeculum,
665 4383 756 4426 aut
782 4373 1092 4426 recedentes
1145 4370 1211 4424 de
1259 4369 1458 4423 saeculo
1486 4369 1767 4424 nobiscum
1809 4384 1912 4424 au-

346 4468 488 4522 ferre
511 4466 801 4535 possimus.
829 4461 995 4518 Nemo
1021 4463 1083 4516 ad
1112 4461 1430 4516 brevitatem
1454 4464 1731 4530 temporis,
1752 4476 1913 4517 nemo

350 4558 417 4612 ad
450 4566 656 4610 natura:
689 4556 905 4622 respicit
933 4555 1298 4609 conditionem
1339 4569 1356 4610 :
1395 4569 1552 4608 nemo
1579 4555 1908 4622 considerat,

353 4661 516 4700 nemo
552 4655 830 4706 retractat,
862 4659 998 4696 vana
1049 4657 1170 4698 esse
1195 4645 1376 4698 Omnia
1401 4659 1518 4714 qua
1572 4645 1752 4714 aliquo
1809 4645 1914 4700 flue

350 4737 692 4792 clauduntur.
725 4731 1005 4790 Labuntur
1028 4734 1173 4787 enim
1213 4744 1454 4803 tempora
1490 4749 1504 4788 :
1535 4745 1590 4788 et
1639 4735 1913 4802 prarterita

350 4827 727 4896 relinquentia,
753 4827 818 4880 ad
848 4827 1028 4880 futura
1062 4825 1341 4880 festinant.
1398 4827 1503 4881 Sed
1564 4836 1618 4880 ct
1659 4827 1914 4882 Dominus

350 4922 444 4973 scit
469 4919 806 4990 cogitationes
833 4919 1120 4984 hominum,
1152 4919 1400 4988 quoniam
1429 4935 1575 4972 vana:
1596 4930 1738 4973 sunt.
1757 4920 1915 4973 Cunt-

348 5026 455 5081 que
475 5013 656 5065 omnia
689 5010 1044 5079 cogitaverint
1068 5025 1166 5079 per
1199 5010 1416 5079 triginta
1457 5024 1648 5070 annos,
1681 5025 1784 5062 una
1837 5009 1917 5062 fel

351 5104 686 5160 briciuncula
720 5104 888 5168 venit,
919 5113 975 5159 et
1001 5103 1136 5159 tollit
1187 5119 1377 5158 omnes
1424 5103 1782 5174 cogitationes
1821 5119 1912 5158 eo-

354 5212 498 5250 rum.
525 5195 658 5250 Nam
688 5197 830 5251 sicut
861 5209 1023 5251 mane
1045 5197 1225 5251 virens
1253 5195 1417 5250 herba
1445 5206 1496 5249 et
1539 5195 1736 5253 florens
1765 5195 1916 5248 dele-

352 5295 462 5339 ctat
488 5287 508 5315 ¹
537 5287 721 5341 oculos
765 5285 1264 5356 contemplantimn,
1293 5286 1656 5356 paulatimque
1715 5303 1918 5342 marce-

353 5391 532 5442 scens,
581 5376 1036 5445 pulchritudinem
1097 5379 1294 5446 perdit,
1328 5388 1382 5431 et
1438 5379 1489 5431 in
1536 5377 1718 5432 fcitum
1775 5383 1915 5449 quod

353 5646 366 5660 .
428 5578 580 5660 *μιῇ
605 5579 727 5660 libri
759 5582 982 5660 addunt,
1015 5601 1032 5633 ι
1061 5583 1395 5660 Quantorum
1426 5591 1634 5650 sperata
1664 5587 1916 5657 pudicitia

351 5649 722 5721 in_di_e_judicii
754 5651 820 5704 de
849 5653 1244 5717 honestatibus,
1274 5649 1619 5721 quantorum,
1655 5649 1678 5708 ἰ
1706 5669 1810 5712 etc.

352 5715 602 5858 ῃίιιῑιυε
633 5721 830 5838 Ιιείικειιι
856 5721 966 5788 alii,
1001 5738 1019 5772 ι
1059 5722 1120 5776 Et
1155 5715 1268 5776 suis
1294 5715 1517 5780 floribus
1548 5715 1780 5782 vernans
1818 5729 1902 5783 de-

410 5799 434 5837 ε
461 5801 490 5836 a
520 5822 535 5848 ,
585 5805 605 5838 ο
649 5801 678 5840 e
707 5804 754 5842 c.

520 5822 535 5848 ς
585 5822 604 5838 1
649 5822 754 5842 νιν.

2010 586 2101 632 nat
2134 579 2186 631 in
2221 579 2475 646 parvulis,
2508 581 2661 633 floret
2694 581 2746 634 in
2775 579 3086 650 juvenibus,
3123 583 3263 651 viget
3324 584 3376 638 iu
3448 598 3577 652 per-

2006 669 2158 723 fectu:
2182 672 2354 723 {etatis
2387 672 2534 734 viris,
2573 680 2625 724 et
2657 681 2881 740 repente
2913 673 3036 726 dum
3064 677 3320 740 seneScit,
3349 676 3576 730 inrane-

2005 762 2102 816 scit
2127 771 2304 830 caput,
2341 772 2564 830 rogatur
2605 761 2795 828 facies,
2831 764 2970 820 cutis
3001 766 3150 834 prlus
3188 775 3410 820 extensa
3444 779 3578 820 con-

2007 854 2258 908 trahitur.

2077 939 2189 1001 lioc
2221 946 2385 1000 etiam
2417 947 2647 1018 languor
2672 941 2800 1003 facit
2835 950 2891 1003 et
2938 948 3137 1011 inedia,
3163 958 3220 1002 ut
3255 949 3440 1004 vultus
3465 948 3578 1019 pri-

2007 1054 2093 1090 mo
2127 1039 2540 1108 pulcherrimus,
2579 1041 2642 1094 ad
2671 1049 2871 1095 tantam
2893 1033 3136 1096 transeat
3182 1039 3478 1096 fteditatem
3510 1041 3575 1099 ἐ

2007 1143 2186 1185 ι.ιιιιυη
2225 1135 2313 1197 qui
2345 1132 2586 1199 quotidie
2627 1133 2946 1187 recordatur
2992 1147 3050 1187 se
3080 1147 3201 1188 esse
3233 1133 3575 1198 moriturum,

2006 1227 2300 1278 contemnit
2327 1225 2630 1292 prtcscntia,
2662 1235 2712 1280 et
2731 1227 2796 1279 ad
2821 1225 2995 1279 futura
3017 1224 3254 1279 festinat.
3281 1223 3384 1279 Sed
3406 1238 3580 1294 quan-

2008 1325 2061 1369 to
2091 1317 2142 1370 in
2171 1317 2272 1370 hoc
2303 1317 2504 1371 steculo
2555 1317 3049 1386 persecutionibus,
3088 1325 3432 1387 paupertate,
3472 1315 3578 1369 ini-

2007 1412 2268 1464 micorum
2295 1411 2556 1478 potentia,
2587 1409 2668 1464 vel
2697 1413 3009 1466 morborum
3053 1408 3384 1465 cruciatibus
3410 1408 3580 1464 lucri.

2007 1516 2127 1554 mus
2163 1501 2347 1554 amicti
2384 1518 2398 1555 :
2435 1510 2585 1556 tanto
2615 1511 2735 1570 post
2789 1502 3240 1556 resurrectionem
3288 1501 3346 1554 in
3396 1499 3578 1555 futuro

2009 1593 2208 1662 majora
2236 1594 2458 1664 prtemia
2489 1609 2902 1664 consequemur.
2950 1593 3196 1664 lgiturin
3245 1593 3332 1648 die
3383 1592 3576 1664 iudicii

2009 1698 2236 1739 securus
2271 1684 2592 1752 invenietur,
2615 1687 2660 1741 si
2702 1686 2851 1740 nulla
2885 1683 2978 1740 Dei
3028 1684 3230 1740 oﬂensa‘
3255 1684 3575 1754 reperiatur.

2015 1775 2087 1830 De
2114 1777 2198 1830 his
2230 1791 2358 1846 ergo
2382 1786 2585 1831 tantum
2614 1777 3034 1832 sollicitudinem
3060 1777 3258 1850 habere
3277 1775 3576 1842 debemus;

2008 1869 2249 1924 ambiant
2277 1876 2489 1924 terrena
2525 1869 2772 1937 gentiles,
2806 1867 3001 1938 quibus
3031 1868 3269 1924 caalestia
3322 1883 3428 1922 non
3482 1868 3579 1922 de-

2007 1959 2222 2012 bentur.
2253 1959 2655 2029 Concupiscant
2709 1959 3018 2030 praesentia,
3081 1959 3173 2029 qui
3237 1956 3420 2012 futura
3467 1957 3578 2012 noti

2008 2048 2260 2106 credunt.

2567 2147 2794 2218 CAPUT
2817 2136 3011 2218 xxni.

2011 2279 2084 2334 De
2115 2279 2304 2335 virtute
2336 2277 2654 2334 humilitatis
2715 2288 2764 2332 et
2807 2279 3179 2346 simplicitatis,
3234 2293 3299 2330 ac
3359 2270 3579 2330 tumenti

2561 2348 2740 2402 animo
2782 2350 3015 2405 uitanda.

2077 2463 2221 2518 Cave
2246 2475 2313 2518 ne
2342 2462 2684 2518 rumusculos
2709 2462 2986 2516 hominum
3016 2460 3326 2531 aucuperis,
3377 2473 3453 2516 ne
3495 2456 3582 2513 of-

2005 2557 2212 2611 fensam
2235 2555 2328 2609 Dei
2363 2554 2680 2624 populorqu
2713 2552 2873 2608 laude
2904 2560 3229 2607 commutes.
3255 2552 3360 2606 Per
3383 2555 3578 2605 bonam

2003 2659 2058 2702 et
2098 2647 2300 2720 malam
2326 2646 2548 2709 famam,
2585 2663 2614 2699 a
2647 2646 2852 2700 dextris
2907 2655 2960 2700 et
3005 2658 3036 2697 a
3079 2643 3318 2700 sinistris
3367 2641 3576 2698 Christi

2005 2745 2160 2800 miles
2184 2743 2448 2813 graditur,
2484 2756 2581 2795 nec
2610 2741 2768 2796 laude
2809 2740 3108 2805 extollitur,
3141 2755 3240 2795 nec
3299 2739 3578 2809 vitupera-

2003 2835 2152 2890 tione
2179 2833 2494 2902 frangitur;
2531 2847 2636 2884 non
2680 2832 2884 2886 divitiis
2910 2841 3101 2896 tumet,
3143 2844 3252 2886 non
3301 2831 3580 2886 contrahi-

2007 2936 2096 2980 tur
2126 2931 2470 2995 paupertate,
2493 2934 2548 2977 et
2577 2925 2694 2977 lwla
2744 2924 3046 2979 contemnit
3107 2933 3162 2979 et
3205 2923 3405 2980 tris’tia.
3439 2920 3577 2976 Nam

1997 3016 2130 3087 justi
2161 3026 2214 3071 et
2235 3017 2391 3070 fortis
2442 3017 2541 3068 viri
2606 3025 2714 3080 est,
2766 3031 2867 3070 nec
2918 3017 3168 3070 adversis
3225 3013 3423 3083 frangi,
3476 3027 3578 3068 nec

2010 3110 2285 3178 presperis
2313 3107 2604 3171 sublevari,
2659 3107 2752 3161 sed
2787 3107 2840 3159 in
2892 3116 3122 3173 utroque
3177 3120 3300 3162 esse
3331 3105 3589 3160 modera-

2015 3209 2148 3254 tum.
2184 3199 2319 3254 Nolo
2337 3209 2390 3253 te
2416 3214 2576 3253 orare
2607 3199 2659 3252 iu
2685 3198 2898 3268 angulis
2928 3199 3251 3266 platearum,
3283 3211 3354 3253 ne
3369 3205 3580 3252 rectum

2013 3289 2116 3344 iter
2149 3303 2371 3358 precum
2411 3299 2624 3343 tuarum
2660 3288 2877 3355 frangat
2932 3302 3066 3343 aura
3109 3288 3407 3358 popularis.
3442 3285 3584 3342 Nolo

2015 3391 2066 3434 te
2093 3380 2320 3434 dilatare
2346 3379 2608 3445 fimbrias,
2644 3387 2700 3433 et
2718 3379 2950 3433 ostentui
2982 3380 3181 3434 habere
3203 3379 3582 3449 pbylacterla;

2011 3482 2066 3528 et
2103 3471 2440 3528 conscientia
2497 3479 2864 3541 repugnante,
2923 3472 3239 3526 Pharisaica
3275 3472 3580 3549 ambitione

2013 3563 2360 3619 circumdari.

2084 3654 2283 3710 Fidelis
2307 3667 2518 3708 mecum
2555 3655 2726 3709 lector
2763 3654 3018 3725 intelligis
3071 3653 3199 3724 quid
3257 3662 3485 3719 taceam,
3525 3653 3583 3708 e't

2012 3749 2140 3816 quid
2169 3747 2398 3801 tacendo
2425 3747 2590 3818 uiagis
2615 3747 2826 3816 tequar.
2858 3749 3074 3814 Quanto
3102 3747 3294 3801 melius
3322 3755 3438 3800 erat
3465 3745 3584 3805 haec

2015 3841 2065 3894 iu
2095 3841 2257 3894 corde
2283 3848 2521 3910 portare,
2556 3853 2717 3909 quam
2742 3840 2796 3894 in
2835 3853 3082 3910 corpore,
3106 3851 3161 3896 et
3189 3840 3351 3894 Deum
3383 3838 3584 3892 habere

2013 3931 2302 3996 fautorem,
2337 3943 2443 3986 non
2491 3940 2744 3999 aspectus
2801 3931 3112 3986 hominuml
3147 3930 3407 3996 Quamvis
3433 3929 3580 3982 enim

2013 4023 2133 4076 aliis
2190 4022 2338 4076 vitiis
2390 4035 2580 4075 carere
2646 4035 2952 4090 possumus,
3010 4021 3356 4091 hypocriseos'
3401 4028 3585 4072 tamen

2017 4112 2281 4167 maculam
2307 4126 2412 4165 non
2448 4111 2672 4176 habere,
2704 4121 2798 4164 aut
2826 4110 3120 4178 nullorum,”
3155 4121 3248 4164 aut
3277 4111 3577 4180 paucorum

2014 4216 2116 4260 est.
2156 4203 2264 4258 Sed
2295 4204 2437 4258 sicut
2463 4203 2807 4273 deprecantis
2843 4203 3112 4257 humilitas
3163 4215 3401 4258 meretur
3445 4219 3582 4272 pra:-

2016 4297 2146 4359 mia,
2180 4297 2252 4349 ita
2282 4296 2535 4365 superbia
2599 4295 2929 4350 confidentis
2954 4296 2972 4368 [
2997 4297 3088 4349 Αι.
3123 4293 3586 4365 contemnentis],-

2016 4385 2106 4440 Dei
2138 4387 2340 4441 auxilio
2366 4389 2655 4442 deseritur.
2720 4385 2799 4441 Tu
2849 4397 3048 4453 autem,
3107 4385 3297 4452 frater,
3358 4386 3585 4438 inferius

1943 4479 2300 4566 Daccumbe,
2358 4490 2435 4541 ut,
2501 4482 2712 4532 minore
2769 4480 3033 4540 veniente,
3092 4493 3304 4531 sursum
3341 4477 3584 4548 jubearis

2015 4573 2309 4625 ascendere
2333 4587 2348 4625 :
2370 4569 2538 4638 Super
2559 4586 2710 4640 quem
2727 4571 2884 4632 enim,
2906 4570 2980 4622 ait
3005 4569 3278 4633 Dominus,
3301 4573 3587 4636 requiescet

2014 4664 2230 4732 spiritus
2261 4679 2422 4727 meus,
2457 4664 2560 4716 nisi
2581 4679 2736 4725 super
2787 4663 3035 4718 humilem
3059 4671 3107 4715 et
3127 4664 3358 4731 quietura
3385 4667 3430 4714 et
3475 4672 3583 4712 tre-

2015 4765 2238 4809 mentem
2277 4755 2430 4809 verba
2459 4772 2570 4809 mea
2599 4754 2742 4824 (lsa.
2773 4771 2920 4820 un,
2953 4754 3053 4825 2)?

2092 4847 2197 4902 Sed
2230 4849 2312 4901 vis
2337 4849 2477 4902 scire
2507 4848 2697 4917 quales
2744 4855 2970 4902 ornatus
3029 4847 3287 4903 Dominus
3328 4856 3534 4918 quaerat
3560 4847 3586 4900 ἲ

2015 4939 2204 4994 Habeo
2253 4941 2616 5009 prudentiam,
2664 4941 2954 5008 justitiam,
3009 4945 3450 5010 temperantiam,
3475 4940 3592 4992 I‘or—

2018 5033 2318 5086 titudiuem.
2357 5032 2452 5086 liis
2493 5031 2666 5100 plagis
2708 5031 2829 5087 cmli
2878 5030 3180 5096 includere,
3205 5031 3318 5086 hac
3345 5040 3396 5085 te
3445 5045 3586 5100 qua-

2017 5125 2187 5192 driga,
2222 5124 2367 5178 velut
2416 5125 2662 5194 aurigam
2709 5123 2909 5178 Christi
2937 5165 2952 5190 ,
2994 5124 3061 5178 ad
3114 5134 3314 5178 metam
3367 5123 3584 5179 concita

2018 5216 2178 5271 ferat.
2207 5215 2350 5270 Nihil
2381 5215 2482 5270 hoc
2511 5216 2694 5271 monili
2747 5217 3058 5286 pretiosius,
3093 5217 3226 5271 nihil
3286 5219 3388 5272 hac
3437 5231 3588 5286 gem-

2019 5320 2228 5359 marum
2259 5307 2516 5360 varietate
2545 5306 2854 5360 distinctius
2883 5321 2898 5372 ;
2927 5321 2991 5360 ex
3021 5307 3169 5360 omni
3204 5318 3357 5376 parte
3398 5306 3586 5362 decori

2018 5405 2070 5448 et
2098 5407 2420 5450 ornamento
2446 5395 2466 5426 ⁸
2492 5397 2585 5450 tibi
2621 5398 2794 5452 sintet
2832 5397 3104 5453 tutamini.
3131 5396 3584 5469 Philosophorum

2021 5592 2034 5606 °
2091 5601 2113 5634 ³
2144 5601 2489 5665 Adduntalii,
2529 5620 2546 5652 ε
2579 5603 2650 5658 Ut
2681 5617 2838 5656 arnor
2867 5604 2919 5656 in
2952 5603 3134 5657 odium
3162 5613 3582 5661 commutemus

2090 5671 2112 5701 ⁸
2145 5670 2298 5737 Apud
2322 5671 2598 5752 ltubeum,
2622 5684 2784 5742 atque
2804 5673 2958 5752 alios,
2987 5673 3294 5742 Deeoraris,
3322 5673 3602 5748 cinguis.‘

2021 5751 2185 5812 atque
2217 5749 2537 5816 protegeris,
2573 5752 2628 5798 et
2653 5751 2995 5812 ornamento,
3035 5760 3054 5794 ο
3086 5751 3196 5800 etc.
