3956 6196
1653 169 1756 186 ’.καθ’
1782 169 1804 176 ηδ
1834 168 1842 171 “

305 320 426 383 389

1477 306 1790 368 REGULA
1846 305 1897 365 Μ
1911 301 2416 365 ONACHORUM.

3468 298 3580 364 390

298 428 580 485 sententia
615 435 700 481 est
729 423 834 481 sibi
865 423 1074 479 haerere
1125 419 1378 485 virtutes,
1411 425 1468 474 et
1509 418 1738 488 apostoli
1795 414 1887 470 Ja-
1921 423 1966 478 Α
1995 423 2192 484 potest,
2225 423 2418 466 mstuat
2450 411 2593 467 cibo.
2632 409 2730 467 His
2776 411 3018 482 quotidie
3055 409 3298 482 psalmus
3327 409 3417 466 ille
3440 426 3575 466 cau-

297 523 453 585 cobi,
490 519 575 574 cui
603 533 709 572 una
742 515 1001 578 defuerit,
1033 527 1224 568 omnes
1255 513 1468 566 deesse.
1496 509 1562 564 Et
1588 510 1728 564 sicut
1752 524 1890 577 qua-

299 627 434 668 tnor
461 620 588 667 sunt
619 610 848 663 virtutes
877 606 920 672 ⁸,
949 604 1146 676 quibus
1183 616 1494 672 pugnamus
1532 609 1586 655 et
1615 601 1848 667 tegimur
1871 615 1892 661 :_

300 708 392 760 sic
422 714 659 775 quatuor
687 700 816 755 vitia
839 707 989 763 sunt,
1026 697 1225 768 quibus
1256 699 1322 750 ab
1350 696 1506 750 hoste
1531 693 1888 764 percutimur,

299 800 564 863 stultitia,
617 794 903 863 iniquitas,
959 791 1194 857 luxuria,
1230 789 1464 845 formido
1495 805 1512 854 ;
1543 787 1638 843 sed
1685 785 1890 840 malitia

303 895 474 946 tinem
511 905 618 944 non
649 889 835 944 habet.
865 887 1124 958 Cognata:
1166 898 1386 954 quoque
1412 882 1515 938 sibi
1561 889 1690 937 sunt
1718 881 1891 935 virtu-

306 999 414 1048 tes,
463 982 729 1038 rectitudo
760 991 814 1036 et
837 979 1184 1048 simplicitas,
1231 991 1331 1030 nec
1369 975 1438 1030 ab
1467 973 1704 1029 invicem
1735 987 1896 1043 sepa-.

303 1079 418 1131 rari
457 1085 684 1145 queunt.
713 1074 958 1144 Simplex
998 1079 1053 1127 et
1107 1069 1330 1124 humilis
1386 1076 1444 1124 et
1500 1067 1738 1123 rusticus
1793 1065 1888 1136 qui

301 1183 508 1220 arcana
552 1166 835 1236 sapientiae
861 1159 1329 1233 comprehendere
1373 1161 1580 1229 nequit,
1619 1160 1663 1214 si
1706 1168 1885 1214 tamen
1920 1207 1924 1213 .

301 1264 614 1328 sapientum
650 1256 895 1328 exempla
945 1253 1180 1310 vivendo
1235 1260 1516 1319 sectetur,
1564 1251 1689 1322 jure
1747 1252 1890 1305 inter

301 1352 586 1420 Sapientes
620 1345 1128 1403 connumerahitur.
1158 1343 1351 1398 Melius
1392 1353 1476 1398 est
1522 1343 1667 1398 enim
1719 1355 1886 1412 parva

304 1443 450 1493 bona
481 1455 604 1492 cum
633 1439 895 1492 charitate
924 1433 1103 1490 facere
1137 1435 1257 1489 sine
1298 1434 1550 1494 scientia,
1578 1447 1739 1501 quam
1774 1445 1890 1485 ma-

299 1538 429 1600 guis
454 1531 710 1600 eﬂulgere
745 1530 1038 1582 virtutibus
1065 1517 1186 1582 cum
1220 1526 1549 1580 admistione
1573 1523 1884 1578 discordiae.

305 1623 537 1676 Excelsa
574 1635 807 1688 namque
833 1619 1198 1690 periculosius
1249 1625 1416 1683 stant,
1441 1627 1496 1672 et
1550 1615 1714 1670 cilius
1759 1630 1888 1670 cor-

303 1722 470 1766 ruunt
495 1726 615 1780 quae
644 1709 894 1764 sublimia
928 1708 1088 1762 'sunt.

1995 513 2140 557 tatur
2171 519 2188 557 :
2222 503 2361 556 Deus
2382 505 2655 570 dissipavit
2681 520 2803 558 ossa
2827 507 3098 558 hominum
3131 505 3229 558 sibi
3257 502 3575 572 placentium

1995 593 2164 664 (Psal.
2198 609 2296 659 LII,
2332 595 2407 665 6).
2442 593 2745 650 'I‘ristitiam
2794 596 3074 661 simulant,
3106 605 3160 651 et
3217 595 3370 665 quasi
3420 595 3577 665 longa

1985 684 2193 757 jejunia
2249 687 2468 742 furtivis
2504 687 2748 741 noctium
2804 688 2942 742 cibis
2995 688 3367 756 protrahunt.
3405 686 3578 741 Pudet

2001 779 2208 848 reliqua
2239 779 2440 844 dicere,
2477 797 2543 834 ne
2566 781 2750 834 videar
2798 782 2976 848 potius
3015 780 3195 834 invehi
3252 795 3414 849 quam
3457 795 3576 834 mo-

1992 885 2142 925 nere.
2169 869 2359 924 Omnia
2393 873 2504 925 haec
2541 883 2861 942 argumenta
2907 880 3037 926 sunt
3068 872 3292 926 diaboli.

2066 960 2281 1014 Imitare
2299 961 2464 1030 igitur
2495 976 2617 1016 eum
2637 963 2840 1031 potius,
2865 961 3021 1032 cujus
3047 962 3218 1031 pallor
3239 977 3305 1015 ex
3327 960 3578 1030 jejuniis,

1990 1049 2352 1121 eleemosynae
2382 1053 2435 1106 in
2468 1067 2756 1122 pauperes,
2787 1055 3108 1123 obsequium
3140 1055 3192 1108 iu
3221 1069 3413 1110 servos
3457 1055 3574 1120 Dei,

1991 1143 2270 1196 humilitas
2297 1154 2351 1196 et
2380 1145 2563 1199 cordis
2591 1156 2643 1198 et
2675 1147 2932 1210 vestium,
2965 1160 3029 1200 ac
3057 1146 3109 1200 in
3137 1145 3350 1200 cunctis
3392 1160 3577 1200 sermo

1994 1234 2329 1288 moderatus.
2361 1233 2538 1288 Trade
2560 1251 2776 1304 quoque
2834 1247 2886 1291 te
2935 1237 3034 1300 itii,
3095 1238 3253 1306 cujus
3303 1251 3485 1291 sermo
3524 1247 3579 1290 et

1991 1320 2209 1377 habitus
2249 1335 2304 1377 et
2358 1325 2645 1390 incessus,
2681 1325 2930 1380 doctrina
2975 1328 3236 1382 virtutum
3296 1339 3400 1382 est.
3454 1326 3573 1383 Non

1990 1414 2371 1468 cothurnatum
2399 1416 2619 1470 affectes
2646 1416 3016 1486 eloquentiam
3044 1435 3058 1471 :
3089 1435 3185 1472 nec
3204 1434 3355 1473 more
3379 1433 3578 1489 puero-

1993 1517 2133 1568 rum,
2169 1517 2394 1572 argutas
2420 1510 2777 1563 sententiolas
2807 1509 2859 1562 in
2883 1509 3142 1564 clausulis
3192 1521 3393 1564 strues.

2067 1597 2192 1652 Hwe
2215 1601 2532 1666 praeteriens
2553 1602 2726 1669 tetigi,
2757 1612 2814 1654 ut
2845 1602 3077 1657 eruditis
3115 1613 3408 1658 contentus
3428 1605 3576 1659 auri-

1991 1692 2113 1756 bus,
2143 1707 2256 1747 non
2295 1707 2630 1762 itiagnopere
2655 1710 2817 1749 cures
2841 1695 2970 1763 quid
2995 1698 3370 1764 imperitorum
3401 1699 3466 1751 de
3487 1698 3572 1752 in-

380 1805 487 1858 Sed
512 1769 860 1872 .perspicuum
905 1811 989 1856 est
1017 1813 1231 1852 omnem
1278 1807 1604 1862 creamram,
1633 1797 1883 1868 quamvis
1918 1769 1960 1826 Β
1989 1785 2150 1854 genio
2208 1795 2302 1838 tuo
2347 1788 2648 1841 rumusculi
2702 1787 2981 1856 jactitent,
3036 1791 3132 1844 sed
3184 1791 3574 1860 prOplietarum

303 1894 375 1949 ad
393 1893 779 1964 perfectionem
811 1890 1043 1952 venerit,
1071 1898 1248 1944 tamen
1285 1889 1528 1956 indigere
1571 1887 1885 1940 misericor-

304 1987 397 2038 dia
431 1985 543 2046 Dei,
569 1992 623 2036 et
649 1983 860 2053 plenam
893 1980 1279 2050 perfectionem
1307 1993 1371 2032 ex
1413 1979 1587 2046 gratia
1623 1977 1742 2041 Dei,
1776 1994 1882 2032 non

304 2091 374 2130 ex
401 2075 594 2128 merito
621 2075 920 2144 possidere.
949 2071 1095 2126 Nihil
1130 2069 1210 2124 sic
1240 2069 1416 2138 placet
1441 2069 1549 2123 Deo
1584 2070 1724 2122 sicut
1749 2069 1885 2124 sim-

307 2170 524 2237 plicitas
569 2177 626 2222 et
696 2165 1022 2220 innocentia.
1071 2161 1228 2217 Unde
1265 2161 1502 2230 Spiritus
1546 2171 1771 2216 sanctus
1829 2161 1882 2214 in

308 2259 620 2314 volatilibus
649 2273 753 2312 non
781 2257 1052 2328 apparuit,
1083 2255 1188 2308 nisi
1220 2254 1273 2308 in
1307 2253 1559 2308 columba
1585 2290 1602 2315 ,
1659 2263 1885 2322 propter

305 2348 843 2418 simplicitatem;in
900 2345 1342 2416 quadrupedibus
1399 2347 1451 2398 in
1509 2341 1888 2413 ove,proptcr

313 2442 805 2498 mansuetudinem.
859 2439 994 2495 Illud
1055 2451 1274 2508 quoque
1307 2437 1402 2492 tibi
1461 2437 1744 2492 vitandum
1802 2443 1888 2490 est

309 2535 546 2600 cautius,
583 2549 650 2587 ne
673 2547 826 2586 vanae
853 2532 1042 2602 gloria;
1073 2532 1273 2586 ardore
1305 2529 1560 2598 capiaris.
1587 2529 1720 2584 Cum
1749 2527 1886 2582 facis

308 2623 737 2693 eleemosynam,
766 2622 909 2678 Deus
939 2623 1089 2678 solus
1113 2621 1314 2676 videat.
1339 2622 1474 2674 Cum
1499 2619 1742 2690 jejunus,
1765 2619 1884 2672 lzeta

311 2715 386 2769 sit
426 2712 592 2769 facies
619 2723 731 2780 tua,
764 2728 832 2768 ne
869 2714 936 2766 ad
971 2722 1021 2767 te
1071 2712 1227 2766 obvia
1259 2712 1702 2781 praetereuntium
1730 2709 1886 2762 turba

312 2804 604 2871 consistat,
635 2813 688 2858 et
715 2804 881 2872 digito
914 2802 1329 2858 demonstreris.
1365 2800 1476 2856 Nec
1512 2803 1645 2856 satis
1672 2803 1888 2872 religio-

312 2914 411 2954 sus
442 2899 576 2952 velis
604 2898 801 2961 videri,
837 2910 940 2950 nec
982 2896 1104 2965 plus
1162 2893 1390 2950 humilis
1451 2909 1612 2963 quam
1665 2909 1888 2948 necesse

309 3000 396 3044 est
421 3006 440 3046 ;
465 3004 534 3044 ne
556 2989 784 3058 gloriam
811 2987 1086 3057 fugiendo,
1111 2999 1344 3056 quaeras.
1371 2985 1564 3041 Plures
1581 2985 1726 3040 enim
1752 3000 1885 3055 pau-

1986 1879 2226 1946 quotidie
2256 1878 2523 1933 medullas
2552 1880 2724 1933 bibas.
2755 1882 2908 1946 Quod
2934 1883 3148 1950 patricii
3184 1885 3401 1954 generis
3425 1884 3572 1938 inter

1989 1970 2435 2024 monachos-esse
2490 1972 2727 2038 C(Bpisti,
2758 1986 2872 2025 non
2918 1973 3013 2026 tibi
3070 1974 3140 2026 sit
3193 1975 3440 2040 tumoris,
3478 1977 3573 2028 sed

1989 2061 2310 2116 humilitatis
2333 2078 2410 2117 occ
2430 2064 2545 2116 asio
2565 2065 2619 2131 ’ς
2649 2075 2704 2117 ut
2732 2066 2962 2120 imiteris
2988 2064 3178 2120 Filium
3209 2066 3460 2131 hominis,
3483 2067 3578 2136 qui

1989 2169 2096 2207 non
2130 2158 2272 2209 venit
2309 2157 2628 2218 ministrari,
2662 2156 2756 2210 sed
2813 2157 3152 2212 ministrare.
3186 2156 3320 2211 Nam
3371 2169 3600 2227 quanto

1993 2244 2269 2309 humilior,
2305 2253 2458 2300 tanto
2510 2246 2797 2301 sublimior
2853 2264 2952 2302 es:
2993 2249 3135 2304 lucet
3190 2254 3481 2322 margarita
3515 2253 3572 2306 in

1989 2337 2262 2391 sordibus.
2307 2336 2802 2409 Quantumcunque
2831 2342 2977 2396 enim
3005 2352 3057 2396 te
3081 2343 3367 2413 dejeceris,
3395 2347 3574 2400 humi-

1991 2430 2092 2486 Iior
2124 2431 2343 2486 Christo
2376 2447 2481 2486 non
2511 2433 2644 2488 eris.
2675 2433 2804 2488 Ideo
2831 2449 3146 2505 quanquam
3211 2437 3342 2490 mihi
3375 2438 3573 2510 multu-

1991 2538 2107 2578 rutn
2139 2538 2259 2578 sum
2293 2525 2554 2579 conscius
2605 2524 2949 2590 delictorum,
2989 2536 3044 2580 et
3066 2529 3309 2596 quotidie
3341 2529 3396 2581 in
3447 2544 3576 2583 ora-

1992 2615 2137 2668 tione
2159 2614 2318 2669 ﬂexis
2347 2616 2595 2683 gentibus
2629 2615 2823 2684 loquar
2851 2632 2866 2669 ε
2891 2616 3096 2669 Delicta
3112 2618 3410 2686 juventutis
3441 2632 3572 2672 metu

1991 2721 2053 2758 ne
2087 2705 2405 2765 memineris,
2441 2705 2662 2758 Domine
2688 2703 2862 2776 (Psal.
2898 2722 3048 2772 xxiv,
3084 2706 3136 2769 7)
3173 2725 3186 2761 :
3224 2719 3403 2763 laiuen
3457 2707 3574 2782 [ΑΙ.

1990 2796 2160 2868 unde]
2211 2799 2394 2852 sciens
2439 2799 2638 2851 dictum
2667 2799 2734 2852 ab
2774 2799 3091 2868 Apostolo,.:
3127 2799 3210 2854 Ne
3256 2803 3471 2871 inﬂatus
3521 2804 3578 2858 in

1989 2888 2237 2958 superbia
2261 2889 2469 2943 incidas
2500 2888 2832 2958 injudicium
2865 2891 3066 2943 diaboli
3102 2889 3149 2962 (l
3176 2890 3312 2946 Tim.
3345 2907 3426 2956 ut,
3463 2892 3517 2962 7)
3555 2909 3571 2959 ;

1951 2997 1954 3000 '
1991 2989 2046 3034 et
2079 2980 2131 3033 iu
2178 2981 2288 3034 alio
2333 2982 2454 3035 loco
2514 2984 2774 3050 scriptum
2803 2999 2818 3038 :
2851 2979 3102 3052 Superbia
3145 2984 3287 3038 Deus
3351 2988 3575 3054 resistit,

311 3075 1045 3149 pertatis,misericordianac
1066 3076 1514 3147 jejuuiiarbitros
1532 3075 1885 3140 declinantes,
1914 3111 1960 3174 ϐ
1992 3071 2276 3174 liumilibus
2298 3163 2310 3174 θ
2337 3081 2513 3174 autem
2565 3073 2658 3126 dat
2704 3076 2934 3143 gratiam
2993 3073 3138 3144 (Jac.
3185 3092 3260 3139 iv,
3293 3077 3348 3146 6)
3382 3093 3400 3146 ;
3436 3078 3575 3134 nihil

311 3174 418 3226 hoc
439 3173 557 3241 ipso
579 3173 794 3238 placere
815 3169 1056 3237 cupiunt,
1081 3169 1225 3242 quod
1254 3170 1474 3240 placere
1495 3178 1886 3234 contemnunt:

311 3274 368 3318 et
399 3265 599 3318 mirum
632 3263 685 3316 in
722 3261 940 3318 modum
991 3262 1110 3317 laus
1167 3261 1292 3318 dum
1338 3261 1564 3326 vitatur,
1595 3263 1891 3330 appetitur.

311 3355 539 3410 (litteris
606 3354 1144 3423 perturbationibus,
1183 3354 1383 3424 quibus
1451 3369 1606 3408 mens
1657 3355 1894 3408 hominis

314 3447 514 3515 gaudet
537 3455 586 3499 et
611 3446 880 3515 regrescit,
913 3453 1096 3516 sperat
1125 3453 1179 3500 et
1207 3445 1438 3509 metuit,
1469 3445 1651 3514 plures
1679 3445 1894 3498 invenio

315 3547 628 3593 extraneos.
654 3533 768 3592 Hoc
791 3536 924 3592 vitio
953 3535 1115 3604 pauci
1146 3535 1440 3590 admodum
1466 3541 1596 3588 sunt
1655 3535 1745 3604 qui
1795 3548 1892 3587 ca-

315 3627 547 3681 ruerint.

382 3717 552 3789 Igitur
605 3732 711 3772 non
753 3731 965 3787 quaeras
1032 3716 1394 3788 gloriam;et
1449 3731 1571 3769 cum
1632 3715 1894 3784 inglorius

313 3812 508 3876 fueris,
544 3829 654 3866 non
701 3812 935 3865 dolebis.
969 3807 1074 3876 Qui
1127 3810 1274 3864 enim
1338 3809 1503 3864 verba
1557 3809 1892 3878 increpantis

318 3906 597 3961 humiliter
654 3905 866 3974 recipit,
895 3903 1008 3974 jam
1055 3906 1415 3972 propinquam
1461 3902 1627 3957 habet
1679 3905 1890 3957 veniant

317 4010 508 4054 reatus
568 4012 726 4065 quem
787 3998 995 4065 gessit.
1029 3993 1263 4050 Gravius
1295 4003 1379 4048 est
1425 3996 1570 4050 enim
1633 3996 1895 4064 perlicere

315 4092 543 4154 malum,
570 4103 730 4158 quam
755 4087 954 4142 facere.
989 4085 1106 4142 Non
1136 4099 1220 4142 est
1257 4095 1630 4140 tamentanta:
1675 4087 1893 4139 virtutis

313 4187 380 4236 ab
405 4183 532 4236 aliis
558 4183 756 4236 factam
800 4181 1061 4252 iujurism
1114 4180 1410 4244 sustinere,
1446 4189 1662 4247 quanta
1709 4180 1896 4248 gratia:

315 4275 532 4328 Domini
561 4285 666 4340 est,
703 4275 886 4328 mitem
912 4281 1074 4342 atque
1106 4271 1457 4341 tranquillum
1501 4271 1759 4340 injuriam
1812 4271 1890 4324 Ia-

315 4382 442 4420 cere
483 4382 590 4421 non
620 4380 799 4436 posse.
839 4365 1026 4436 Neque
1056 4379 1187 4422 vero
1212 4373 1265 4420 te
1298 4378 1510 4433 moneo,
1544 4379 1612 4419 ne
1658 4365 1724 4419 de
1755 4363 1896 4418 divi-

1994 3162 2068 3217 ita
2101 3176 2132 3215 a
2161 3163 2391 3230 pueritia
2419 3162 2590 3217 vitare
2623 3175 2849 3218 conatus
2899 3179 3042 3230 sum,
3069 3179 3232 3235 quam
3279 3177 3577 3222 tumentem

1993 3255 2236 3308 animum
2269 3265 2325 3311 et
2354 3265 2594 3310 erectam
2627 3257 2920 3320 cervicem,
2947 3257 3040 3313 Dei
3096 3268 3288 3312 contra
3335 3274 3395 3314 se
3448 3259 3578 3315 odia

1993 3361 2406 3415 provocantem.
2443 3348 2579 3403 Novi
2615 3351 2760 3404 enim
2826 3351 3147 3420 magistrum
3185 3351 3473 3408 Dominum
3525 3367 3581 3409 et

1994 3438 2166 3495 Deum
2197 3457 2374 3496 meum
2409 3443 2464 3496 in
2505 3445 2688 3498 carnis
2740 3444 3103 3499 humilitatem
3164 3445 3368 3502 dixisse
3403 3462 3418 3503 :
3486 3446 3583 3501 Di-

1995 3533 2128 3586 scite
2165 3549 2198 3586 a
2229 3549 2330 3598 me,
2367 3537 2489 3602 quia
2515 3537 2658 3590 mitis
2688 3553 2804 3589 sum
2837 3545 2886 3590 et
2927 3537 3142 3590 humilis
3169 3538 3324 3592 sorde
3366 3539 3578 3608 (Matth.

1993 3642 2074 3690 xl,
2112 3627 2225 3696 ‘29).
2261 3627 2326 3682 Et
2365 3640 2495 3682 ante
2525 3646 2621 3698 per
2645 3646 2708 3684 os
2745 3631 2912 3684 David
2961 3633 3266 3687 cecinisse:
3299 3631 3578 3700 Memento,

2003 3717 2242 3784 Domine,
2277 3717 2474 3783 David,
2499 3728 2549 3772 et
2580 3723 2750 3773 omnis
2783 3725 3207 3774 mansuetudinis
3239 3723 3352 3790 ejus
3404 3723 3577 3793 (Psal.

1995 3826 2176 3877 cxxxt,
2213 3815 2290 3882 I).
2331 3813 2395 3866 Et
2425 3815 2478 3866 in
2528 3814 2637 3866 alio
2689 3814 2810 3867 loco
2852 3813 3081 3884 legimus
3112 3830 3127 3867 :
3156 3815 3293 3866 Ante
3347 3815 3577 3883 gloriam

1996 3903 2314 3958 humiliatur
2348 3922 2440 3958 cor
2469 3908 2566 3960 viri
2592 3921 2610 3959 :
2641 3915 2688 3958 et
2719 3915 2844 3960 ante
2867 3908 3077 3960 ruinam
3130 3906 3364 3961 elevatur
3393 3908 3574 3978 (Prov.

1997 4011 2110 4064 xvr,
2157 3997 2260 4068 I8).
2295 3997 2438 4051 ΝιΙιὶΙ
2471 3999 2640 4062 enim,
2666 4008 2726 4052 ut
2757 4001 2950 4054 crebro
2983 4001 3238 4066 diximus,
3273 4011 3380 4053 tam
3423 4002 3574 4070 peri-

1997 4088 2242 4143 culosum
2277 4099 2381 4155 est,
2409 4107 2570 4160 quam
2612 4092 2796 4162 gloriae
2823 4091 3094 4159 cupiditas
3129 4102 3182 4145 et
3233 4091 3497 4160 jactautia
3521 4101 3578 4174 et

2001 4192 2214 4237 tumens
2247 4185 2461 4238 animus
2519 4186 2848 4241 conscientia
2883 4187 3165 4240 virtutum.
3204 4184 3407 4240 Idcirco
3457 4185 3578 4257 plus

1997 4285 2083 4330 est
2113 4277 2355 4330 animum
2389 4278 2708 4347 deposuisse
2740 4294 2903 4349 quam
2928 4279 3154 4334 cultum.
3186 4277 3465 4334 Dillicilius
3490 4295 3582 4335 ar-

2002 4373 2268 4438 rogantia,
2293 4385 2454 4440 quam
2477 4387 2611 4426 auro
2639 4387 2889 4428 caremus
2914 4383 2967 4428 et
3003 4376 3251 4442 gemmis.
3279 4373 3363 4428 Nil
3397 4377 3579 4444 itaque

318 4465 409 4516 t.is
437 4464 708 4532 glorieris,
743 4476 810 4515 ne
839 4459 907 4515 de
955 4461 1172 4530 generis
1213 4458 1500 4513 nobilitate
1529 4465 1580 4512 te
1603 4455 1801 4526 jactcs,
1834 4471 1902 4510 ue
1933 4461 1978 4516 D
2006 4465 2228 4532 prodest
2269 4465 2374 4518 vile
2405 4465 2706 4532 palliolum,
2736 4465 2882 4520 fulva
2915 4467 3119 4531 tunica,
3154 4469 3402 4536 corporis
3451 4469 3577 4523 illu-

315 4565 367 4608 te
388 4555 604 4607 ueteris
627 4552 905 4620 praeferas.
954 4549 1079 4605 Scio
1140 4549 1498 4604 humilitatem
1553 4557 1742 4612 tuam;
1779 4549 1896 4601 scio

314 4663 377 4698 rx
409 4645 605 4698 allecto
623 4655 674 4698 te
701 4644 917 4699 dicere:
952 4642 1192 4706 Domine,
1229 4657 1332 4695 non
1361 4651 1436 4694 est
1463 4638 1754 4695 exaltatum
1804 4655 1896 4692 cor

315 4755 486 4791 meum
522 4753 542 4792 :
574 4752 733 4806 neque
763 4737 894 4790 elati
931 4745 1056 4789 sunt
1101 4735 1241 4789 oculi
1273 4733 1374 4788 mei
1415 4732 1588 4802 (Psal.
1615 4749 1777 4796 cxxs,
1813 4733 1892 4801 1).

313 4829 710 4884 Stultissimum
739 4829 939 4896 quippe
968 4835 1052 4881 est
1097 4827 1316 4891 docere,
1348 4825 1494 4894 quod
1532 4827 1748 4878 noverit
1805 4821 1894 4876 ille

312 4936 478 4991 quem
505 4921 724 4975 doceas.
755 4919 867 4974 Vox
894 4933 962 4973 ex
986 4917 1256 4972 industria
1287 4919 1446 4987 quasi
1479 4915 1723 4970 confecta
1751 4914 1893 4984 jeju-

313 5019 440 5079 uiis,
474 5012 651 5068 tenuis
679 5025 784 5066 non
814 5011 885 5065 sit
925 5017 982 5064 et
1035 5009 1315 5064 deﬁciens.
1358 5009 1496 5064 Sunt
1519 5009 1722 5078 quippe
1757 5022 1896 5061 uou-

315 5107 448 5160 nulli
481 5103 908 5158 exterminantes
931 5101 1101 5156 facies
1126 5115 1274 5168 suas,
1305 5109 1363 5154 ut
1389 5107 1686 5169 appareant
1719 5097 1893 5154 homi-

313 5203 480 5254 nibus
521 5196 832 5266 jejunautes
873 5195 1007 5264 ;qui
1057 5195 1241 5249 statim
1288 5208 1411 5248 cum
1461 5193 1695 5262 aliquem
1739 5191 1891 5246 vide.

313 5295 448 5356 rint,
475 5289 861 5358 ingemiscunt,
897 5286 1577 5355 demittuntsupercilium,
1617 5294 1674 5342 et
1701 5297 1890 5356 operta

311 5385 478 5445 facie,
521 5383 610 5436 vix
667 5381 902 5436 liberant
955 5395 1124 5434 unum
1182 5381 1404 5435 oculum
1451 5380 1518 5433 ad
1572 5381 1887 5434 videndum.

313 5477 500 5531 Vestis
534 5476 700 5544 pulla,
729 5474 1005 5546 cingulum
1049 5489 1328 5540 sacceum,
1359 5483 1413 5528 et
1442 5475 1678 5529 sordidis
1713 5475 1890 5529 mani-

308 5572 415 5624 bus
473 5566 836 5638 pedibusque,
899 5575 1089 5622 venter
1137 5565 1331 5630 solus,
1366 5566 1494 5637 quia
1550 5565 1725 5620 videri
1784 5581 1887 5620 non

381 5689 398 5718 ¹
426 5684 653 5749 Ibidem,
686 5701 708 5736 ι
745 5684 886 5739 Sunt
914 5690 1070 5739 scuta
1099 5683 1388 5752 virtutum,
1443 5683 1752 5755 prudentia,
1799 5683 1888 5755 ju-

306 5757 485 5826 stitia,
515 5755 893 5825 temperantia,
913 5755 1190 5812 fortitudo.
1225 5772 1246 5808 ι

2001 4555 2136 4620 vies,
2188 4555 2446 4610 simulata
2495 4568 2808 4626 paupertas,
2863 4557 2908 4612 si
2968 4559 3203 4613 nominis
3257 4559 3576 4628 dignitatem

1997 4647 2256 4716 Operibus
2285 4649 2532 4702 destruas
2571 4665 2584 4701 :
2624 4649 2667 4700 si
2709 4649 2850 4702 inter
2879 4649 3069 4704 sordes
3103 4658 3155 4703 et
3188 4651 3422 4720 inapiam
3447 4667 3579 4722 pee-

1999 4749 2118 4792 cata’
2154 4758 2258 4794 non
2293 4755 2509 4794 caveas.
2555 4741 2740 4796 Fidele
2779 4757 3014 4811 namque
3048 4743 3421 4797 testimonium
3473 4753 3578 4806 est,

1997 4834 2041 4886 si
2072 4847 2179 4886 non
2209 4833 2368 4888 habet
2395 4848 2589 4886 causas
2621 4834 2942 4888 mentiendi.
2983 4835 3080 4888 Cui
3114 4836 3259 4889 enim
3306 4835 3423 4903 plus
3457 4850 3578 4891 cre-

1997 4926 2170 4988 ditur,
2195 4927 2262 4980 ab
2291 4941 2356 4980 eo
2409 4927 2526 4994 plus
2580 4927 2832 4996 exigitur.
2887 4927 3155 5005 Potentes.
3176 4939 3412 4998 potenter
3470 4939 3578 4982 tor-

1997 5027 2170 5072 menta
2204 5021 2470 5085 patientur
2501 5017 2654 5086 (Sap.
2685 5019 2866 5089 v5.7).
2899 5018 3010 5075 Nec
3037 5021 3138 5075 sibi
3173 5022 3459 5090 quisquam
3509 5019 3578 5076 de

1996 5111 2242 5176 corporis
2294 5110 2674 5166 tantummodo
2725 5112 2982 5166 castitate
3049 5113 3397 5180 supplaudat,
3452 5127 3575 5166 cum

1996 5203 2160 5256 etiam
2195 5204 2502 5258 convicium
2560 5205 2612 5258 in
2660 5205 2886 5259 fratrem
2922 5203 3197 5260 homicidii
3258 5205 3329 5258 sit
3366 5211 3572 5259 reatus.

1993 5295 2152 5350 Cadit
2189 5296 2402 5366 quidem
2437 5297 2691 5361 mundus,
2727 5307 2781 5353 et
2837 5298 3022 5353 cervis
3067 5306 3245 5351 erecta
3305 5309 3414 5352 non
3473 5294 3574 5350 ﬂe-

1996 5393 2182 5444 ctitur.
2225 5389 2458 5446 Pereunt
2485 5393 2706 5456 divitiae,
2740 5407 3082 5464 nequaquam
3105 5402 3280 5446 cessat
3325 5390 3574 5447 avaritia.

1994 5483 2342 5553 Cougregare
2371 5499 2532 5554 quam
2582 5486 2735 5541 multi
2792 5488 3073 5553 festinant,
3111 5503 3230 5557 qua:
3267 5502 3458 5543 rursus
3507 5486 3577 5541 ab

1995 5577 2474 5649 aliis,occupentur
2495 5580 2510 5634 l

1990 5688 2218 5826 Νειλέιί
2237 5691 2486 5817 θέῗίειιιὶ
2523 5691 2723 5750 Filium
2754 5691 2853 5751 Dei
2876 5689 3080 5750 factum
3109 5690 3281 5750 hlium
3311 5689 3582 5754 hominis.
