3956 6196
357 375 454 438 391

922 481 1148 539 eaeor
1189 451 1357 534 axv.

458 579 534 633 De
558 576 854 630 humilitate
876 573 1095 637 Christi,
1137 589 1284 643 quem
1318 570 1519 624 imitari
1542 567 1803 621 debemus.

413 695 659 749 Christus
689 690 993 758 baptizatur
1021 702 1220 741 aservo
1243 686 1356 758 κει
1378 699 1405 736 a
1429 685 1536 737 Deo
1553 682 1722 737 Filius
1747 679 1930 749 appel-

342 790 528 850 latnr;
577 783 721 836 inter
773 781 1115 850 publicanos,
1164 777 1478 832 meretrices
1505 785 1558 828 et
1615 784 1928 843 peccatores

345 878 408 927 ad
441 877 715 929 lavacrum
751 871 929 933 venit,
959 878 1014 924 et
1033 867 1275 922 sanctior
1295 877 1377 919 est
1401 866 1632 933 baptista
1665 877 1764 916 suo
1793 879 1807 914 :
1835 860 1926 926 qui

349 970 414 1020 de
440 967 574 1020 coelo
607 964 752 1018 venit
803 966 856 1015 in
905 971 1147 1025 uterum,
1174 960 1242 1013 de
1289 957 1520 1010 nteroin
1572 968 1833 1023 praesepe,
1868 953 1932 1003 dc

347 1057 991 1129 pt-sesepeincrucem,de
1029 1067 1190 1105 cruce
1223 1052 1273 1103 in
1319 1049 1567 1115 sepulcro
1610 1048 1675 1101 ad
1707 1046 1933 1100 inferos.

351 1155 415 1205 de
443 1151 630 1204 inieris
659 1148 830 1201 victor
863 1145 1123 1198 remeavit
1163 1143 1230 1196 ad
1266 1141 1460 1195 ca-los.
1491 1139 1775 1191 Imitemur
1805 1150 1934 1198 ergo

351 1247 690 1295 Salvatorem
746 1249 990 1291 IIUSll‘tHll
1026 1253 1042 1300 ;
1077 1235 1200 1302 quia
1253 1235 1366 1300 ipse
1403 1231 1550 1284 mitis
1602 1238 1656 1282 ct
1711 1227 1934 1280 humilis

352 1344 554 1400 pastor,
587 1345 757 1401 agnus
797 1339 850 1382 et
905 1329 1048 1380 aries
1107 1325 1430 1393 appellatur.
1478 1321 1580 1387 Qui
1637 1333 1735 1388 pro
1785 1317 1936 1370 IttlbiS

352 1424 664 1476 irtttttol-tl'ls
694 1429 798 1474 est.
819 1419 919 1485 Qui
940 1420 1005 1472 ab
1031 1419 1179 1470 lsaac
1198 1415 1457 1468 cornibus
1488 1422 1700 1464 tenetur
1729 1409 1783 1462 in
1809 1423 1934 1462 sen-

356 1515 522 1566 tibus.
574 1512 649 1563 Ex
707 1524 813 1578 quo
853 1508 924 1561 nil
988 1507 1089 1561 hac
1140 1503 1441 1557 humilitate
1490 1500 1797 1554 sublimius.
1833 1495 1934 1562 Qui

358 1603 670 1655 llethlehem
719 1601 773 1651 in
811 1600 912 1651 hoc
944 1612 1108 1664 parvo
1140 1605 1301 1648 terra:
1359 1594 1624 1646 fut-annue
1676 1589 1935 1642 cmlOrum

355 1697 601 1746 conditor
625 1699 784 1744 natus
805 1699 905 1742 est.
939 1687 1034 1740 Hic
1065 1687 1336 1741 involutus
1362 1683 1555 1752 patinis
1586 1698 1602 1748 ;
1629 1682 1716 1736 hic
1742 1682 1889 1733 visus
1910 1694 1938 1732 a

313 1809 339 1830 ο
367 1784 718 1852 pastoribus;
751 1781 836 1833 hic
860 1787 1197 1833 monstratus
1223 1794 1250 1828 a
1277 1777 1456 1838 stella,
1515 1774 1599 1826 hic
1632 1771 1888 1826 adoratus
1909 1784 1937 1821 a

1293 369 1334 424 S
1397 363 1842 424 lllEllONYMl
1879 361 2200 424 OPERUM
2246 359 2658 419 MANTISSA.

1949 489 2002 543 Δ

3499 347 3606 412 39?.

2581 471 2811 527 CAPUT
2847 470 3038 527 XXVI.

2369 565 2444 620 De
2463 565 2677 636 justitia
2713 575 2761 618 et
2791 566 2904 618 vita:
2938 561 3268 616 rectitudine.

2105 681 2169 736 Et
2188 679 2300 750 jam
2323 680 2388 734 de
2407 680 2616 748 justitia
2644 678 3002 740 disseramus,
3022 690 3141 745 qua:
3161 681 3242 728 est
3271 672 3618 744 singularum

2033 789 2212 829 rerum
2243 783 2297 828 et
2322 787 2681 842 personarum
2705 771 3017 839 mquissima
3057 769 3365 823 diatrihutio
3399 785 3414 834 ;
3448 785 3610 836 quam

2033 867 2155 933 quis
2181 866 2456 928 obtinens,
2485 872 2539 917 et
2590 863 2676 916 cui
2709 863 2832 930 quis
2876 863 3180 925 adltzerens,
3233 862 3397 913 vitam
3464 877 3614 913 suam

2035 962 2294 1030 disposite
2323 970 2378 1014 et
2427 960 2548 1014 sine
2581 958 2896 1011 turbatione
2951 966 3260 1018 conservat,
3294 955 3532 1008 custodit
3562 955 3614 1007 in

2036 1054 2288 1108 omnibus
2315 1053 2625 1120 aequitatem
2657 1049 2796 1114 ;scit
2820 1049 2946 1118 quid
2970 1049 3075 1100 Deo
3099 1048 3314 1110 delicat,
3349 1047 3477 1112 quid
3509 1063 3615 1100 non

2034 1147 2263 1214 deneget
2284 1144 2641 1211 potestatibus
2661 1143 2823 1207 hujus
2847 1141 3031 1194 δεηθειιί
3052 1158 3066 1198 ;
3089 1141 3178 1208 qui
3197 1147 3224 1190 tl
3242 1141 3340 1192 sibi
3369 1142 3619 1203 retineat,

2039 1237 2164 1304 quid
2200 1235 2452 1305 proximo
2487 1244 2780 1303 competat.
2819 1235 2947 1299 quid
2999 1233 3190 1285 alienis
3220 1233 3502 1294 concedat,
3529 1242 3621 1283 aut

2038 1338 2322 1397 congruat.
2347 1326 2568 1381 Jttstunt
2619 1336 2702 1379 est
2732 1326 2872 1378 enim
2919 1326 3086 1377 Deum
3121 1324 3300 1377 colere
3323 1335 3373 1376 et
3398 1324 3622 1387 diligere

2039 1435 2102 1474 es
2139 1428 2250 1472 toto
2298 1418 2478 1480 corde,
2516 1433 2580 1468 cx
2631 1426 2740 1468 tota
2787 1416 2993 1478 anima,
3021 1423 3074 1467 et
3104 1429 3167 1466 ex
3233 1424 3340 1466 t0ta
3383 1415 3620 1473 virtute;

2039 1521 2259 1563 sanctos
2278 1518 2333 1562 et
2355 1507 2659 1576 cozequales
2695 1508 2981 1570 honorare,
3011 1518 3065 1561 et.
3087 1509 3282 1560 tributa
3306 1506 3625 1574 impendere

2043 1600 2397 1670 potestatibus
2428 1601 2757 1668 ;superhum
2794 1616 2901 1653 non
2929 1615 3070 1662 esse,
3105 1600 3199 1653 se-i
3231 1600 3400 1668 magis
3442 1599 3624 1650 mitem

2041 1701 2096 1743 et
2125 1690 2413 1755 humilem,
2439 1691 2718 1759 proximos
2747 1701 3003 1759 tanquam
3032 1705 3090 1744 se
3123 1690 3344 1758 diligere
3370 1706 3384 1751 ;
3417 1688 3628 1742 alienos

2043 1791 2099 1835 et
2121 1782 2373 1836 inimicos
2405 1797 2510 1836 n0n
2547 1783 2799 1851 prosequi
2852 1784 3000 1846 odio,
3032 1782 3123 1834 sed
3155 1796 3375 1845 amore;
3437 1779 3624 1846 subje-

363 1877 558 1943 Magis.
588 1875 644 1928 In
678 1869 944 1941 baptiﬁno
989 1871 1267 1924 humilitas
1300 1869 1522 1926 Christi.
1549 1877 1732 1918 nostra
1766 1863 1933 1916 subli-
1965 1845 2008 1898 Β
2053 1884 2198 1928 cum,
2231 1889 2354 1928 esse
2393 1875 2686 1943 prioribus,
2714 1845 2792 1928 {ej
2837 1845 2994 1927 περιέ
3019 1873 3316 1942 majoribus
3347 1887 3364 1939 ;
3398 1871 3520 1940 quia
3547 1845 3632 1925 δι

367 1971 544 2024 initas.
588 1967 735 2018 lllius
757 1979 912 2025 crux,
936 1973 1123 2015 nostra
1149 1960 1377 2014 victoria
1402 1977 1416 2024 ;
1439 1959 1585 2010 illius
1614 1955 1936 2026 patibulum,

363 2068 548 2109 noster
574 2054 879 2120 triumphus
903 2061 1010 2105 est.

433 2146 568 2201 Cum
605 2145 764 2214 igitur
811 2143 1083 2196 lavacrum
1118 2148 1172 2194 et
1205 2139 1385 2193 crucis
1417 2140 1625 2207 signum
1661 2138 1714 2190 in
1749 2136 1944 2190 fronti-

363 2241 464 2292 bus
496 2237 707 2290 daemon
740 2233 1035 2300 aspexerit,
1067 2228 1464 2285 contremiscit.
1493 2227 1596 2292 Qui
1653 2241 1816 2280 aurea
1855 2241 1945 2277 ca-

365 2329 550 2397 pitolia
572 2342 674 2378 non
703 2327 912 2388 timent,
955 2336 1170 2376 crucem
1201 2322 1413 2374 timent.
1445 2319 1548 2382 Oni
1589 2327 1947 2372 contemnunt

364 2429 572 2487 sceptra
625 2416 868 2483 regalia,
899 2423 954 2467 et
1007 2427 1276 2482 purpuras
1331 2410 1630 2474 Caesarum,
1663 2421 1719 2464 et
1781 2410 1949 2478 dapes

362 2510 821 2570 Christianorum,
855 2503 1047 2559 sordes
1097 2511 1280 2559 tamen
1328 2511 1382 2556 cl
1424 2501 1629 2570 jejunia
1693 2500 1948 2569 pertime-

371 2607 550 2652 stunt.
585 2595 747 2650 Jubet
782 2596 926 2647 cnim
983 2592 1258 2656 Christus,
1289 2606 1356 2645 ne
1401 2594 1526 2660 quis
1562 2589 1950 2657 discipulorum

367 2694 530 2755 dicat,
564 2691 692 2758 quia
748 2691 859 2756 ipse
886 2697 970 2740 est
1006 2686 1279 2740 Christus.
1331 2685 1462 2736 Mira
1502 2686 1663 2747 ratio,
1689 2699 1792 2737 non
1841 2695 1954 2736 vut

369 2783 670 2848 praedicari,
694 2783 783 2848 qui
808 2780 1006 2848 gaudet
1045 2778 1293 2844 intelligi,
1318 2775 1538 2846 agnosci
1571 2785 1737 2840 amat,
1764 2787 1820 2828 et
1841 2775 1956 2828 odit

365 2872 572 2926 ostendi
597 2888 612 2935 ;
637 2870 806 2938 magis
851 2870 963 2920 Vult
1001 2881 1060 2919 se
1090 2868 1366 2919 inventum
1414 2881 1558 2929 esse,
1585 2881 1746 2934 quam
1772 2865 1956 2932 prodi-

369 2973 564 3027 tnm,ut
590 2965 758 3013 virtus
782 2975 879 3013 sua
912 2961 1200 3024 illum,non
1220 2957 1369 3010 favor
1387 2960 1698 3011 ostenderet
1718 2960 1950 3010 alienus.

367 3057 498 3119 Quae
528 3064 708 3107 autem
756 3055 934 3120 major
986 3060 1166 3120 potest
1201 3064 1324 3103 esse
1357 3049 1670 3111 clementia,
1695 3064 1859 3116 quam
1902 3063 1958 3105 ut

367 3147 532 3199 Filius
555 3145 667 3211 Dei,
691 3145 834 3198 titius
862 3143 1098 3198 hominis
1124 3141 1654 3205 nasceretur,decem
1680 3141 1948 3192 incnsimn

370 3239 583 3293 fastidia
617 3237 935 3302 sustineret,
959 3247 1146 3305 partus
1167 3243 1510 3302 exspectaret
1533 3234 1850 3296 adventum,
1875 3233 1956 3284 in-

369 3331 679 3384 volveretur
709 3329 924 3398 pannis,
952 3326 1314 3395 subjiceretur
1350 3325 1692 3394 parentibus,
1724 3340 1818 3391 per
1850 3325 1960 3377 sin-

371 3423 525 3492 gulas
576 3421 816 3476 adoleret
853 3431 1070 3481 aetates,
1096 3427 1153 3472 et
1207 3427 1327 3485 post
1351 3418 1707 3472 contumelias
1742 3432 1956 3481 vocum,

367 3516 571 3582 alapas.
605 3522 661 3567 et
705 3511 936 3580 ﬂagella,
963 3510 1141 3564 crucis
1165 3523 1376 3578 quoque
1414 3525 1512 3579 pro
1551 3508 1662 3579 [Αἰ.
1694 3519 1801 3562 tac.
1839 3507 1958 3579 pro]

372 3611 526 3660 nobis
555 3605 708 3659 fieret
741 3603 1108 3666 maledictum,
1145 3613 1202 3656 ut
1233 3616 1373 3655 nnsa
1408 3602 1688 3655 maledicto
1716 3601 1847 3670 legis
1863 3601 1958 3653 ab-

371 3698 628 3751 solveret.
667 3695 813 3747 Patri
871 3693 1048 3748 iactus
1085 3701 1166 3745 est
1203 3693 1465 3746 obcdiens
1516 3683 1784 3760 usquead
1815 3708 1960 3745 mor-

377 3801 480 3843 tem
517 3785 754 3858 (Philipp
779 3825 794 3840 .
824 3802 884 3850 tt,
913 3785 966 3856 8)
998 3803 1012 3838 :
1043 3794 1101 3839 ut
1155 3785 1208 3839 id
1263 3799 1428 3853 opere
1490 3785 1740 3854 impleret
1767 3826 1782 3850 ,
1817 3785 1959 3853 quod

373 3893 499 3936 ante
525 3896 588 3934 ex
641 3895 873 3948 persona
914 3877 1229 3932 mediatoris
1278 3876 1459 3930 fuerat
1499 3876 1847 3944 deprecatus,
1875 3876 1958 3929 di-

374 3991 502 4028 cens
533 3989 547 4028 :
582 3971 760 4037 Pater,
779 3971 918 4036 volo,
940 3972 1200 4038 quomodo
1224 3980 1271 4023 et
1297 3987 1389 4040 ego
1421 3981 1468 4024 et
1489 3981 1542 4024 tu
1569 3984 1958 4036 unumsumua,

375 4066 450 4118 ita
491 4067 577 4119 isti
605 4066 658 4117 in
680 4063 828 4118 nobis
861 4079 1022 4115 unum
1049 4063 1152 4115 sint
1178 4061 1357 4130 (Joau.
1395 4079 1526 4128 xvtt,
1553 4063 1668 4128 Ἡ).

451 4159 591 4223 Ergo
625 4157 751 4226 quia
801 4156 868 4209 ad
906 4155 1011 4210 hoc
1053 4165 1300 4220 venerat,
1336 4165 1393 4206 ut
1426 4153 1572 4223 quod
1623 4155 1961 4222 impossibile

378 4260 495 4304 erat
531 4249 658 4317 legi,
695 4246 822 4315 quia
853 4261 1013 4300 nemo
1065 4245 1482 4314 justilicabatnr,
1511 4244 1764 4300 ineti'abili
1799 4247 1961 4302 mise-

383 4341 621 4394 ricordia
659 4342 898 4392 vinceret
923 4351 942 4400 ;
969 4336 1286 4406 publicanos
1316 4345 1368 4389 et
1394 4346 1710 4405 peccatores
1740 4338 1807 4390 ad
1848 4353 1962 4408 po:-

383 4433 665 4484 niteutiam
704 4429 1052 4497 provocabat.
1102 4425 1250 4481 Unde
1283 4442 1480 4480 novum
1518 4437 1572 4481 et
1603 4428 1850 4483 mirabile
1877 4439 1961 4483 est

380 4521 523 4588 apud
555 4536 673 4584 nos,
705 4521 964 4574 Dominus
1011 4519 1160 4572 solus
1206 4527 1448 4586 petentes
1500 4532 1560 4572 se
1606 4528 1770 4584 amat,
1805 4520 1957 4574 solus
1991 4533 2034 4587 ι)

385 4612 639 4666 irascitur
671 4610 776 4664 nisi
807 4619 1040 4678 petatur.
1069 4607 1162 4662 lllo
1220 4609 1364 4661 enim
1417 4617 1658 4676 tempore
1681 4622 1788 4677 quo
1819 4623 1949 4677 sup-

386 4704 542 4773 plicia
594 4702 962 4763 merebantur,
1000 4701 1140 4754 Deus
1195 4708 1574 4770 argumentum
1634 4700 1956 4755 salvationis

382 4796 710 4861 ostenditur,
757 4794 1058 4864 intelligere
1103 4808 1394 4863 possumus
1437 4802 1701 4863 quantum
1754 4792 1957 4848 valeret

385 4900 643 4960 prestare
691 4903 798 4942 non
854 4887 1174 4956 hesus,qui
1227 4897 1439 4940 tantum
1485 4887 1711 4940 donaret
1762 4885 1952 4942 iratus.

386 4987 642 5036 Amemus
668 4989 720 5035 et
755 4996 864 5036 nos
880 4977 1176 5043 Christum,
1210 4979 1435 5048 ejusque
1481 4992 1698 5046 semper
1752 4992 1958 5046 qmera-

385 5092 509 5130 mus
539 5075 839 5142 amplexus,
874 5080 929 5126 et
962 5071 1120 5126 iacile
1165 5071 1439 5125 videbitur
1484 5085 1646 5124 omne
1698 5071 1958 5134 ditlicile;

386 5170 571 5224 brevia
612 5166 921 5236 putabimus
955 5164 1208 5219 universa
1253 5179 1372 5232 quin
1417 5166 1572 5232 longa
1601 5176 1746 5217 sunt.
1772 5161 1958 5228 Quod-

386 5279 490 5330 que
512 5263 665 5316 beata
696 5261 788 5315 Dei
811 5258 1058 5316 Getti’trix
1080 5274 1109 5312 a
1129 5255 1268 5313 Filio
1294 5273 1394 5312 suo
1433 5274 1536 5311 non
1561 5257 1770 5321 didicit,
1794 5258 1962 5312 cmlos

387 5355 675 5418 i'abritare,
700 5353 919 5422 angelos
944 5366 1151 5417 creare,
1179 5353 1312 5404 mira
1337 5349 1555 5404 deitatis
1575 5349 1809 5419 insignia
1835 5365 1962 5419 0pc-

389 5451 496 5501 rari
529 5447 664 5514 ;sed
720 5455 926 5499 tantum
985 5443 1280 5509 humiliari,
1331 5451 1638 5511 ceteraque
1705 5443 1959 5494 virtutum

389 5542 710 5594 documenta
741 5541 885 5595 intra
915 5538 1238 5594 humilitatis
1291 5536 1592 5591 custodiam
1645 5549 1960 5606 aggregare.

465 5715 481 5744 ⁸
515 5714 588 5788 Es
619 5717 981 5785 supposititiis
1025 5717 1264 5788 scriptis,
1291 5725 1518 5788 excepto
1576 5731 1735 5785 quem
1775 5716 1963 5771 lauda-

465 5733 481 5744 -
515 5733 588 5766 ω
619 5733 981 5785 supposunns
1025 5733 1129 5771 seri
1175 5733 1264 5782 us,
1291 5733 1518 5788 excepto
1576 5733 1735 5785 quem
1777 5733 1963 5771 ianua-

390 5799 511 5840 nms
550 5785 690 5854 loco,
723 5803 786 5840 ex
827 5791 984 5856 epist.
1018 5791 1082 5842 ad
1129 5733 1450 5855 iiaaiasum,
1481 5797 1734 5859 excerpta
1792 5791 1964 5843 lenne

2046 1965 2305 2019 Dominus
2352 1965 2478 2019 dum
2531 1976 2679 2020 esset
2723 1966 2969 2019 omnium
3021 1965 3302 2026 Domitius,
3338 1980 3365 2014 a
3413 1961 3632 2016 Joanne

2043 2057 2134 2124 qui
2176 2056 2347 2122 major
2371 2065 2452 2110 est
2488 2055 2540 2108 in
2575 2056 2716 2110 natis
2749 2057 3060 2119 mulierum,
3105 2055 3230 2123 quia
3270 2054 3418 2122 prior
3452 2055 3541 2106 illo
3573 2053 3630 2108 in

2046 2148 2325 2200 nativitate
2355 2146 2636 2199 hominum
2673 2155 2811 2209 erat,
2856 2149 2919 2199 ha
2937 2146 3170 2214 ptizatur
3204 2163 3219 2210 ;
3255 2157 3306 2200 et
3345 2146 3423 2206 sic
3461 2144 3637 2198 adim-

2047 2239 2178 2306 pleri
2211 2253 2424 2292 omnem
2451 2237 2718 2307 jttstitiam
2767 2248 3120 2304 protr-statur.
3152 2236 3229 2290 Ex
3262 2238 3360 2290 hac
3409 2235 3633 2290 miseri-

2049 2329 2231 2380 cordia
2271 2329 2534 2389 ttascitur,
2565 2327 2883 2394 obsequium
2922 2327 3174 2381 deilicum
3207 2337 3521 2396 generatur.

2123 2421 2181 2471 In
2225 2419 2310 2472 his
2341 2419 2593 2472 omnibus
2644 2419 2732 2486 qui
2767 2418 3062 2483 invenitur,
3101 2434 3204 2471 non
3262 2418 3532 2471 immerito
3582 2417 3636 2471 in

2051 2511 2270 2566 Christo
2325 2511 2522 2565 dicitur
2583 2525 2950 2578 permanere;
2987 2510 3243 2576 quoniam
3288 2509 3400 2562 haec
3453 2509 3636 2562 omnia

2055 2605 2170 2672 ipse
2209 2603 2461 2657 Christus
2487 2616 2588 2658 est.
2627 2601 2828 2658 Paulus
2855 2619 2952 2657 nos
3006 2603 3276 2671 gloriosus
3308 2583 3560 2653 informat
3584 2608 3641 2652 et

2055 2697 2274 2751 instruit
2305 2699 2370 2748 de
2421 2695 2666 2756 Christo,
2722 2697 2956 2749 diu-ns:
2999 2694 3100 2759 Qui
3135 2704 3210 2746 est
3260 2693 3430 2759 [nctus
3487 2691 3638 2744 nobis

2058 2804 2088 2840 a
2125 2787 2231 2840 Deo
2253 2786 2487 2855 justitia,
2527 2800 2571 2840 et
2589 2787 2950 2854 ,snttcti/icatio
2977 2799 3023 2838 et
3055 2786 3340 2852 redemptio
3367 2784 3412 2849 ti
3443 2784 3568 2838 Cor.
3596 2796 3640 2850 I,

2058 2879 2170 2946 50).
2208 2880 2338 2932 ltcttt
2374 2879 2426 2932 in
2455 2879 2560 2932 alio
2599 2878 2720 2934 loco
2751 2895 2766 2930 :
2796 2878 2902 2943 Qui
2929 2891 3001 2933 est
3055 2877 3417 2952 misericordia
3450 2886 3494 2928 et
3536 2891 3644 2941 pus

2059 2983 2107 3026 ct
2134 2973 2344 3026 dilectio
2377 2969 2556 3040 (Iuda:
2609 2971 2689 3041 2),
2729 2987 2894 3040 quam
2945 2969 3116 3024 Graeci
3154 2971 3375 3036 ἀγάπην
3420 2977 3639 3024 vocant.

2062 3065 2285 3133 Iniquus
2311 3066 2454 3118 enim
2485 3065 2530 3119 si
2572 3066 2818 3132 sequitur
2855 3063 3145 3130 justitiam,
3178 3072 3338 3132 negat
3385 3061 3646 3129 iniquita-

1979 3189 2024 3248 ρ
2066 3169 2192 3211 tem.
2231 3155 2439 3210 Stultus
2471 3155 2516 3208 si
2548 3164 2806 3224 sequatur
2833 3154 2925 3209 Dei
2949 3154 3291 3223 sapientiam,
3317 3160 3477 3222 negat
3501 3151 3644 3205 stul-

2065 3247 2235 3300 titiam
2269 3263 2282 3309 ;
2314 3246 2564 3315 quodque
2595 3244 2885 3312 sapientia.
2941 3241 3224 3304 fortitudo,
3258 3243 3643 3309 temperantia,

2062 3347 2114 3391 ct
2139 3337 2359 3392 caStitas
2386 3337 2563 3390 solum
2591 3335 2815 3405 prodest
2850 3333 3176 3388 habentibus
3207 3351 3221 3397 ;
3254 3332 3466 3402 jnstitia
3519 3347 3646 3386 vero

2061 3428 2183 3482 aliis
2218 3436 2270 3481 et
2311 3429 2524 3480 miseris
2574 3425 2792 3494 prodest
2823 3442 2838 3488 ;
2873 3440 2992 3494 qua:
3039 3437 3249 3492 patrem
3279 3423 3362 3478 Vel
3416 3422 3644 3478 fratrem

2062 3535 2168 3573 non
2201 3520 2370 3582 novit,
2417 3517 2512 3571 sed
2544 3519 2690 3570 novit
2720 3517 2999 3572 veritatem
3029 3533 3044 3580 ;
3075 3531 3361 3583 personam
3399 3531 3500 3566 non
3549 3530 3646 3568 ae-

2062 3609 2216 3678 cipit,
2249 3618 2302 3660 et
2335 3606 2500 3659 Deum
2533 3608 2799 3670 innitatur.
2841 3606 3038 3659 Discite
3061 3620 3190 3671 ergo
3241 3605 3378 3657 bene
3436 3604 3646 3658 facere.

2068 3701 2248 3757 Virtus
2279 3703 2425 3754 enim
2463 3701 2719 3754 discenda
2758 3709 2864 3753 est.
2906 3698 3018 3751 Nec
3048 3709 3258 3750 natura!
3287 3707 3491 3751 tantum
3545 3700 3643 3746 bo-

2063 3791 2410 3858 nutngsuﬂicit
2431 3791 2804 3859 adjustitiam,
2823 3791 2928 3843 nisi
2957 3790 3374 3858 quiserudiatnr
3391 3789 3650 3855 congruis

2063 3884 2386 3952 disciplinis.
2414 3882 2675 3936 Discenda
2693 3891 2774 3935 est
2794 3896 2922 3951 ergo
2947 3882 3235 3950 ju:titia,et
3265 3881 3648 3949 "mgistratum

2065 3979 2285 4030 terenda
2336 3987 2465 4030 sum
2523 3976 2728 4030 limina.
2771 3976 3064 4030 Saecularis
3103 3985 3283 4028 autem
3333 3974 3518 4042 judcx,
3557 3988 3653 4026 ac-

2061 4069 2236 4135 ceptis
2293 4069 2630 4129 muneribus,
2685 4069 3014 4121 condemnat
3064 4067 3354 4127 insontem,
3387 4072 3440 4118 et
3494 4079 3645 4116 reum

2064 4161 2286 4216 liberat.
2318 4160 2470 4225 Quod
2491 4160 2763 4214 interdum
2789 4159 2856 4214 de
2883 4159 3140 4214 Ecclesiae
3179 4156 3504 4226 principibus
3539 4156 3647 4208 dici

2062 4263 2258 4320 potest,
2291 4251 2437 4318 quod
2466 4259 2686 4318 propter
2711 4264 2936 4304 munera
2955 4247 3195 4304 facerent
3218 4249 3391 4319 legem
3420 4265 3433 4300 ε
3463 4257 3516 4302 ct
3539 4263 3648 4300 nou
3683 4291 3688 4296 .

2066 4343 2371 4412 perducunt
2401 4341 2671 4406 judicium
2711 4343 2776 4397 :td
2812 4344 2996 4395 linem.

2618 4495 2846 4554 CAPUT
2882 4497 3095 4553 XXVII.

2513 4593 2584 4646 De
2608 4592 2730 4662 ﬁde,
2768 4607 2877 4659 spe,
2907 4602 2953 4644 et
2987 4593 3172 4644 timore

2131 4710 2186 4764 Si
2243 4719 2420 4763 autem
2461 4706 2611 4768 ﬁdes,
2655 4715 2711 4760 ut
2753 4706 2928 4774 inquit
2982 4704 3261 4774 apostolus
3317 4701 3542 4769 Paulus,
3574 4705 3650 4760 ιε’

2060 4804 2352 4858 substantia
2404 4800 2791 4871 aperattdarunt
2848 4812 3021 4850 rerum
3050 4795 3246 4866 (Hebr.
3288 4811 3362 4858 xl,
3395 4798 3471 4862 1).
3507 4815 3650 4866 quas

2061 4912 2364 4967 speramus,
2403 4905 2456 4950 et
2490 4893 2652 4948 index
2684 4905 2864 4946 rerum
2897 4905 3035 4959 quas
3056 4906 3163 4944 non
3195 4889 3466 4954 videmus,
3523 4905 3648 4945 cre-

2062 4990 2188 5044 dere
2217 4997 2271 5042 et
2305 4987 2469 5040 Iidere
2509 4986 2632 5052 quis
2661 4981 2840 5048 debet,
2871 4980 3018 5051 quod
3068 4983 3210 5038 Deus
3263 4997 3326 5036 ea
3361 4997 3480 5050 qua:
3519 4999 3656 5050 pro-

2063 5080 2244 5144 mittit,
2277 5088 2465 5146 potens
2482 5088 2564 5132 est
2592 5076 2911 5145 adimplere,
2941 5085 2994 5129 et
3033 5089 3183 5144 spem
3215 5089 3369 5129 suam
3406 5077 3457 5126 in
3493 5073 3646 5128 futu-

2063 5187 2181 5225 rum
2212 5169 2533 5235 transferre,
2571 5177 2699 5223 tunc
2748 5170 2903 5237 plena
2935 5169 3038 5222 tidc
3069 5168 3268 5237 poterit
3299 5169 3364 5221 ad
3397 5181 3462 5221 ea
3515 5181 3639 5234 qua:

2064 5277 2328 5332 pronnssa
2373 5271 2522 5326 sunt,
2543 5259 2703 5314 facile
2733 5259 3030 5327 pervenire.
3064 5258 3359 5314 Haecnobis
3387 5260 3639 5314 universa

2067 5354 2360 5409 invisibilia
2393 5364 2520 5408 ante
2543 5351 2734 5408 oculos
2766 5354 2939 5422 ponit.
2971 5352 3050 5406 Ad
3085 5355 3223 5406 hanc
3248 5351 3499 5422 ingressi,
3527 5351 3656 5404 dia-

2066 5445 2174 5501 boli
2206 5456 2261 5498 et
2285 5450 2616 5515 potestatum
2658 5443 2824 5512 hujus
2861 5444 3046 5498 mundi
3079 5452 3134 5498 et
3159 5445 3353 5498 harum
3397 5447 3650 5496 tenebra-

2067 5553 2184 5592 rum
2217 5540 2471 5592 universa
2495 5538 2798 5592 deserimus
2830 5552 2844 5589 :
2887 5536 2997 5592 Deo
3037 5551 3162 5592 cum
3220 5536 3418 5593 ﬁducia
3453 5535 3644 5606 proxi-

2068 5718 2246 5791 omnia
2273 5725 2420 5791 sunt.
2452 5717 2532 5791 Ita
2565 5725 2618 5774 et
2675 5719 2908 5775 maxima
2945 5735 3074 5791 pars
3099 5719 3217 5790 ejus
3269 5716 3414 5788 quod
3451 5714 3648 5774 subse-

2071 5790 2254 5858 quitur
2284 5787 2524 5858 capituli.
